{"host":"95ip98gf8c4vrv08","time":1611750650,"event":{"mods":["100% Spire Juice","ATMod(??Mod)","Arknights The Spire","BaseMod","Energized Spire","Lobotomy","LobotomyExtend","Minty Spire (QoL Compilation)","Quick Restart","Reimu??????","Relic Stats","Spicy Shops","StSLib","??????REMEMod","????"],"gold_per_floor":[117,117,129,142,106,106,106],"floor_reached":6,"language":"ZHS","playtime":341,"items_purged":[],"score":38,"play_id":"de04fdbd-537f-4ad3-b34d-8ed8b0fc3911","local_time":"20210127203050","is_ascension_mode":true,"campfire_choices":[],"circlet_count":0,"master_deck":["Strike_Lin:ReiMu","Strike_Lin:ReiMu","Strike_Lin:ReiMu","Defend_Lin:ReiMu","Defend_Lin:ReiMu","Defend_Lin:ReiMu","Defend_Lin:ReiMu","NB:ReiMu","Stagnation:ReiMu","AT_FamilyPortrait","CleanRite:ReiMu","SpreadBorder2:ReiMu","Murderer","RainPray2:ReiMu","FairyFestival","LearningPray:ReiMu","CrumblingArmor","UniversalSpiritual:ReiMu"],"relics":["FlyPower:ReiMu","REME_ComplimentaryCards","AT_ATBox","CogitoBucket","LetterFromLob"],"acts_visited":["Exordium"],"potions_floor_usage":[],"damage_taken":[{"damage":0,"enemies":"Small Slimes","floor":1,"turns":3},{"damage":32,"enemies":"Cultist","floor":3,"turns":8},{"damage":12,"enemies":"2 Louse","floor":4,"turns":6},{"damage":35,"enemies":"Lagavulin","floor":6,"turns":3}],"seed_played":"4129602785105780576","potions_obtained":[{"floor":1,"key":"GamblersBrew"}],"is_trial":false,"path_per_floor":["M","?","M","M","$","E"],"character_chosen":"REIMU","items_purchased":["UniversalSpiritual:ReiMu"],"campfire_rested":0,"item_purchase_floors":[5],"current_hp_per_floor":[65,65,33,28,28,0,0],"gold":106,"neow_bonus":"","is_daily":false,"chose_seed":false,"campfire_upgraded":0,"win_rate":0.0,"timestamp":1611750650,"path_taken":["M","?","M","M","$","E"],"items_purchased_type":["Card"],"build_version":"2020-12-22","purchased_purges":0,"victory":false,"max_hp_per_floor":[65,65,65,65,65,65,65],"relic_stats":{"counters":[4,20],"obtain_stats":[{"CogitoBucket":0,"AT_ATBox":0,"LetterFromLob":1,"FlyPower:ReiMu":0,"REME_ComplimentaryCards":0},{"CogitoBucket":0,"AT_ATBox":0,"LetterFromLob":1,"FlyPower:ReiMu":0,"REME_ComplimentaryCards":0},{"CogitoBucket":0,"AT_ATBox":0,"LetterFromLob":3,"FlyPower:ReiMu":0,"REME_ComplimentaryCards":0}]},"card_choices":[{"not_picked":["TightArray:ReiMu","NineCharacters:ReiMu"],"picked":"SpreadBorder2:ReiMu","floor":1},{"not_picked":["PunishingBird","Bloodbath","Variant"],"picked":"Singing Bowl","floor":1},{"not_picked":["UniverseFragment","WallGazer"],"picked":"Murderer","floor":1},{"not_picked":["SubAcupoint:ReiMu","Intuition:ReiMu"],"picked":"RainPray2:ReiMu","floor":3},{"not_picked":["DreamingCurrent","CherryBlossoms"],"picked":"FairyFestival","floor":3},{"not_picked":["PrayRite:ReiMu","FantasyBorder:ReiMu"],"picked":"LearningPray:ReiMu","floor":4},{"not_picked":["WallGazer","BeautyBeast","Bloodbath"],"picked":"Singing Bowl","floor":4},{"not_picked":["PunishingBird","WallGazer"],"picked":"CrumblingArmor","floor":4}],"player_experience":216999,"relics_obtained":[{"floor":1,"key":"LetterFromLob"}],"event_choices":[{"cards_removed":["Strike_Lin:ReiMu"],"damage_healed":0,"gold_gain":0,"player_choice":"Purged","damage_taken":0,"max_hp_gain":0,"max_hp_loss":0,"event_name":"Purifier","floor":2,"gold_loss":0}],"is_beta":false,"boss_relics":[],"items_purged_floors":[],"is_endless":false,"potions_floor_spawned":[1],"killed_by":"Lagavulin","ascension_level":1}}