{"host":"n9lc5i44t98l6pio","time":1611749954,"event":{"mods":["BaseMod","Curses Come First","Downfall","Minty Spire (QoL Compilation)","Replay The Spire","Say the Spire","StSLib"],"gold_per_floor":[150,170,170,181,200,225,225,258,273,273,173,184,197,256,276,380,380,380,393,49,49,34,62,87,101,114,129,129,145,163,176,191,294,294,294,308,331,350,350,350,350,379,395,395,407,307,336,386,400,400],"floor_reached":51,"language":"ENG","playtime":3705,"items_purged":[],"score":950,"play_id":"5fa8455b-498f-4a47-9cc1-68523af1c1d5","local_time":"20210127131914","is_ascension_mode":true,"campfire_choices":[{"floor":11.0,"key":"REST"},{"data":"Guardian:SpikerProtocol","floor":18.0,"key":"SMITH"},{"data":"Guardian:Orbwalk","floor":28.0,"key":"SMITH"},{"data":"Guardian:ShieldSpikes","floor":35.0,"key":"SMITH"},{"data":"Guardian:ShieldSpikes","floor":40.0,"key":"SMITH"},{"floor":46.0,"key":"REST"}],"circlet_count":0,"master_deck":["Guardian:CurlUp","Guardian:TwinSlam","Guardian:EvasiveProtocol","Guardian:PiercingHide","Guardian:CrystalBeam","Guardian:PiercingHide","Guardian:ShieldCharger","Guardian:ShieldSpikes","Guardian:SpikerProtocol+1","Guardian:Suspension","AbeCurse","Guardian:Gem_Lightblue","Guardian:SpikerProtocol","Guardian:Gem_Purple","Guardian:PiercingHide","Guardian:DecasProtection","Guardian:Recover","Guardian:Orbwalk+1","Guardian:ShieldSpikes+1","Guardian:ShieldCharger+1","Guardian:Reroute+1","Guardian:PiercingHide+1","Guardian:Gem_Red","Guardian:RevengeProtocol","Guardian:ShieldSpikes+1","Guardian:CrystalBeam","Guardian:SentryBeam","Guardian:HyperBeam_Guardian","Guardian:SphericShield","Guardian:CrystalBeam","Guardian:VentSteam+1","Guardian:Clone","Pain","Guardian:Harden+1","Guardian:EvasiveProtocol+1","Guardian:BronzeArmor","Guardian:Repulse+1","Hallucinations","Guardian:DecasProtection"],"relics":["Guardian:ModeShifter","Guardian:SackOfGems","Blue Candle","Durian","Happy Flower","Oddly Smooth Stone","downfall:HeartBlessingGreen","Ancient Tea Set","Replay:Grab Bag","Philosopher\u0027s Stone","Abe\u0027s Treasure","SacredBark","Replay:WaspNest","Snack Pack","Smiling Mask","Pandora\u0027s Box","War Paint","White Beast Statue","downfall:HeartBlessingBlue","Pet Ghost","Ring of Fury","Ring of Greed","Tiny Chest","Golden Egg"],"acts_visited":["Exordium","TheCity","TheBeyond"],"potions_floor_usage":[47,49,50,50],"damage_taken":[{"damage":8.0,"enemies":"2 Louse","floor":2.0,"turns":2.0},{"damage":15.0,"enemies":"Small Slimes","floor":4.0,"turns":5.0},{"damage":0.0,"enemies":"Cultist","floor":5.0,"turns":4.0},{"damage":9.0,"enemies":"Replay:BlueRogue","floor":6.0,"turns":9.0},{"damage":22.0,"enemies":"Lagavulin","floor":8.0,"turns":9.0},{"damage":1.0,"enemies":"Blue Slaver","floor":9.0,"turns":3.0},{"damage":5.0,"enemies":"3 Louse","floor":12.0,"turns":2.0},{"damage":5.0,"enemies":"Large Slime","floor":13.0,"turns":5.0},{"damage":0.0,"enemies":"3 Sentries","floor":14.0,"turns":8.0},{"damage":3.0,"enemies":"2 Fungi Beasts","floor":15.0,"turns":3.0},{"damage":28.0,"enemies":"IC_STATUS_ARCHETYPE","floor":16.0,"turns":14.0},{"damage":9.0,"enemies":"Chosen","floor":19.0,"turns":7.0},{"damage":0.0,"enemies":"downfall:FleeingMerchant","floor":20.0,"turns":4.0},{"damage":2.0,"enemies":"downfall:FleeingMerchant","floor":22.0,"turns":4.0},{"damage":14.0,"enemies":"Replay:Snechameleon","floor":23.0,"turns":5.0},{"damage":3.0,"enemies":"Shell Parasite","floor":25.0,"turns":6.0},{"damage":0.0,"enemies":"Snecko","floor":26.0,"turns":7.0},{"damage":4.0,"enemies":"Shelled Parasite and Fungi","floor":27.0,"turns":6.0},{"damage":11.0,"enemies":"Chosen and Byrds","floor":29.0,"turns":6.0},{"damage":0.0,"enemies":"Snake Plant","floor":30.0,"turns":4.0},{"damage":0.0,"enemies":"Cultist and Chosen","floor":31.0,"turns":8.0},{"damage":21.0,"enemies":"Centurion and Healer","floor":32.0,"turns":17.0},{"damage":26.0,"enemies":"DF_ARCHETYPE_CLAW","floor":33.0,"turns":11.0},{"damage":0.0,"enemies":"3 Darklings","floor":36.0,"turns":5.0},{"damage":0.0,"enemies":"Orb Walker","floor":38.0,"turns":5.0},{"damage":0.0,"enemies":"Nemesis","floor":42.0,"turns":5.0},{"damage":72.0,"enemies":"Transient","floor":43.0,"turns":5.0},{"damage":8.0,"enemies":"3 Darklings","floor":45.0,"turns":5.0},{"damage":35,"enemies":"Reptomancer","floor":47,"turns":7},{"damage":0,"enemies":"Writhing Mass","floor":49,"turns":5},{"damage":0,"enemies":"SI_POISON_ARCHETYPE","floor":50,"turns":10}],"seed_played":"-4665498357668784210","potions_obtained":[{"floor":5.0,"key":"Weak Potion"},{"floor":6.0,"key":"Guardian:AcceleratePotion"},{"floor":9.0,"key":"Ancient Potion"},{"floor":10.0,"key":"Strength Potion"},{"floor":10.0,"key":"hexamod:SoulburnPotion"},{"floor":16.0,"key":"ColorlessPotion"},{"floor":23.0,"key":"Explosive Potion"},{"floor":25.0,"key":"Milkshake"},{"floor":30.0,"key":"Strength Potion"},{"floor":31.0,"key":"SteroidPotion"},{"floor":33.0,"key":"FearPotion"},{"floor":38.0,"key":"PowerPotion"},{"floor":45.0,"key":"SteroidPotion"},{"floor":47,"key":"champ:CounterPotion"},{"floor":49,"key":"Block Potion"}],"is_trial":false,"path_per_floor":["R","M","?","M","M","E","T","E","M","?","R","M","M","?","M","B",null,"R","M","$","?","$","E","T","M","M","M","R","M","M","M","M","B",null,"R","M","?","M","?","R","T","E","M","?","M","R","E","?","M","B",null],"character_chosen":"GUARDIAN","items_purchased":["Replay:WaspNest","Guardian:SpikerProtocol"],"campfire_rested":2,"item_purchase_floors":[20,20],"current_hp_per_floor":[80,72,69,54,54,50,50,28,27,27,52,47,42,42,39,11,85,85,76,76,76,74,60,60,61,61,57,57,46,46,48,27,3,85,85,85,85,85,97,97,97,97,27,27,19,61,26,26,26,26],"gold":400,"neow_bonus":"ONE_RARE_RELIC","is_daily":false,"chose_seed":false,"campfire_upgraded":4,"win_rate":0.0,"timestamp":1611749954,"path_taken":["R","M","?","M","M","E","T","E","M","?","R","M","?","?","M","BOSS","R","M","$","?","$","E","T","M","M","M","R","M","M","M","M","BOSS","R","M","?","M","?","R","T","E","M","?","M","R","E","?","M","BOSS"],"items_purchased_type":["Relic","Card"],"build_version":"2020-12-22","purchased_purges":0,"victory":true,"max_hp_per_floor":[80,80,80,80,80,85,85,85,85,85,85,85,85,85,85,85,85,85,85,85,85,85,85,85,85,85,85,85,85,85,85,85,85,85,85,85,85,85,97,97,97,97,97,97,97,107,107,107,107,107],"card_choices":[{"not_picked":["Guardian:Suspension","Guardian:ShieldCharger"],"picked":"Guardian:EvasiveProtocol","floor":2.0},{"not_picked":["Guardian:ShieldCharger","Guardian:SentryBeam"],"picked":"Guardian:PiercingHide","floor":4.0},{"not_picked":["Guardian:ShieldCharger","Guardian:ChargeCore"],"picked":"Guardian:CrystalBeam","floor":5.0},{"not_picked":["Guardian:Suspension","Guardian:MultiBeam"],"picked":"Guardian:Gem_Synthetic","floor":6.0},{"not_picked":["Guardian:SentryBeam","Guardian:Recover"],"picked":"Guardian:PiercingHide","floor":8.0},{"not_picked":["Guardian:Preprogram","Guardian:Planning"],"picked":"Guardian:ShieldCharger","floor":9.0},{"not_picked":["Guardian:Gem_Red","Guardian:TimeBomb"],"picked":"Guardian:ShieldSpikes","floor":12.0},{"not_picked":["Guardian:TemporalStrike","Guardian:BronzeArmor"],"picked":"Guardian:SpikerProtocol","floor":13.0},{"not_picked":["Guardian:RefractedBeam","Guardian:PolyBeam"],"picked":"Guardian:Suspension","floor":14.0},{"not_picked":["Guardian:Gem_Green","Guardian:CrystalBeam"],"picked":"Guardian:Gem_Synthetic","floor":15.0},{"not_picked":["Guardian:FierceBash","Guardian:TimeSifter"],"picked":"Guardian:Gem_Synthetic","floor":16.0},{"not_picked":["Guardian:ChargeCore","Guardian:TemporalStrike"],"picked":"Guardian:Gem_Lightblue","floor":19.0},{"not_picked":["Guardian:VentSteam+1","Guardian:CrystalBeam"],"picked":"Guardian:Gem_Lightblue","floor":20.0},{"not_picked":["Guardian:WalkerClaw","Guardian:PrimingBeam"],"picked":"Guardian:PiercingHide","floor":22.0},{"not_picked":["Guardian:RefractedBeam","Guardian:PiercingHide"],"picked":"Guardian:DecasProtection","floor":23.0},{"not_picked":["Guardian:Gem_Yellow","Guardian:Gem_Red"],"picked":"Guardian:Recover","floor":25.0},{"not_picked":["Guardian:Incinerate","Guardian:Preprogram"],"picked":"Guardian:Orbwalk","floor":26.0},{"not_picked":["Guardian:ChargeCore","Guardian:SphericShield"],"picked":"Guardian:ShieldSpikes","floor":27.0},{"not_picked":["Guardian:Reroute","Guardian:Planning"],"picked":"Guardian:ShieldCharger+1","floor":29.0},{"not_picked":["Guardian:Emergency","Guardian:ChargeCore+1"],"picked":"Guardian:Reroute+1","floor":30.0},{"not_picked":["Guardian:Gem_Green","Guardian:SphericShield"],"picked":"Guardian:PiercingHide","floor":31.0},{"not_picked":["Guardian:CrystalBeam+1","Guardian:RefractedBeam"],"picked":"Guardian:Gem_Red","floor":32.0},{"not_picked":["Guardian:StasisEngine","Guardian:StasisStrike"],"picked":"Guardian:RevengeProtocol","floor":33.0},{"not_picked":["Guardian:CrystalBeam+1","Guardian:Reroute"],"picked":"Guardian:VentSteam","floor":36.0},{"not_picked":["Guardian:Gem_Red","Guardian:FloatingOrbs"],"picked":"Guardian:Clone","floor":38.0},{"not_picked":["Guardian:Incinerate+1","Guardian:SentryBeam"],"picked":"Guardian:Harden+1","floor":42.0},{"not_picked":["Guardian:Gem_Cyan","Guardian:ChargeCore"],"picked":"Guardian:EvasiveProtocol+1","floor":43.0},{"not_picked":["Guardian:Gem_Lightblue","Guardian:Reroute"],"picked":"Guardian:BronzeArmor","floor":45.0},{"not_picked":["Guardian:BronzeOrb","Guardian:Gem_Blue"],"picked":"Guardian:Repulse+1","floor":47},{"not_picked":["Guardian:Incinerate+1","Guardian:RollAttack+1"],"picked":"Guardian:DecasProtection","floor":49}],"player_experience":207956,"relics_obtained":[{"floor":6.0,"key":"Durian"},{"floor":7.0,"key":"Happy Flower"},{"floor":8.0,"key":"Oddly Smooth Stone"},{"floor":14.0,"key":"Ancient Tea Set"},{"floor":23.0,"key":"Snack Pack"},{"floor":24.0,"key":"Smiling Mask"},{"floor":37.0,"key":"War Paint"},{"floor":42.0,"key":"White Beast Statue"},{"floor":47,"key":"Pet Ghost"},{"floor":48,"key":"Ring of Fury"},{"floor":48,"key":"Ring of Greed"},{"floor":48,"key":"Tiny Chest"},{"floor":48,"key":"Golden Egg"}],"event_choices":[{"damage_healed":0.0,"max_hp_gain":0.0,"max_hp_loss":0.0,"gold_gain":0.0,"event_name":"Scrap Ooze","player_choice":"Success","floor":3.0,"gold_loss":0.0,"damage_taken":3.0,"relics_obtained":["Blue Candle"]},{"damage_healed":0.0,"max_hp_gain":0.0,"max_hp_loss":0.0,"gold_gain":0.0,"event_name":"Lab","player_choice":"Got Potions","floor":10.0,"gold_loss":0.0,"damage_taken":0.0},{"cards_removed":["Guardian:FloatingOrbs"],"damage_healed":0.0,"max_hp_gain":0.0,"max_hp_loss":0.0,"gold_gain":0.0,"event_name":"Falling","player_choice":"Removed Power","floor":44.0,"gold_loss":0.0,"damage_taken":0.0}],"is_beta":false,"boss_relics":[{"not_picked":["Cursed Key","Ring of Chaos"],"picked":"Replay:Grab Bag"},{"not_picked":["ReplayTheSpireMod:DimensionalGlitch","Busted Crown"],"picked":"Philosopher\u0027s Stone"},{"not_picked":["Sozu","Coffee Dripper"],"picked":"Abe\u0027s Treasure"},{"not_picked":["Runic Pyramid","SlaversCollar"],"picked":"SacredBark"},{"not_picked":["Velvet Choker","Painkiller Herb"],"picked":"Pandora\u0027s Box"}],"items_purged_floors":[],"is_endless":false,"potions_floor_spawned":[5,6,9,13,16,23,25,27,30,31,33,38,43,45,47,49],"ascension_level":2}}