{"host":"bq4pt811tk9yrmjl","time":1611712727,"event":{"mods":["AchievementEnabler","BaseMod","Colored Map","Colored Powertips","Defuse TimeMaze Blight","Hermit","Minty Spire (QoL Compilation)","StSLib","SuperFastMode"],"gold_per_floor":[109,33,33,50,60,60,94,112,186,186,196,225,251,0,0,97,147,164,184,184,184,99,99,124,142,142,66,77,177,177,209,209,305,305,321,321,336,336,352,352,383,383,383,396,408,408,408,7,7,7,7,7,7,42,42],"floor_reached":56,"language":"ENG","playtime":1526,"items_purged":[],"score":1294,"play_id":"adb04171-1acd-4f46-ae55-ebadaa686533","local_time":"20210126235847","is_ascension_mode":true,"campfire_choices":[{"data":"Noxious Fumes","floor":6,"key":"SMITH"},{"data":"Neutralize","floor":10,"key":"SMITH"},{"data":"Infinite Blades","floor":15,"key":"SMITH"},{"floor":23,"key":"REST"},{"data":"After Image","floor":30,"key":"SMITH"},{"floor":32,"key":"REST"},{"floor":40,"key":"RECALL"},{"data":"Blade Dance","floor":42,"key":"SMITH"},{"data":"Blade Dance","floor":46,"key":"SMITH"},{"data":"After Image","floor":49,"key":"SMITH"},{"data":"Blade Dance","floor":52,"key":"SMITH"}],"circlet_count":0,"master_deck":["Strike_G","Strike_G","Strike_G","Strike_G","Strike_G","Defend_G","Defend_G","Defend_G","Defend_G","Defend_G","Survivor","Neutralize+1","Slice","Noxious Fumes+1","Bandage Up","Infinite Blades+1","Blade Dance+1","Slice+1","After Image+1","Slice+1","Blade Dance+1","After Image+1","Cloak And Dagger+1","Blade Dance+1","Blur+1","Madness","Madness","Cloak And Dagger+1","PiercingWail+1","Dodge and Roll+1","After Image+1"],"relics":["Ring of the Snake","NeowsBlessing","Du-Vu Doll","Shuriken","Centennial Puzzle","Odd Mushroom","Lee\u0027s Waffle","Tiny House","Mummified Hand","Bottled Flame","Prayer Wheel","Sundial","Dream Catcher","SlaversCollar","Art of War","Eternal Feather","Singing Bowl","Pantograph","Snake Skull"],"acts_visited":["Exordium","TheCity","TheBeyond","TheEnding"],"potions_floor_usage":[7,12,13,16,16,16,16,18,18,24,29,33,41,45,50,55,55],"damage_taken":[{"damage":0,"enemies":"2 Louse","floor":1,"turns":1},{"damage":0,"enemies":"Cultist","floor":4,"turns":1},{"damage":0,"enemies":"Jaw Worm","floor":5,"turns":1},{"damage":27,"enemies":"Lagavulin","floor":7,"turns":8},{"damage":7,"enemies":"Exordium Wildlife","floor":8,"turns":4},{"damage":5,"enemies":"Looter","floor":11,"turns":4},{"damage":10,"enemies":"Gremlin Nob","floor":12,"turns":3},{"damage":0,"enemies":"The Mushroom Lair","floor":13,"turns":5},{"damage":8,"enemies":"The Guardian","floor":16,"turns":9},{"damage":7,"enemies":"2 Thieves","floor":18,"turns":4},{"damage":9,"enemies":"Shell Parasite","floor":19,"turns":5},{"damage":8,"enemies":"Gremlin Leader","floor":24,"turns":6},{"damage":3,"enemies":"3 Cultists","floor":25,"turns":4},{"damage":9,"enemies":"Snake Plant","floor":28,"turns":4},{"damage":7,"enemies":"Colosseum Slavers","floor":29,"turns":4},{"damage":2,"enemies":"Colosseum Nobs","floor":29,"turns":4},{"damage":15,"enemies":"Slavers","floor":31,"turns":4},{"damage":19,"enemies":"Collector","floor":33,"turns":8},{"damage":8,"enemies":"3 Darklings","floor":35,"turns":5},{"damage":2,"enemies":"3 Shapes","floor":37,"turns":3},{"damage":1,"enemies":"Jaw Worm Horde","floor":39,"turns":5},{"damage":0,"enemies":"Giant Head","floor":41,"turns":8},{"damage":0,"enemies":"Maw","floor":44,"turns":7},{"damage":8,"enemies":"3 Darklings","floor":45,"turns":6},{"damage":73,"enemies":"Time Eater","floor":50,"turns":15},{"damage":47,"enemies":"Shield and Spear","floor":54,"turns":9},{"damage":70,"enemies":"The Heart","floor":55,"turns":11}],"seed_played":"-1198635160835495808","potions_obtained":[{"floor":4,"key":"GamblersBrew"},{"floor":8,"key":"Weak Potion"},{"floor":11,"key":"GhostInAJar"},{"floor":12,"key":"LiquidBronze"},{"floor":17,"key":"Swift Potion"},{"floor":19,"key":"Dexterity Potion"},{"floor":29,"key":"Energy Potion"},{"floor":31,"key":"CultistPotion"},{"floor":33,"key":"Fire Potion"},{"floor":37,"key":"Weak Potion"},{"floor":41,"key":"PowerPotion"},{"floor":54,"key":"PowerPotion"}],"is_trial":false,"path_per_floor":["M","$","?","M","M","R","E","M","T","R","M","E","?","$","R","B",null,"M","M","?","?","?","R","E","M","T","$","M","?","R","E","R","B",null,"M","?","M","?","M","R","E","R","T","M","M","R","T","$","R","B",null,"R","$","E","B",null],"character_chosen":"THE_SILENT","items_purchased":["Noxious Fumes","Lee\u0027s Waffle","EntropicBrew","DuplicationPotion","Pantograph","After Image"],"campfire_rested":2,"item_purchase_floors":[2,14,14,27,48,48],"current_hp_per_floor":[70,70,70,70,70,70,47,44,44,44,43,37,41,77,77,69,82,79,74,58,58,58,84,79,80,80,80,75,74,74,63,87,72,87,79,79,77,66,69,69,73,73,73,77,73,87,87,87,87,17,87,87,87,46,5],"gold":42,"neow_bonus":"THREE_ENEMY_KILL","is_daily":false,"chose_seed":false,"campfire_upgraded":8,"win_rate":0.0,"timestamp":1611712727,"path_taken":["M","$","?","M","?","R","E","M","T","R","M","E","?","$","R","BOSS","M","M","?","?","?","R","E","M","T","$","?","?","R","E","R","BOSS","M","?","?","?","M","R","E","R","T","M","M","R","?","$","R","BOSS","R","$","E","BOSS"],"items_purchased_type":["Card","Relic","Potion","Potion","Relic","Card"],"build_version":"2020-12-22","purchased_purges":0,"victory":true,"max_hp_per_floor":[70,70,70,70,70,70,70,70,70,70,70,70,70,77,77,77,82,82,82,87,87,87,87,87,87,87,87,87,87,87,87,87,87,87,87,87,87,87,87,87,87,87,87,87,87,87,87,87,87,87,87,87,87,89,89],"card_choices":[{"not_picked":["Deflect","Dagger Throw"],"picked":"Slice","floor":1},{"not_picked":["Sucker Punch","Backflip","Catalyst"],"picked":"SKIP","floor":4},{"not_picked":["Dodge and Roll","Deadly Poison"],"picked":"Infinite Blades","floor":5},{"not_picked":["Corpse Explosion","Venomology"],"picked":"Blade Dance","floor":7},{"not_picked":["Deadly Poison","Terror","Deflect"],"picked":"SKIP","floor":8},{"not_picked":["PiercingWail","Distraction"],"picked":"Slice","floor":11},{"not_picked":["Cloak And Dagger","Eviscerate","Sucker Punch"],"picked":"SKIP","floor":12},{"not_picked":["Malaise","Grand Finale"],"picked":"After Image","floor":16},{"not_picked":["Dash","Dodge and Roll"],"picked":"Slice+1","floor":18},{"not_picked":["Poisoned Stab","All Out Attack","PiercingWail"],"picked":"SKIP","floor":19},{"not_picked":["Quick Slash","Eviscerate"],"picked":"Blade Dance","floor":24},{"not_picked":["Reflex+1","Outmaneuver"],"picked":"After Image","floor":25},{"not_picked":["Masterful Stab","Bouncing Flask","Heel Hook+1"],"picked":"SKIP","floor":28},{"not_picked":["Bane+1","Prepared","Eviscerate+1"],"picked":"SKIP","floor":31},{"not_picked":["Burst","Choke"],"picked":"Cloak And Dagger+1","floor":32},{"not_picked":["Acrobatics","Choke+1"],"picked":"Blade Dance","floor":35},{"not_picked":["Riddle With Holes+1","Acrobatics","Underhanded Strike"],"picked":"SKIP","floor":35},{"not_picked":["Predator+1","Deadly Poison+1"],"picked":"Blur+1","floor":37},{"not_picked":["Bane","Well Laid Plans","Tools of the Trade"],"picked":"SKIP","floor":37},{"not_picked":["Distraction","Outmaneuver"],"picked":"Cloak And Dagger+1","floor":39},{"not_picked":["Acrobatics","Bullet Time"],"picked":"PiercingWail+1","floor":39},{"not_picked":["Concentrate+1","Flying Knee+1","Prepared"],"picked":"SKIP","floor":41},{"not_picked":["Acrobatics","Storm of Steel"],"picked":"Dodge and Roll+1","floor":44},{"not_picked":["All Out Attack","Deadly Poison+1","Dagger Spray+1"],"picked":"SKIP","floor":44},{"not_picked":["Underhanded Strike+1","Poisoned Stab","Catalyst"],"picked":"SKIP","floor":45},{"not_picked":["Riddle With Holes","Backflip","Deadly Poison"],"picked":"SKIP","floor":45},{"not_picked":["Bane+1","Acrobatics","Skewer+1"],"picked":"Singing Bowl","floor":54}],"player_experience":266227,"relics_obtained":[{"floor":7,"key":"Du-Vu Doll"},{"floor":9,"key":"Shuriken"},{"floor":12,"key":"Centennial Puzzle"},{"floor":13,"key":"Odd Mushroom"},{"floor":24,"key":"Bottled Flame"},{"floor":29,"key":"Prayer Wheel"},{"floor":29,"key":"Sundial"},{"floor":31,"key":"Dream Catcher"},{"floor":41,"key":"Art of War"},{"floor":43,"key":"Eternal Feather"},{"floor":47,"key":"Singing Bowl"},{"floor":54,"key":"Snake Skull"}],"event_choices":[{"damage_healed":0,"gold_gain":0,"player_choice":"1 cards matched","damage_taken":0,"max_hp_gain":0,"max_hp_loss":0,"event_name":"Match and Keep!","floor":3,"gold_loss":0,"cards_obtained":["Bandage Up"]},{"damage_healed":0,"gold_gain":0,"player_choice":"Fought Mushrooms","damage_taken":0,"max_hp_gain":0,"max_hp_loss":0,"event_name":"Mushrooms","floor":13,"gold_loss":0},{"damage_healed":0,"gold_gain":0,"player_choice":"Shed Blood","damage_taken":21,"max_hp_gain":5,"max_hp_loss":0,"event_name":"Forgotten Altar","floor":20,"gold_loss":0},{"damage_healed":0,"gold_gain":0,"player_choice":"Ignored","damage_taken":0,"max_hp_gain":0,"max_hp_loss":0,"event_name":"Vampires","floor":21,"gold_loss":0},{"damage_healed":0,"gold_gain":0,"player_choice":"Obtained Relic","damage_taken":0,"relics_obtained":["Mummified Hand"],"max_hp_gain":0,"max_hp_loss":0,"event_name":"Addict","floor":22,"gold_loss":85},{"damage_healed":0,"gold_gain":0,"player_choice":"Fight","damage_taken":0,"max_hp_gain":0,"max_hp_loss":0,"event_name":"Colosseum","floor":29,"gold_loss":0},{"damage_healed":0,"gold_gain":0,"player_choice":"Fought Nobs","damage_taken":0,"max_hp_gain":0,"max_hp_loss":0,"event_name":"Colosseum","floor":29,"gold_loss":0},{"damage_healed":0,"gold_gain":0,"player_choice":"Forge","damage_taken":0,"max_hp_gain":0,"max_hp_loss":0,"event_name":"Accursed Blacksmith","floor":36,"gold_loss":0,"cards_upgraded":["After Image"]},{"damage_healed":0,"gold_gain":0,"player_choice":"Embrace Madness","damage_taken":11,"max_hp_gain":0,"max_hp_loss":0,"event_name":"Winding Halls","floor":38,"gold_loss":0,"cards_obtained":["Madness","Madness"]}],"is_beta":false,"boss_relics":[{"not_picked":["Coffee Dripper","Cursed Key"],"picked":"Tiny House"},{"not_picked":["Ring of the Serpent","Calling Bell"],"picked":"SlaversCollar"}],"items_purged_floors":[],"is_endless":false,"potions_floor_spawned":[4,8,11,12,19,29,31,33,37,41,54],"ascension_level":1}}