{"host":"uvmuduost5bzvojs","time":1611730031,"event":{"mods":["Aspiration","Bard","BaseMod","Better Match","Block Reminder","Conspire","Hermit","Highlight Path","Hubris","Infinite Spire","Jorbs\u0027s Wanderer Trilogy","Mad Scientist","Marisa????????","Mimic Mod","Minty Spire (QoL Compilation)","Potionbrewer","Replay The Spire","Robot Space Explorer","StSLib","The Blackbeard","The Construct","The Cursed","The Disciple","The Hayseed","The Hierophant","The Juggle","The Jungle","The Poker Player","The Runesmith","The Servant 0.9.4","The Spell Scribe","The Valiant","TheBandit"],"gold_per_floor":[115,143,143,143,63,82,82,82,131,131,173,173,242,328,340,348,348],"floor_reached":16,"language":"ENG","playtime":339,"items_purged":[],"score":173,"play_id":"060e6b56-3977-4a71-9ae4-e5511c120046","local_time":"20210127014711","is_ascension_mode":false,"campfire_choices":[{"data":"hierophant:OrnateJavelin","floor":8,"key":"SMITH"},{"data":"hierophant:RustyCrate","floor":10,"key":"SMITH"},{"data":"hierophant:Remorse","floor":12,"key":"SMITH"},{"floor":15,"key":"REST"}],"circlet_count":0,"master_deck":["conspire:GhostlyStrike","conspire:GhostlyStrike","conspire:GhostlyStrike","conspire:GhostlyStrike","hierophant:Punish","conspire:GhostlyDefend","conspire:GhostlyDefend","conspire:GhostlyDefend","conspire:GhostlyDefend","hierophant:ChurchCoffers","hierophant:Doubloon","hierophant:Charity+1","hierophant:OrnateJavelin+1","Regret","hierophant:Embezzle","hierophant:RustyCrate+1","hierophant:Doubloon","hierophant:Doubloon","hierophant:Doubloon","hierophant:Remorse+1","hierophant:SecretStash","hierophant:Doubloon","hierophant:RecallFunds"],"relics":["hierophant:PropheticMaskRelic","NeowsBlessing","Replay:Towering Pillar of Hats","Art of War","hubris:TinFlute","MawBank"],"acts_visited":["Exordium"],"potions_floor_usage":[14,16],"damage_taken":[{"damage":0,"enemies":"Small Slimes","floor":1,"turns":1},{"damage":0,"enemies":"Jaw Worm","floor":2,"turns":1},{"damage":3,"enemies":"2 Louse","floor":6,"turns":2},{"damage":34,"enemies":"Gremlin Nob","floor":11,"turns":4},{"damage":18,"enemies":"Looter","floor":13,"turns":5},{"damage":14,"enemies":"Looter","floor":14,"turns":2},{"damage":30,"enemies":"Hexaghost","floor":16,"turns":5}],"seed_played":"-3160760441402676348","potions_obtained":[{"floor":11,"key":"GamblersBrew"},{"floor":14,"key":"Fire Potion"}],"is_trial":false,"path_per_floor":["M","M","?","?","$","M","?","R","T","R","E","R","MIM","M","R","B"],"character_chosen":"HIEROPHANT","items_purchased":["hierophant:Embezzle"],"campfire_rested":1,"item_purchase_floors":[5],"current_hp_per_floor":[75,75,75,75,75,72,72,72,72,72,38,38,20,6,28,0,0],"gold":348,"neow_bonus":"THREE_ENEMY_KILL","is_daily":false,"chose_seed":false,"campfire_upgraded":3,"win_rate":0.0,"timestamp":1611730031,"path_taken":["M","M","?","?","$","M","?","R","T","R","E","R","?","M","R","BOSS"],"items_purchased_type":["Card"],"build_version":"2020-12-22","purchased_purges":0,"victory":false,"max_hp_per_floor":[75,75,75,75,75,75,75,75,75,75,75,75,75,75,75,75,75],"card_choices":[{"not_picked":["hierophant:Exaltation","hierophant:Purify"],"picked":"hierophant:Charity","floor":1},{"not_picked":["hierophant:ThreeLashes","hierophant:HolyVerse"],"picked":"hierophant:OrnateJavelin","floor":2},{"not_picked":["hierophant:Empathy","hierophant:Martyrdom"],"picked":"hierophant:RustyCrate","floor":6},{"not_picked":["hierophant:Flagellation","hierophant:Shelter"],"picked":"hierophant:Remorse","floor":11},{"not_picked":["hierophant:CoinFling","hierophant:ThreeLashes"],"picked":"hierophant:SecretStash","floor":13},{"not_picked":["hierophant:MorningPrayer","hierophant:Doubloon"],"picked":"hierophant:RecallFunds","floor":14}],"player_experience":1844875,"relics_obtained":[{"floor":9,"key":"Art of War"},{"floor":11,"key":"hubris:TinFlute"},{"floor":13,"key":"MawBank"}],"event_choices":[{"damage_healed":0,"gold_gain":0,"player_choice":"Grow","damage_taken":0,"max_hp_gain":0,"max_hp_loss":0,"event_name":"Living Wall","floor":3,"gold_loss":0,"cards_upgraded":["hierophant:Charity"]},{"damage_healed":0,"gold_gain":0,"player_choice":"Box","damage_taken":0,"relics_obtained":["Replay:Towering Pillar of Hats"],"max_hp_gain":0,"max_hp_loss":0,"event_name":"Big Fish","floor":4,"gold_loss":0,"cards_obtained":["Regret"]},{"damage_healed":0,"gold_gain":0,"player_choice":"Agree","damage_taken":0,"max_hp_gain":0,"max_hp_loss":0,"event_name":"conspire:LoneGhost","floor":7,"gold_loss":0}],"is_beta":false,"boss_relics":[],"items_purged_floors":[],"is_endless":false,"potions_floor_spawned":[11,14],"killed_by":"Hexaghost","ascension_level":0}}