{"host":"uv231blk40vjdojr","time":1611762493,"event":{"mods":["AchievementEnabler","BaseMod","Bestiary","Minty Spire (QoL Compilation)","Relic Stats"],"gold_per_floor":[168,179,229,241,257,257,583,597,624,624,659,21,101,119,119,197,197,211,211,228,4,4,31,31,65,65,65,65,65,93,106,106,180,180,193,20,38,38,55,55,55,55],"floor_reached":41,"language":"ENG","playtime":2348,"items_purged":["Strike_B"],"score":968,"play_id":"abd48ece-dc60-4db5-8940-9713d08e1a89","local_time":"20210127164813","is_ascension_mode":true,"campfire_choices":[{"data":"Dualcast","floor":6.0,"key":"SMITH"},{"data":"Sunder","floor":10.0,"key":"SMITH"},{"floor":15.0,"key":"REST"},{"data":"Fission","floor":24.0,"key":"SMITH"},{"data":"Scrape","floor":28,"key":"SMITH"},{"floor":32,"key":"REST"},{"floor":40,"key":"REST"}],"circlet_count":0,"master_deck":["AscendersBane","Defend_B+1","Defend_B+1","Defend_B+1","Defend_B+1","Zap+1","Dualcast+1","Beam Cell","Scrape+1","Loop","Chill","Sunder+1","Machine Learning","Ball Lightning","Electrodynamics","Defragment","Turbo","Seek","FTL","Seek","Go for the Eyes","Bite","Bite","Bite","Bite","Fission+1","BootSequence","Multi-Cast","Coolheaded+1","Stack","Lockon"],"relics":["Tiny House","Old Coin","Vajra","Omamori","CaptainsWheel","Toolbox","Kunai","Runic Dome","Centennial Puzzle","Akabeko","Bronze Scales","Strawberry","Pen Nib","Inserter","ClockworkSouvenir"],"acts_visited":["Exordium","TheCity","TheBeyond"],"potions_floor_usage":[31,33,41],"damage_taken":[{"damage":1.0,"enemies":"Cultist","floor":1.0,"turns":3.0},{"damage":2.0,"enemies":"Jaw Worm","floor":2.0,"turns":3.0},{"damage":7.0,"enemies":"Small Slimes","floor":4.0,"turns":3.0},{"damage":10.0,"enemies":"Looter","floor":5.0,"turns":3.0},{"damage":24.0,"enemies":"Lagavulin","floor":7.0,"turns":7.0},{"damage":3.0,"enemies":"2 Fungi Beasts","floor":8.0,"turns":2.0},{"damage":16.0,"enemies":"3 Sentries","floor":11.0,"turns":6.0},{"damage":0.0,"enemies":"Lots of Slimes","floor":14.0,"turns":1.0},{"damage":23.0,"enemies":"The Guardian","floor":16.0,"turns":8.0},{"damage":0.0,"enemies":"Chosen","floor":18.0,"turns":2.0},{"damage":1.0,"enemies":"3 Byrds","floor":20.0,"turns":2.0},{"damage":45.0,"enemies":"Book of Stabbing","floor":23.0,"turns":5.0},{"damage":7,"enemies":"Gremlin Leader","floor":25,"turns":4},{"damage":28,"enemies":"Slavers","floor":30,"turns":4},{"damage":6,"enemies":"Cultist and Chosen","floor":31,"turns":6},{"damage":10,"enemies":"Champ","floor":33,"turns":8},{"damage":43,"enemies":"3 Darklings","floor":35,"turns":4},{"damage":0,"enemies":"Orb Walker","floor":37,"turns":1},{"damage":1,"enemies":"Spire Growth","floor":39,"turns":4},{"damage":84,"enemies":"Nemesis","floor":41,"turns":6}],"seed_played":"4830211623200440229","potions_obtained":[{"floor":0.0,"key":"EssenceOfDarkness"},{"floor":2.0,"key":"AttackPotion"},{"floor":7.0,"key":"FairyPotion"},{"floor":18.0,"key":"Block Potion"},{"floor":31,"key":"SkillPotion"},{"floor":33,"key":"SkillPotion"},{"floor":37,"key":"ColorlessPotion"}],"is_trial":false,"path_per_floor":["M","M","?","M","M","R","E","M","T","R","E","$","T","M","R","B",null,"M","?","M","$","?","E","R","E","T","?","R","?","E","M","R","B",null,"M","$","M","?","M","R","E"],"character_chosen":"DEFECT","items_purchased":["CaptainsWheel","Toolbox","Defragment","Centennial Puzzle","Go for the Eyes","ClockworkSouvenir"],"campfire_rested":3,"item_purchase_floors":[12,12,12,21,21,36],"current_hp_per_floor":[68,66,66,59,49,49,25,22,22,22,6,6,6,6,28,5,58,58,58,57,57,53,14,14,15,22,22,22,22,20,20,38,49,57,21,21,23,23,24,42,0,0],"gold":55,"neow_bonus":"BOSS_RELIC","is_daily":false,"chose_seed":false,"campfire_upgraded":4,"win_rate":0.0,"timestamp":1611762493,"path_taken":["M","?","?","M","M","R","E","?","T","R","E","$","?","?","R","BOSS","M","?","?","$","?","E","R","E","T","?","R","?","E","M","R","BOSS","M","$","M","?","M","R","E"],"items_purchased_type":["Relic","Relic","Card","Relic","Card","Relic"],"build_version":"2020-12-22","purchased_purges":1,"victory":false,"max_hp_per_floor":[76,76,76,76,76,76,76,76,76,76,76,76,76,76,76,76,76,76,76,76,76,53,53,53,53,60,60,60,60,60,60,60,60,60,60,60,60,60,60,60,60,60],"relic_stats":{"Centennial Puzzle":[24],"Inserter":[7],"counters":[20,82],"Bronze Scales":[95],"Pen Nib":[8],"Kunai":[29],"obtain_stats":[{"Tiny House":0,"Inserter":34,"Vajra":9,"Pen Nib":30,"Omamori":11,"Akabeko":23,"Old Coin":7,"ClockworkSouvenir":36,"Runic Dome":17,"CaptainsWheel":12,"Centennial Puzzle":21,"Bronze Scales":25,"Strawberry":26,"Toolbox":12,"Kunai":13,"Cracked Core":0},{"Tiny House":0,"Inserter":16,"Vajra":6,"Pen Nib":14,"Omamori":7,"Akabeko":12,"Old Coin":5,"ClockworkSouvenir":17,"Runic Dome":9,"CaptainsWheel":7,"Centennial Puzzle":11,"Bronze Scales":13,"Strawberry":13,"Toolbox":7,"Kunai":7,"Cracked Core":0},{"Tiny House":0,"Inserter":67,"Vajra":21,"Pen Nib":53,"Omamori":27,"Akabeko":45,"Old Coin":19,"ClockworkSouvenir":71,"Runic Dome":36,"CaptainsWheel":27,"Centennial Puzzle":40,"Bronze Scales":49,"Strawberry":49,"Toolbox":27,"Kunai":27,"Cracked Core":0}]},"card_choices":[{"not_picked":["Hologram","Loop"],"picked":"Beam Cell","floor":0.0},{"not_picked":["Barrage","Aggregate"],"picked":"Scrape","floor":1.0},{"not_picked":["Skim","Consume"],"picked":"Loop","floor":2.0},{"not_picked":["Darkness","Turbo"],"picked":"Chill","floor":4.0},{"not_picked":["Self Repair","Double Energy"],"picked":"Sunder","floor":5.0},{"not_picked":["Gash","Self Repair"],"picked":"Machine Learning","floor":7.0},{"not_picked":["Beam Cell","Leap"],"picked":"Ball Lightning","floor":8.0},{"not_picked":["Reprogram","Tempest"],"picked":"Electrodynamics","floor":11.0},{"not_picked":["Gash","Steam"],"picked":"Turbo","floor":14.0},{"not_picked":["Buffer","Meteor Strike"],"picked":"Seek","floor":16.0},{"not_picked":["Rebound","Self Repair"],"picked":"FTL","floor":18.0},{"not_picked":["Aggregate","Rebound","Steam"],"picked":"SKIP","floor":20.0},{"not_picked":["Turbo","Sweeping Beam"],"picked":"Fission","floor":23.0},{"not_picked":["Hologram","Gash","Tempest"],"picked":"SKIP","floor":25},{"not_picked":["Doom and Gloom","Static Discharge"],"picked":"BootSequence","floor":30},{"not_picked":["Steam","Reinforced Body"],"picked":"Multi-Cast","floor":31},{"not_picked":["Conserve Battery","Loop"],"picked":"Coolheaded+1","floor":35},{"not_picked":["Darkness","Beam Cell"],"picked":"Stack","floor":37},{"not_picked":["Steam","Compile Driver"],"picked":"Lockon","floor":39}],"player_experience":722695,"relics_obtained":[{"floor":7.0,"key":"Old Coin"},{"floor":9.0,"key":"Vajra"},{"floor":11.0,"key":"Omamori"},{"floor":13.0,"key":"Kunai"},{"floor":23.0,"key":"Akabeko"},{"floor":25,"key":"Bronze Scales"},{"floor":26,"key":"Strawberry"},{"floor":30,"key":"Pen Nib"}],"event_choices":[{"damage_healed":0.0,"max_hp_gain":0.0,"max_hp_loss":0.0,"gold_gain":50.0,"event_name":"Golden Shrine","player_choice":"Pray","floor":3.0,"gold_loss":0.0,"damage_taken":0.0},{"damage_healed":0.0,"max_hp_gain":0.0,"max_hp_loss":0.0,"gold_gain":0.0,"event_name":"Duplicator","player_choice":"Copied","floor":19.0,"gold_loss":0.0,"damage_taken":0.0,"cards_obtained":["Seek"]},{"damage_healed":0.0,"max_hp_gain":0.0,"max_hp_loss":23.0,"gold_gain":0.0,"event_name":"Vampires","player_choice":"Became a vampire","floor":22.0,"gold_loss":0.0,"damage_taken":0.0,"cards_obtained":["Bite","Bite","Bite","Bite","Bite"]},{"damage_healed":0,"gold_gain":0,"player_choice":"Ignored","damage_taken":0,"max_hp_gain":0,"max_hp_loss":0,"event_name":"The Mausoleum","floor":27,"gold_loss":0},{"damage_healed":0,"gold_gain":0,"player_choice":"Simplicity","damage_taken":0,"max_hp_gain":0,"max_hp_loss":0,"event_name":"Back to Basics","floor":29,"gold_loss":0,"cards_upgraded":["Defend_B","Defend_B","Defend_B","Defend_B"]},{"cards_removed":["Bite"],"damage_healed":0,"gold_gain":0,"player_choice":"Purged","damage_taken":0,"max_hp_gain":0,"max_hp_loss":0,"event_name":"Purifier","floor":38,"gold_loss":0}],"is_beta":false,"boss_relics":[{"not_picked":["Velvet Choker","Black Star"],"picked":"Runic Dome"},{"not_picked":["Runic Pyramid","SacredBark"],"picked":"Inserter"}],"items_purged_floors":[12],"is_endless":false,"potions_floor_spawned":[2,5,7,14,16,18,23,31,33,37],"killed_by":"Nemesis","ascension_level":20}}