{"host":"vyjryxuuuxkt43k4","time":1611745772,"event":{"mods":["AchievementEnabler","BaseMod","Colored Map","DeckTracker","Keyboard Shortcuts","Minty Spire (QoL Compilation)","Permanent Neow","Quick Restart","Rare Cards Sparkle","StSLib","SuperFastMode","everything is the same but u backflip on backflip"],"gold_per_floor":[118,131,149,99,110,110,142,142,166,178,178,196,222,241,241,315,315,335,353,370,4,21,21,47,47,71,71,87,87,104,104,104,176,176,195,195,95,106,37,37,37,71,96,115,141,152,165,115,115,115,115,115,29,63,63,63],"floor_reached":55,"language":"KOR","playtime":5937,"items_purged":["Strike_G","Defend_G","Defend_G","Defend_G"],"score":1336,"play_id":"218f6a96-9c12-41f0-b953-e130fab94779","local_time":"20210127200932","is_ascension_mode":true,"campfire_choices":[{"data":"Dagger Throw","floor":6.0,"key":"SMITH"},{"data":"Blade Dance","floor":11.0,"key":"SMITH"},{"data":"A Thousand Cuts","floor":15.0,"key":"SMITH"},{"data":"Phantasmal Killer","floor":23.0,"key":"SMITH"},{"data":"Prepared","floor":25.0,"key":"SMITH"},{"data":"Cloak And Dagger","floor":27.0,"key":"SMITH"},{"data":"Strike_G","floor":29.0,"key":"PURGE"},{"data":"Strike_G","floor":32.0,"key":"PURGE"},{"data":"Defend_G","floor":40.0,"key":"PURGE"},{"floor":49.0,"key":"RECALL"},{"data":"Defend_G","floor":52.0,"key":"PURGE"}],"circlet_count":0,"master_deck":["AscendersBane","Survivor","Neutralize","Leg Sweep","Backstab","PiercingWail","Choke","Blade Dance+1","A Thousand Cuts+1","Prepared+1","Phantasmal Killer+1","CurseOfTheBell","Cloak And Dagger+1","Blade Dance+1","PiercingWail","Catalyst","Adrenaline","Accuracy+1","Footwork+1","Backflip+1","Backstab","Well Laid Plans+1"],"relics":["Ring of the Snake","Centennial Puzzle","Anchor","PreservedInsect","Akabeko","Calling Bell","Bag of Preparation","Frozen Egg 2","Peace Pipe","Dead Branch","Art of War","Sozu","Dream Catcher","Smiling Mask","Juzu Bracelet","CaptainsWheel","War Paint"],"acts_visited":["Exordium","TheCity","TheBeyond","TheEnding"],"potions_floor_usage":[],"damage_taken":[{"damage":0.0,"enemies":"Small Slimes","floor":1.0,"turns":3.0},{"damage":2.0,"enemies":"Jaw Worm","floor":2.0,"turns":5.0},{"damage":5.0,"enemies":"Cultist","floor":3.0,"turns":5.0},{"damage":0.0,"enemies":"Blue Slaver","floor":5.0,"turns":6.0},{"damage":7.0,"enemies":"3 Sentries","floor":7.0,"turns":13.0},{"damage":0.0,"enemies":"Exordium Wildlife","floor":10.0,"turns":3.0},{"damage":0.0,"enemies":"Exordium Thugs","floor":12.0,"turns":5.0},{"damage":12.0,"enemies":"Gremlin Nob","floor":13.0,"turns":3.0},{"damage":2.0,"enemies":"Gremlin Gang","floor":14.0,"turns":3.0},{"damage":7.0,"enemies":"Hexaghost","floor":16.0,"turns":11.0},{"damage":0.0,"enemies":"Shell Parasite","floor":18.0,"turns":4.0},{"damage":3.0,"enemies":"Spheric Guardian","floor":19.0,"turns":3.0},{"damage":3.0,"enemies":"Cultist and Chosen","floor":20.0,"turns":6.0},{"damage":0.0,"enemies":"Sentry and Sphere","floor":22.0,"turns":2.0},{"damage":0.0,"enemies":"Gremlin Leader","floor":24.0,"turns":3.0},{"damage":6.0,"enemies":"Centurion and Healer","floor":28.0,"turns":4.0},{"damage":11.0,"enemies":"Chosen and Byrds","floor":30.0,"turns":5.0},{"damage":15.0,"enemies":"Champ","floor":33.0,"turns":9.0},{"damage":1.0,"enemies":"Orb Walker","floor":35.0,"turns":3.0},{"damage":6.0,"enemies":"3 Shapes","floor":38.0,"turns":2.0},{"damage":1.0,"enemies":"Reptomancer","floor":42.0,"turns":3.0},{"damage":4.0,"enemies":"Spire Growth","floor":44.0,"turns":4.0},{"damage":0.0,"enemies":"Giant Head","floor":45.0,"turns":3.0},{"damage":2.0,"enemies":"4 Shapes","floor":46.0,"turns":5.0},{"damage":0.0,"enemies":"Maw","floor":47.0,"turns":6.0},{"damage":22.0,"enemies":"Donu and Deca","floor":50.0,"turns":8.0},{"damage":29.0,"enemies":"Shield and Spear","floor":54.0,"turns":3.0},{"damage":43,"enemies":"The Heart","floor":55,"turns":3}],"seed_played":"-8504724310263970676","potions_obtained":[{"floor":1.0,"key":"Dexterity Potion"},{"floor":3.0,"key":"Swift Potion"},{"floor":10.0,"key":"EssenceOfSteel"},{"floor":12.0,"key":"Fire Potion"},{"floor":16.0,"key":"SmokeBomb"},{"floor":18.0,"key":"DuplicationPotion"},{"floor":30.0,"key":"CunningPotion"},{"floor":33.0,"key":"Regen Potion"}],"is_trial":false,"path_per_floor":["M","M","M","?","M","R","E","?","T","M","R","M","E","M","R","B",null,"M","M","M","$","M","R","E","R","T","R","M","R","M","?","R","B",null,"M","?","$","M","$","R","$","E","T","M","E","M","M","$","R","B",null,"R","$","E","B"],"character_chosen":"THE_SILENT","items_purchased":["Dead Branch","Footwork+1","Well Laid Plans+1"],"campfire_rested":0,"item_purchase_floors":[21,39,53],"current_hp_per_floor":[59,57,52,52,52,52,45,45,45,45,45,45,33,31,31,24,56,56,53,50,50,50,50,50,50,50,50,44,44,33,33,33,18,54,53,53,53,47,47,47,47,51,51,47,47,45,45,45,45,23,55,55,55,26,0,0],"gold":63,"neow_bonus":"RANDOM_COMMON_RELIC","is_daily":false,"chose_seed":false,"campfire_upgraded":6,"win_rate":0.0,"timestamp":1611745772,"path_taken":["M","M","M","?","M","R","E","?","T","?","R","M","E","M","R","BOSS","M","M","M","$","M","R","E","R","T","R","M","R","M","?","R","BOSS","M","?","$","M","?","R","?","E","T","M","E","M","M","$","R","BOSS","R","$","E","BOSS"],"items_purchased_type":["Relic","Card","Card"],"build_version":"2020-12-22","purchased_purges":4,"victory":false,"max_hp_per_floor":[66,66,66,66,66,66,66,66,66,66,66,66,66,66,66,66,66,66,66,66,66,66,66,66,66,66,66,66,66,66,66,66,66,66,66,66,66,66,66,66,66,66,66,66,66,66,66,66,66,66,66,66,66,66,66,66],"card_choices":[{"not_picked":["Eviscerate","Cloak And Dagger"],"picked":"Leg Sweep","floor":2.0},{"not_picked":["Poisoned Stab","Footwork"],"picked":"Backstab","floor":3.0},{"not_picked":["Bane","Sucker Punch"],"picked":"Dagger Throw","floor":5.0},{"not_picked":["Prepared","Backflip"],"picked":"PiercingWail","floor":7.0},{"not_picked":["Flying Knee","Deflect"],"picked":"Blade Dance","floor":10.0},{"not_picked":["Quick Slash","Deadly Poison","Underhanded Strike"],"picked":"SKIP","floor":12.0},{"not_picked":["Infinite Blades","Dash"],"picked":"A Thousand Cuts","floor":13.0},{"not_picked":["Bane","Riddle With Holes"],"picked":"Prepared","floor":14.0},{"not_picked":["Glass Knife","A Thousand Cuts"],"picked":"Phantasmal Killer","floor":16.0},{"not_picked":["Heel Hook","Bane"],"picked":"Cloak And Dagger","floor":18.0},{"not_picked":["Cloak And Dagger","Dagger Spray","Dagger Throw"],"picked":"SKIP","floor":19.0},{"not_picked":["Bane","Outmaneuver","Bullet Time"],"picked":"SKIP","floor":20.0},{"not_picked":["Underhanded Strike","Sucker Punch"],"picked":"Blade Dance","floor":22.0},{"not_picked":["Poisoned Stab","Riddle With Holes","Prepared"],"picked":"SKIP","floor":24.0},{"not_picked":["Poisoned Stab","Flying Knee"],"picked":"PiercingWail","floor":28.0},{"not_picked":["Outmaneuver","Sucker Punch"],"picked":"Catalyst","floor":30.0},{"not_picked":["Unload","A Thousand Cuts+1"],"picked":"Adrenaline","floor":33.0},{"not_picked":["Flying Knee+1","Bane"],"picked":"Accuracy+1","floor":35.0},{"not_picked":["Expertise","Bane+1","Deflect"],"picked":"SKIP","floor":38.0},{"not_picked":["Bane","Unload"],"picked":"Backflip","floor":42.0},{"not_picked":["Deadly Poison","Dagger Throw"],"picked":"Backstab","floor":44.0},{"not_picked":["Bane","Backflip+1","Expertise+1"],"picked":"SKIP","floor":45.0},{"not_picked":["Acrobatics","Dagger Spray","PiercingWail"],"picked":"SKIP","floor":46.0},{"not_picked":["Dagger Spray","Deadly Poison","Sucker Punch"],"picked":"SKIP","floor":47.0},{"not_picked":["Dagger Throw","Prepared","Bane"],"picked":"SKIP","floor":54.0}],"player_experience":408852,"relics_obtained":[{"floor":7.0,"key":"Anchor"},{"floor":9.0,"key":"PreservedInsect"},{"floor":13.0,"key":"Akabeko"},{"floor":17.0,"key":"Bag of Preparation"},{"floor":17.0,"key":"Frozen Egg 2"},{"floor":17.0,"key":"Peace Pipe"},{"floor":24.0,"key":"Art of War"},{"floor":42.0,"key":"Smiling Mask"},{"floor":43.0,"key":"Juzu Bracelet"},{"floor":45.0,"key":"CaptainsWheel"},{"floor":54.0,"key":"War Paint"}],"event_choices":[{"cards_removed":["Strike_G"],"damage_healed":0.0,"max_hp_gain":0.0,"max_hp_loss":0.0,"gold_gain":0.0,"event_name":"The Cleric","player_choice":"Card Removal","floor":4.0,"gold_loss":50.0,"damage_taken":0.0},{"damage_healed":0.0,"max_hp_gain":0.0,"max_hp_loss":0.0,"gold_gain":0.0,"cards_transformed":["Strike_G"],"event_name":"Transmorgrifier","player_choice":"Transformed","floor":8.0,"gold_loss":0.0,"damage_taken":0.0,"cards_obtained":["Choke"]},{"damage_healed":0.0,"max_hp_gain":0.0,"max_hp_loss":0.0,"gold_gain":0.0,"event_name":"Vampires","player_choice":"Ignored","floor":31.0,"gold_loss":0.0,"damage_taken":0.0},{"cards_removed":["Dagger Throw"],"damage_healed":0.0,"max_hp_gain":0.0,"max_hp_loss":0.0,"gold_gain":0.0,"event_name":"WeMeetAgain","player_choice":"Gave Card","floor":36.0,"gold_loss":0.0,"damage_taken":0.0,"relics_obtained":["Dream Catcher"]}],"is_beta":false,"boss_relics":[{"not_picked":["SlaversCollar","Velvet Choker"],"picked":"Calling Bell"},{"not_picked":["SacredBark","Pandora\u0027s Box"],"picked":"Sozu"}],"items_purged_floors":[21,37,48,53],"is_endless":false,"potions_floor_spawned":[1,3,10,12,14,16,18,30,33,35,45,46],"killed_by":"The Heart","ascension_level":14}}