{"host":"xkmvu47k9fdstweo","time":1611788261,"event":{"mods":["BaseMod","Colored Map","Conspire","Hubris","Minty Spire (QoL Compilation)","Quick Restart","Railgun Mod","Shop Mod","StSLib","The Alterego","The Animator","The Servant 0.9.4","The Wild Card","TheBandit","WarShipGirlsR/??è≠èóR mod"],"gold_per_floor":[265,265,15,15,15,15,41,61,87,113,45,82,82,62,62,72,72],"floor_reached":16,"language":"ENG","playtime":383,"items_purged":[],"score":170,"play_id":"ddc7efe8-298d-4979-9943-cbe49862224f","local_time":"20210127175741","is_ascension_mode":true,"campfire_choices":[{"data":"animator:Strike_Kancolle","floor":6.0,"key":"SMITH"},{"floor":13,"key":"REST"},{"floor":15,"key":"REST"}],"circlet_count":0,"master_deck":["animator:Strike_Kancolle+1","animator:Defend_Kancolle","animator:Strike","animator:Strike","animator:Defend","animator:Defend","animator:Defend","animator:Shimakaze+1","animator:SakuraMatou+1","animator:Jibril","animator:Souei","animator:Archer","animator:Arpeggio","animator:Shalltear","animator:Gillette"],"relics":["animator:LivingPicture","animator:TheMissingPiece","animator:PurgingStone","NeowsBlessing","White Beast Statue","Omamori","Nunchaku","Smiling Mask"],"acts_visited":["Exordium"],"potions_floor_usage":[12,12,16,16],"damage_taken":[{"damage":0.0,"enemies":"Small Slimes","floor":1.0,"turns":1.0},{"damage":0.0,"enemies":"Gremlin Nob","floor":7.0,"turns":1.0},{"damage":0.0,"enemies":"2 Louse","floor":8.0,"turns":1.0},{"damage":28.0,"enemies":"Cultist","floor":10.0,"turns":6.0},{"damage":16,"enemies":"Lagavulin","floor":12,"turns":6},{"damage":11,"enemies":"Looter","floor":14,"turns":4},{"damage":38,"enemies":"Hexaghost","floor":16,"turns":9}],"seed_played":"4891132681778098394","potions_obtained":[{"floor":7.0,"key":"DuplicationPotion"},{"floor":8.0,"key":"Fire Potion"},{"floor":10.0,"key":"LiquidBronze"},{"floor":12,"key":"animator:FalseLifePotion"},{"floor":14,"key":"SteroidPotion"}],"is_trial":false,"path_per_floor":["M","?","$","?","?","R","E","M","T","M","$","E","R","M","R","B"],"character_chosen":"THE_ANIMATOR","items_purchased":["White Beast Statue","animator:Arpeggio"],"campfire_rested":2,"item_purchase_floors":[3,11],"current_hp_per_floor":[59,52,52,52,52,52,52,52,52,24,24,8,27,16,35,0,0],"gold":72,"neow_bonus":"THREE_ENEMY_KILL","is_daily":false,"chose_seed":false,"campfire_upgraded":1,"win_rate":0.0,"timestamp":1611788261,"path_taken":["M","?","$","?","?","R","E","M","T","M","?","E","R","M","R","BOSS"],"items_purchased_type":["Relic","Card"],"build_version":"2020-12-22","purchased_purges":0,"victory":false,"max_hp_per_floor":[66,66,66,66,66,66,66,66,66,66,66,66,66,66,66,66,66],"card_choices":[{"not_picked":["animator:Raven","animator:RoryMercury"],"picked":"animator:SakuraMatou","floor":1.0},{"not_picked":["animator:Lu","animator:Togame"],"picked":"animator:Jibril","floor":7.0},{"not_picked":["animator:Geryuganshoop","animator:FielNirvalen"],"picked":"animator:Souei","floor":8.0},{"not_picked":["animator:Alexander","animator:Rider"],"picked":"animator:Archer","floor":10.0},{"not_picked":["animator:Illya","animator:Mikaela"],"picked":"animator:Shalltear","floor":12},{"not_picked":["animator:Cocytus","animator:CowGirl"],"picked":"animator:Gillette","floor":14}],"player_experience":377238,"relics_obtained":[{"floor":7.0,"key":"Omamori"},{"floor":9.0,"key":"Nunchaku"},{"floor":12,"key":"Smiling Mask"}],"event_choices":[{"cards_removed":["animator:Strike"],"damage_healed":0.0,"max_hp_gain":0.0,"max_hp_loss":0.0,"gold_gain":0.0,"event_name":"Golden Wing","player_choice":"Card Removal","floor":2.0,"gold_loss":0.0,"damage_taken":7.0},{"damage_healed":0.0,"max_hp_gain":0.0,"max_hp_loss":0.0,"gold_gain":0.0,"event_name":"Living Wall","player_choice":"Grow","floor":4.0,"gold_loss":0.0,"damage_taken":0.0,"cards_upgraded":["animator:SakuraMatou"]}],"is_beta":false,"boss_relics":[],"items_purged_floors":[],"is_endless":false,"potions_floor_spawned":[7,8,10,12,14],"killed_by":"Hexaghost","ascension_level":6}}