{"host":"zlrtw6zx2qjb37pc","time":1611772733,"event":{"mods":["BaseMod","Better Altar","Better Match","Better Note","Better Sensory Stone","Better Skull","Better Third Choice","Colored Map","Colored Powertips","Downfall","Highlight Path","Minty Spire (QoL Compilation)","Relic Stats","StSLib"],"gold_per_floor":[99,115,127,112,124,124,124,159,170,70,87,87,103,13,28,28,28,28],"floor_reached":16,"language":"ENG","playtime":969,"items_purged":["champ:Strike"],"score":104,"play_id":"de15d54d-a6f2-4ce5-bc32-00785f9211bc","local_time":"20210128023853","is_ascension_mode":false,"campfire_choices":[{"data":"champ:Taunt","floor":1,"key":"SMITH"},{"data":"champ:StanceDance","floor":6,"key":"SMITH"},{"floor":10,"key":"RECALL"}],"circlet_count":0,"master_deck":["champ:Strike","champ:Strike","champ:Strike","champ:Defend","champ:Defend","champ:Defend","champ:Execute","champ:Taunt+1","champ:RisingSlash","champ:StanceDance+1","champ:Haymaker","champ:RecklessLeap","champ:Lariat","champ:FocusedBerserking","champ:Shatter+1","champ:CrookedStrike+1","champ:FaceSlap+1","champ:RecklessLeap+1"],"relics":["champ:ChampionCrown","White Beast Statue","Molten Egg 2","downfall:HeartBlessingGreen"],"acts_visited":["Exordium"],"potions_floor_usage":[9,11,13,14,16,16,16],"damage_taken":[{"damage":10,"enemies":"2 Louse","floor":2,"turns":3},{"damage":26,"enemies":"Cultist","floor":3,"turns":3},{"damage":25,"enemies":"downfall:FleeingMerchant","floor":4,"turns":4},{"damage":10,"enemies":"Small Slimes","floor":5,"turns":3},{"damage":78,"enemies":"3 Sentries","floor":8,"turns":8},{"damage":12,"enemies":"Gremlin Gang","floor":9,"turns":3},{"damage":31,"enemies":"3 Louse","floor":11,"turns":3},{"damage":0,"enemies":"Blue Slaver","floor":13,"turns":3},{"damage":41,"enemies":"downfall:FleeingMerchant","floor":14,"turns":4},{"damage":21,"enemies":"2 Fungi Beasts","floor":15,"turns":2},{"damage":39,"enemies":"DF_ARCHETYPE_STREAMLINE","floor":16,"turns":3}],"seed_played":"7911636938941386763","potions_obtained":[{"floor":2,"key":"hexamod:SoulburnPotion"},{"floor":3,"key":"champ:TechniquePotion"},{"floor":8,"key":"FearPotion"},{"floor":9,"key":"ColorlessPotion"},{"floor":11,"key":"champ:CounterPotion"},{"floor":13,"key":"LiquidBronze"},{"floor":14,"key":"DistilledChaos"}],"is_trial":false,"path_per_floor":["R","M","M","$","M","R","T","E","M","R","M","?","M","$","M","B"],"character_chosen":"THE_CHAMP","items_purchased":[],"campfire_rested":0,"item_purchase_floors":[],"current_hp_per_floor":[99,99,93,93,93,93,93,55,43,43,32,32,32,22,22,0,0,0],"gold":28,"neow_bonus":"TEN_PERCENT_HP_BONUS","is_daily":false,"chose_seed":false,"campfire_upgraded":2,"win_rate":0.0,"timestamp":1611772733,"path_taken":["R","M","M","$","M","R","T","E","M","R","M","?","?","?","M","BOSS"],"items_purchased_type":[],"build_version":"2020-12-22","purchased_purges":1,"victory":false,"max_hp_per_floor":[99,99,99,99,99,99,99,99,99,99,99,99,99,99,99,99,99,99],"relic_stats":{"counters":[11,39],"obtain_stats":[{"champ:ChampionCrown":0,"Molten Egg 2":8,"downfall:HeartBlessingGreen":10,"White Beast Statue":7},{"champ:ChampionCrown":0,"Molten Egg 2":5,"downfall:HeartBlessingGreen":6,"White Beast Statue":4},{"champ:ChampionCrown":0,"Molten Egg 2":21,"downfall:HeartBlessingGreen":24,"White Beast Statue":13}]},"card_choices":[{"not_picked":["champ:PreemptiveStrike","champ:DefensiveShout"],"picked":"champ:RisingSlash","floor":2},{"not_picked":["champ:BringItOn","champ:TornadoPunch"],"picked":"champ:StanceDance","floor":3},{"not_picked":["champ:FlashCut","champ:DefensiveShout"],"picked":"champ:Haymaker","floor":4},{"not_picked":["champ:CrownThrow","champ:ShieldWall"],"picked":"champ:RecklessLeap","floor":5},{"not_picked":["champ:Backstep","champ:GutPunch"],"picked":"champ:Lariat","floor":8},{"not_picked":["champ:DancingMaster","champ:FocusedDefense"],"picked":"champ:FocusedBerserking","floor":9},{"not_picked":["champ:Circumvent","champ:EnGarde"],"picked":"champ:Shatter+1","floor":11},{"not_picked":["champ:CrownThrow+1","champ:PerfectedStrike+1"],"picked":"champ:CrookedStrike+1","floor":13},{"not_picked":["champ:FanOfKnives+1","champ:DefensiveShout"],"picked":"champ:FaceSlap+1","floor":14},{"not_picked":["champ:Circumvent","champ:CrownThrow+1"],"picked":"champ:RecklessLeap+1","floor":15}],"player_experience":127163,"relics_obtained":[{"floor":7,"key":"White Beast Statue"},{"floor":8,"key":"Molten Egg 2"}],"event_choices":[],"is_beta":false,"boss_relics":[],"items_purged_floors":[14],"is_endless":false,"potions_floor_spawned":[2,3,8,9,11,13,14,15],"killed_by":"DF_ARCHETYPE_STREAMLINE","ascension_level":0}}