{"host":"ezkqjaqywejtjag1","time":1611730359,"event":{"mods":["BaseMod","BetterRewards","Colored Map","Infinite Spire","Minty Spire (QoL Compilation)","Replay The Spire","StSLib"],"gold_per_floor":[116,135,135,145,158,158,169,169,169,169,195,208,225,240,240,240,240],"floor_reached":16,"language":"ENG","playtime":988,"items_purged":[],"score":106,"play_id":"3b2eaa3e-cbe7-4b7a-9a7a-d07e8ad80b7c","local_time":"20210127015239","is_ascension_mode":false,"campfire_choices":[{"floor":6,"key":"REST"},{"floor":8,"key":"REST"},{"floor":15,"key":"REST"}],"circlet_count":0,"master_deck":["Strike_P","Strike_P","Defend_P","Defend_P","Defend_P","Defend_P","Eruption","Vigilance","Replay:AtTheReady","Consecrate","FlyingSleeves","Decay","ThirdEye","ForeignInfluence","EmptyBody","Judgement","Weave","Vengeance","JustLucky","FollowUp"],"relics":["PureWater","InkBottle","Gremlin Horn"],"acts_visited":["Exordium"],"potions_floor_usage":[7,13,14],"damage_taken":[{"damage":14,"enemies":"Jaw Worm","floor":1,"turns":3},{"damage":7,"enemies":"Cultist","floor":2,"turns":3},{"damage":2,"enemies":"Small Slimes","floor":4,"turns":3},{"damage":29,"enemies":"Gremlin Gang","floor":5,"turns":4},{"damage":34,"enemies":"Large Slime","floor":7,"turns":7},{"damage":11,"enemies":"3 Sentries","floor":11,"turns":7},{"damage":14,"enemies":"3 Louse","floor":12,"turns":3},{"damage":0,"enemies":"Looter","floor":13,"turns":2},{"damage":0,"enemies":"Exordium Thugs","floor":14,"turns":2},{"damage":26,"enemies":"Hexaghost","floor":16,"turns":2}],"seed_played":"-8284078056819882010","potions_obtained":[{"floor":4,"key":"Elixir"},{"floor":12,"key":"Adrenaline Potion"},{"floor":13,"key":"Explosive Potion"}],"is_trial":false,"path_per_floor":["M","M","?","M","M","R","M","R","T","?","E","M","M","M","R","B"],"character_chosen":"WATCHER","items_purchased":[],"campfire_rested":3,"item_purchase_floors":[],"current_hp_per_floor":[58,51,51,49,20,41,7,28,28,28,17,3,3,3,24,0,0],"gold":240,"neow_bonus":"TRANSFORM_CARD","is_daily":false,"chose_seed":false,"campfire_upgraded":0,"win_rate":0.0,"timestamp":1611730359,"path_taken":["M","M","?","?","M","R","M","R","T","?","E","M","?","M","R","BOSS"],"items_purchased_type":[],"build_version":"2020-12-22","purchased_purges":0,"victory":false,"max_hp_per_floor":[72,72,72,72,72,72,72,72,72,72,72,72,72,72,72,72,72],"card_choices":[{"not_picked":["ClearTheMind","DeceiveReality"],"picked":"Consecrate","floor":1},{"not_picked":["Replay:Battleflow","Replay:Vibes"],"picked":"FlyingSleeves","floor":2},{"not_picked":["EmptyFist","Collect"],"picked":"ThirdEye","floor":4},{"not_picked":["ClearTheMind","WheelKick"],"picked":"ForeignInfluence","floor":5},{"not_picked":["Indignation","ThirdEye"],"picked":"EmptyBody","floor":7},{"not_picked":["Adaptation","Vault"],"picked":"Weave","floor":11},{"not_picked":["EmptyBody","Nirvana"],"picked":"Vengeance","floor":12},{"not_picked":["Replay:Anticipation","ClearTheMind"],"picked":"JustLucky","floor":13},{"not_picked":["WreathOfFlame","BowlingBash"],"picked":"FollowUp","floor":14}],"player_experience":202891,"relics_obtained":[{"floor":9,"key":"InkBottle"},{"floor":11,"key":"Gremlin Horn"}],"event_choices":[{"damage_healed":0,"gold_gain":0,"player_choice":"Cursed","damage_taken":0,"max_hp_gain":0,"max_hp_loss":0,"event_name":"Wheel of Change","floor":3,"gold_loss":0,"cards_obtained":["Decay"]},{"damage_healed":0,"gold_gain":0,"cards_transformed":["Strike_P"],"player_choice":"Transformed","damage_taken":0,"max_hp_gain":0,"max_hp_loss":0,"event_name":"Transmorgrifier","floor":10,"gold_loss":0,"cards_obtained":["Judgement"]}],"is_beta":false,"boss_relics":[],"items_purged_floors":[],"is_endless":false,"potions_floor_spawned":[4,12,13],"killed_by":"Hexaghost","ascension_level":0}}