{"host":"d61fcf2p3sjwe6yo","time":1611746802,"event":{"mods":["AchievementEnabler","BaseMod","Colored Map","Downfall","Minty Spire (QoL Compilation)","StSLib","SuperFastMode"],"gold_per_floor":[99,115,115,290,310,310,335,345,255,269,280,290,290,390,403,505,505,505,523,331,331,345,345,345,345],"floor_reached":23,"language":"ENG","playtime":1200,"items_purged":["Doubt","bronze:Strike"],"score":293,"play_id":"c546105e-6638-409c-843b-bd2bdf45ab6d","local_time":"20210127142642","is_ascension_mode":true,"campfire_choices":[{"data":"bronze:Library","floor":1,"key":"SMITH"},{"floor":13,"key":"REST"},{"data":"bronze:Mutator","floor":18,"key":"SMITH"}],"circlet_count":0,"master_deck":["AscendersBane","bronze:Strike","bronze:Strike","bronze:Strike","bronze:Defend","bronze:Defend","bronze:Defend","bronze:Defend","bronze:Replicate","bronze:Goto","bronze:Library+1","bronze:Shell","bronze:SpaghettiCode","bronze:Shield","bronze:ItsAFeature","bronze:Overheat","bronze:BugBarrage","bronze:Mutator+1","bronze:Branch","bronze:Allocate","bronze:Refactor","Pride","bronze:BronzeOrb+1"],"relics":["bronze:BronzeCore","Centennial Puzzle","Vajra","Lantern","bronze:ElectromagneticCoil","Matryoshka"],"acts_visited":["Exordium","TheCity"],"potions_floor_usage":[16,16],"damage_taken":[{"damage":2,"enemies":"Jaw Worm","floor":2,"turns":4},{"damage":0,"enemies":"2 Louse","floor":5,"turns":3},{"damage":10,"enemies":"Small Slimes","floor":8,"turns":4},{"damage":0,"enemies":"downfall:FleeingMerchant","floor":9,"turns":4},{"damage":10,"enemies":"Large Slime","floor":10,"turns":9},{"damage":6,"enemies":"Exordium Thugs","floor":11,"turns":3},{"damage":0,"enemies":"Blue Slaver","floor":12,"turns":4},{"damage":6,"enemies":"Lots of Slimes","floor":15,"turns":4},{"damage":3,"enemies":"IC_STATUS_ARCHETYPE","floor":16,"turns":4},{"damage":14,"enemies":"Chosen","floor":19,"turns":5},{"damage":5,"enemies":"downfall:FleeingMerchant","floor":20,"turns":4},{"damage":28,"enemies":"3 Cultists","floor":22,"turns":8},{"damage":11,"enemies":"Slavers","floor":23,"turns":4}],"seed_played":"-4610673299084088627","potions_obtained":[{"floor":2,"key":"FearPotion"},{"floor":8,"key":"Strength Potion"}],"is_trial":false,"path_per_floor":["R","M","?","?","M","T","T","M","$","M","M","M","R","?","M","B",null,"R","M","$","?","M","E"],"character_chosen":"THE_AUTOMATON","items_purchased":["bronze:Refactor"],"campfire_rested":1,"item_purchase_floors":[20],"current_hp_per_floor":[45,43,31,31,31,31,31,21,21,11,5,5,26,26,20,17,57,57,43,38,38,10,0,0,0],"gold":345,"neow_bonus":"THREE_RARE_CARDS","is_daily":false,"chose_seed":false,"campfire_upgraded":2,"win_rate":0.0,"timestamp":1611746802,"path_taken":["R","M","?","?","M","?","T","M","$","M","?","M","R","?","M","BOSS","R","M","?","?","M","E"],"items_purchased_type":["Card"],"build_version":"2020-12-22","purchased_purges":2,"victory":false,"max_hp_per_floor":[70,70,70,70,70,70,70,70,70,70,70,70,70,70,70,70,70,70,70,70,70,70,70,70,70],"card_choices":[{"not_picked":["bronze:Assembly","bronze:HyperBeam"],"picked":"bronze:Library","floor":0},{"not_picked":["bronze:ItsAFeature","bronze:Philosophize"],"picked":"bronze:Shell","floor":2},{"not_picked":["bronze:NullPointer","bronze:Frontload","bronze:BuggyMess"],"picked":"SKIP","floor":5},{"not_picked":["bronze:Separator","bronze:Fortify"],"picked":"bronze:SpaghettiCode","floor":8},{"not_picked":["bronze:WildBeam","bronze:Frontload"],"picked":"bronze:Shield","floor":9},{"not_picked":["bronze:Safeguard","bronze:BitShift"],"picked":"bronze:ItsAFeature","floor":10},{"not_picked":["bronze:Turbo","bronze:DelayedGuard","bronze:Philosophize"],"picked":"SKIP","floor":11},{"not_picked":["bronze:DelayedGuard","bronze:ClassDefault"],"picked":"bronze:Overheat","floor":12},{"not_picked":["bronze:DelayedSlice","bronze:BuggyMess"],"picked":"bronze:BugBarrage","floor":15},{"not_picked":["bronze:ShipIt","bronze:HyperBeam"],"picked":"bronze:Mutator","floor":16},{"not_picked":["bronze:Invalidate","bronze:BugBarrage"],"picked":"bronze:Branch","floor":19},{"not_picked":["bronze:Iterate","bronze:WhirlingStrike"],"picked":"bronze:Allocate","floor":20},{"not_picked":["bronze:Terminator","bronze:WildBeam"],"picked":"bronze:BronzeOrb+1","floor":22}],"player_experience":722329,"relics_obtained":[{"floor":6,"key":"Vajra"},{"floor":7,"key":"Lantern"}],"event_choices":[{"damage_healed":0,"gold_gain":0,"player_choice":"Success","damage_taken":12,"relics_obtained":["Centennial Puzzle"],"max_hp_gain":0,"max_hp_loss":0,"event_name":"Scrap Ooze","floor":3,"gold_loss":0},{"damage_healed":0,"gold_gain":100,"player_choice":"Gold","damage_taken":0,"max_hp_gain":0,"max_hp_loss":0,"event_name":"Wheel of Change","floor":14,"gold_loss":0},{"damage_healed":0,"gold_gain":0,"player_choice":"Stole Relic","damage_taken":0,"relics_obtained":["Matryoshka"],"max_hp_gain":0,"max_hp_loss":0,"event_name":"Addict","floor":21,"gold_loss":0,"cards_obtained":["Pride"]}],"is_beta":false,"boss_relics":[{"not_picked":["bronze:PlatinumCore","Cursed Key"],"picked":"bronze:ElectromagneticCoil"}],"items_purged_floors":[9,20],"is_endless":false,"potions_floor_spawned":[2,8,10,12],"killed_by":"Slavers","ascension_level":12}}