{"host":"t0dtoggyaif518ut","time":1611734620,"event":{"mods":["AchievementEnabler","BaseMod","Best Route Mod","Bestiary","Better Altar","Better Match","Better Note","Better Sensory Stone","Better Silent Start","Better Skull","Better Third Choice","Better Vampires","Block Reminder","Colored Powertips","Dark Map","Displayed Cursed Tome","Energized Spire","Gold Saver","Ironclad Rager","Minty Spire (QoL Compilation)","Practice Mode","Quick Restart","RNG Fix","Random Character Button","Relic Stats","Reworked Bosses","StSLib","Treasure Hunter"],"gold_per_floor":[114,11,31,41,0,0,0,0,47,47,47,87,87,110,110,200,200,225,241,166,166,184,184,222,222,222,172,211,211,136,136,136,235,235,263,263,268,268],"floor_reached":37,"language":"RUS","playtime":2359,"items_purged":["Writhe"],"score":723,"play_id":"b8b60e6b-ecfc-444b-927a-b9056fd857f6","local_time":"20210127150340","is_ascension_mode":true,"campfire_choices":[{"data":"Inflame","floor":6.0,"key":"SMITH"},{"data":"Shrug It Off","floor":8.0,"key":"SMITH"},{"data":"TH:ElvenBoots","floor":15.0,"key":"SMITH"},{"floor":23.0,"key":"REST"},{"floor":25.0,"key":"REST"},{"data":"TH:ElvenBoots","floor":29.0,"key":"SMITH"},{"floor":32.0,"key":"REST"}],"circlet_count":0,"master_deck":["AscendersBane","Strike_R","Strike_R","Defend_R","Defend_R","Bash","Inflame+1","Shrug It Off+1","Iron Wave","Shrug It Off","Anger","Enlightenment","TH:CopperCoins","Limit Break+1","TH:ElvenBoots+1","Feed","Uppercut+1","Pommel Strike+1","Disarm+1","Twin Strike","Heavy Blade","Cleave","TH:ElvenBoots+1","Pain","Flex+1","TH:PixieDust","Double Tap+1"],"relics":["Black Blood","Juzu Bracelet","Golden Idol","Anchor","Astrolabe","Toy Ornithopter","Toxic Egg 2","Bottled Tornado","Dream Catcher","WarpedTongs"],"acts_visited":["Exordium","TheCity","TheBeyond"],"potions_floor_usage":[33,33],"damage_taken":[{"damage":6.0,"enemies":"Jaw Worm","floor":1.0,"turns":5.0},{"damage":6.0,"enemies":"Cultist","floor":3.0,"turns":3.0},{"damage":0.0,"enemies":"2 Louse","floor":4.0,"turns":3.0},{"damage":25.0,"enemies":"Lagavulin","floor":12.0,"turns":7.0},{"damage":23.0,"enemies":"The Guardian","floor":16.0,"turns":11.0},{"damage":1.0,"enemies":"Chosen","floor":18.0,"turns":5.0},{"damage":19.0,"enemies":"3 Byrds","floor":19.0,"turns":8.0},{"damage":38.0,"enemies":"3 Cultists","floor":22.0,"turns":7.0},{"damage":47.0,"enemies":"Book of Stabbing","floor":24.0,"turns":7.0},{"damage":21.0,"enemies":"Gremlin Leader","floor":28.0,"turns":8.0},{"damage":80,"enemies":"bossMod:newChamp","floor":33,"turns":12},{"damage":29,"enemies":"3 Shapes","floor":35,"turns":5},{"damage":58,"enemies":"3 Darklings","floor":37,"turns":4}],"seed_played":"857702716375224159","potions_obtained":[{"floor":1.0,"key":"FearPotion"},{"floor":4.0,"key":"PowerPotion"},{"floor":13.0,"key":"Fire Potion"},{"floor":16.0,"key":"EssenceOfSteel"},{"floor":18.0,"key":"Fire Potion"},{"floor":22.0,"key":"SteroidPotion"},{"floor":24.0,"key":"SpeedPotion"},{"floor":35,"key":"Explosive Potion"}],"is_trial":false,"path_per_floor":["M","$","M","M","?","R","?","R","T","?","?","E","?","T","R","B",null,"M","M","?","?","M","R","E","R","T","?","E","R","$","?","R","B",null,"M","?","M"],"character_chosen":"IRONCLAD","items_purchased":["Shrug It Off","Iron Wave"],"campfire_rested":3,"item_purchase_floors":[2,2],"current_hp_per_floor":[75,75,75,81,87,87,80,80,80,80,50,31,31,31,31,14,70,75,62,62,62,38,65,27,55,55,55,43,43,43,43,72,8,75,58,58,0,0],"gold":268,"neow_bonus":"TEN_PERCENT_HP_BONUS","is_daily":false,"chose_seed":false,"campfire_upgraded":4,"win_rate":0.0,"timestamp":1611734620,"path_taken":["M","$","M","M","?","R","?","R","T","?","?","E","?","?","R","BOSS","M","M","?","?","M","R","E","R","T","?","E","R","$","?","R","BOSS","M","?","M"],"items_purchased_type":["Card","Card"],"build_version":"2020-12-22","purchased_purges":1,"victory":false,"max_hp_per_floor":[82,82,82,82,88,88,88,88,88,88,88,88,88,88,88,88,88,88,88,88,88,91,91,94,94,94,94,97,97,97,97,97,97,97,97,97,97,97],"relic_stats":{"Dream Catcher":1,"counters":[13,85],"Golden Idol":79,"Astrolabe":["Uppercut","Pommel Strike","Disarm"],"Black Blood":78,"Juzu Bracelet":2,"obtain_stats":[{"Anchor":12,"Dream Catcher":28,"Golden Idol":11,"Astrolabe":17,"Black Blood":34,"Juzu Bracelet":9,"Toxic Egg 2":24,"Bottled Tornado":26,"Burning Blood":0,"Toy Ornithopter":21,"WarpedTongs":31},{"Anchor":4,"Dream Catcher":10,"Golden Idol":3,"Astrolabe":5,"Black Blood":11,"Juzu Bracelet":3,"Toxic Egg 2":9,"Bottled Tornado":9,"Burning Blood":0,"Toy Ornithopter":7,"WarpedTongs":10},{"Anchor":18,"Dream Catcher":64,"Golden Idol":11,"Astrolabe":29,"Black Blood":76,"Juzu Bracelet":11,"Toxic Egg 2":56,"Bottled Tornado":56,"Burning Blood":0,"Toy Ornithopter":42,"WarpedTongs":64}],"Toy Ornithopter":15,"WarpedTongs":[20]},"card_choices":[{"not_picked":["Body Slam","Intimidate"],"picked":"Inflame","floor":1.0},{"not_picked":["Twin Strike","True Grit"],"picked":"Shrug It Off","floor":3.0},{"not_picked":["Armaments","Wild Strike"],"picked":"Anger","floor":4.0},{"not_picked":["TH:ArmorSpikes"],"picked":"TH:CopperCoins","floor":9.0},{"not_picked":["TH:TreasureMap","TH:Mimic"],"picked":"SKIP","floor":12.0},{"not_picked":["Armaments","Body Slam","Flex"],"picked":"SKIP","floor":12.0},{"not_picked":["TH:ArmorSpikes"],"picked":"TH:ElvenBoots","floor":14.0},{"not_picked":["Brutality","Bludgeon"],"picked":"Feed","floor":16.0},{"not_picked":["Iron Wave","Cleave"],"picked":"Twin Strike","floor":18.0},{"not_picked":["Disarm","Clothesline"],"picked":"Heavy Blade","floor":19.0},{"not_picked":["Pommel Strike+1","Clash","Dropkick"],"picked":"SKIP","floor":22.0},{"not_picked":["Disarm+1","Feel No Pain"],"picked":"Cleave","floor":24.0},{"not_picked":["TH:CursedSword","TH:EnergyPotion"],"picked":"SKIP","floor":24.0},{"not_picked":["TH:CopperCoins"],"picked":"TH:ElvenBoots","floor":26.0},{"not_picked":["TH:DeckOfManyThings","TH:EnergyPotion"],"picked":"SKIP","floor":28.0},{"not_picked":["Dark Embrace","Cleave","Offering+1"],"picked":"SKIP","floor":28.0},{"not_picked":["Intimidate+1","Seeing Red+1"],"picked":"Flex+1","floor":32.0},{"not_picked":["TH:DeckOfManyThings"],"picked":"TH:PixieDust","floor":33},{"not_picked":["Corruption","Offering+1"],"picked":"Double Tap+1","floor":33},{"not_picked":["Carnage","Pommel Strike","Cleave"],"picked":"SKIP","floor":35}],"player_experience":310905,"relics_obtained":[{"floor":9.0,"key":"Juzu Bracelet"},{"floor":12.0,"key":"Anchor"},{"floor":24.0,"key":"Toxic Egg 2"},{"floor":26.0,"key":"Bottled Tornado"},{"floor":28.0,"key":"Dream Catcher"}],"event_choices":[{"damage_healed":0.0,"max_hp_gain":0.0,"max_hp_loss":0.0,"gold_gain":0.0,"event_name":"betterThird:BetterSerpent","player_choice":"RENOUNCE","floor":5.0,"gold_loss":41.0,"damage_taken":41.0,"cards_obtained":["Enlightenment"]},{"cards_removed":["Defend_R"],"damage_healed":0.0,"max_hp_gain":0.0,"max_hp_loss":0.0,"gold_gain":0.0,"event_name":"Golden Wing","player_choice":"Card Removal","floor":7.0,"gold_loss":0.0,"damage_taken":7.0},{"cards_removed":["Limit Break"],"damage_healed":0.0,"max_hp_gain":0.0,"max_hp_loss":0.0,"gold_gain":0.0,"event_name":"betterNote:BetterNote","player_choice":"Take \u0026 Give","floor":10.0,"gold_loss":0.0,"damage_taken":0.0,"cards_obtained":["Limit Break"]},{"damage_healed":0.0,"max_hp_gain":0.0,"max_hp_loss":0.0,"gold_gain":0.0,"event_name":"Golden Idol","player_choice":"Take Damage","floor":11.0,"gold_loss":0.0,"damage_taken":30.0,"relics_obtained":["Golden Idol"]},{"damage_healed":0.0,"max_hp_gain":0.0,"max_hp_loss":0.0,"gold_gain":0.0,"event_name":"Lab","player_choice":"Got Potions","floor":13.0,"gold_loss":0.0,"damage_taken":0.0},{"cards_removed":["Strike_R"],"damage_healed":0.0,"max_hp_gain":0.0,"max_hp_loss":0.0,"gold_gain":0.0,"event_name":"Beggar","player_choice":"Gave Gold","floor":20.0,"gold_loss":75.0,"damage_taken":0.0},{"damage_healed":0.0,"max_hp_gain":0.0,"max_hp_loss":0.0,"gold_gain":0.0,"event_name":"The Mausoleum","player_choice":"Opened","floor":21.0,"gold_loss":0.0,"damage_taken":0.0,"relics_obtained":["Toy Ornithopter"],"cards_obtained":["Writhe"]},{"damage_healed":0.0,"max_hp_gain":0.0,"max_hp_loss":0.0,"gold_gain":0.0,"event_name":"The Joust","player_choice":"Bet on Owner","floor":27.0,"gold_loss":50.0,"damage_taken":0.0},{"damage_healed":0.0,"max_hp_gain":0.0,"max_hp_loss":0.0,"gold_gain":0.0,"event_name":"Accursed Blacksmith","player_choice":"Rummage","floor":31.0,"gold_loss":0.0,"damage_taken":0.0,"relics_obtained":["WarpedTongs"],"cards_obtained":["Pain"]},{"damage_healed":0,"gold_gain":0,"player_choice":"Ignored","damage_taken":0,"max_hp_gain":0,"max_hp_loss":0,"event_name":"Tomb of Lord Red Mask","floor":36,"gold_loss":0}],"is_beta":false,"boss_relics":[{"not_picked":["Philosopher\u0027s Stone","Pandora\u0027s Box"],"picked":"Astrolabe"},{"not_picked":["energizedSpire:SpiderWeb","energizedSpire:TabascoSauce"],"picked":"Black Blood"}],"items_purged_floors":[30],"is_endless":false,"potions_floor_spawned":[1,4,12,16,18,22,24,35],"killed_by":"3 Darklings","ascension_level":15}}