{"host":"d7fiu2yjkssjxoz6","time":1611772932,"event":{"mods":["AchievementEnabler","BaseMod","Duelist Mod","Minty Spire (QoL Compilation)","StSLib"],"gold_per_floor":[142,157,307,317,17,17,47,47,47,60,60,34,62,75,75,149,149,132,152,206,206,206],"floor_reached":21,"language":"ENG","playtime":1229,"items_purged":["Doubt"],"score":385,"play_id":"3d3c1e59-d9fd-463a-bedb-6eeb522164d4","local_time":"20210127104212","is_ascension_mode":true,"campfire_choices":[{"data":"theDuelist:Raigeki","floor":6,"key":"SMITH"},{"data":"theDuelist:FluteKuriboh","floor":8,"key":"SMITH"},{"floor":15,"key":"REST"}],"circlet_count":0,"master_deck":["theDuelist:Relinkuriboh","theDuelist:Fissure","theDuelist:CastleWalls","theDuelist:RainbowKuriboh","theDuelist:GilfordLegend","theDuelist:Raigeki+1","theDuelist:AmuletAmbition","AscendersBane","theDuelist:Relinkuriboh","theDuelist:DarkSimorgh","theDuelist:Sparks","theDuelist:FluteKuriboh","theDuelist:WingedKuriboh","theDuelist:FluteKuriboh+1","theDuelist:HammerShot","theDuelist:WingedKuribohLv10","theDuelist:JunkKuriboh","theDuelist:Spore","theDuelist:PowerGiant","theDuelist:WingedKuriboh","theDuelist:Sparks","theDuelist:MultiplicationOfAnts","theDuelist:CastleWalls","theDuelist:SilverApples","theDuelist:RainbowKuriboh"],"relics":["theDuelist:MillenniumPuzzle","theDuelist:CardPoolRelic","theDuelist:CardPoolBasicRelic","theDuelist:BoosterPackPoolRelic","theDuelist:CardPoolAddRelic","theDuelist:CardPoolMinusRelic","theDuelist:CardPoolSaveRelic","theDuelist:CardPoolOptionsRelic","theDuelist:BoosterExtraAllRaresRelic","Frozen Egg 2","Letter Opener","Bag of Preparation","Bronze Scales","Sozu","Incense Burner","StoneCalendar","Prayer Wheel"],"acts_visited":["Exordium","TheCity"],"potions_floor_usage":[7,13,16],"damage_taken":[{"damage":0,"enemies":"Small Slimes","floor":1,"turns":3},{"damage":0,"enemies":"2 Louse","floor":2,"turns":3},{"damage":9,"enemies":"Jaw Worm","floor":4,"turns":4},{"damage":7,"enemies":"Lagavulin","floor":7,"turns":12},{"damage":8,"enemies":"Blue Slaver","floor":10,"turns":4},{"damage":27,"enemies":"3 Sentries","floor":13,"turns":6},{"damage":0,"enemies":"3 Louse","floor":14,"turns":1},{"damage":1,"enemies":"Slime Boss","floor":16,"turns":6},{"damage":19,"enemies":"2 Thieves","floor":18,"turns":4},{"damage":0,"enemies":"Chosen","floor":19,"turns":4},{"damage":33,"enemies":"Chosen","floor":20,"turns":13},{"damage":3,"enemies":"Centurion and Healer","floor":21,"turns":1}],"seed_played":"7072375529864488524","potions_obtained":[{"floor":1,"key":"Energy Potion"},{"floor":4,"key":"theDuelist:DebuffArmorPotion"},{"floor":14,"key":"BlessingOfTheForge"},{"floor":16,"key":"theDuelist:TributeBottle"}],"is_trial":false,"path_per_floor":["M","M","?","M","$","R","E","R","T","M","?","$","E","M","R","B",null,"M","M","?","M"],"character_chosen":"THE_DUELIST","items_purchased":["theDuelist:DarkSimorgh","theDuelist:Raigeki","theDuelist:SilverApples"],"campfire_rested":1,"item_purchase_floors":[5,5,12],"current_hp_per_floor":[63,63,63,54,54,54,47,47,47,39,39,39,12,12,30,29,55,36,36,3,0,0],"gold":206,"neow_bonus":"ONE_RARE_RELIC","is_daily":false,"chose_seed":false,"campfire_upgraded":2,"win_rate":0.0,"timestamp":1611772932,"path_taken":["M","M","?","M","$","R","E","R","T","M","?","$","E","M","R","BOSS","M","M","?","M"],"items_purchased_type":["Card","Card","Card"],"build_version":"2020-12-22","purchased_purges":1,"victory":false,"max_hp_per_floor":[63,63,63,63,63,63,63,63,63,63,63,63,63,63,63,63,63,63,63,63,63,63],"card_choices":[{"not_picked":["theDuelist:DarkFusion","theDuelist:CrossSwordBeetle","theDuelist:GeminiElf","theDuelist:WingedKuriboh"],"picked":"theDuelist:Relinkuriboh","floor":1},{"not_picked":["theDuelist:WhiteHowling+1","theDuelist:SwordsBurning+1","theDuelist:PotGenerosity+1","theDuelist:LostBlueBreaker"],"picked":"theDuelist:WingedKuribohLv10","floor":2},{"not_picked":["theDuelist:DarkSimorgh","theDuelist:CrossSwordBeetle","theDuelist:CosmoBrain","theDuelist:PotDichotomy"],"picked":"theDuelist:JunkKuriboh","floor":4},{"not_picked":["theDuelist:GeminiElf","theDuelist:LegendaryFlameLord","theDuelist:CosmoBrain","theDuelist:RainbowOverdragon"],"picked":"theDuelist:RainbowKuriboh","floor":7},{"not_picked":["theDuelist:BattleOx","theDuelist:BlackPendant","theDuelist:PreventRat","theDuelist:PotDichotomy"],"picked":"theDuelist:GilfordLegend","floor":10},{"not_picked":["theDuelist:MultiplicationOfAnts","theDuelist:SmashingGround"],"picked":"theDuelist:AmuletAmbition","floor":13},{"not_picked":["theDuelist:DarkSimorgh","theDuelist:LightningVortex"],"picked":"theDuelist:HammerShot","floor":14},{"not_picked":["theDuelist:AmuletAmbition","theDuelist:BeastFangs","theDuelist:WingedKuribohLv10","theDuelist:Scapegoat"],"picked":"theDuelist:MultiplicationOfAnts","floor":16},{"not_picked":["theDuelist:BigFire","theDuelist:GreyGreedOni","theDuelist:DarkCreator","theDuelist:AttackTheMoon"],"picked":"theDuelist:PowerGiant","floor":18},{"not_picked":["theDuelist:CrossSwordBeetle","theDuelist:Relinkuriboh","theDuelist:JunkKuriboh+1","theDuelist:StrayLambs"],"picked":"theDuelist:Spore","floor":19},{"not_picked":["theDuelist:EarthquakeGiant","theDuelist:GemArmadillo","theDuelist:PowerGiant","theDuelist:PotForbidden"],"picked":"theDuelist:RainbowKuriboh","floor":20}],"player_experience":326384,"relics_obtained":[{"floor":7,"key":"Frozen Egg 2"},{"floor":9,"key":"Letter Opener"},{"floor":13,"key":"Bronze Scales"},{"floor":20,"key":"Incense Burner"},{"floor":20,"key":"StoneCalendar"},{"floor":20,"key":"Prayer Wheel"}],"event_choices":[{"damage_healed":0,"gold_gain":150,"player_choice":"AGREE","damage_taken":0,"max_hp_gain":0,"max_hp_loss":0,"event_name":"Liars Game","floor":3,"gold_loss":0,"cards_obtained":["Doubt"]},{"damage_healed":0,"gold_gain":0,"player_choice":"Searched \u00272\u0027 times","damage_taken":0,"relics_obtained":["Bag of Preparation"],"max_hp_gain":0,"max_hp_loss":0,"event_name":"Dead Adventurer","floor":11,"gold_loss":0},{"damage_healed":0,"gold_gain":0,"player_choice":"Fight","duelist":true,"damage_taken":0,"max_hp_gain":0,"max_hp_loss":0,"event_name":"Battle City","floor":20,"gold_loss":0}],"is_beta":false,"boss_relics":[{"not_picked":["theDuelist:ElectricKey","Tiny House"],"picked":"Sozu"}],"items_purged_floors":[5],"is_endless":false,"potions_floor_spawned":[1,4,14,16,19],"killed_by":"Centurion and Healer","ascension_level":16}}