{"host":"qrt7o4dq2qslzw13","time":1611723594,"event":{"mods":["BaseMod","Colored Map","Colored Powertips","Minty Spire (QoL Compilation)","Quick Restart","Replay The Spire","Shop Mod","StSLib","SuperFastMode"],"gold_per_floor":[112,112,112,123,28,28,44,44,44,72,72,72,72],"floor_reached":12,"language":"ENG","playtime":198,"items_purged":[],"score":95,"play_id":"b84c468b-4cc2-46b6-a237-123256620f4c","local_time":"20210126235954","is_ascension_mode":true,"campfire_choices":[{"data":"Replay:Battleflow","floor":6.0,"key":"SMITH"},{"floor":11.0,"key":"REST"}],"circlet_count":0,"master_deck":["Strike_P","Strike_P","Strike_P","Strike_P","Defend_P","Defend_P+1","Defend_P","Defend_P+1","Eruption+1","Vigilance","Replay:Vibes","Replay:Battleflow+1","Protect","Replay:AtTheReady","WreathOfFlame"],"relics":["PureWater","NeowsBlessing","WingedGreaves","Damaru","Simple Rune"],"acts_visited":["Exordium"],"potions_floor_usage":[],"damage_taken":[{"damage":0.0,"enemies":"Cultist","floor":1.0,"turns":1.0},{"damage":0.0,"enemies":"Small Slimes","floor":4.0,"turns":1.0},{"damage":0.0,"enemies":"Jaw Worm","floor":7.0,"turns":1.0},{"damage":48.0,"enemies":"Gremlin Nob","floor":10.0,"turns":5.0},{"damage":0,"enemies":"Lagavulin","floor":12,"turns":1}],"seed_played":"-2473656260758784298","potions_obtained":[{"floor":1.0,"key":"Elixir"}],"is_trial":false,"path_per_floor":["M","?","?","M","$","R","M","T","T","E","R","E"],"character_chosen":"WATCHER","items_purchased":["Replay:Battleflow","Protect"],"campfire_rested":1,"item_purchase_floors":[5,5],"current_hp_per_floor":[72,72,72,72,72,72,72,72,72,24,45,45,45],"gold":72,"neow_bonus":"THREE_ENEMY_KILL","is_daily":false,"chose_seed":false,"campfire_upgraded":1,"win_rate":0.0,"timestamp":1611723594,"path_taken":["M","?","?","M","$","R","M","?","T","E","R","E"],"items_purchased_type":["Card","Card"],"build_version":"2020-12-22","purchased_purges":0,"victory":false,"max_hp_per_floor":[72,72,72,72,72,72,72,72,72,72,72,72,72],"card_choices":[{"not_picked":["Protect","CrushJoints"],"picked":"FearNoEvil","floor":1.0},{"not_picked":["DeceiveReality","Evaluate"],"picked":"Replay:Vibes","floor":4.0},{"not_picked":["JustLucky","FlyingSleeves"],"picked":"Replay:AtTheReady","floor":7.0},{"not_picked":["ThirdEye","EmptyFist"],"picked":"WreathOfFlame","floor":10.0}],"player_experience":593691,"relics_obtained":[{"floor":8.0,"key":"WingedGreaves"},{"floor":9.0,"key":"Damaru"},{"floor":10.0,"key":"Simple Rune"}],"event_choices":[{"damage_healed":0.0,"max_hp_gain":0.0,"max_hp_loss":0.0,"gold_gain":0.0,"event_name":"Living Wall","player_choice":"Grow","floor":3.0,"gold_loss":0.0,"damage_taken":0.0,"cards_upgraded":["Eruption"]}],"is_beta":false,"boss_relics":[],"items_purged_floors":[],"is_endless":false,"potions_floor_spawned":[1],"killed_by":"Lagavulin","ascension_level":5}}