{"host":"snn1c4qsf0fj7fzf","time":1611762108,"event":{"mods":["AchievementEnabler","Aspiration","Astrologer","BaseMod","Colored Powertips","Downfall","Hermit","Infinite Spire","Lobotomy","Marisa????????","Minty Spire (QoL Compilation)","Random Character Button","Rare Cards Sparkle","Reimu??????","Reliquary","Replay The Spire","Shop Mod","Spire Arcade","StSLib","The Administrix","The Cursed","The Gatherer","The Hierophant","The Poker Player","The Runesmith","Wandering Minibosses"],"gold_per_floor":[112,131,56,56,66,66,82,82,105,55,55,66,79,90,90,190,190,210,210,222,232,252,252,266,266,266,295,295,323,323,350,350,350,350],"floor_reached":33,"language":"ENG","playtime":1971,"items_purged":["Runesmith:Defend_RS"],"score":349,"play_id":"6bdb6a39-4650-4b23-aea4-85ea36637703","local_time":"20210127234148","is_ascension_mode":false,"campfire_choices":[{"data":"Runesmith:HeatedChisel","floor":6,"key":"SMITH"},{"data":"Runesmith:CraftMagma","floor":15,"key":"SMITH"},{"data":"Runesmith:CraftFirestone","floor":23,"key":"SMITH"},{"data":"Runesmith:CraftVitae","floor":25,"key":"SMITH"},{"data":"Runesmith:CraftProtectio","floor":28,"key":"SMITH"},{"data":"Runesmith:Supernova","floor":32,"key":"SMITH"}],"circlet_count":0,"master_deck":["Runesmith:Strike_RS","Runesmith:Strike_RS","Runesmith:Defend_RS","Runesmith:Defend_RS","Runesmith:Defend_RS","Runesmith:CraftFirestone+1","Runesmith:Fortify","Runesmith:HeatedChisel+1","Runesmith:CraftMagma+1","Runesmith:CraftMagma+1","Runesmith:HeatedChisel","Runesmith:CraftVitae+1","Runesmith:EarthShield","Runesmith:CraftProtectio+1","Runesmith:Supernova+1","Runesmith:CraftMagma+1","Runesmith:FissionHammer"],"relics":["Runesmith:BrokenRuby","aspiration:Nostalgia","Burning Blood","Bag of Marbles","Coffee Dripper","Blue Candle","reliquary:Stiletto","Omamori","Orichalcum"],"acts_visited":["Exordium","TheCity"],"potions_floor_usage":[20],"damage_taken":[{"damage":8,"enemies":"infinitespire:Voidling","floor":1,"turns":4},{"damage":1,"enemies":"2 Louse","floor":2,"turns":4},{"damage":0,"enemies":"Cultist","floor":5,"turns":3},{"damage":5,"enemies":"Blue Slaver","floor":7,"turns":3},{"damage":10,"enemies":"Lots of Slimes","floor":12,"turns":4},{"damage":8,"enemies":"3 Louse","floor":13,"turns":3},{"damage":1,"enemies":"Exordium Wildlife","floor":14,"turns":3},{"damage":0,"enemies":"Slime Boss","floor":16,"turns":10},{"damage":3,"enemies":"Shell Parasite","floor":18,"turns":6},{"damage":0,"enemies":"Chosen","floor":20,"turns":4},{"damage":9,"enemies":"Shelled Parasite and Fungi","floor":21,"turns":7},{"damage":8,"enemies":"Centurion and Healer","floor":22,"turns":7},{"damage":7,"enemies":"Sentry and Sphere","floor":24,"turns":6},{"damage":13,"enemies":"Replay:Snechameleon","floor":27,"turns":5},{"damage":46,"enemies":"Slavers","floor":29,"turns":6},{"damage":15,"enemies":"Replay:Snechameleon","floor":31,"turns":7},{"damage":20,"enemies":"Collector","floor":33,"turns":2}],"seed_played":"7191259565622948318","potions_obtained":[{"floor":5,"key":"MagicPotion:ReiMu"},{"floor":7,"key":"SteroidPotion"},{"floor":12,"key":"Weak Potion"},{"floor":22,"key":"Elixir"}],"is_trial":false,"path_per_floor":["M","M","$","?","M","R","M","$","T","?","?","M","M","M","R","B",null,"M","?","M","M","M","R","M","R","T","E","R","E","?","E","R","B"],"character_chosen":"RUNESMITH_CLASS","items_purchased":[],"campfire_rested":0,"item_purchase_floors":[],"current_hp_per_floor":[70,70,70,70,70,70,70,70,70,70,70,66,64,69,69,70,70,70,70,70,67,65,65,64,64,64,57,57,17,17,8,8,0,0],"gold":350,"neow_bonus":"NOSTALGIA","is_daily":false,"chose_seed":false,"campfire_upgraded":6,"win_rate":0.0,"timestamp":1611762108,"path_taken":["M","?","$","?","M","R","M","$","T","?","?","M","?","M","R","BOSS","M","?","M","M","M","R","?","R","T","E","R","E","?","E","R","BOSS"],"items_purchased_type":[],"build_version":"2020-12-22","purchased_purges":1,"victory":false,"max_hp_per_floor":[70,70,70,70,70,70,70,70,70,70,70,70,70,70,70,70,70,70,70,70,70,70,70,70,70,70,70,70,70,70,70,70,70,70],"card_choices":[{"not_picked":["Runesmith:ElementalConversion","Runesmith:Grindstone"],"picked":"Runesmith:HeatedChisel","floor":1},{"not_picked":["Runesmith:UnstableHammer","Runesmith:UnlimitedPower"],"picked":"Runesmith:CraftMagma","floor":2},{"not_picked":["Runesmith:HammerAndChisel","Runesmith:Malloc"],"picked":"Runesmith:CraftMagma","floor":5},{"not_picked":["Runesmith:EarthShield","Runesmith:ChiselStab"],"picked":"Runesmith:HeatedChisel","floor":7},{"not_picked":["Runesmith:Duplicate","Runesmith:Electrocute"],"picked":"Runesmith:CraftVitae","floor":12},{"not_picked":["aspiration:UnbridledHammer","Runesmith:ShiftingStrike"],"picked":"Runesmith:EarthShield","floor":13},{"not_picked":["Runesmith:Permafrost","Runesmith:NanitesCloud"],"picked":"Runesmith:CraftProtectio","floor":14},{"not_picked":["Runesmith:DuctTape","Runesmith:CraftIndustria"],"picked":"Runesmith:Supernova","floor":16},{"not_picked":["Runesmith:ElementalConversion","Runesmith:HammerTime","Runesmith:Malloc"],"picked":"SKIP","floor":18},{"not_picked":["Runesmith:UnstableHammer+1","Runesmith:HeatedChisel"],"picked":"Runesmith:CraftMagma+1","floor":20},{"not_picked":["Runesmith:StaticCage","Runesmith:EnergizedChisel","Runesmith:HeatExchange+1"],"picked":"SKIP","floor":21},{"not_picked":["Runesmith:CraftProtectio+1","Runesmith:ChiselStab","Runesmith:HammerTime"],"picked":"SKIP","floor":22},{"not_picked":["Runesmith:Retool","Runesmith:ShiftingStrike","Runesmith:Supernova"],"picked":"SKIP","floor":24},{"not_picked":["Runesmith:Repurpose+1","Runesmith:HammerTime","Runesmith:StaticCage"],"picked":"SKIP","floor":27},{"not_picked":["Runesmith:HeatedChisel","Runesmith:Firewall"],"picked":"Runesmith:FissionHammer","floor":29},{"not_picked":["Runesmith:CraftReservo","Runesmith:CraftProtectio","Runesmith:ShiftingStrike+1"],"picked":"SKIP","floor":31}],"player_experience":351325,"relics_obtained":[{"floor":9,"key":"Bag of Marbles"},{"floor":26,"key":"Blue Candle"},{"floor":27,"key":"reliquary:Stiletto"},{"floor":29,"key":"Omamori"},{"floor":31,"key":"Orichalcum"}],"event_choices":[{"damage_healed":0,"gold_gain":0,"player_choice":"Ignored","damage_taken":0,"max_hp_gain":0,"max_hp_loss":0,"event_name":"Liars Game","floor":4,"gold_loss":0},{"cards_removed":["Runesmith:Strike_RS"],"damage_healed":0,"gold_gain":0,"player_choice":"Card Removal","damage_taken":0,"max_hp_gain":0,"max_hp_loss":0,"event_name":"The Cleric","floor":10,"gold_loss":50},{"cards_removed":["Runesmith:Strike_RS"],"damage_healed":0,"gold_gain":0,"player_choice":"Offered Basic","damage_taken":0,"max_hp_gain":0,"max_hp_loss":0,"event_name":"Bonfire Elementals","floor":11,"gold_loss":0},{"damage_healed":0,"gold_gain":0,"player_choice":"Forge","damage_taken":0,"max_hp_gain":0,"max_hp_loss":0,"event_name":"Accursed Blacksmith","floor":19,"gold_loss":0,"cards_upgraded":["Runesmith:CraftMagma"]}],"is_beta":false,"boss_relics":[{"not_picked":["aspiration:SecretTechniqueScroll","Replay:Wanted Poster"],"picked":"Coffee Dripper"}],"items_purged_floors":[3],"is_endless":false,"potions_floor_spawned":[5,7,12,18,22,29,31],"killed_by":"Collector","ascension_level":0}}