{"host":"2wp95sdfrgw3k439","time":1611778025,"event":{"mods":["BaseMod","Better Altar","Better Skull","Better Third Choice","Curses Come First","Minty Spire (QoL Compilation)","Permanent Neow","Reliquary","StSLib"],"gold_per_floor":[365,383,9,27,46,79,104,116,128,140,163,175,187,199,211,342,354,382,309,337,87,131,131,131,131],"floor_reached":24,"language":"ENG","playtime":822,"items_purged":["Strike_R"],"score":274,"play_id":"9826fad3-9c80-4d5d-8a86-88e285d158c4","local_time":"20210127130705","is_ascension_mode":true,"campfire_choices":[{"floor":8,"key":"REST"},{"data":"Thunderclap","floor":10,"key":"SMITH"},{"data":"Metallicize","floor":12,"key":"SMITH"},{"floor":15,"key":"REST"},{"data":"Inflame","floor":23,"key":"SMITH"}],"circlet_count":0,"master_deck":["Strike_R","Strike_R","Strike_R","Strike_R","Defend_R","Defend_R","Defend_R","Defend_R","Bash","Perfected Strike","Inflame+1","Flex","Clothesline","Hemokinesis","Thunderclap+1","Intimidate","Pommel Strike","Metallicize+1","Fiend Fire","Carnage","Reaper","Uppercut+1","Headbutt+1"],"relics":["Burning Blood","Nunchaku","Orrery","MawBank","reliquary:PurpleTingedLeaf","Golden Idol","Coffee Dripper","StoneCalendar","Paper Frog","Red Mask"],"acts_visited":["Exordium","TheCity"],"potions_floor_usage":[5,16,16,24],"damage_taken":[{"damage":6,"enemies":"Cultist","floor":1,"turns":3},{"damage":17,"enemies":"Jaw Worm","floor":2,"turns":5},{"damage":2,"enemies":"Small Slimes","floor":4,"turns":3},{"damage":7,"enemies":"Exordium Thugs","floor":5,"turns":4},{"damage":19,"enemies":"3 Sentries","floor":6,"turns":6},{"damage":23,"enemies":"Gremlin Gang","floor":7,"turns":5},{"damage":2,"enemies":"Large Slime","floor":11,"turns":3},{"damage":48,"enemies":"Hexaghost","floor":16,"turns":8},{"damage":13,"enemies":"2 Thieves","floor":18,"turns":2},{"damage":11,"enemies":"Chosen","floor":20,"turns":4},{"damage":32,"enemies":"Masked Bandits","floor":22,"turns":4},{"damage":41,"enemies":"Gremlin Leader","floor":24,"turns":2}],"seed_played":"5185203938580071108","potions_obtained":[{"floor":2,"key":"HeartOfIron"},{"floor":7,"key":"SteroidPotion"},{"floor":11,"key":"SkillPotion"},{"floor":22,"key":"LiquidBronze"}],"is_trial":false,"path_per_floor":["M","M","$","M","M","E","M","R","T","R","M","R","$","?","R","B",null,"M","?","M","$","?","R","E"],"character_chosen":"IRONCLAD","items_purchased":["Nunchaku","Orrery","Paper Frog"],"campfire_rested":2,"item_purchase_floors":[3,3,21],"current_hp_per_floor":[72,61,61,65,64,51,34,55,55,55,60,60,60,42,63,23,60,54,54,50,50,36,36,0,0],"gold":131,"neow_bonus":"TWO_FIFTY_GOLD","is_daily":false,"chose_seed":false,"campfire_upgraded":3,"win_rate":0.0,"timestamp":1611778025,"path_taken":["M","M","$","M","M","E","?","R","T","R","?","R","?","?","R","BOSS","M","?","M","$","?","R","E"],"items_purchased_type":["Relic","Relic","Relic"],"build_version":"2020-12-22","purchased_purges":1,"victory":false,"max_hp_per_floor":[72,72,72,72,72,72,72,72,72,72,72,72,72,72,72,72,72,72,72,72,72,72,72,72,72],"card_choices":[{"not_picked":["Shrug It Off","Seeing Red"],"picked":"Perfected Strike","floor":1},{"not_picked":["Hemokinesis","Sentinel"],"picked":"Inflame","floor":2},{"not_picked":["Twin Strike","Rampage"],"picked":"Flex","floor":3},{"not_picked":["Flex","Havoc"],"picked":"Clothesline","floor":3},{"not_picked":["Wild Strike","Clothesline"],"picked":"Hemokinesis","floor":3},{"not_picked":["Juggernaut","Clash"],"picked":"Thunderclap","floor":3},{"not_picked":["Pommel Strike","Iron Wave"],"picked":"Intimidate","floor":3},{"not_picked":["True Grit","Thunderclap"],"picked":"Pommel Strike","floor":4},{"not_picked":["Clothesline","Feel No Pain"],"picked":"Metallicize","floor":5},{"not_picked":["Double Tap","Warcry"],"picked":"Fiend Fire","floor":6},{"not_picked":["Cleave","Seeing Red","Rupture"],"picked":"SKIP","floor":7},{"not_picked":["Seeing Red","Armaments"],"picked":"Carnage","floor":11},{"not_picked":["Limit Break","Barricade"],"picked":"Reaper","floor":16},{"not_picked":["Heavy Blade","Battle Trance","Perfected Strike"],"picked":"SKIP","floor":18},{"not_picked":["Body Slam","Perfected Strike+1"],"picked":"Uppercut+1","floor":20},{"not_picked":["Pommel Strike","Perfected Strike"],"picked":"Headbutt+1","floor":22}],"player_experience":478952,"relics_obtained":[{"floor":6,"key":"MawBank"},{"floor":9,"key":"reliquary:PurpleTingedLeaf"},{"floor":22,"key":"Red Mask"}],"event_choices":[{"damage_healed":0,"gold_gain":0,"player_choice":"Take Damage","damage_taken":18,"relics_obtained":["Golden Idol"],"max_hp_gain":0,"max_hp_loss":0,"event_name":"Golden Idol","floor":14,"gold_loss":0},{"damage_healed":0,"gold_gain":0,"player_choice":"Obtained Relic","damage_taken":0,"relics_obtained":["StoneCalendar"],"max_hp_gain":0,"max_hp_loss":0,"event_name":"Addict","floor":19,"gold_loss":85},{"damage_healed":0,"gold_gain":0,"player_choice":"Fought Bandits","damage_taken":0,"max_hp_gain":0,"max_hp_loss":0,"event_name":"Masked Bandits","floor":22,"gold_loss":0}],"is_beta":false,"boss_relics":[{"not_picked":["Calling Bell","Runic Pyramid"],"picked":"Coffee Dripper"}],"items_purged_floors":[3],"is_endless":false,"potions_floor_spawned":[2,7,11,22],"killed_by":"Gremlin Leader","ascension_level":8}}