{"host":"oehe2dxjvdgux73m","time":1611762586,"event":{"mods":["AchievementEnabler","BaseMod","Colored Map","Colored Powertips","DeckTracker","Keyboard Shortcuts","Minty Spire (QoL Compilation)","Permanent Neow","Quick Restart","StSLib","SuperFastMode"],"gold_per_floor":[214,229,44,44,58,58,88,99,149,149,160,174,174,184,184,262,262,280,125,143,153,153,153,182,105,105,115,115,115,115,135,135,135,135],"floor_reached":33,"language":"KOR","playtime":934,"items_purged":["Strike_R","Perfected Strike"],"score":529,"play_id":"015fefb3-075d-4f97-b1da-05e0e8bf5df6","local_time":"20210128004946","is_ascension_mode":true,"campfire_choices":[{"data":"Searing Blow","floor":6.0,"key":"SMITH"},{"data":"Searing Blow+1","floor":10.0,"key":"SMITH"},{"data":"Searing Blow+2","floor":13.0,"key":"SMITH"},{"data":"Searing Blow+3","floor":15.0,"key":"SMITH"},{"data":"Searing Blow+4","floor":23.0,"key":"SMITH"},{"data":"Searing Blow+5","floor":28.0,"key":"SMITH"},{"data":"Searing Blow+6","floor":30.0,"key":"SMITH"},{"data":"Searing Blow+7","floor":32.0,"key":"SMITH"}],"circlet_count":0,"master_deck":["AscendersBane","Bash","Shrug It Off","Searing Blow+8","Offering","Disarm","Seeing Red","Clothesline","Perfected Strike","Carnage","Reckless Charge","Dropkick","Berserk","Anger","Power Through","Battle Trance","Bloodletting","Burning Pact"],"relics":["Burning Blood","Letter Opener","Anchor","Pandora\u0027s Box","Toy Ornithopter","WingedGreaves"],"acts_visited":["Exordium","TheCity"],"potions_floor_usage":[33],"damage_taken":[{"damage":6.0,"enemies":"Cultist","floor":1.0,"turns":3.0},{"damage":0.0,"enemies":"Small Slimes","floor":2.0,"turns":5.0},{"damage":4.0,"enemies":"Jaw Worm","floor":5.0,"turns":4.0},{"damage":45.0,"enemies":"3 Sentries","floor":7.0,"turns":12.0},{"damage":7.0,"enemies":"Blue Slaver","floor":8.0,"turns":3.0},{"damage":9.0,"enemies":"Large Slime","floor":11.0,"turns":6.0},{"damage":6.0,"enemies":"Looter","floor":12.0,"turns":4.0},{"damage":4.0,"enemies":"3 Louse","floor":14.0,"turns":3.0},{"damage":37.0,"enemies":"The Guardian","floor":16.0,"turns":10.0},{"damage":6.0,"enemies":"Chosen","floor":18.0,"turns":3.0},{"damage":11.0,"enemies":"2 Thieves","floor":20.0,"turns":4.0},{"damage":18.0,"enemies":"Snake Plant","floor":21.0,"turns":3.0},{"damage":15.0,"enemies":"Book of Stabbing","floor":24.0,"turns":3.0},{"damage":6.0,"enemies":"Shelled Parasite and Fungi","floor":27.0,"turns":4.0},{"damage":10.0,"enemies":"Cultist and Chosen","floor":31.0,"turns":3.0},{"damage":36,"enemies":"Collector","floor":33,"turns":6}],"seed_played":"7440216626638763490","potions_obtained":[{"floor":8.0,"key":"Strength Potion"},{"floor":11.0,"key":"Explosive Potion"},{"floor":14.0,"key":"SteroidPotion"},{"floor":18.0,"key":"ColorlessPotion"},{"floor":31.0,"key":"Explosive Potion"}],"is_trial":false,"path_per_floor":["M","M","$","?","M","R","E","M","T","R","M","M","R","M","R","B",null,"M","$","M","M","?","R","E","$","T","M","R","?","R","M","R","B"],"character_chosen":"IRONCLAD","items_purchased":["FairyPotion","FearPotion","Battle Trance"],"campfire_rested":0,"item_purchase_floors":[3,19,25],"current_hp_per_floor":[68,74,74,74,75,75,36,35,35,35,32,32,32,34,34,25,63,63,63,58,46,46,46,37,37,37,37,37,37,37,33,33,2,2],"gold":135,"neow_bonus":"HUNDRED_GOLD","is_daily":false,"chose_seed":false,"campfire_upgraded":8,"win_rate":0.0,"timestamp":1611762586,"path_taken":["M","?","$","?","M","R","E","M","T","R","M","M","R","M","R","BOSS","M","$","M","M","?","R","E","$","T","M","R","?","R","M","R","BOSS"],"items_purchased_type":["Potion","Potion","Card"],"build_version":"2020-12-22","purchased_purges":2,"victory":false,"max_hp_per_floor":[75,75,75,75,75,75,75,75,75,75,75,75,75,75,75,75,75,75,75,75,75,75,75,75,75,75,75,75,75,75,75,75,75,75],"card_choices":[{"not_picked":["Thunderclap","Havoc"],"picked":"Shrug It Off","floor":1.0},{"not_picked":["Heavy Blade","Body Slam"],"picked":"Searing Blow","floor":2.0},{"not_picked":["Whirlwind","Clothesline"],"picked":"Offering","floor":5.0},{"not_picked":["Thunderclap","Fire Breathing"],"picked":"Disarm","floor":7.0},{"not_picked":["Iron Wave","True Grit"],"picked":"Seeing Red","floor":8.0},{"not_picked":["Twin Strike","Rupture","Flex"],"picked":"SKIP","floor":11.0},{"not_picked":["Twin Strike","True Grit","Warcry"],"picked":"SKIP","floor":12.0},{"not_picked":["Ghostly Armor","Cleave","Armaments"],"picked":"SKIP","floor":14.0},{"not_picked":["Havoc","Hemokinesis","Feel No Pain"],"picked":"SKIP","floor":18.0},{"not_picked":["Entrench","Body Slam","Iron Wave"],"picked":"SKIP","floor":20.0},{"not_picked":["Sword Boomerang","Pummel"],"picked":"Power Through","floor":21.0},{"not_picked":["Warcry","Inflame","Thunderclap"],"picked":"SKIP","floor":24.0},{"not_picked":["Wild Strike+1","Combust","Body Slam"],"picked":"SKIP","floor":27.0},{"not_picked":["Armaments","Body Slam"],"picked":"Burning Pact","floor":31.0}],"player_experience":316824,"relics_obtained":[{"floor":7.0,"key":"Letter Opener"},{"floor":9.0,"key":"Anchor"},{"floor":24.0,"key":"Toy Ornithopter"},{"floor":26.0,"key":"WingedGreaves"}],"event_choices":[{"damage_healed":0.0,"max_hp_gain":0.0,"max_hp_loss":0.0,"gold_gain":0.0,"event_name":"Liars Game","player_choice":"Ignored","floor":4.0,"gold_loss":0.0,"damage_taken":0.0},{"damage_healed":0.0,"max_hp_gain":0.0,"max_hp_loss":0.0,"gold_gain":0.0,"event_name":"Vampires","player_choice":"Ignored","floor":22.0,"gold_loss":0.0,"damage_taken":0.0},{"damage_healed":0.0,"max_hp_gain":0.0,"max_hp_loss":0.0,"gold_gain":0.0,"event_name":"The Library","player_choice":"Read","floor":29.0,"gold_loss":0.0,"damage_taken":0.0,"cards_obtained":["Bloodletting"]}],"is_beta":false,"boss_relics":[{"not_picked":["Runic Cube","Black Star"],"picked":"Pandora\u0027s Box"}],"items_purged_floors":[3,19],"is_endless":false,"potions_floor_spawned":[8,11,12,14,18,31],"killed_by":"Collector","ascension_level":16}}