{"host":"bq4pt811tk9yrmjl","time":1611776688,"event":{"mods":["AchievementEnabler","BaseMod","Colored Map","Colored Powertips","Defuse TimeMaze Blight","Hermit","Minty Spire (QoL Compilation)","StSLib","SuperFastMode"],"gold_per_floor":[110,110,122,70,70,70,101,101,126,126,140,154,154,184,184,284,284,300,55,75,90,5,5,38,38,38,53,53,53,63,77,77,182,182,192,208,64,76,95,95,107,107,132,132,143,143,193,193,193,193,193],"floor_reached":50,"language":"ENG","playtime":1227,"items_purged":[],"score":574,"play_id":"4d17a4da-840d-436d-81e9-1102504a1f0d","local_time":"20210127174448","is_ascension_mode":true,"campfire_choices":[{"data":"Neutralize","floor":6.0,"key":"SMITH"},{"data":"Blade Dance","floor":8.0,"key":"SMITH"},{"floor":15.0,"key":"RECALL"},{"data":"Apotheosis","floor":23,"key":"SMITH"},{"data":"Backstab","floor":25,"key":"SMITH"},{"floor":32,"key":"REST"},{"floor":40,"key":"REST"},{"floor":42,"key":"REST"},{"floor":46,"key":"REST"},{"floor":49,"key":"REST"}],"circlet_count":0,"master_deck":["Strike_G","Strike_G","Strike_G+1","Strike_G+1","Defend_G","Defend_G","Defend_G","Defend_G","Defend_G","Survivor","Blade Dance+1","Backstab+1","Blade Dance+1","Flying Knee","Slice","Cloak And Dagger+1","Apotheosis+1","Leg Sweep","Escape Plan","Flying Knee+1","Blade Dance+1","PiercingWail","Neutralize+1","Skewer+1","Leg Sweep+1","Terror+1","Dodge and Roll+1","Footwork+1","Noxious Fumes","Accuracy"],"relics":["Ring of the Snake","NeowsBlessing","Orichalcum","Nunchaku","Omamori","Calling Bell","Vajra","Ninja Scroll","Du-Vu Doll","Blood Vial","Prayer Wheel","Black Star","OrangePellets","Whetstone","Bird Faced Urn"],"acts_visited":["Exordium","TheCity","TheBeyond"],"potions_floor_usage":[16,16,24,30,33,33,36,47,50,50],"damage_taken":[{"damage":0.0,"enemies":"Jaw Worm","floor":1.0,"turns":1.0},{"damage":0.0,"enemies":"Cultist","floor":3.0,"turns":1.0},{"damage":0.0,"enemies":"Lagavulin","floor":7.0,"turns":1.0},{"damage":0.0,"enemies":"Small Slimes","floor":11.0,"turns":3.0},{"damage":0.0,"enemies":"Looter","floor":12.0,"turns":2.0},{"damage":0.0,"enemies":"Gremlin Nob","floor":14.0,"turns":2.0},{"damage":34,"enemies":"Hexaghost","floor":16,"turns":6},{"damage":0,"enemies":"2 Thieves","floor":18,"turns":3},{"damage":0,"enemies":"Chosen","floor":20,"turns":3},{"damage":0,"enemies":"Snecko","floor":21,"turns":3},{"damage":1,"enemies":"Book of Stabbing","floor":24,"turns":5},{"damage":0,"enemies":"Shelled Parasite and Fungi","floor":27,"turns":3},{"damage":9,"enemies":"Snake Plant","floor":30,"turns":4},{"damage":0,"enemies":"Cultist and Chosen","floor":31,"turns":4},{"damage":72,"enemies":"Champ","floor":33,"turns":15},{"damage":0,"enemies":"Orb Walker","floor":35,"turns":1},{"damage":10,"enemies":"3 Darklings","floor":36,"turns":8},{"damage":9,"enemies":"Spire Growth","floor":38,"turns":6},{"damage":12,"enemies":"Writhing Mass","floor":39,"turns":9},{"damage":14,"enemies":"4 Shapes","floor":41,"turns":10},{"damage":17,"enemies":"Maw","floor":45,"turns":9},{"damage":33,"enemies":"Mind Bloom Boss Battle","floor":47,"turns":5},{"damage":82,"enemies":"Time Eater","floor":50,"turns":17}],"seed_played":"2813709085740689475","potions_obtained":[{"floor":1.0,"key":"PowerPotion"},{"floor":7.0,"key":"Fire Potion"},{"floor":11.0,"key":"AttackPotion"},{"floor":14.0,"key":"PowerPotion"},{"floor":21,"key":"Swift Potion"},{"floor":30,"key":"AttackPotion"},{"floor":31,"key":"Regen Potion"},{"floor":33,"key":"Strength Potion"},{"floor":35,"key":"LiquidBronze"},{"floor":38,"key":"EssenceOfSteel"},{"floor":41,"key":"Dexterity Potion"}],"is_trial":false,"path_per_floor":["M","$","M","$","?","R","E","R","T","?","M","M","?","E","R","B",null,"M","$","M","M","?","R","E","R","T","M","?","?","M","M","R","B",null,"M","M","$","M","M","R","M","R","T","?","M","R","?","?","R","B"],"character_chosen":"THE_SILENT","items_purchased":["Blade Dance","Apotheosis","Leg Sweep","OrangePellets"],"campfire_rested":5,"item_purchase_floors":[4,19,19,37],"current_hp_per_floor":[70,70,70,70,70,70,70,70,70,70,70,70,70,70,70,36,70,70,70,70,70,70,70,69,69,69,70,57,57,50,52,74,12,75,75,65,65,58,48,70,58,75,75,75,58,75,42,42,64,0,0],"gold":193,"neow_bonus":"THREE_ENEMY_KILL","is_daily":false,"chose_seed":false,"campfire_upgraded":4,"win_rate":0.0,"timestamp":1611776688,"path_taken":["M","$","M","$","?","R","E","R","T","?","M","?","?","E","R","BOSS","M","$","M","M","?","R","E","R","T","M","?","?","M","M","R","BOSS","M","M","$","M","M","R","M","R","T","?","M","R","?","?","R","BOSS"],"items_purchased_type":["Card","Card","Card","Relic"],"build_version":"2020-12-22","purchased_purges":0,"victory":false,"max_hp_per_floor":[70,70,70,70,70,70,70,70,70,70,70,70,70,70,70,70,70,70,70,70,70,70,70,70,70,70,70,75,75,75,75,75,75,75,75,75,75,75,75,75,75,75,75,75,75,75,75,75,75,75,75],"card_choices":[{"not_picked":["Prepared","Dagger Spray"],"picked":"Blade Dance","floor":1.0},{"not_picked":["All Out Attack","Dodge and Roll"],"picked":"Backstab","floor":3.0},{"not_picked":["Deadly Poison","Expertise","Deflect"],"picked":"SKIP","floor":7.0},{"not_picked":["Setup","Dodge and Roll","Acrobatics"],"picked":"SKIP","floor":11.0},{"not_picked":["Masterful Stab","Well Laid Plans"],"picked":"Flying Knee","floor":12.0},{"not_picked":["Skewer","Escape Plan"],"picked":"Slice","floor":14.0},{"not_picked":["Flechettes","Prepared"],"picked":"Cloak And Dagger+1","floor":18},{"not_picked":["Dodge and Roll","Bane+1"],"picked":"Escape Plan","floor":20},{"not_picked":["Catalyst","Flechettes"],"picked":"Flying Knee+1","floor":21},{"not_picked":["Slice","Venomology","Backstab+1"],"picked":"SKIP","floor":24},{"not_picked":["Backflip+1","Poisoned Stab+1"],"picked":"Blade Dance+1","floor":27},{"not_picked":["Flying Knee","Outmaneuver"],"picked":"PiercingWail","floor":27},{"not_picked":["Backflip+1","Sucker Punch+1"],"picked":"Skewer+1","floor":30},{"not_picked":["Dodge and Roll","Sucker Punch"],"picked":"Leg Sweep+1","floor":30},{"not_picked":["Outmaneuver+1","Blade Dance+1"],"picked":"Terror+1","floor":31},{"not_picked":["Deflect","Distraction","Die Die Die"],"picked":"SKIP","floor":31},{"not_picked":["Bane","Backstab"],"picked":"Dodge and Roll+1","floor":35},{"not_picked":["Dagger Throw","Reflex"],"picked":"Footwork+1","floor":35},{"not_picked":["Acrobatics","Leg Sweep+1","Flying Knee"],"picked":"SKIP","floor":36},{"not_picked":["Leg Sweep+1","Underhanded Strike","Bane"],"picked":"SKIP","floor":36},{"not_picked":["Deadly Poison","Dash"],"picked":"Noxious Fumes","floor":38},{"not_picked":["Bane","Deadly Poison","Malaise"],"picked":"SKIP","floor":38},{"not_picked":["Backstab+1","Riddle With Holes+1","Slice+1"],"picked":"SKIP","floor":39},{"not_picked":["Outmaneuver","Eviscerate+1","Crippling Poison"],"picked":"SKIP","floor":39},{"not_picked":["Die Die Die","Acrobatics"],"picked":"Accuracy","floor":41},{"not_picked":["Eviscerate","Deflect","Quick Slash"],"picked":"SKIP","floor":41},{"not_picked":["Dagger Spray","Footwork+1","Flying Knee"],"picked":"SKIP","floor":45},{"not_picked":["Dash","Poisoned Stab+1","Bane+1"],"picked":"SKIP","floor":45}],"player_experience":275621,"relics_obtained":[{"floor":7.0,"key":"Orichalcum"},{"floor":9.0,"key":"Nunchaku"},{"floor":14.0,"key":"Omamori"},{"floor":17,"key":"Vajra"},{"floor":17,"key":"Ninja Scroll"},{"floor":17,"key":"Du-Vu Doll"},{"floor":24,"key":"Prayer Wheel"},{"floor":43,"key":"Whetstone"},{"floor":47,"key":"Bird Faced Urn"}],"event_choices":[{"damage_healed":0.0,"max_hp_gain":0.0,"max_hp_loss":0.0,"gold_gain":0.0,"event_name":"The Cleric","player_choice":"Leave","floor":5.0,"gold_loss":0.0,"damage_taken":0.0},{"damage_healed":0.0,"max_hp_gain":0.0,"max_hp_loss":0.0,"gold_gain":0.0,"event_name":"Accursed Blacksmith","player_choice":"Forge","floor":10.0,"gold_loss":0.0,"damage_taken":0.0,"cards_upgraded":["Blade Dance"]},{"damage_healed":0.0,"max_hp_gain":0.0,"max_hp_loss":0.0,"gold_gain":0.0,"event_name":"Liars Game","player_choice":"Ignored","floor":13.0,"gold_loss":0.0,"damage_taken":0.0},{"damage_healed":0,"gold_gain":0,"player_choice":"Obtained Relic","damage_taken":0,"relics_obtained":["Blood Vial"],"max_hp_gain":0,"max_hp_loss":0,"event_name":"Addict","floor":22,"gold_loss":85},{"damage_healed":0,"gold_gain":0,"player_choice":"Shed Blood","damage_taken":18,"max_hp_gain":5,"max_hp_loss":0,"event_name":"Forgotten Altar","floor":28,"gold_loss":0},{"damage_healed":0,"gold_gain":0,"player_choice":"Copied","damage_taken":0,"max_hp_gain":0,"max_hp_loss":0,"event_name":"Duplicator","floor":29,"gold_loss":0,"cards_obtained":["Neutralize"]},{"cards_removed":["Neutralize"],"damage_healed":0,"gold_gain":0,"player_choice":"Removed Attack","damage_taken":0,"max_hp_gain":0,"max_hp_loss":0,"event_name":"Falling","floor":44,"gold_loss":0},{"damage_healed":0,"gold_gain":0,"player_choice":"Fight","damage_taken":0,"max_hp_gain":0,"max_hp_loss":0,"event_name":"MindBloom","floor":47,"gold_loss":0},{"cards_removed":["Strike_G"],"damage_healed":0,"gold_gain":0,"player_choice":"Card Removal","damage_taken":0,"max_hp_gain":0,"max_hp_loss":0,"event_name":"Wheel of Change","floor":48,"gold_loss":0}],"is_beta":false,"boss_relics":[{"not_picked":["Runic Pyramid","SlaversCollar"],"picked":"Calling Bell"},{"not_picked":["Pandora\u0027s Box","Coffee Dripper"],"picked":"Black Star"}],"items_purged_floors":[],"is_endless":false,"potions_floor_spawned":[1,7,11,14,21,30,31,33,35,38,41,45],"killed_by":"Time Eater","ascension_level":1}}