{"host":"q9718omregw4er46","time":1611759218,"event":{"mods":["BaseMod","Minty Spire (QoL Compilation)","Quick Restart","Relic Stats"],"gold_per_floor":[118,4,22,33,50,50,84,84,110,125,152,170,201,126,126,200,200,212,225,225,238,249,249,263,291,314,345,345,98,112,212,212,283,283,300,316,139,151,151,151,177,189,271,271,227,245,270,286,286,286,286,286],"floor_reached":51,"language":"ENG","playtime":2432,"items_purged":["Warcry","Perfected Strike+1"],"score":1767,"play_id":"ee96b64d-9ddc-4157-b556-c13c224d4dd5","local_time":"20210127195338","is_ascension_mode":true,"campfire_choices":[{"data":"Bash","floor":6,"key":"SMITH"},{"data":"Clothesline","floor":8,"key":"SMITH"},{"floor":15,"key":"REST"},{"data":"Armaments","floor":23,"key":"SMITH"},{"data":"Double Tap","floor":28,"key":"SMITH"},{"data":"Feel No Pain","floor":32,"key":"SMITH"},{"data":"Bludgeon","floor":40,"key":"SMITH"},{"floor":44,"key":"RECALL"},{"data":"Rupture","floor":49,"key":"SMITH"}],"circlet_count":0,"master_deck":["AscendersBane","Bash+1","Cleave","Battle Trance","Clothesline+1","Clothesline","Feel No Pain+1","Sever Soul","Pommel Strike","Evolve","Bludgeon+1","Fiend Fire","Brutality","Hemokinesis+1","Pummel","Sentinel","True Grit","Pommel Strike","Spot Weakness","Armaments+1","Bludgeon","Disarm","True Grit","Double Tap+1","Shockwave","Shrug It Off","Barricade","Shrug It Off","Carnage","Burning Pact","Whirlwind","Disarm","Bludgeon","Rupture+1","Juggernaut","Ghostly Armor"],"relics":["Snecko Eye","Anchor","Bronze Scales","Red Skull","Prayer Wheel","Pandora\u0027s Box","Eternal Feather","Bag of Preparation","Whetstone","Girya","Mercury Hourglass","Philosopher\u0027s Stone","Gambling Chip","Mummified Hand","Torii"],"acts_visited":["Exordium","TheCity","TheBeyond"],"potions_floor_usage":[5,7,25,33,48],"damage_taken":[{"damage":7,"enemies":"Small Slimes","floor":1,"turns":4},{"damage":1,"enemies":"2 Louse","floor":3,"turns":3},{"damage":1,"enemies":"Cultist","floor":4,"turns":3},{"damage":25,"enemies":"Red Slaver","floor":5,"turns":4},{"damage":0,"enemies":"Gremlin Nob","floor":7,"turns":3},{"damage":0,"enemies":"2 Fungi Beasts","floor":10,"turns":2},{"damage":10,"enemies":"3 Sentries","floor":11,"turns":4},{"damage":5,"enemies":"Exordium Wildlife","floor":12,"turns":2},{"damage":10,"enemies":"Lagavulin","floor":13,"turns":4},{"damage":0,"enemies":"Slime Boss","floor":16,"turns":5},{"damage":0,"enemies":"Shell Parasite","floor":18,"turns":1},{"damage":13,"enemies":"2 Thieves","floor":19,"turns":3},{"damage":0,"enemies":"Snecko","floor":21,"turns":3},{"damage":5,"enemies":"3 Cultists","floor":22,"turns":4},{"damage":3,"enemies":"Cultist and Chosen","floor":24,"turns":4},{"damage":29,"enemies":"Slavers","floor":25,"turns":4},{"damage":0,"enemies":"Gremlin Leader","floor":27,"turns":3},{"damage":0,"enemies":"Sentry and Sphere","floor":30,"turns":2},{"damage":3,"enemies":"Colosseum Slavers","floor":31,"turns":4},{"damage":1,"enemies":"Colosseum Nobs","floor":31,"turns":3},{"damage":14,"enemies":"Automaton","floor":33,"turns":5},{"damage":2,"enemies":"Orb Walker","floor":35,"turns":2},{"damage":0,"enemies":"3 Shapes","floor":36,"turns":3},{"damage":13,"enemies":"Jaw Worm Horde","floor":38,"turns":3},{"damage":16,"enemies":"Reptomancer","floor":41,"turns":5},{"damage":0,"enemies":"Spire Growth","floor":42,"turns":2},{"damage":5,"enemies":"Transient","floor":46,"turns":6},{"damage":3,"enemies":"Giant Head","floor":47,"turns":4},{"damage":21,"enemies":"3 Darklings","floor":48,"turns":3},{"damage":25,"enemies":"Awakened One","floor":50,"turns":11},{"damage":37,"enemies":"Donu and Deca","floor":51,"turns":3}],"seed_played":"-914425552632626371","potions_obtained":[{"floor":3,"key":"HeartOfIron"},{"floor":5,"key":"SpeedPotion"},{"floor":10,"key":"Weak Potion"},{"floor":11,"key":"PowerPotion"},{"floor":20,"key":"HeartOfIron"},{"floor":31,"key":"BlessingOfTheForge"},{"floor":35,"key":"SpeedPotion"},{"floor":42,"key":"HeartOfIron"}],"is_trial":true,"path_per_floor":["M","$","M","M","M","R","E","R","T","M","E","M","E","?","R","B",null,"M","M","?","M","M","R","M","E","T","E","R","$","M","?","R","B",null,"M","M","$","M","?","R","E","M","T","R","$","M","E","M","R","B","B"],"character_chosen":"IRONCLAD","items_purchased":["Cleave","Swift Potion","Whetstone","Burning Pact","Rupture"],"campfire_rested":1,"item_purchase_floors":[2,2,29,37,45],"current_hp_per_floor":[61,61,60,59,34,34,34,34,34,34,24,19,9,9,31,31,64,64,51,51,51,46,46,43,14,14,14,29,29,29,25,40,26,63,61,61,61,48,48,66,50,50,50,68,68,63,60,39,60,35,0,0],"gold":286,"neow_bonus":"","is_daily":false,"chose_seed":false,"campfire_upgraded":7,"win_rate":0.0,"timestamp":1611759218,"path_taken":["M","$","M","M","M","R","E","R","T","M","E","M","E","?","R","BOSS","M","M","?","?","M","R","M","E","T","E","R","?","M","?","R","BOSS","M","M","$","M","?","R","E","M","T","R","$","M","E","M","R","BOSS","BOSS"],"items_purchased_type":["Card","Potion","Relic","Card","Card"],"build_version":"2020-12-22","purchased_purges":2,"victory":false,"max_hp_per_floor":[75,75,75,75,75,75,75,75,75,75,75,75,75,75,75,75,75,75,75,75,75,75,75,75,75,75,75,75,75,75,75,75,75,75,75,75,75,75,71,71,71,71,71,71,71,71,71,71,71,71,71,71],"relic_stats":{"Torii":10,"counters":[31,112],"Eternal Feather":87,"Bag of Preparation":[28],"Whetstone":["Hemokinesis","Perfected Strike"],"Mercury Hourglass":[207],"Mummified Hand":[45],"Bronze Scales":[215],"Gambling Chip":[32],"Snecko Eye":[230,234,214,220],"Prayer Wheel":12,"Pandora\u0027s Box":["Fiend Fire","Brutality","Hemokinesis","Pummel","Sentinel","True Grit","Pommel Strike","Warcry"],"obtain_stats":[{"Girya":31,"Torii":47,"Eternal Feather":25,"Bag of Preparation":27,"Whetstone":29,"Mercury Hourglass":31,"Anchor":7,"Mummified Hand":43,"Bronze Scales":9,"Gambling Chip":41,"Snecko Eye":0,"Prayer Wheel":13,"Pandora\u0027s Box":17,"Philosopher\u0027s Stone":34,"Red Skull":11},{"Girya":20,"Torii":28,"Eternal Feather":16,"Bag of Preparation":17,"Whetstone":17,"Mercury Hourglass":20,"Anchor":5,"Mummified Hand":26,"Bronze Scales":5,"Gambling Chip":25,"Snecko Eye":0,"Prayer Wheel":9,"Pandora\u0027s Box":10,"Philosopher\u0027s Stone":21,"Red Skull":7},{"Girya":65,"Torii":95,"Eternal Feather":53,"Bag of Preparation":56,"Whetstone":56,"Mercury Hourglass":65,"Anchor":17,"Mummified Hand":85,"Bronze Scales":17,"Gambling Chip":83,"Snecko Eye":0,"Prayer Wheel":29,"Pandora\u0027s Box":34,"Philosopher\u0027s Stone":70,"Red Skull":23}]},"card_choices":[{"not_picked":["Body Slam","Bloodletting","Warcry"],"picked":"SKIP","floor":1},{"not_picked":["Rampage","Intimidate"],"picked":"Battle Trance","floor":3},{"not_picked":["Twin Strike","Rampage"],"picked":"Clothesline","floor":4},{"not_picked":["Fire Breathing","Thunderclap"],"picked":"Clothesline","floor":5},{"not_picked":["Fire Breathing","Exhume"],"picked":"Feel No Pain","floor":7},{"not_picked":["Cleave","Twin Strike"],"picked":"Perfected Strike","floor":10},{"not_picked":["Armaments","Twin Strike"],"picked":"Sever Soul","floor":11},{"not_picked":["Twin Strike","Cleave"],"picked":"Pommel Strike","floor":12},{"not_picked":["Twin Strike","Anger"],"picked":"Evolve","floor":13},{"not_picked":["Barricade","Double Tap"],"picked":"Bludgeon","floor":16},{"not_picked":["Sword Boomerang","Headbutt","Anger"],"picked":"SKIP","floor":18},{"not_picked":["Twin Strike","Clash","Cleave"],"picked":"SKIP","floor":18},{"not_picked":["Warcry","Clash"],"picked":"Spot Weakness","floor":19},{"not_picked":["Pummel","Cleave","Pommel Strike"],"picked":"SKIP","floor":19},{"not_picked":["Wild Strike+1","True Grit"],"picked":"Armaments","floor":21},{"not_picked":["Shockwave","Armaments","Cleave"],"picked":"SKIP","floor":21},{"not_picked":["Pummel","Headbutt"],"picked":"Bludgeon","floor":22},{"not_picked":["Battle Trance","Thunderclap","Cleave"],"picked":"SKIP","floor":22},{"not_picked":["Sword Boomerang","Twin Strike"],"picked":"Disarm","floor":24},{"not_picked":["Clash","Havoc"],"picked":"True Grit","floor":24},{"not_picked":["Thunderclap+1","Perfected Strike+1"],"picked":"Double Tap","floor":25},{"not_picked":["Inflame","Havoc+1"],"picked":"Shockwave","floor":27},{"not_picked":["Twin Strike","Armaments"],"picked":"Shrug It Off","floor":30},{"not_picked":["Clothesline","Cleave","Sword Boomerang"],"picked":"SKIP","floor":30},{"not_picked":["Immolate","Limit Break"],"picked":"Barricade","floor":33},{"not_picked":["Flex+1","Warcry"],"picked":"Shrug It Off","floor":35},{"not_picked":["Twin Strike+1","Reckless Charge+1","Blood for Blood"],"picked":"SKIP","floor":35},{"not_picked":["Havoc+1","Iron Wave"],"picked":"Carnage","floor":36},{"not_picked":["Evolve","Iron Wave","Power Through"],"picked":"SKIP","floor":36},{"not_picked":["Sentinel","Clash+1"],"picked":"Whirlwind","floor":38},{"not_picked":["Clothesline","Second Wind"],"picked":"Disarm","floor":38},{"not_picked":["Heavy Blade","Pummel","Iron Wave"],"picked":"SKIP","floor":41},{"not_picked":["Cleave+1","Wild Strike+1"],"picked":"Bludgeon","floor":42},{"not_picked":["Clash","Anger","Pommel Strike"],"picked":"SKIP","floor":42},{"not_picked":["Battle Trance","Pummel"],"picked":"Juggernaut","floor":46},{"not_picked":["Perfected Strike","Uppercut","Headbutt"],"picked":"SKIP","floor":46},{"not_picked":["Warcry+1","Heavy Blade+1","Flex"],"picked":"SKIP","floor":47},{"not_picked":["Inflame","Warcry"],"picked":"Ghostly Armor","floor":48},{"not_picked":["Havoc","Wild Strike","Shrug It Off"],"picked":"SKIP","floor":48}],"player_experience":755759,"relics_obtained":[{"floor":7,"key":"Anchor"},{"floor":9,"key":"Bronze Scales"},{"floor":11,"key":"Red Skull"},{"floor":13,"key":"Prayer Wheel"},{"floor":25,"key":"Eternal Feather"},{"floor":27,"key":"Bag of Preparation"},{"floor":31,"key":"Girya"},{"floor":31,"key":"Mercury Hourglass"},{"floor":41,"key":"Gambling Chip"},{"floor":43,"key":"Mummified Hand"},{"floor":47,"key":"Torii"}],"event_choices":[{"cards_removed":["Strike_R"],"damage_healed":0,"gold_gain":0,"player_choice":"Card Removal","damage_taken":0,"max_hp_gain":0,"max_hp_loss":0,"event_name":"The Cleric","floor":14,"gold_loss":75},{"damage_healed":0,"gold_gain":0,"player_choice":"Got Potions","damage_taken":0,"max_hp_gain":0,"max_hp_loss":0,"event_name":"Lab","floor":20,"gold_loss":0},{"damage_healed":0,"gold_gain":0,"player_choice":"Fight","damage_taken":0,"max_hp_gain":0,"max_hp_loss":0,"event_name":"Colosseum","floor":31,"gold_loss":0},{"damage_healed":0,"gold_gain":0,"player_choice":"Fought Nobs","damage_taken":0,"max_hp_gain":0,"max_hp_loss":0,"event_name":"Colosseum","floor":31,"gold_loss":0},{"damage_healed":0,"gold_gain":0,"player_choice":"Max HP","damage_taken":0,"max_hp_gain":0,"max_hp_loss":4,"event_name":"Winding Halls","floor":39,"gold_loss":0}],"is_beta":false,"boss_relics":[{"not_picked":["Velvet Choker","Coffee Dripper"],"picked":"Pandora\u0027s Box"},{"not_picked":["Tiny House","Fusion Hammer"],"picked":"Philosopher\u0027s Stone"}],"items_purged_floors":[29,37],"is_endless":false,"potions_floor_spawned":[3,4,5,10,11,21,22,31,35,41,42,46],"killed_by":"Donu and Deca","ascension_level":20}}