{"host":"y6zg4wwu39otf01a","time":1611777994,"event":{"mods":["Act Like it!","Aspiration","BaseMod","Better Altar","Better Match","Better Note","Better Sensory Stone","Better Skull","Better Third Choice","Challenge The Spire","Colored Map","Colored Powertips","Conspire","GifTheSpireLib","Glutton Mod","Halation","Hermit","Highlight Path","Hubris","Infinite Spire","Mimic Mod","Minty Spire (QoL Compilation)","Puzzle Mod","Quick Restart","Random Character Button","Rare Cards Sparkle","Replay The Spire","Retaliation","Robot Space Explorer","Shade Mod","Spicy Shops","Spire Arcade","StSLib","Stuff the Spire","The Blue Laboratory","The Jungle","The Marked","thorton"],"gold_per_floor":[118,118,118,118,118,148,148,178,178,178,178],"floor_reached":10,"language":"ENG","playtime":547,"items_purged":[],"score":76,"play_id":"e51e9aa1-192e-4c84-9fde-a4fbc077817c","local_time":"20210127150634","is_ascension_mode":true,"campfire_choices":[{"data":"Zap","floor":7,"key":"SMITH"}],"circlet_count":0,"master_deck":["Strike_B","Strike_B","Strike_B","Strike_B","Defend_B","Defend_B","Defend_B","Defend_B","Zap+1","Dualcast","Steam","StuffTheSpire:CuriosityCurse","Buffer"],"relics":["Cracked Core","aspiration:Nostalgia","Ring of the Snake","Boot","halation:EternalFortune","hubris:FunFungus","halation:WeightlessCrab","halation:Toothbrush"],"acts_visited":["Exordium"],"potions_floor_usage":[6,8],"damage_taken":[{"damage":1,"enemies":"Jaw Worm","floor":1,"turns":3},{"damage":35,"enemies":"Replay:BlueRogue","floor":6,"turns":6},{"damage":30,"enemies":"3 Sentries","floor":8,"turns":9},{"damage":44,"enemies":"Gremlin Nob","floor":10,"turns":5}],"seed_played":"3318274464514288407","potions_obtained":[{"floor":1,"key":"Toxic Potion"},{"floor":6,"key":"ColorlessPotion"}],"is_trial":false,"path_per_floor":["M","?","?","$","?","E","R","E","T","E"],"character_chosen":"DEFECT","items_purchased":[],"campfire_rested":0,"item_purchase_floors":[],"current_hp_per_floor":[74,74,77,77,77,42,42,16,16,0,0],"gold":178,"neow_bonus":"NOSTALGIA","is_daily":false,"chose_seed":false,"campfire_upgraded":1,"win_rate":0.0,"timestamp":1611777994,"path_taken":["M","?","?","$","?","E","R","E","T","E"],"items_purchased_type":[],"build_version":"2020-12-22","purchased_purges":0,"victory":false,"max_hp_per_floor":[75,75,78,78,78,78,78,78,78,78,78],"card_choices":[{"not_picked":["Stack","Ball Lightning"],"picked":"Steam","floor":1},{"not_picked":["Barrage","Self Repair","Buffer"],"picked":"SKIP","floor":6},{"not_picked":["StuffTheSpire:Plugnplay","ReplayGash"],"picked":"Buffer","floor":8}],"player_experience":729757,"relics_obtained":[{"floor":6,"key":"hubris:FunFungus"},{"floor":8,"key":"halation:WeightlessCrab"},{"floor":9,"key":"halation:Toothbrush"}],"event_choices":[{"damage_healed":0,"gold_gain":0,"player_choice":"Ignored","damage_taken":0,"max_hp_gain":0,"max_hp_loss":0,"event_name":"Golden Wing","floor":5,"gold_loss":0}],"is_beta":false,"boss_relics":[],"items_purged_floors":[],"is_endless":false,"potions_floor_spawned":[1,6],"killed_by":"Gremlin Nob","ascension_level":1}}