{"host":"51f0ad793vly1w6u","time":1611733583,"event":{"mods":["BaseMod","Colored Map","DeckTracker","Minty Spire (QoL Compilation)","Replay The Spire","StSLib","SuperFastMode"],"gold_per_floor":[19,29,104,124,143,143,168,168,191,191,205,236,256,271,271,392,392,407,506,526,176,201,201,214,252,276,294,294,164,164,189,189,326,326,362,387,102,102,131,178,246,281,308,359,64,64,102,123,123,133,133,133,12,59,63],"floor_reached":56,"language":"KOR","playtime":1714,"items_purged":["Strike_R","Pommel Strike","Hallucinations","Defend_R"],"score":1714,"play_id":"5a87025b-25eb-48b3-bbbc-56b1ffe6172e","local_time":"20210127164623","is_ascension_mode":true,"campfire_choices":[{"data":"Apotheosis","floor":6.0,"key":"SMITH"},{"data":"Battle Trance","floor":15,"key":"SMITH"},{"data":"Feel No Pain","floor":23,"key":"SMITH"},{"floor":28,"key":"REST"},{"data":"Evolve","floor":32,"key":"SMITH"},{"floor":49,"key":"REST"},{"floor":52,"key":"REST"}],"circlet_count":0,"master_deck":["Strike_R","Defend_R","Defend_R+1","Defend_R","Bash","Apotheosis+1","Body Slam","Battle Trance+1","Immolate","Evolve+1","Double Tap","Shrug It Off+1","Feel No Pain+1","ReplayReversal","Disarm","Abandon+1","ReplayTheSpireMod:Stacked","ReplayTheSpireMod:Stacked+1","Barricade","Seeing Red","Feel No Pain","PanicButton","Feel No Pain+1","Seeing Red+1","Shrug It Off+1","Offering","ReplayTheSpireMod:Stacked+1","Dual Wield+1","Feel No Pain","Body Slam"],"relics":["Burning Blood","Replay:Baseball","Golden Idol","ReplayFunnel","ReplayTheSpireMod:Lightbulb","Empty Cage","BargainBundle","MealTicket","Potion Belt","ClockworkSouvenir","Replay:Bandana","Fusion Hammer","Iron Hammer","Thread and Needle","Blood Vial","Regal Pillow","Blue Candle","Toxic Egg 2","War Paint"],"acts_visited":["Exordium","TheCity","TheBeyond","TheEnding"],"potions_floor_usage":[12,20,24,24,33,41,55,55,55,55,55],"damage_taken":[{"damage":8.0,"enemies":"2 Louse","floor":1.0,"turns":4.0},{"damage":6.0,"enemies":"Cultist","floor":2.0,"turns":3.0},{"damage":7.0,"enemies":"Small Slimes","floor":4.0,"turns":4.0},{"damage":13.0,"enemies":"Gremlin Gang","floor":5.0,"turns":4.0},{"damage":10.0,"enemies":"Gremlin Nob","floor":7.0,"turns":4.0},{"damage":4,"enemies":"Blue Slaver","floor":11,"turns":3},{"damage":22,"enemies":"Lagavulin","floor":12,"turns":5},{"damage":13,"enemies":"Exordium Thugs","floor":13,"turns":4},{"damage":0,"enemies":"Exordium Wildlife","floor":14,"turns":3},{"damage":2,"enemies":"Slime Boss","floor":16,"turns":4},{"damage":2,"enemies":"Chosen","floor":18,"turns":3},{"damage":20,"enemies":"2 Thieves","floor":20,"turns":2},{"damage":12,"enemies":"Shelled Parasite and Fungi","floor":22,"turns":7},{"damage":0,"enemies":"3 Cultists","floor":24,"turns":3},{"damage":4,"enemies":"Replay:Snechameleon","floor":25,"turns":5},{"damage":10,"enemies":"Cultist and Chosen","floor":27,"turns":5},{"damage":3,"enemies":"Sentry and Sphere","floor":31,"turns":5},{"damage":0,"enemies":"Automaton","floor":33,"turns":10},{"damage":2,"enemies":"3 Darklings","floor":35,"turns":3},{"damage":0,"enemies":"3 Shapes","floor":36,"turns":4},{"damage":0,"enemies":"Sphere and 2 Shapes","floor":39,"turns":4},{"damage":0,"enemies":"Giant Head","floor":40,"turns":6},{"damage":8,"enemies":"2 Orb Walkers","floor":41,"turns":5},{"damage":18,"enemies":"Nemesis","floor":42,"turns":7},{"damage":0,"enemies":"R_Hoarder","floor":44,"turns":5},{"damage":6,"enemies":"Reptomancer","floor":47,"turns":5},{"damage":6,"enemies":"Writhing Mass","floor":48,"turns":4},{"damage":6,"enemies":"Donu and Deca","floor":50,"turns":5},{"damage":6,"enemies":"Shield and Spear","floor":54,"turns":5},{"damage":6,"enemies":"The Heart","floor":55,"turns":6}],"seed_played":"-6887872720690367499","potions_obtained":[{"floor":1.0,"key":"FearPotion"},{"floor":5.0,"key":"Dexterity Potion"},{"floor":7,"key":"DistilledChaos"},{"floor":14,"key":"Energy Potion"},{"floor":27,"key":"FearPotion"},{"floor":33,"key":"Swift Potion"},{"floor":35,"key":"Adrenaline Potion"},{"floor":39,"key":"Explosive Potion"},{"floor":41,"key":"Ancient Potion"},{"floor":44,"key":"Flashbang"},{"floor":47,"key":"ColorlessPotion"}],"is_trial":false,"path_per_floor":["M","M","?","M","M","R","E","?","T","?","M","E","M","M","R","B",null,"M","?","M","$","M","R","M","E","T","M","R","$","?","M","R","B",null,"M","M","$","?","M","E","?","E","T","E","$","?","E","M","R","B",null,"R","$","E","B",null],"character_chosen":"IRONCLAD","items_purchased":["BargainBundle","Feel No Pain","ColorlessPotion","Pet Ghost","ReplayReversal","ClockworkSouvenir","ReplayTheSpireMod:Stacked","Feel No Pain","PanicButton","Offering","Feel No Pain","Adrenaline Potion"],"campfire_rested":3,"item_purchase_floors":[21,21,21,21,21,29,29,37,37,45,53,53],"current_hp_per_floor":[78,78,70,69,62,62,58,58,58,58,60,44,37,43,43,47,74,74,74,60,60,54,54,60,62,62,58,74,74,74,74,74,74,74,74,74,74,74,74,74,72,60,60,68,74,70,70,70,70,70,70,70,70,70,70],"gold":63,"neow_bonus":"RANDOM_COLORLESS_2","is_daily":false,"chose_seed":false,"campfire_upgraded":4,"win_rate":0.0,"timestamp":1611733583,"path_taken":["M","M","?","M","M","R","E","?","T","?","M","E","M","?","R","BOSS","M","?","M","$","M","R","M","E","T","M","R","$","?","M","R","BOSS","M","M","$","?","M","E","?","E","T","E","$","?","E","M","R","BOSS","R","$","E","BOSS"],"items_purchased_type":["Relic","Card","Potion","Relic","Card","Relic","Card","Card","Card","Card","Card","Potion"],"build_version":"2020-12-22","purchased_purges":4,"victory":true,"max_hp_per_floor":[80,80,80,80,80,80,80,74,74,74,74,74,74,74,74,74,74,74,74,74,74,74,74,74,74,74,74,74,74,74,74,74,74,74,74,74,74,74,74,74,74,74,74,74,74,70,70,70,70,70,70,70,70,70,70],"card_choices":[{"not_picked":["Mayhem","Sadistic Nature"],"picked":"Apotheosis","floor":0.0},{"not_picked":["Burning Pact","Dual Wield"],"picked":"Body Slam","floor":1.0},{"not_picked":["Warcry","Flex"],"picked":"Pommel Strike","floor":2.0},{"not_picked":["Headbutt","Armaments"],"picked":"Battle Trance","floor":4.0},{"not_picked":["Armaments","Flex","Perfected Strike"],"picked":"SKIP","floor":5.0},{"not_picked":["Run Through","Fire Breathing"],"picked":"Immolate","floor":7},{"not_picked":["ReplayTheSpireMod:Strike From Hell","Life Link","Sever Soul"],"picked":"SKIP","floor":11},{"not_picked":["Twin Strike","Abandon","Sword Boomerang"],"picked":"SKIP","floor":12},{"not_picked":["Pommel Strike","Perfected Strike"],"picked":"Evolve","floor":13},{"not_picked":["Clothesline","Thunderclap","Replay:Undeath\u0027s Touch"],"picked":"SKIP","floor":14},{"not_picked":["Demonic Infusion","Immolate"],"picked":"Double Tap","floor":16},{"not_picked":["Clothesline+1","Heavy Blade+1","Replay:Undeath\u0027s Touch"],"picked":"SKIP","floor":18},{"not_picked":["Shockwave","Clothesline"],"picked":"Shrug It Off+1","floor":20},{"not_picked":["Run Through","Havoc","Rupture+1"],"picked":"SKIP","floor":22},{"not_picked":["Anger+1","Heavy Blade+1"],"picked":"Disarm","floor":24},{"not_picked":["ReplayTheSpireMod:LeadingStrike+1","Clothesline+1"],"picked":"Abandon+1","floor":25},{"not_picked":["ReplayTheSpireMod:Strike From Hell+1","Fire Breathing","Burning Pact"],"picked":"SKIP","floor":27},{"not_picked":["Perfected Strike","Dropkick"],"picked":"ReplayTheSpireMod:Stacked","floor":31},{"not_picked":["Bludgeon","Double Tap"],"picked":"Barricade","floor":33},{"not_picked":["Thunderclap+1","Clash+1","Combust"],"picked":"SKIP","floor":35},{"not_picked":["Dropkick","Heavy Blade"],"picked":"Seeing Red","floor":36},{"not_picked":["Perfected Strike","Headbutt","Clothesline+1"],"picked":"SKIP","floor":39},{"not_picked":["Disarm","ReplayTheSpireMod:Limb From Limb","Brutality"],"picked":"SKIP","floor":40},{"not_picked":["Sword Boomerang","ReplayTheSpireMod:Muscle Training"],"picked":"Feel No Pain+1","floor":41},{"not_picked":["Whirlwind","Warcry"],"picked":"Seeing Red+1","floor":42},{"not_picked":["Run Through+1","Sever Soul+1"],"picked":"Shrug It Off+1","floor":44},{"not_picked":["Hemogenesis","Anger+1"],"picked":"ReplayTheSpireMod:Stacked+1","floor":47},{"not_picked":["Cleave","Wild Strike"],"picked":"Dual Wield+1","floor":48},{"not_picked":["Run Through","Massacre"],"picked":"Body Slam","floor":54}],"player_experience":1420453,"relics_obtained":[{"floor":7,"key":"Replay:Baseball"},{"floor":9,"key":"ReplayFunnel"},{"floor":12,"key":"ReplayTheSpireMod:Lightbulb"},{"floor":25,"key":"MealTicket"},{"floor":26,"key":"Potion Belt"},{"floor":40,"key":"Iron Hammer"},{"floor":41,"key":"Thread and Needle"},{"floor":42,"key":"Blood Vial"},{"floor":43,"key":"Regal Pillow"},{"floor":44,"key":"Blue Candle"},{"floor":47,"key":"Toxic Egg 2"},{"floor":54,"key":"War Paint"}],"event_choices":[{"damage_healed":0.0,"max_hp_gain":0.0,"max_hp_loss":0.0,"gold_gain":75.0,"event_name":"FaceTrader","player_choice":"Touch","floor":3.0,"gold_loss":0.0,"damage_taken":8.0},{"damage_healed":0,"gold_gain":0,"player_choice":"Lose Max HP","damage_taken":0,"relics_obtained":["Golden Idol"],"max_hp_gain":0,"max_hp_loss":6,"event_name":"Golden Idol","floor":8,"gold_loss":0},{"cards_removed":["Strike_R"],"damage_healed":0,"gold_gain":0,"player_choice":"Offered Basic","damage_taken":0,"max_hp_gain":0,"max_hp_loss":0,"event_name":"Bonfire Elementals","floor":10,"gold_loss":0},{"damage_healed":0,"gold_gain":99,"player_choice":"Stole From Cult","damage_taken":0,"max_hp_gain":0,"max_hp_loss":0,"event_name":"Nest","floor":19,"gold_loss":0},{"damage_healed":0,"gold_gain":0,"player_choice":"Ignored","damage_taken":0,"max_hp_gain":0,"max_hp_loss":0,"event_name":"Tomb of Lord Red Mask","floor":38,"gold_loss":0},{"damage_healed":0,"gold_gain":0,"player_choice":"Fight","damage_taken":0,"max_hp_gain":0,"max_hp_loss":0,"event_name":"Mysterious Sphere","floor":41,"gold_loss":0},{"damage_healed":0,"gold_gain":0,"player_choice":"Max HP","damage_taken":0,"max_hp_gain":0,"max_hp_loss":4,"event_name":"Winding Halls","floor":46,"gold_loss":0}],"is_beta":false,"boss_relics":[{"not_picked":["ChewingGum","Astrolabe"],"picked":"Empty Cage"},{"not_picked":["Kintsugi","Painkiller Herb"],"picked":"Fusion Hammer"}],"items_purged_floors":[21,29,37,45],"is_endless":false,"potions_floor_spawned":[1,5,7,11,14,18,27,33,35,39,41,44,47],"ascension_level":1}}