{"host":"5ezk7t18wcb10u1o","time":1611706907,"event":{"mods":["BaseMod","Bestiary","Colored Powertips","Minty Spire (QoL Compilation)","Relic Sorter"],"gold_per_floor":[109,34,52,52,75,75,75,75,75,93,113,126,51,76,76,170,170,184,199,149,149,149],"floor_reached":21,"language":"ENG","playtime":1679,"items_purged":["Injury"],"score":342,"play_id":"22d500e9-b536-458d-b38a-cf9017540778","local_time":"20210127002147","is_ascension_mode":true,"campfire_choices":[{"data":"Reinforced Body","floor":6.0,"key":"SMITH"},{"data":"Dualcast","floor":8.0,"key":"SMITH"},{"floor":15.0,"key":"REST"}],"circlet_count":0,"master_deck":["AscendersBane","Strike_B","Strike_B","Strike_B","Defend_B","Defend_B","Defend_B","Zap","Dualcast+1","Reinforced Body+1","Auto Shields","Chill","Darkness+1","Hologram+1","Sweeping Beam+1","Hologram+1","Electrodynamics","Go for the Eyes","Genetic Algorithm+1"],"relics":["Cracked Core","Golden Idol","Happy Flower","Toxic Egg 2","Velvet Choker"],"acts_visited":["Exordium","TheCity"],"potions_floor_usage":[],"damage_taken":[{"damage":0.0,"enemies":"2 Louse","floor":1.0,"turns":3.0},{"damage":1.0,"enemies":"Jaw Worm","floor":3.0,"turns":3.0},{"damage":0.0,"enemies":"Cultist","floor":10.0,"turns":3.0},{"damage":0.0,"enemies":"Exordium Thugs","floor":11.0,"turns":4.0},{"damage":11.0,"enemies":"Lots of Slimes","floor":12.0,"turns":5.0},{"damage":30.0,"enemies":"Gremlin Gang","floor":14.0,"turns":5.0},{"damage":8.0,"enemies":"Slime Boss","floor":16.0,"turns":9.0},{"damage":12.0,"enemies":"2 Thieves","floor":18.0,"turns":2.0},{"damage":19.0,"enemies":"Shell Parasite","floor":19.0,"turns":8.0},{"damage":58,"enemies":"Cultist and Chosen","floor":21,"turns":8}],"seed_played":"-9137669964957828132","potions_obtained":[{"floor":1.0,"key":"Regen Potion"},{"floor":3.0,"key":"SkillPotion"},{"floor":12.0,"key":"SkillPotion"},{"floor":16.0,"key":"Fruit Juice"}],"is_trial":false,"path_per_floor":["M","?","M","?","T","R","?","R","T","M","M","M","$","M","R","B",null,"M","M","?","M"],"character_chosen":"DEFECT","items_purchased":[],"campfire_rested":1,"item_purchase_floors":[],"current_hp_per_floor":[64,64,63,63,63,63,59,59,59,59,59,48,48,18,39,36,66,54,50,50,0,0],"gold":149,"neow_bonus":"TRANSFORM_CARD","is_daily":false,"chose_seed":false,"campfire_upgraded":2,"win_rate":0.0,"timestamp":1611706907,"path_taken":["M","?","M","?","?","R","?","R","T","?","M","M","?","M","R","BOSS","M","M","?","?"],"items_purchased_type":[],"build_version":"2020-12-22","purchased_purges":1,"victory":false,"max_hp_per_floor":[71,71,71,71,71,71,71,71,71,71,71,71,71,71,71,76,76,76,76,76,76,76],"card_choices":[{"not_picked":["FTL","Coolheaded"],"picked":"Auto Shields","floor":1.0},{"not_picked":["Double Energy","Rebound"],"picked":"Chill","floor":3.0},{"not_picked":["Steam Power+1","Go for the Eyes"],"picked":"Darkness+1","floor":10.0},{"not_picked":["Gash","Scrape"],"picked":"Hologram+1","floor":11.0},{"not_picked":["Cold Snap","Creative AI"],"picked":"Sweeping Beam","floor":12.0},{"not_picked":["White Noise+1","BootSequence+1"],"picked":"Hologram+1","floor":14.0},{"not_picked":["Seek+1","Hyperbeam"],"picked":"Electrodynamics","floor":16.0},{"not_picked":["BootSequence+1","Sweeping Beam"],"picked":"Go for the Eyes","floor":18.0},{"not_picked":["Beam Cell","Rebound"],"picked":"Genetic Algorithm+1","floor":19.0}],"player_experience":1177441,"relics_obtained":[{"floor":5.0,"key":"Happy Flower"},{"floor":9.0,"key":"Toxic Egg 2"}],"event_choices":[{"cards_removed":["Defend_B"],"damage_healed":0.0,"max_hp_gain":0.0,"max_hp_loss":0.0,"gold_gain":0.0,"event_name":"The Cleric","player_choice":"Card Removal","floor":2.0,"gold_loss":75.0,"damage_taken":0.0},{"damage_healed":0.0,"max_hp_gain":0.0,"max_hp_loss":0.0,"gold_gain":0.0,"event_name":"Golden Idol","player_choice":"Take Wound","floor":4.0,"gold_loss":0.0,"damage_taken":0.0,"relics_obtained":["Golden Idol"],"cards_obtained":["Injury"]},{"damage_healed":0.0,"max_hp_gain":0.0,"max_hp_loss":0.0,"gold_gain":0.0,"event_name":"The Woman in Blue","player_choice":"Bought 0 Potions","floor":7.0,"gold_loss":0.0,"damage_taken":0.0},{"damage_healed":0.0,"max_hp_gain":0.0,"max_hp_loss":0.0,"gold_gain":0.0,"event_name":"Designer","player_choice":"Upgrade","floor":20.0,"gold_loss":50.0,"damage_taken":0.0,"cards_upgraded":["Sweeping Beam"]}],"is_beta":false,"boss_relics":[{"not_picked":["Ectoplasm","Coffee Dripper"],"picked":"Velvet Choker"}],"items_purged_floors":[13],"is_endless":false,"potions_floor_spawned":[1,3,12,16],"killed_by":"Cultist and Chosen","ascension_level":20}}