{"host":"sh8ot41fo7a0kahq","time":1611758578,"event":{"mods":["ATMod(°¢èªMod)","BaseMod","Better Third Choice","Colored Powertips","Displayed Cursed Tome","Minty Spire (QoL Compilation)","Quick Restart","Spicy Shops","StSLib","UnlockEverythingMod","¡¾ÒÅÎï¿¨ÅÆ¡¿REMEMod"],"gold_per_floor":[117,129,129,139,155,167,183,183,183,195,208,223,148,148,148,148,148],"floor_reached":16,"language":"ZHS","playtime":392,"items_purged":["Strike_B"],"score":162,"play_id":"539c98f1-742f-4148-82dd-565aa706993b","local_time":"20210127224258","is_ascension_mode":true,"campfire_choices":[{"data":"REME_Scribble","floor":8.0,"key":"SMITH"},{"floor":15,"key":"REST"}],"circlet_count":0,"master_deck":["Strike_B","Strike_B","Strike_B","Defend_B","Defend_B","Defend_B","Defend_B","Zap","Dualcast","AT_WarpDrive","REME_Scribble+1","White Noise","Chill","Defragment","Turbo"],"relics":["Cracked Core","AT_ATBox","REME_ComplimentaryCards","NeowsBlessing","Centennial Puzzle"],"acts_visited":["Exordium"],"potions_floor_usage":[16,16,16],"damage_taken":[{"damage":0.0,"enemies":"Jaw Worm","floor":1.0,"turns":1.0},{"damage":0.0,"enemies":"Cultist","floor":2.0,"turns":1.0},{"damage":2.0,"enemies":"2 Louse","floor":4.0,"turns":1.0},{"damage":0.0,"enemies":"2 Fungi Beasts","floor":5.0,"turns":2.0},{"damage":30.0,"enemies":"Lots of Slimes","floor":6.0,"turns":6.0},{"damage":2.0,"enemies":"Exordium Wildlife","floor":7.0,"turns":3.0},{"damage":27.0,"enemies":"Blue Slaver","floor":10.0,"turns":6.0},{"damage":3.0,"enemies":"3 Louse","floor":11.0,"turns":4.0},{"damage":8.0,"enemies":"Looter","floor":12.0,"turns":3.0},{"damage":42,"enemies":"The Guardian","floor":16,"turns":9}],"seed_played":"-1819319445763983050","potions_obtained":[{"floor":1.0,"key":"Strength Potion"},{"floor":3.0,"key":"SkillPotion"},{"floor":3.0,"key":"DistilledChaos"},{"floor":3.0,"key":"EntropicBrew"},{"floor":7.0,"key":"EssenceOfDarkness"}],"is_trial":false,"path_per_floor":["M","M","?","M","M","M","M","R","T","M","M","M","$","T","R","B"],"character_chosen":"DEFECT","items_purchased":[],"campfire_rested":1,"item_purchase_floors":[],"current_hp_per_floor":[68,68,68,68,68,40,40,40,40,16,16,11,11,11,38,0,0],"gold":148,"neow_bonus":"THREE_ENEMY_KILL","is_daily":false,"chose_seed":false,"campfire_upgraded":1,"win_rate":0.0,"timestamp":1611758578,"path_taken":["M","M","?","M","M","M","?","R","T","M","M","M","$","?","R","BOSS"],"items_purchased_type":[],"build_version":"2020-12-22","purchased_purges":1,"victory":false,"max_hp_per_floor":[75,75,75,77,77,79,81,81,81,84,87,90,90,90,90,93,93],"card_choices":[{"not_picked":["Redo","Streamline","Aggregate"],"picked":"SKIP","floor":1.0},{"not_picked":["Beam Cell","Streamline","Rebound"],"picked":"SKIP","floor":2.0},{"not_picked":["Scrape","Leap"],"picked":"White Noise","floor":4.0},{"not_picked":["Force Field","Streamline","Compile Driver"],"picked":"SKIP","floor":5.0},{"not_picked":["Aggregate","Hologram"],"picked":"Chill","floor":6.0},{"not_picked":["Rebound","Steam","REME_ForAll"],"picked":"SKIP","floor":7.0},{"not_picked":["Beam Cell","Barrage"],"picked":"Defragment","floor":10.0},{"not_picked":["Reinforced Body","Sweeping Beam"],"picked":"Turbo","floor":11.0},{"not_picked":["Hologram","Leap","Reprogram"],"picked":"SKIP","floor":12.0}],"player_experience":331182,"relics_obtained":[{"floor":14,"key":"Centennial Puzzle"}],"event_choices":[{"damage_healed":0.0,"max_hp_gain":0.0,"max_hp_loss":0.0,"gold_gain":0.0,"event_name":"Lab","player_choice":"Got Potions","floor":3.0,"gold_loss":0.0,"damage_taken":0.0}],"is_beta":false,"boss_relics":[],"items_purged_floors":[13],"is_endless":false,"potions_floor_spawned":[1,4,7],"killed_by":"The Guardian","ascension_level":8}}