{"host":"2eswhqk6sgfpt1j1","time":1611748726,"event":{"mods":["Act Like it!","BaseMod","Colored Powertips","Hallownest","Lobotomy","Minty Spire (QoL Compilation)","Replay The Spire","StSLib","The Bug Knight","The Cursed","The Hierophant","The Servant 0.9.4"],"gold_per_floor":[109,2,12,49,49,49,64,78,78,78,78,78,96,108,108,108,108],"floor_reached":16,"language":"ZHS","playtime":678,"items_purged":[],"score":92,"play_id":"c9ebdab8-46d8-4af4-a9a1-901607017d0f","local_time":"20210127195846","is_ascension_mode":false,"campfire_choices":[{"data":"HollowMod:theNailsmith","floor":6,"key":"SMITH"},{"data":"HollowMod:GreatSlash","floor":10,"key":"SMITH"},{"floor":15,"key":"REST"}],"circlet_count":1,"master_deck":["HollowMod:NailStrikeStart+1","HollowMod:NailStrikeStart+1","HollowMod:NailStrikeStart","HollowMod:QuickDashStart","HollowMod:QuickDashStart","HollowMod:QuickDashStart","HollowMod:QuickDashStart","HollowMod:FocusHealStart","HollowMod:PogoStrike","MHz","ReplayTheSpireMod:IOU","Alriune","HollowMod:GreatSlash+1","ReplayTheSpireMod:IOU","ReplayTheSpireMod:IOU","HollowMod:theNailsmith+1","HollowMod:NewLittleFool","Scorched","HollowMod:SoulStrike","OSAHOGD","Freischutz"],"relics":["HollowMod:VesselMask","CogitoBucket","Replay:Wax Seal","Guide Book","Hallownest:DreamNailRelic","Quantum Egg","Circlet","AspirationHeart"],"acts_visited":["Hallownest:Greenpath"],"potions_floor_usage":[8],"damage_taken":[{"damage":1,"enemies":"Hallownest:2_Baldur","floor":1,"turns":3},{"damage":1,"enemies":"Hallownest:monsterHuskWarrior","floor":3,"turns":3},{"damage":10,"enemies":"Hallownest:monsterHuskGuard","floor":7,"turns":4},{"damage":3,"enemies":"Hallownest:Wandering_and_Horned","floor":8,"turns":6},{"damage":12,"enemies":"Hallownest:Guard_and_Warrior","floor":13,"turns":5},{"damage":59,"enemies":"Hallownest:monsterMossCharger","floor":14,"turns":4},{"damage":42,"enemies":"Hallownest:BossFalseKnight","floor":16,"turns":2}],"seed_played":"6292303068875316292","potions_obtained":[{"floor":7,"key":"FearPotion"},{"floor":13,"key":"Venom Potion"},{"floor":14,"key":"DuplicationPotion"}],"is_trial":false,"path_per_floor":["M","$","M","$","?","R","M","M","T","R","?","?","M","M","R","B"],"character_chosen":"THE_BUGKNIGHT","items_purchased":["Replay:Wax Seal","Guide Book","HollowMod:theNailsmith"],"campfire_rested":1,"item_purchase_floors":[2,2,4],"current_hp_per_floor":[75,75,74,74,74,74,64,67,67,67,67,67,61,12,37,0,0],"gold":108,"neow_bonus":"","is_daily":false,"chose_seed":false,"campfire_upgraded":2,"win_rate":0.0,"timestamp":1611748726,"path_taken":["M","$","M","?","?","R","M","?","T","R","?","?","M","M","R","BOSS"],"items_purchased_type":["Relic","Relic","Card"],"build_version":"2020-12-22","purchased_purges":0,"victory":false,"max_hp_per_floor":[75,75,75,75,75,75,75,75,75,75,75,75,75,85,85,85,85],"card_choices":[{"not_picked":["MeatLantern","QueenOfHatred"],"picked":"MHz","floor":1},{"not_picked":["HollowMod:WraithStrike","HollowMod:ChannelNail","HollowMod:SiblingsSouls"],"picked":"SKIP","floor":1},{"not_picked":["PunishingBird","BeautyBeast"],"picked":"Alriune","floor":3},{"not_picked":["HollowMod:SiblingsSouls","HollowMod:MonomonsArchive"],"picked":"HollowMod:GreatSlash","floor":3},{"not_picked":["HollowMod:SoulSplash","HollowMod:NewJinnsSoul"],"picked":"HollowMod:NewLittleFool","floor":7},{"not_picked":["MeatLantern","BeautyBeast","Wellcheers"],"picked":"Singing Bowl","floor":7},{"not_picked":["MeatLantern","FieryBird","UniverseFragment"],"picked":"Singing Bowl","floor":8},{"not_picked":["ShyLook","SpiderBud"],"picked":"Scorched","floor":8},{"not_picked":["HollowMod:LifebloodCore","HollowMod:InfectedAttack","HollowMod:SoulShaman"],"picked":"SKIP","floor":8},{"not_picked":["Bloodbath","BeautyBeast"],"picked":"OSAHOGD","floor":13},{"not_picked":["HollowMod:NewJinnsSoul","HollowMod:SiblingsSouls","HollowMod:GrimmsGift"],"picked":"SKIP","floor":13},{"not_picked":["WallGazer","HeroicMonk"],"picked":"Freischutz","floor":14},{"not_picked":["HollowMod:CornifersMapStart","HollowMod:VengefulVoid","HollowMod:HeavyBlow"],"picked":"SKIP","floor":14},{"not_picked":["HollowMod:CornifersMapStart","HollowMod:VengefulVoid","HollowMod:HeavyBlow"],"picked":"SKIP","floor":14}],"player_experience":417660,"relics_obtained":[{"floor":9,"key":"Quantum Egg"}],"event_choices":[],"is_beta":false,"boss_relics":[],"items_purged_floors":[],"is_endless":false,"potions_floor_spawned":[7,13,14],"killed_by":"Hallownest:BossFalseKnight","ascension_level":0}}