{"host":"l4kdldlios54gl54","time":1611719421,"event":{"mods":["AchievementEnabler","BaseMod","Colored Map","Colored Powertips","Minty Spire (QoL Compilation)","Random Character Button"],"gold_per_floor":[211,231,249,249,261,292,292,30,30,30,30,44,59,59,59,59,59],"floor_reached":16,"language":"ENG","playtime":432,"items_purged":[],"score":204,"play_id":"502bb05c-8684-4324-aaec-2c36034be5a4","local_time":"20210127045021","is_ascension_mode":true,"campfire_choices":[{"data":"Bludgeon","floor":7,"key":"SMITH"},{"data":"Disarm","floor":11,"key":"SMITH"},{"data":"True Grit","floor":15,"key":"SMITH"}],"circlet_count":0,"master_deck":["AscendersBane","Strike_R","Strike_R","Strike_R","Strike_R","Strike_R","Defend_R","Defend_R","Defend_R","Defend_R","Bash","True Grit+1","Hemokinesis+1","Disarm+1","Clothesline","Bludgeon+1","Impervious"],"relics":["Burning Blood","Tiny Chest","Bottled Flame","Lantern","Golden Idol"],"acts_visited":["Exordium"],"potions_floor_usage":[6,12],"damage_taken":[{"damage":3,"enemies":"2 Louse","floor":1,"turns":4},{"damage":20,"enemies":"Small Slimes","floor":2,"turns":4},{"damage":8,"enemies":"Cultist","floor":3,"turns":3},{"damage":5,"enemies":"2 Fungi Beasts","floor":5,"turns":4},{"damage":34,"enemies":"3 Sentries","floor":6,"turns":6},{"damage":2,"enemies":"Large Slime","floor":12,"turns":3},{"damage":0,"enemies":"Looter","floor":13,"turns":1},{"damage":47,"enemies":"Hexaghost","floor":16,"turns":11}],"seed_played":"-5752973247563817931","potions_obtained":[{"floor":3,"key":"Fire Potion"},{"floor":6,"key":"Regen Potion"},{"floor":13,"key":"PowerPotion"}],"is_trial":false,"path_per_floor":["M","M","M","?","M","E","R","$","T","?","R","M","M","$","R","B"],"character_chosen":"IRONCLAD","items_purchased":["Bottled Flame"],"campfire_rested":0,"item_purchase_floors":[8],"current_hp_per_floor":[71,57,55,55,56,28,28,28,28,28,28,41,47,47,47,0,0],"gold":59,"neow_bonus":"HUNDRED_GOLD","is_daily":false,"chose_seed":false,"campfire_upgraded":3,"win_rate":0.0,"timestamp":1611719421,"path_taken":["M","M","M","?","M","E","R","$","T","?","R","M","M","$","R","BOSS"],"items_purchased_type":["Relic"],"build_version":"2020-12-22","purchased_purges":0,"victory":false,"max_hp_per_floor":[75,75,75,75,75,75,75,75,75,68,68,68,68,68,68,68,68],"card_choices":[{"not_picked":["Iron Wave","Bloodletting"],"picked":"True Grit","floor":1},{"not_picked":["True Grit","Clothesline"],"picked":"Hemokinesis","floor":2},{"not_picked":["Uppercut","Whirlwind"],"picked":"Disarm","floor":3},{"not_picked":["True Grit","Blood for Blood"],"picked":"Clothesline","floor":5},{"not_picked":["Clash","True Grit"],"picked":"Bludgeon","floor":6},{"not_picked":["Warcry","Headbutt","Clash"],"picked":"SKIP","floor":12},{"not_picked":["Inflame","True Grit"],"picked":"Impervious","floor":13}],"player_experience":893111,"relics_obtained":[{"floor":6,"key":"Tiny Chest"},{"floor":9,"key":"Lantern"}],"event_choices":[{"damage_healed":0,"gold_gain":0,"player_choice":"Grow","damage_taken":0,"max_hp_gain":0,"max_hp_loss":0,"event_name":"Living Wall","floor":4,"gold_loss":0,"cards_upgraded":["Hemokinesis"]},{"damage_healed":0,"gold_gain":0,"player_choice":"Lose Max HP","damage_taken":0,"relics_obtained":["Golden Idol"],"max_hp_gain":0,"max_hp_loss":7,"event_name":"Golden Idol","floor":10,"gold_loss":0}],"is_beta":false,"boss_relics":[],"items_purged_floors":[],"is_endless":false,"potions_floor_spawned":[3,6,13],"killed_by":"Hexaghost","ascension_level":20}}