{"host":"0285y92tozoijo7k","time":1611741213,"event":{"mods":["AchievementEnabler","Act Like it!","BaseMod","Colored Map","DeckTracker","Keyboard Shortcuts","Minty Spire (QoL Compilation)","Permanent Neow","StSLib","SuperFastMode"],"gold_per_floor":[111,111,128,142,142,142,169,179,261,286,286,2,36,48,48,122,122,105,105,135,135,135,161,161,161,161,173,173,173,191,290,290,366,366,385,310,327,345,364,398,398,425,450,504,404,420,420,420,420,420,420,420,23,52,52,52],"floor_reached":55,"language":"KOR","playtime":1835,"items_purged":["Defend_B","Sweeping Beam"],"score":1297,"play_id":"c69550d8-4bd2-4a5c-8c19-9f1bba135de2","local_time":"20210127185333","is_ascension_mode":true,"campfire_choices":[{"data":"Coolheaded","floor":6.0,"key":"SMITH"},{"floor":11.0,"key":"REST"},{"data":"Strike_B","floor":15.0,"key":"PURGE"},{"floor":24.0,"key":"REST"},{"data":"Defend_B","floor":29.0,"key":"PURGE"},{"data":"Biased Cognition","floor":32.0,"key":"SMITH"},{"floor":41,"key":"REST"},{"floor":47,"key":"REST"},{"floor":49,"key":"RECALL"},{"data":"Capacitor","floor":52,"key":"SMITH"}],"circlet_count":0,"master_deck":["AscendersBane","Zap+1","Dualcast","Ball Lightning","Coolheaded+1","Cold Snap","Chill","Cold Snap+1","Ball Lightning+1","BootSequence","Biased Cognition+1","Storm+1","Reinforced Body+1","Conserve Battery+1","Glacier+1","Chaos+1","Compile Driver+1","Capacitor+1","Heatsinks","Electrodynamics","Meteor Strike+1","Turbo","Double Energy","Defragment+1","Double Energy+1","Compile Driver+1","Thunder Strike+1"],"relics":["Inserter","Peace Pipe","Gremlin Horn","PreservedInsect","Molten Egg 2","Lantern","Astrolabe","Red Mask","Mercury Hourglass","Du-Vu Doll","TungstenRod","Question Card","Runic Pyramid","Frozen Egg 2","Ornamental Fan","Lizard Tail","Incense Burner","Happy Flower"],"acts_visited":["Exordium","TheCity","TheBeyond","TheEnding"],"potions_floor_usage":[50,54],"damage_taken":[{"damage":2.0,"enemies":"2 Louse","floor":1.0,"turns":3.0},{"damage":4.0,"enemies":"Small Slimes","floor":3.0,"turns":4.0},{"damage":12.0,"enemies":"Jaw Worm","floor":4.0,"turns":3.0},{"damage":28.0,"enemies":"3 Sentries","floor":7.0,"turns":8.0},{"damage":8.0,"enemies":"Looter","floor":8.0,"turns":4.0},{"damage":6.0,"enemies":"Gremlin Nob","floor":10.0,"turns":5.0},{"damage":0.0,"enemies":"3 Sentries","floor":13.0,"turns":6.0},{"damage":0.0,"enemies":"3 Louse","floor":14.0,"turns":2.0},{"damage":22.0,"enemies":"Hexaghost","floor":16.0,"turns":10.0},{"damage":6.0,"enemies":"2 Thieves","floor":18.0,"turns":5.0},{"damage":35.0,"enemies":"Masked Bandits","floor":20.0,"turns":6.0},{"damage":0.0,"enemies":"Book of Stabbing","floor":23.0,"turns":4.0},{"damage":0.0,"enemies":"Chosen","floor":27.0,"turns":3.0},{"damage":7.0,"enemies":"3 Cultists","floor":30.0,"turns":5.0},{"damage":11.0,"enemies":"Collector","floor":33.0,"turns":10.0},{"damage":2.0,"enemies":"Orb Walker","floor":35.0,"turns":4.0},{"damage":0.0,"enemies":"3 Shapes","floor":37.0,"turns":2.0},{"damage":14.0,"enemies":"3 Darklings","floor":38.0,"turns":3.0},{"damage":24.0,"enemies":"Jaw Worm Horde","floor":39.0,"turns":3.0},{"damage":4,"enemies":"Giant Head","floor":40,"turns":5},{"damage":11,"enemies":"Reptomancer","floor":42,"turns":4},{"damage":23,"enemies":"2 Orb Walkers","floor":44,"turns":5},{"damage":6,"enemies":"Transient","floor":46,"turns":5},{"damage":27,"enemies":"Time Eater","floor":50,"turns":9},{"damage":42,"enemies":"Shield and Spear","floor":54,"turns":5},{"damage":112,"enemies":"The Heart","floor":55,"turns":8}],"seed_played":"2276384589359852075","potions_obtained":[{"floor":1.0,"key":"ColorlessPotion"},{"floor":8.0,"key":"FocusPotion"},{"floor":14.0,"key":"Swift Potion"},{"floor":18.0,"key":"SpeedPotion"},{"floor":27.0,"key":"Block Potion"},{"floor":33.0,"key":"FairyPotion"},{"floor":46,"key":"PowerPotion"}],"is_trial":false,"path_per_floor":["M","?","M","M","?","R","E","M","T","E","R","$","E","M","R","B",null,"M","?","?","?","?","E","R","T","T","M","?","R","M","?","R","B",null,"M","$","M","M","M","E","R","E","T","?","$","M","R","?","R","B",null,"R","$","E","B"],"character_chosen":"DEFECT","items_purchased":["Molten Egg 2","Cold Snap+1","Incense Burner","Compile Driver+1","Swift Potion"],"campfire_rested":4,"item_purchase_floors":[12,12,53,53,53],"current_hp_per_floor":[66,59,55,43,43,43,15,7,7,1,23,23,23,23,23,1,57,51,37,2,2,2,2,26,26,26,26,26,26,19,19,19,8,62,60,60,60,46,22,18,42,31,31,8,8,2,26,70,70,43,63,63,63,21,0,0],"gold":52,"neow_bonus":"BOSS_RELIC","is_daily":false,"chose_seed":false,"campfire_upgraded":3,"win_rate":0.0,"timestamp":1611741213,"path_taken":["M","?","M","M","?","R","E","M","T","E","R","$","E","M","R","BOSS","M","?","?","?","?","E","R","?","T","M","?","R","?","?","R","BOSS","M","$","M","M","M","E","R","E","T","?","$","M","R","?","R","BOSS","R","$","E","BOSS"],"items_purchased_type":["Relic","Card","Relic","Card","Potion"],"build_version":"2020-12-22","purchased_purges":2,"victory":false,"max_hp_per_floor":[75,75,75,75,75,75,75,75,75,75,75,75,75,75,75,75,75,75,80,80,80,80,80,80,80,80,80,80,80,80,80,80,80,80,80,80,80,80,80,80,80,80,80,80,80,80,80,70,70,70,70,70,70,70,70,70],"card_choices":[{"not_picked":["Barrage","Steam","Redo"],"picked":"SKIP","floor":1.0},{"not_picked":["Compile Driver","Barrage"],"picked":"Ball Lightning","floor":3.0},{"not_picked":["Beam Cell","Consume"],"picked":"Coolheaded","floor":4.0},{"not_picked":["Melter","Recycle"],"picked":"Cold Snap","floor":7.0},{"not_picked":["Creative AI","Ball Lightning"],"picked":"Chill","floor":8.0},{"not_picked":["Gash","Barrage"],"picked":"Sweeping Beam","floor":10.0},{"not_picked":["Hologram","Hello World"],"picked":"Ball Lightning+1","floor":13.0},{"not_picked":["Leap","Streamline+1"],"picked":"BootSequence","floor":14.0},{"not_picked":["Machine Learning","Fission"],"picked":"Biased Cognition","floor":16.0},{"not_picked":["Sweeping Beam+1","Ball Lightning+1"],"picked":"Glacier+1","floor":18.0},{"not_picked":["Darkness","Tempest"],"picked":"Chaos+1","floor":20.0},{"not_picked":["Thunder Strike+1","Barrage+1"],"picked":"Compile Driver+1","floor":23.0},{"not_picked":["Chill","Darkness","Stack"],"picked":"Capacitor","floor":27.0},{"not_picked":["White Noise","Ball Lightning+1","Gash+1"],"picked":"Heatsinks","floor":30.0},{"not_picked":["Multi-Cast","Amplify","Seek"],"picked":"Electrodynamics","floor":33.0},{"not_picked":["Redo","Coolheaded","Streamline+1","Rebound+1"],"picked":"SKIP","floor":35.0},{"not_picked":["Rebound+1","White Noise","Darkness"],"picked":"Meteor Strike+1","floor":37.0},{"not_picked":["Go for the Eyes+1","Rebound+1","Barrage+1","Hologram"],"picked":"SKIP","floor":38.0},{"not_picked":["Cold Snap+1","Streamline+1","Leap"],"picked":"Turbo","floor":39.0},{"not_picked":["FTL+1","Storm+1","Conserve Battery+1"],"picked":"Double Energy","floor":40},{"not_picked":["Blizzard+1","Chill","Reprogram"],"picked":"Defragment+1","floor":42},{"not_picked":["Stack+1","Ball Lightning+1","Turbo"],"picked":"Double Energy+1","floor":46},{"not_picked":["Sweeping Beam+1","Stack","BootSequence"],"picked":"Thunder Strike+1","floor":54}],"player_experience":386890,"relics_obtained":[{"floor":7.0,"key":"Peace Pipe"},{"floor":9.0,"key":"Gremlin Horn"},{"floor":10.0,"key":"PreservedInsect"},{"floor":13.0,"key":"Lantern"},{"floor":20.0,"key":"Red Mask"},{"floor":23.0,"key":"Du-Vu Doll"},{"floor":25.0,"key":"TungstenRod"},{"floor":26.0,"key":"Question Card"},{"floor":40,"key":"Frozen Egg 2"},{"floor":42,"key":"Ornamental Fan"},{"floor":44,"key":"Lizard Tail"},{"floor":54,"key":"Happy Flower"}],"event_choices":[{"cards_removed":["Strike_B"],"damage_healed":0.0,"max_hp_gain":0.0,"max_hp_loss":0.0,"gold_gain":0.0,"event_name":"Golden Wing","player_choice":"Card Removal","floor":2.0,"gold_loss":0.0,"damage_taken":7.0},{"damage_healed":0.0,"max_hp_gain":0.0,"max_hp_loss":0.0,"gold_gain":0.0,"event_name":"Living Wall","player_choice":"Grow","floor":5.0,"gold_loss":0.0,"damage_taken":0.0,"cards_upgraded":["Zap"]},{"damage_healed":0.0,"max_hp_gain":5.0,"max_hp_loss":0.0,"gold_gain":0.0,"event_name":"Forgotten Altar","player_choice":"Shed Blood","floor":19.0,"gold_loss":0.0,"damage_taken":19.0},{"damage_healed":0.0,"max_hp_gain":0.0,"max_hp_loss":0.0,"gold_gain":0.0,"event_name":"Masked Bandits","player_choice":"Fought Bandits","floor":20.0,"gold_loss":0.0,"damage_taken":0.0},{"damage_healed":0.0,"max_hp_gain":0.0,"max_hp_loss":0.0,"gold_gain":0.0,"event_name":"The Mausoleum","player_choice":"Opened","floor":21.0,"gold_loss":0.0,"damage_taken":0.0,"relics_obtained":["Mercury Hourglass"]},{"damage_healed":0.0,"max_hp_gain":0.0,"max_hp_loss":0.0,"gold_gain":0.0,"event_name":"Cursed Tome","player_choice":"Ignored","floor":22.0,"gold_loss":0.0,"damage_taken":0.0},{"cards_removed":["Defend_B"],"damage_healed":0.0,"max_hp_gain":0.0,"max_hp_loss":0.0,"gold_gain":0.0,"event_name":"Back to Basics","player_choice":"Elegance","floor":28.0,"gold_loss":0.0,"damage_taken":0.0},{"damage_healed":0.0,"max_hp_gain":0.0,"max_hp_loss":0.0,"gold_gain":99.0,"event_name":"Nest","player_choice":"Stole From Cult","floor":31.0,"gold_loss":0.0,"damage_taken":0.0},{"damage_healed":0,"gold_gain":0,"player_choice":"Fight","damage_taken":0,"max_hp_gain":0,"max_hp_loss":0,"event_name":"Mysterious Sphere","floor":44,"gold_loss":0},{"damage_healed":70,"gold_gain":0,"player_choice":"Heal","damage_taken":0,"max_hp_gain":0,"max_hp_loss":10,"event_name":"The Moai Head","floor":48,"gold_loss":0}],"is_beta":false,"boss_relics":[{"not_picked":["SacredBark","Tiny House"],"picked":"Astrolabe"},{"not_picked":["Snecko Eye","Nuclear Battery"],"picked":"Runic Pyramid"}],"items_purged_floors":[36,45],"is_endless":false,"potions_floor_spawned":[1,8,14,18,27,33,35,40,44,46],"killed_by":"The Heart","ascension_level":13}}