{"host":"8rqsnaeml9gxb0kp","time":1611708738,"event":{"mods":["AchievementEnabler","BaseMod","Dark Map","Minty Spire (QoL Compilation)","StSLib"],"gold_per_floor":[112,126,145,165,177,212,212,212,294,259,269,279,246,261,261,356,356,330,330,21,221,238,238,218,218,218,252,99,112,124,124,124],"floor_reached":31,"language":"ENG","playtime":1395,"items_purged":["Strike_R"],"score":418,"play_id":"4a562837-1bf6-438e-9419-e0efd578c4f4","local_time":"20210126165218","is_ascension_mode":true,"campfire_choices":[{"floor":8,"key":"REST"},{"data":"Flame Barrier","floor":15,"key":"SMITH"},{"floor":23,"key":"REST"},{"floor":25,"key":"REST"}],"circlet_count":0,"master_deck":["AscendersBane","Strike_R","Strike_R","Strike_R","Defend_R","Defend_R","Defend_R","Bash","CurseOfTheBell","Flame Barrier+1","Uppercut","Uppercut","Shrug It Off","Iron Wave","Headbutt","Brutality","Shrug It Off","Bloodletting","Clothesline","Demon Form","Combust","Wild Strike","Bludgeon","Rupture","Apotheosis","Shockwave","Sword Boomerang","Limit Break","Metallicize+1"],"relics":["Calling Bell","Vajra","Kunai","Ginger","Nunchaku","TungstenRod","Mark of Pain","Ornamental Fan","Happy Flower","Brimstone"],"acts_visited":["Exordium","TheCity"],"potions_floor_usage":[6,13,16,27,27],"damage_taken":[{"damage":0.0,"enemies":"Small Slimes","floor":1.0,"turns":3.0},{"damage":10.0,"enemies":"Cultist","floor":2.0,"turns":5.0},{"damage":7.0,"enemies":"Jaw Worm","floor":3.0,"turns":3.0},{"damage":0,"enemies":"Gremlin Gang","floor":4,"turns":8},{"damage":2,"enemies":"Blue Slaver","floor":5,"turns":4},{"damage":27,"enemies":"3 Sentries","floor":6,"turns":11},{"damage":0,"enemies":"2 Fungi Beasts","floor":11,"turns":4},{"damage":4,"enemies":"Red Slaver","floor":12,"turns":4},{"damage":7,"enemies":"Exordium Thugs","floor":13,"turns":5},{"damage":16,"enemies":"Large Slime","floor":14,"turns":6},{"damage":27,"enemies":"The Guardian","floor":16,"turns":16},{"damage":34,"enemies":"2 Thieves","floor":18,"turns":5},{"damage":7,"enemies":"Chosen","floor":22,"turns":4},{"damage":29,"enemies":"Slavers","floor":27,"turns":4},{"damage":2,"enemies":"Centurion and Healer","floor":29,"turns":6},{"damage":33,"enemies":"Snecko","floor":30,"turns":5},{"damage":8,"enemies":"Book of Stabbing","floor":31,"turns":2}],"seed_played":"-261713667080491052","potions_obtained":[{"floor":1.0,"key":"SmokeBomb"},{"floor":3.0,"key":"Block Potion"},{"floor":11,"key":"BlessingOfTheForge"},{"floor":12,"key":"Ancient Potion"},{"floor":13,"key":"SpeedPotion"},{"floor":18,"key":"SpeedPotion"},{"floor":24,"key":"DuplicationPotion"},{"floor":29,"key":"Explosive Potion"}],"is_trial":false,"path_per_floor":["M","M","M","M","M","E","?","R","T","?","M","M","M","M","R","B",null,"M","?","$","?","M","R","?","R","T","E","$","M","M","E"],"character_chosen":"IRONCLAD","items_purchased":["Rupture","Apotheosis","Brimstone"],"campfire_rested":3,"item_purchase_floors":[20,20,28],"current_hp_per_floor":[72,62,55,55,53,26,23,47,47,67,67,63,56,40,40,13,63,29,29,29,29,22,46,46,70,70,41,41,39,6,0,0],"gold":124,"neow_bonus":"BOSS_RELIC","is_daily":false,"chose_seed":false,"campfire_upgraded":1,"win_rate":0.0,"timestamp":1611708738,"path_taken":["M","M","M","M","M","E","?","R","T","?","M","M","M","M","R","BOSS","M","?","$","?","?","R","?","R","T","E","$","M","?","E"],"items_purchased_type":["Card","Card","Relic"],"build_version":"2020-12-22","purchased_purges":1,"victory":false,"max_hp_per_floor":[80,80,80,80,80,80,80,80,80,80,80,80,80,80,80,80,80,80,80,80,80,80,80,80,80,80,80,80,80,80,80,80],"card_choices":[{"not_picked":["True Grit","Shrug It Off"],"picked":"Flame Barrier","floor":1.0},{"not_picked":["Metallicize","Flex"],"picked":"Uppercut","floor":2.0},{"not_picked":["Warcry","Infernal Blade"],"picked":"Uppercut","floor":3.0},{"not_picked":["Heavy Blade","Havoc"],"picked":"Shrug It Off","floor":4},{"not_picked":["Armaments","True Grit"],"picked":"Iron Wave","floor":5},{"not_picked":["Seeing Red","Armaments"],"picked":"Headbutt","floor":6},{"not_picked":["Fire Breathing","Wild Strike"],"picked":"Brutality","floor":11},{"not_picked":["Heavy Blade","Flex"],"picked":"Shrug It Off","floor":12},{"not_picked":["Thunderclap","Heavy Blade"],"picked":"Bloodletting","floor":13},{"not_picked":["Anger","Sword Boomerang"],"picked":"Clothesline","floor":14},{"not_picked":["Offering","Double Tap"],"picked":"Demon Form","floor":16},{"not_picked":["Shrug It Off","Flex"],"picked":"Combust","floor":18},{"not_picked":["Havoc","Heavy Blade"],"picked":"Shockwave","floor":22},{"not_picked":["Twin Strike","Rampage"],"picked":"Sword Boomerang","floor":27},{"not_picked":["Pommel Strike","Sword Boomerang"],"picked":"Limit Break","floor":29},{"not_picked":["Flex","Combust"],"picked":"Metallicize+1","floor":30}],"player_experience":145893,"relics_obtained":[{"floor":0.0,"key":"Vajra"},{"floor":0.0,"key":"Kunai"},{"floor":0.0,"key":"Ginger"},{"floor":6,"key":"Nunchaku"},{"floor":26,"key":"Ornamental Fan"},{"floor":27,"key":"Happy Flower"}],"event_choices":[{"damage_healed":0,"gold_gain":0,"player_choice":"Success","damage_taken":3,"relics_obtained":["TungstenRod"],"max_hp_gain":0,"max_hp_loss":0,"event_name":"Scrap Ooze","floor":7,"gold_loss":0},{"damage_healed":20,"gold_gain":0,"player_choice":"Healed","damage_taken":0,"max_hp_gain":0,"max_hp_loss":0,"event_name":"The Cleric","floor":10,"gold_loss":35},{"damage_healed":0,"gold_gain":0,"cards_transformed":["Defend_R","Strike_R"],"player_choice":"Became Test Subject","damage_taken":0,"max_hp_gain":0,"max_hp_loss":0,"event_name":"Drug Dealer","floor":19,"gold_loss":0,"cards_obtained":["Wild Strike","Bludgeon"]},{"damage_healed":0,"gold_gain":200,"player_choice":"Gold","damage_taken":0,"max_hp_gain":0,"max_hp_loss":0,"event_name":"Wheel of Change","floor":21,"gold_loss":0},{"damage_healed":0,"gold_gain":0,"player_choice":"Bought 1 Potion","damage_taken":0,"max_hp_gain":0,"max_hp_loss":0,"event_name":"The Woman in Blue","floor":24,"gold_loss":0}],"is_beta":false,"boss_relics":[{"not_picked":["Tiny House","Black Star"],"picked":"Mark of Pain"}],"items_purged_floors":[20],"is_endless":false,"potions_floor_spawned":[1,3,11,12,13,18,29],"killed_by":"Book of Stabbing","ascension_level":12}}