{"host":"qsusua7l529r8z9k","time":1611721370,"event":{"mods":["BaseMod","Minty Spire (QoL Compilation)","StSLib"],"gold_per_floor":[114,39,39,52,70,100,100,100,100],"floor_reached":8,"language":"ZHS","playtime":182,"items_purged":["Strike_G"],"score":104,"play_id":"18c5f8a1-66ad-4830-8abd-fbe92ba721b1","local_time":"20210127122250","is_ascension_mode":true,"campfire_choices":[{"data":"Neutralize","floor":7,"key":"SMITH"}],"circlet_count":0,"master_deck":["AscendersBane","Strike_G","Strike_G","Strike_G","Strike_G","Defend_G","Defend_G","Defend_G","Defend_G","Defend_G","Survivor","Neutralize+1","Accuracy","Eviscerate","Die Die Die"],"relics":["Ring of the Snake","NeowsBlessing","CultistMask","Eternal Feather"],"acts_visited":["Exordium"],"potions_floor_usage":[6,6],"damage_taken":[{"damage":0,"enemies":"2 Louse","floor":1,"turns":1},{"damage":0,"enemies":"Cultist","floor":4,"turns":1},{"damage":0,"enemies":"Small Slimes","floor":5,"turns":1},{"damage":35,"enemies":"Lagavulin","floor":6,"turns":11},{"damage":39,"enemies":"Gremlin Nob","floor":8,"turns":5}],"seed_played":"-2760698208082548727","potions_obtained":[{"floor":1,"key":"Poison Potion"},{"floor":4,"key":"Fire Potion"},{"floor":6,"key":"Ancient Potion"}],"is_trial":false,"path_per_floor":["M","$","?","M","M","E","R","E"],"character_chosen":"THE_SILENT","items_purchased":[],"campfire_rested":0,"item_purchase_floors":[],"current_hp_per_floor":[59,59,59,59,59,24,33,0,0],"gold":100,"neow_bonus":"THREE_ENEMY_KILL","is_daily":false,"chose_seed":false,"campfire_upgraded":1,"win_rate":0.0,"timestamp":1611721370,"path_taken":["M","$","?","M","?","E","R","E"],"items_purchased_type":[],"build_version":"2020-12-22","purchased_purges":1,"victory":false,"max_hp_per_floor":[66,66,66,66,66,66,66,66,66],"card_choices":[{"not_picked":["Finisher","Masterful Stab"],"picked":"Accuracy","floor":1},{"not_picked":["Dagger Throw","Dodge and Roll","Slice"],"picked":"SKIP","floor":4},{"not_picked":["Deadly Poison","Dagger Spray"],"picked":"Eviscerate","floor":5},{"not_picked":["Outmaneuver","Accuracy"],"picked":"Die Die Die","floor":6}],"player_experience":493011,"relics_obtained":[{"floor":6,"key":"Eternal Feather"}],"event_choices":[{"damage_healed":0,"gold_gain":0,"player_choice":"Trade","damage_taken":0,"relics_obtained":["CultistMask"],"max_hp_gain":0,"max_hp_loss":0,"event_name":"FaceTrader","floor":3,"gold_loss":0}],"is_beta":false,"boss_relics":[],"items_purged_floors":[2],"is_endless":false,"potions_floor_spawned":[1,4,6],"killed_by":"Gremlin Nob","ascension_level":17}}