{"host":"xmr2g8b7eju0288o","time":1611776445,"event":{"mods":["AchievementEnabler","BaseMod","Colored Map","Colored Powertips","KOR Keyword Fix","Minty Spire (QoL Compilation)","Quick Restart","Spicy Shops","StSLib","SuperFastMode"],"gold_per_floor":[138,192,237,79,136,136,7,112,136,136,136],"floor_reached":10,"language":"KOR","playtime":292,"items_purged":[],"score":136,"play_id":"0d68007b-6350-47cd-903c-74f57b3bc725","local_time":"20210128044045","daily_mods":["Heirloom","DeadlyEvents","Elite Swarm","Midas"],"is_ascension_mode":true,"campfire_choices":[{"floor":6.0,"key":"REST"}],"circlet_count":0,"master_deck":["AscendersBane","Strike_G","Strike_G","Strike_G","Strike_G","Strike_G","Defend_G","Defend_G","Defend_G","Defend_G","Defend_G","Survivor","Neutralize","Flying Knee","PiercingWail","PiercingWail","Venomology"],"relics":["Ring of the Snake","Incense Burner","Snake Skull","Shovel","Pear","Regal Pillow"],"acts_visited":["Exordium"],"potions_floor_usage":[10,10],"damage_taken":[{"damage":8.0,"enemies":"Small Slimes","floor":1.0,"turns":4.0},{"damage":4.0,"enemies":"2 Louse","floor":2.0,"turns":3.0},{"damage":3.0,"enemies":"Jaw Worm","floor":3.0,"turns":4.0},{"damage":31.0,"enemies":"Large Slime","floor":5.0,"turns":10.0},{"damage":28,"enemies":"Gremlin Nob","floor":8,"turns":6},{"damage":6,"enemies":"Lagavulin","floor":10,"turns":6}],"seed_played":"8272990772065583942","potions_obtained":[{"floor":1.0,"key":"Energy Potion"},{"floor":5.0,"key":"Fire Potion"},{"floor":8,"key":"Poison Potion"}],"is_trial":true,"path_per_floor":["M","M","M","$","M","R","$","E","T","E"],"character_chosen":"THE_SILENT","items_purchased":["Snake Skull","Shovel"],"campfire_rested":1,"item_purchase_floors":[4,7],"current_hp_per_floor":[51,47,44,44,13,32,32,14,14,8,8],"gold":136,"neow_bonus":"","is_daily":false,"chose_seed":false,"campfire_upgraded":0,"win_rate":0.0,"timestamp":1611776445,"path_taken":["M","M","M","$","M","R","$","E","T","E"],"items_purchased_type":["Relic","Relic"],"build_version":"2020-12-22","purchased_purges":0,"victory":false,"max_hp_per_floor":[66,66,66,66,66,66,66,76,76,76,76],"card_choices":[{"not_picked":["Setup","Deflect","Outmaneuver"],"picked":"SKIP","floor":1.0},{"not_picked":["Quick Slash","Heel Hook"],"picked":"Flying Knee","floor":2.0},{"not_picked":["Blur","Prepared"],"picked":"PiercingWail","floor":3.0},{"not_picked":["Acrobatics","Heel Hook"],"picked":"PiercingWail","floor":5.0},{"not_picked":["Malaise","Grand Finale"],"picked":"Venomology","floor":8}],"player_experience":88746,"relics_obtained":[{"floor":8,"key":"Pear"},{"floor":9,"key":"Regal Pillow"}],"event_choices":[],"is_beta":false,"boss_relics":[],"items_purged_floors":[],"is_endless":true,"potions_floor_spawned":[1,5,8],"killed_by":"Lagavulin","ascension_level":20}}