{"host":"rolltorest","time":1611713296,"event":{"mods":["BaseMod","Jorbs\u0027s Wanderer Trilogy","Koishi","Minty Spire (QoL Compilation)","Relic Stats","Robot Space Explorer","Slay the Relics Exporter","StSLib","The Servant 0.9.4"],"gold_per_floor":[119,130,146,146,30,61,61,89,115,126,156,156,156,177,177,268,268,283,297,197,197,213,247,267,267,339,339,52,90,108,144,144,144,144],"floor_reached":33,"language":"ENG","playtime":879,"items_purged":["Pain","Strike_P"],"score":700,"play_id":"476560f0-0c1d-4501-9a6b-36288cc73fab","local_time":"20210126180816","is_ascension_mode":true,"campfire_choices":[{"data":"EmptyFist","floor":7,"key":"SMITH"},{"floor":13,"key":"REST"},{"data":"TalkToTheHand","floor":15,"key":"SMITH"},{"floor":25,"key":"REST"},{"floor":32,"key":"RECALL"}],"circlet_count":0,"master_deck":["AscendersBane","Strike_P","Strike_P","Strike_P","Defend_P","Defend_P+1","Defend_P","Defend_P+1","Eruption","Vigilance","EmptyFist+1","Consecrate","WheelKick","Tantrum","InnerPeace","TalkToTheHand+1","TalkToTheHand","ThirdEye","Scrawl","FlyingSleeves","FlurryOfBlows","EmptyMind","FlurryOfBlows","JustLucky+1","Adaptation","LessonLearned","ThirdEye+1","FollowUp"],"relics":["VioletLotus","WarpedTongs","Lantern","Blood Vial","Art of War","PreservedInsect","Golden Idol","Fusion Hammer","CultistMask","Unceasing Top","Mercury Hourglass","Potion Belt","Nunchaku","War Paint"],"acts_visited":["Exordium","TheCity"],"potions_floor_usage":[6,33,33],"damage_taken":[{"damage":0,"enemies":"Jaw Worm","floor":1,"turns":3},{"damage":6,"enemies":"Cultist","floor":2,"turns":4},{"damage":5,"enemies":"2 Louse","floor":3,"turns":3},{"damage":14,"enemies":"Gremlin Nob","floor":6,"turns":3},{"damage":18,"enemies":"Lagavulin","floor":8,"turns":5},{"damage":0,"enemies":"Looter","floor":10,"turns":2},{"damage":14,"enemies":"Gremlin Nob","floor":11,"turns":3},{"damage":0,"enemies":"Red Slaver","floor":14,"turns":3},{"damage":4,"enemies":"Hexaghost","floor":16,"turns":9},{"damage":0,"enemies":"Spheric Guardian","floor":18,"turns":1},{"damage":0,"enemies":"Chosen","floor":19,"turns":3},{"damage":13,"enemies":"Centurion and Healer","floor":22,"turns":4},{"damage":0,"enemies":"Book of Stabbing","floor":23,"turns":4},{"damage":0,"enemies":"Snake Plant","floor":24,"turns":4},{"damage":5,"enemies":"Gremlin Leader","floor":29,"turns":3},{"damage":2,"enemies":"Cultist and Chosen","floor":30,"turns":3},{"damage":4,"enemies":"Slavers","floor":31,"turns":3},{"damage":69,"enemies":"Collector","floor":33,"turns":6}],"seed_played":"-841861187232668050","potions_obtained":[{"floor":3,"key":"DistilledChaos"},{"floor":8,"key":"LiquidBronze"},{"floor":11,"key":"SpeedPotion"},{"floor":14,"key":"ColorlessPotion"},{"floor":18,"key":"PowerPotion"},{"floor":30,"key":"Dexterity Potion"}],"is_trial":false,"path_per_floor":["M","M","M","?","$","E","R","E","T","M","E","?","R","M","R","B",null,"M","M","$","?","M","E","M","R","T","?","$","E","M","E","R","B"],"character_chosen":"WATCHER","items_purchased":["WheelKick","Adaptation","Potion Belt","Swift Potion"],"campfire_rested":2,"item_purchase_floors":[5,28,28,28],"current_hp_per_floor":[61,55,50,50,50,36,36,18,18,20,8,8,26,28,28,26,53,55,57,57,57,46,48,50,62,62,62,62,57,57,55,55,0,0],"gold":144,"neow_bonus":"BOSS_RELIC","is_daily":false,"chose_seed":false,"campfire_upgraded":2,"win_rate":0.0,"timestamp":1611713296,"path_taken":["M","M","M","?","$","E","R","E","T","?","E","?","R","M","R","BOSS","M","M","$","?","?","E","M","R","T","?","$","E","M","E","R","BOSS"],"items_purchased_type":["Card","Card","Relic","Potion"],"build_version":"2020-12-18","purchased_purges":2,"victory":false,"max_hp_per_floor":[68,68,68,68,68,68,68,68,68,68,68,62,62,62,62,62,62,62,62,62,62,62,62,62,62,62,62,62,62,62,62,62,62,62],"relic_stats":{"Blood Vial":24,"Nunchaku":[5],"counters":[18,65],"Golden Idol":61,"VioletLotus":[25],"PreservedInsect":146,"Art of War":[3],"War Paint":["ThirdEye","Defend_P"],"obtain_stats":[{"Potion Belt":28,"Lantern":6,"Golden Idol":12,"PreservedInsect":11,"War Paint":31,"WarpedTongs":4,"Mercury Hourglass":26,"Blood Vial":8,"Nunchaku":29,"VioletLotus":0,"Fusion Hammer":17,"CultistMask":21,"Art of War":9,"PureWater":0,"Unceasing Top":23},{"Potion Belt":14,"Lantern":4,"Golden Idol":7,"PreservedInsect":7,"War Paint":17,"WarpedTongs":3,"Mercury Hourglass":14,"Blood Vial":5,"Nunchaku":15,"VioletLotus":0,"Fusion Hammer":9,"CultistMask":11,"Art of War":5,"PureWater":0,"Unceasing Top":13},{"Potion Belt":51,"Lantern":13,"Golden Idol":23,"PreservedInsect":23,"War Paint":59,"WarpedTongs":10,"Mercury Hourglass":51,"Blood Vial":18,"Nunchaku":53,"VioletLotus":0,"Fusion Hammer":35,"CultistMask":39,"Art of War":18,"PureWater":0,"Unceasing Top":47}],"Unceasing Top":[3],"WarpedTongs":[55],"Mercury Hourglass":[92]},"card_choices":[{"not_picked":["FlyingSleeves","Protect"],"picked":"EmptyFist","floor":1},{"not_picked":["Indignation","FlurryOfBlows"],"picked":"Consecrate","floor":2},{"not_picked":["Evaluate","Crescendo","LikeWater"],"picked":"SKIP","floor":3},{"not_picked":["SignatureMove","FlurryOfBlows"],"picked":"Tantrum","floor":6},{"not_picked":["DevaForm","LikeWater"],"picked":"InnerPeace","floor":8},{"not_picked":["Nirvana","SashWhip"],"picked":"TalkToTheHand","floor":10},{"not_picked":["JustLucky","InnerPeace"],"picked":"TalkToTheHand","floor":11},{"not_picked":["SignatureMove","Prostrate"],"picked":"ThirdEye","floor":14},{"not_picked":["DeusExMachina","Ragnarok"],"picked":"Scrawl","floor":16},{"not_picked":["PathToVictory","DeceiveReality"],"picked":"FlyingSleeves","floor":18},{"not_picked":["EmptyBody+1","CarveReality"],"picked":"FlurryOfBlows","floor":19},{"not_picked":["FlyingSleeves","Consecrate"],"picked":"EmptyMind","floor":22},{"not_picked":["Crescendo","Halt"],"picked":"FlurryOfBlows","floor":23},{"not_picked":["Evaluate","CarveReality","LikeWater"],"picked":"SKIP","floor":24},{"not_picked":["CrushJoints","SandsOfTime"],"picked":"LessonLearned","floor":29},{"not_picked":["Prostrate","Consecrate"],"picked":"ThirdEye","floor":30},{"not_picked":["Study","JustLucky"],"picked":"FollowUp","floor":31}],"player_experience":2239917,"relics_obtained":[{"floor":6,"key":"Lantern"},{"floor":8,"key":"Blood Vial"},{"floor":9,"key":"Art of War"},{"floor":11,"key":"PreservedInsect"},{"floor":23,"key":"Unceasing Top"},{"floor":26,"key":"Mercury Hourglass"},{"floor":29,"key":"Nunchaku"},{"floor":31,"key":"War Paint"}],"event_choices":[{"damage_healed":0,"gold_gain":0,"player_choice":"Rummage","damage_taken":0,"relics_obtained":["WarpedTongs"],"max_hp_gain":0,"max_hp_loss":0,"event_name":"Accursed Blacksmith","floor":4,"gold_loss":0,"cards_obtained":["Pain"]},{"damage_healed":0,"gold_gain":0,"player_choice":"Lose Max HP","damage_taken":0,"relics_obtained":["Golden Idol"],"max_hp_gain":0,"max_hp_loss":6,"event_name":"Golden Idol","floor":12,"gold_loss":0},{"damage_healed":0,"gold_gain":0,"player_choice":"Trade","damage_taken":0,"relics_obtained":["CultistMask"],"max_hp_gain":0,"max_hp_loss":0,"event_name":"FaceTrader","floor":21,"gold_loss":0},{"damage_healed":0,"gold_gain":0,"player_choice":"1 cards matched","damage_taken":0,"max_hp_gain":0,"max_hp_loss":0,"event_name":"Match and Keep!","floor":27,"gold_loss":0,"cards_obtained":["JustLucky"]}],"is_beta":true,"boss_relics":[{"not_picked":["Philosopher\u0027s Stone","Sozu"],"picked":"Fusion Hammer"}],"items_purged_floors":[5,20],"is_endless":false,"potions_floor_spawned":[3,8,11,14,16,18,19,22,24,30],"killed_by":"Collector","ascension_level":20}}