{"host":"vdpaduzlq0qlaikq","time":1611717359,"event":{"mods":["AchievementEnabler","BaseMod","Better Third Choice","BetterRewards","Colored Map","Downfall","Gold Saver","Hermit","Jorbs\u0027s Wanderer Trilogy","Minty Spire (QoL Compilation)","Relic Filter","Spicy Shops","StSLib","The Necromancer"],"gold_per_floor":[1429,300,300,26,40,40,55,81,81,137,137,137,312,326,326,424,424,441,441,454,472,488,816,816,842,842,121,396,412,412,425,425,520,520,538,538,556,556,333,333,361,105,154,164,164,14,46,58,58,58,58,58,58,93,93],"floor_reached":56,"language":"ENG","playtime":3104,"items_purged":["Strike_G","Strike_G+1","Writhe","Parasite"],"score":2527,"play_id":"c2d1366a-3b2d-4e75-a613-91947f658569","local_time":"20210127011559","is_ascension_mode":true,"campfire_choices":[{"data":"Catalyst","floor":6,"key":"SMITH"},{"data":"Apotheosis","floor":11,"key":"SMITH"},{"data":"Catalyst","floor":15,"key":"SMITH"},{"floor":30,"key":"RECALL"},{"data":"Catalyst","floor":32,"key":"SMITH"},{"data":"Wraith Form v2","floor":40,"key":"SMITH"},{"data":"Footwork","floor":49,"key":"SMITH"},{"data":"Deadly Poison","floor":52,"key":"SMITH"}],"circlet_count":0,"master_deck":["AscendersBane","Strike_G+1","Strike_G+1","Strike_G+1","Defend_G+1","Defend_G+1","Defend_G+1","Defend_G+1","Survivor+1","Neutralize","Deadly Poison","Deadly Poison","Catalyst+1","Apotheosis+1","Blur","Footwork+1","Poisoned Stab","Catalyst+1","Backstab","Catalyst+1","Venomology+1","Wraith Form v2+1","Footwork","Deadly Poison+1"],"relics":["Ring of the Snake","Mango","Mummified Hand","MealTicket","FossilizedHelix","Lantern","Potion Belt","Oddly Smooth Stone","Guardian:PocketSentry","Omamori","Snake Skull","Toy Ornithopter","Singing Bowl","Ancient Tea Set","Boot","Anchor","Guardian:GemstoneGun","Bag of Marbles","SacredBark","Old Coin","War Paint","CaptainsWheel","Calipers","HornCleat","TungstenRod","Cursed Key","Blood Vial","Blue Candle","Bottled Tornado","Centennial Puzzle","Orichalcum","Eternal Feather"],"acts_visited":["Exordium","TheCity","TheBeyond","TheEnding"],"potions_floor_usage":[23,31,33,37,41,47,48,54,55,55,55,55,55],"damage_taken":[{"damage":0,"enemies":"Small Slimes","floor":1,"turns":4},{"damage":0,"enemies":"Jaw Worm","floor":5,"turns":2},{"damage":0,"enemies":"2 Louse","floor":7,"turns":2},{"damage":0,"enemies":"Lagavulin","floor":8,"turns":4},{"damage":0,"enemies":"Gremlin Nob","floor":10,"turns":2},{"damage":0,"enemies":"Looter","floor":14,"turns":2},{"damage":0,"enemies":"Hexaghost","floor":16,"turns":3},{"damage":0,"enemies":"Chosen","floor":18,"turns":1},{"damage":0,"enemies":"Shell Parasite","floor":20,"turns":2},{"damage":5,"enemies":"Sentry and Sphere","floor":21,"turns":4},{"damage":0,"enemies":"3 Cultists","floor":22,"turns":4},{"damage":0,"enemies":"Slavers","floor":23,"turns":3},{"damage":5,"enemies":"Book of Stabbing","floor":25,"turns":3},{"damage":0,"enemies":"Snake Plant","floor":29,"turns":2},{"damage":0,"enemies":"Cultist and Chosen","floor":31,"turns":4},{"damage":0,"enemies":"Automaton","floor":33,"turns":5},{"damage":0,"enemies":"Orb Walker","floor":35,"turns":4},{"damage":0,"enemies":"3 Shapes","floor":37,"turns":4},{"damage":0,"enemies":"Nemesis","floor":41,"turns":4},{"damage":0,"enemies":"Sphere and 2 Shapes","floor":44,"turns":4},{"damage":0,"enemies":"Reptomancer","floor":47,"turns":3},{"damage":0,"enemies":"3 Darklings","floor":48,"turns":6},{"damage":15,"enemies":"Donu and Deca","floor":50,"turns":6},{"damage":0,"enemies":"Shield and Spear","floor":54,"turns":7},{"damage":21,"enemies":"The Heart","floor":55,"turns":7}],"seed_played":"8403879481089683652","potions_obtained":[{"floor":1,"key":"Block Potion"},{"floor":5,"key":"Block Potion"},{"floor":16,"key":"sneckomod:MuddlingPotion"},{"floor":22,"key":"CunningPotion"},{"floor":23,"key":"sneckomod:MuddlingPotion"},{"floor":25,"key":"FearPotion"},{"floor":31,"key":"champ:CounterPotion"}],"is_trial":false,"path_per_floor":["M","$","?","$","M","R","M","E","T","?","R","?","?","M","R","B",null,"M","?","M","M","M","E","?","E","T","$","?","M","R","M","R","B",null,"M","T","M","?","$","R","E","$","T","M","?","$","E","M","R","B",null,"R","$","E","B",null],"character_chosen":"THE_SILENT","items_purchased":["Mango","Mummified Hand","MealTicket","FossilizedHelix","Lantern","Potion Belt","Oddly Smooth Stone","Guardian:PocketSentry","Deadly Poison","Omamori","Catalyst","Snake Skull","Toy Ornithopter","Singing Bowl","Apotheosis","Ancient Tea Set","Blur","Anchor","Footwork","Calipers","HornCleat","TungstenRod","Fruit Juice","Bottled Tornado"],"campfire_rested":0,"item_purchase_floors":[0,0,0,0,0,0,0,0,0,0,2,2,2,2,2,2,2,4,4,27,27,27,39,42],"current_hp_per_floor":[77,84,51,66,66,66,68,70,70,70,70,70,70,72,72,74,88,88,88,90,87,87,94,94,91,91,100,100,102,102,104,104,104,104,104,104,106,108,108,108,118,118,118,120,120,117,119,121,121,106,117,117,121,123,112],"gold":93,"neow_bonus":"","is_daily":false,"chose_seed":false,"campfire_upgraded":7,"win_rate":0.0,"timestamp":1611717359,"path_taken":["M","$","?","$","M","R","M","E","T","?","R","?","?","M","R","BOSS","M","?","M","M","M","E","?","E","T","$","?","M","R","M","R","BOSS","M","?","M","?","$","R","E","?","T","M","?","$","E","M","R","BOSS","R","$","E","BOSS"],"items_purchased_type":["Relic","Relic","Relic","Relic","Relic","Relic","Relic","Relic","Card","Relic","Card","Relic","Relic","Relic","Card","Relic","Card","Relic","Card","Relic","Relic","Relic","Potion","Relic"],"build_version":"2020-12-22","purchased_purges":4,"victory":true,"max_hp_per_floor":[84,84,84,84,84,84,86,88,88,88,88,88,88,90,90,92,92,92,92,94,96,96,98,98,100,100,100,100,102,102,104,104,104,104,104,104,106,108,108,108,118,118,118,120,120,117,119,121,121,121,121,121,121,123,123],"card_choices":[{"not_picked":["Caltrops","Escape Plan"],"picked":"Deadly Poison","floor":1},{"not_picked":["Acrobatics","Flechettes"],"picked":"Poisoned Stab","floor":5},{"not_picked":["Backflip","Distraction","Setup"],"picked":"Singing Bowl","floor":7},{"not_picked":["Underhanded Strike","Concentrate","Accuracy"],"picked":"Singing Bowl","floor":8},{"not_picked":["Backflip","Terror"],"picked":"Catalyst","floor":10},{"not_picked":["Noxious Fumes","Dagger Spray","Underhanded Strike"],"picked":"Singing Bowl","floor":14},{"not_picked":["Grand Finale","Glass Knife","After Image"],"picked":"Singing Bowl","floor":16},{"not_picked":["Cloak And Dagger","Flying Knee"],"picked":"Backstab","floor":18},{"not_picked":["Backflip+1","Deadly Poison","Noxious Fumes+1"],"picked":"Singing Bowl","floor":20},{"not_picked":["Dagger Throw","Deflect","Backflip"],"picked":"Singing Bowl","floor":21},{"not_picked":["Flying Knee+1","Deflect"],"picked":"Venomology","floor":22},{"not_picked":["Leg Sweep","Crippling Poison","Distraction"],"picked":"Singing Bowl","floor":23},{"not_picked":["Expertise","Tactician","Deflect+1"],"picked":"Singing Bowl","floor":25},{"not_picked":["Eviscerate+1","Crippling Poison","Skewer"],"picked":"Singing Bowl","floor":29},{"not_picked":["Dagger Throw+1","Blade Dance+1","Skewer"],"picked":"Singing Bowl","floor":31},{"not_picked":["Bullet Time","Glass Knife"],"picked":"Wraith Form v2","floor":33},{"not_picked":["Flying Knee+1","Bane+1"],"picked":"Footwork","floor":35},{"not_picked":["Dagger Spray+1","Expertise+1","Dodge and Roll"],"picked":"Singing Bowl","floor":37},{"not_picked":["Panache","Enlightenment","Swift Strike"],"picked":"Singing Bowl","floor":38},{"not_picked":["Blade Dance+1","Leg Sweep+1"],"picked":"Deadly Poison","floor":41},{"not_picked":["Terror+1","Cloak And Dagger+1","Accuracy+1"],"picked":"Singing Bowl","floor":44},{"not_picked":["Terror","Die Die Die","Slice+1"],"picked":"Singing Bowl","floor":47},{"not_picked":["Dodge and Roll","Bane+1","Expertise"],"picked":"Singing Bowl","floor":48},{"not_picked":["Endless Agony+1","Poisoned Stab+1","Slice"],"picked":"Singing Bowl","floor":54}],"player_experience":657497,"relics_obtained":[{"floor":8,"key":"Guardian:GemstoneGun"},{"floor":23,"key":"Old Coin"},{"floor":25,"key":"War Paint"},{"floor":26,"key":"CaptainsWheel"},{"floor":36,"key":"Blood Vial"},{"floor":41,"key":"Blue Candle"},{"floor":43,"key":"Centennial Puzzle"},{"floor":47,"key":"Orichalcum"},{"floor":54,"key":"Eternal Feather"}],"event_choices":[{"damage_healed":0,"gold_gain":0,"player_choice":"Relic ","damage_taken":33,"max_hp_gain":0,"max_hp_loss":0,"event_name":"betterThird:BetterScrap","floor":3,"gold_loss":0,"cards_obtained":["Doom and Gloom"]},{"damage_healed":0,"gold_gain":0,"player_choice":"Searched \u00273\u0027 times","damage_taken":0,"relics_obtained":["Bag of Marbles"],"max_hp_gain":0,"max_hp_loss":0,"event_name":"Dead Adventurer","floor":10,"gold_loss":0},{"cards_removed":["Defend_G"],"damage_healed":0,"gold_gain":0,"player_choice":"Forget","damage_taken":0,"max_hp_gain":0,"max_hp_loss":0,"event_name":"Living Wall","floor":12,"gold_loss":0},{"damage_healed":0,"gold_gain":175,"player_choice":"AGREE","damage_taken":137,"max_hp_gain":0,"max_hp_loss":0,"event_name":"betterThird:BetterSerpent","floor":13,"gold_loss":0},{"damage_healed":0,"gold_gain":0,"player_choice":"Read","damage_taken":0,"max_hp_gain":0,"max_hp_loss":0,"event_name":"The Library","floor":19,"gold_loss":0,"cards_obtained":["Catalyst"]},{"damage_healed":0,"gold_gain":0,"player_choice":"Simplicity","damage_taken":0,"max_hp_gain":0,"max_hp_loss":8,"event_name":"betterThird:BetterWriting","floor":24,"gold_loss":0},{"damage_healed":0,"gold_gain":275,"player_choice":"Desecrate","damage_taken":0,"max_hp_gain":0,"max_hp_loss":0,"event_name":"Golden Shrine","floor":28,"gold_loss":0,"cards_obtained":["Regret"]},{"damage_healed":0,"gold_gain":0,"player_choice":"Memory 1","damage_taken":0,"max_hp_gain":0,"max_hp_loss":0,"event_name":"SensoryStone","floor":38,"gold_loss":0},{"damage_healed":0,"gold_gain":0,"player_choice":"Ignored","damage_taken":0,"max_hp_gain":0,"max_hp_loss":0,"event_name":"Tomb of Lord Red Mask","floor":45,"gold_loss":0}],"is_beta":false,"boss_relics":[{"not_picked":["Velvet Choker","Coffee Dripper"],"picked":"SacredBark"},{"not_picked":["bronze:MakeshiftBattery","Sozu"],"picked":"Cursed Key"}],"items_purged_floors":[0,27,39,46],"is_endless":false,"potions_floor_spawned":[1,5,16,22,23,25,31,37,41,44,54],"ascension_level":10}}