{"host":"k85tjwrh7mjrrc9a","time":1611719946,"event":{"mods":["AchievementEnabler","BaseMod","Colored Powertips","Highlight Path","Minty Spire (QoL Compilation)","Rare Cards Sparkle","StSLib"],"gold_per_floor":[114,129,129,83,83,83,99,99,99,133,145,172,198,210,222,305,317,343,355,367,379,425,437,27,56,56,85,85,184,184,194,194,268,268,288,288,143,169,69,69,89,99,99,129,129,129,142,161,161,161],"floor_reached":51,"language":"ENG","playtime":2620,"items_purged":["Defend_R","Normality"],"score":1263,"play_id":"474f6e09-11a0-48ab-bfe0-8c60e8d46765","local_time":"20210126225906","is_ascension_mode":true,"campfire_choices":[{"data":"Bash","floor":6.0,"key":"SMITH"},{"data":"Pommel Strike","floor":8.0,"key":"SMITH"},{"data":"Limit Break","floor":11.0,"key":"SMITH"},{"floor":15.0,"key":"REST"},{"floor":23.0,"key":"REST"},{"data":"Limit Break","floor":30,"key":"SMITH"},{"floor":32,"key":"REST"},{"data":"Inflame","floor":40,"key":"SMITH"},{"floor":45,"key":"REST"},{"floor":49,"key":"REST"}],"circlet_count":0,"master_deck":["AscendersBane","Strike_R","Strike_R","Strike_R","Strike_R","Strike_R+1","Defend_R","Defend_R","Bash+1","Body Slam+1","Heavy Blade","Shrug It Off+1","Impatience","Pommel Strike+1","Limit Break+1","Shrug It Off","Iron Wave","Limit Break+1","Flex","J.A.X.","Inflame+1","Heavy Blade","Writhe","Flex","Hemokinesis"],"relics":["Burning Blood","Strawberry","StrikeDummy","MawBank","Busted Crown","Red Mask","Ornamental Fan","Peace Pipe","Darkstone Periapt","Tiny Chest","Pear","Cursed Key","ClockworkSouvenir","Ancient Tea Set","Du-Vu Doll","Oddly Smooth Stone"],"acts_visited":["Exordium","TheCity","TheBeyond"],"potions_floor_usage":[27,45,50,50],"damage_taken":[{"damage":1.0,"enemies":"Cultist","floor":1.0,"turns":3.0},{"damage":18.0,"enemies":"Small Slimes","floor":2.0,"turns":4.0},{"damage":2.0,"enemies":"2 Louse","floor":7.0,"turns":4.0},{"damage":24.0,"enemies":"3 Sentries","floor":10.0,"turns":8.0},{"damage":4.0,"enemies":"Exordium Thugs","floor":12.0,"turns":3.0},{"damage":13.0,"enemies":"Blue Slaver","floor":13.0,"turns":2.0},{"damage":51.0,"enemies":"The Guardian","floor":16.0,"turns":13.0},{"damage":13.0,"enemies":"3 Byrds","floor":18.0,"turns":6.0},{"damage":24.0,"enemies":"Masked Bandits","floor":22.0,"turns":4.0},{"damage":27.0,"enemies":"Slavers","floor":25.0,"turns":5.0},{"damage":2,"enemies":"Gremlin Leader","floor":27,"turns":3},{"damage":16,"enemies":"2 Thieves","floor":31,"turns":4},{"damage":45,"enemies":"Collector","floor":33,"turns":6},{"damage":13,"enemies":"3 Shapes","floor":35,"turns":5},{"damage":5,"enemies":"Orb Walker","floor":41,"turns":3},{"damage":33,"enemies":"Writhing Mass","floor":42,"turns":4},{"damage":46,"enemies":"Reptomancer","floor":44,"turns":5},{"damage":6,"enemies":"4 Shapes","floor":47,"turns":3},{"damage":2,"enemies":"3 Darklings","floor":48,"turns":3},{"damage":114,"enemies":"Time Eater","floor":50,"turns":7}],"seed_played":"-2126511543413910083","potions_obtained":[{"floor":1.0,"key":"LiquidMemories"},{"floor":2.0,"key":"GamblersBrew"},{"floor":18.0,"key":"LiquidBronze"},{"floor":25.0,"key":"SteroidPotion"},{"floor":33,"key":"BlessingOfTheForge"},{"floor":35,"key":"Regen Potion"},{"floor":41,"key":"BloodPotion"},{"floor":47,"key":"LiquidBronze"}],"is_trial":false,"path_per_floor":["M","M","?","$","?","R","M","R","T","E","R","M","M","?","R","B",null,"M","$","?","?","?","R","$","E","T","E","T","?","R","M","R","B",null,"M","?","$","T","$","R","M","M","T","E","R","?","M","M","R","B",null],"character_chosen":"IRONCLAD","items_purchased":["Shrug It Off","Inflame","Heavy Blade","Ornamental Fan","ClockworkSouvenir"],"campfire_rested":5,"item_purchase_floors":[4,24,24,24,37],"current_hp_per_floor":[80,68,68,68,68,68,72,72,72,54,54,56,49,33,57,12,65,58,58,58,58,40,64,64,43,43,47,57,57,57,47,74,35,78,71,71,71,77,77,77,78,51,57,17,68,68,68,72,103,9],"gold":161,"neow_bonus":"RANDOM_COMMON_RELIC","is_daily":false,"chose_seed":false,"campfire_upgraded":5,"win_rate":0.0,"timestamp":1611719946,"path_taken":["M","?","?","$","?","R","M","R","T","E","R","M","?","?","R","BOSS","M","$","?","?","?","R","?","E","T","E","?","?","R","M","R","BOSS","M","?","$","?","$","R","M","?","T","E","R","?","?","M","R","BOSS"],"items_purchased_type":["Card","Card","Card","Relic","Relic"],"build_version":"2020-12-22","purchased_purges":2,"victory":true,"max_hp_per_floor":[82,82,82,82,82,82,82,82,82,82,82,82,82,82,82,82,82,82,82,82,82,82,82,82,82,82,82,92,92,92,92,92,92,92,92,92,92,98,98,98,98,98,104,104,104,104,104,104,104,104],"card_choices":[{"not_picked":["Reckless Charge","Hemokinesis"],"picked":"Body Slam","floor":1.0},{"not_picked":["Sword Boomerang","Twin Strike"],"picked":"Heavy Blade","floor":2.0},{"not_picked":["Cleave","Sentinel"],"picked":"Pommel Strike","floor":7.0},{"not_picked":["Dual Wield","Pummel"],"picked":"Limit Break","floor":10.0},{"not_picked":["Body Slam","Iron Wave"],"picked":"Shrug It Off","floor":12.0},{"not_picked":["Uppercut","Shrug It Off"],"picked":"Iron Wave","floor":13.0},{"not_picked":["Feed","Double Tap"],"picked":"Limit Break","floor":16.0},{"not_picked":[],"picked":"Flex","floor":18.0},{"not_picked":["Headbutt+1"],"picked":"SKIP","floor":25.0},{"not_picked":["Sword Boomerang"],"picked":"SKIP","floor":27},{"not_picked":["Dark Embrace+1"],"picked":"SKIP","floor":31},{"not_picked":["Pummel"],"picked":"SKIP","floor":35},{"not_picked":["Heavy Blade+1"],"picked":"SKIP","floor":41},{"not_picked":["Pommel Strike"],"picked":"SKIP","floor":42},{"not_picked":["Feel No Pain"],"picked":"SKIP","floor":44},{"not_picked":["Pommel Strike"],"picked":"SKIP","floor":47},{"not_picked":["Searing Blow"],"picked":"SKIP","floor":48}],"player_experience":223986,"relics_obtained":[{"floor":9.0,"key":"StrikeDummy"},{"floor":10.0,"key":"MawBank"},{"floor":22.0,"key":"Red Mask"},{"floor":25.0,"key":"Peace Pipe"},{"floor":26.0,"key":"Darkstone Periapt"},{"floor":27,"key":"Tiny Chest"},{"floor":28,"key":"Pear"},{"floor":38,"key":"Ancient Tea Set"},{"floor":43,"key":"Du-Vu Doll"},{"floor":44,"key":"Oddly Smooth Stone"}],"event_choices":[{"damage_healed":0.0,"max_hp_gain":0.0,"max_hp_loss":0.0,"gold_gain":0.0,"event_name":"Living Wall","player_choice":"Grow","floor":3.0,"gold_loss":0.0,"damage_taken":0.0,"cards_upgraded":["Body Slam"]},{"damage_healed":0.0,"max_hp_gain":0.0,"max_hp_loss":0.0,"gold_gain":0.0,"event_name":"Match and Keep!","player_choice":"1 cards matched","floor":5.0,"gold_loss":0.0,"damage_taken":0.0,"cards_obtained":["Impatience"]},{"damage_healed":0.0,"max_hp_gain":0.0,"max_hp_loss":0.0,"gold_gain":0.0,"event_name":"Shining Light","player_choice":"Entered Light","floor":14.0,"gold_loss":0.0,"damage_taken":16.0,"cards_upgraded":["Shrug It Off","Strike_R"]},{"damage_healed":0.0,"max_hp_gain":0.0,"max_hp_loss":0.0,"gold_gain":0.0,"event_name":"Vampires","player_choice":"Ignored","floor":20.0,"gold_loss":0.0,"damage_taken":0.0},{"damage_healed":0.0,"max_hp_gain":0.0,"max_hp_loss":0.0,"gold_gain":0.0,"event_name":"Drug Dealer","player_choice":"Obtain J.A.X.","floor":21.0,"gold_loss":0.0,"damage_taken":0.0,"cards_obtained":["J.A.X."]},{"damage_healed":0.0,"max_hp_gain":0.0,"max_hp_loss":0.0,"gold_gain":0.0,"event_name":"Masked Bandits","player_choice":"Fought Bandits","floor":22.0,"gold_loss":0.0,"damage_taken":0.0},{"damage_healed":0,"gold_gain":99,"player_choice":"Stole From Cult","damage_taken":0,"max_hp_gain":0,"max_hp_loss":0,"event_name":"Nest","floor":29,"gold_loss":0},{"cards_removed":["Defend_R"],"damage_healed":0,"gold_gain":0,"player_choice":"Removed Skill","damage_taken":0,"max_hp_gain":0,"max_hp_loss":0,"event_name":"Falling","floor":36,"gold_loss":0},{"damage_healed":0,"gold_gain":0,"player_choice":"2 cards matched","damage_taken":0,"max_hp_gain":0,"max_hp_loss":0,"event_name":"Match and Keep!","floor":46,"gold_loss":0,"cards_obtained":["Flex","Hemokinesis"]}],"is_beta":false,"boss_relics":[{"not_picked":["Empty Cage","Ectoplasm"],"picked":"Busted Crown"},{"not_picked":["Snecko Eye","Black Blood"],"picked":"Cursed Key"}],"items_purged_floors":[24,39],"is_endless":false,"potions_floor_spawned":[1,2,12,18,25,33,35,41,47],"ascension_level":14}}