{"host":"hfcva6mq15ctj0gu","time":1611769920,"event":{"mods":["Abigail Mod","AchievementEnabler","Act Like it!","Alarm Clock","BaseMod","Better Altar","Better Match","Better Skull","Better Third Choice","BetterRewards","Booster Modes","CapriCore","Card Forge","Colored Map","Curses Come First","Disable Question Mark Monsters","Displayed Cursed Tome","Emptier Cage","FoggyMod","Friendly Minions","Gold Saver","Good Game Mod","Grow up Mod","Highlight Path","Kratos Character Expansion","Minty Spire (QoL Compilation)","Permanent Neow","Poem Panic","Remilia??????","Shade Mod","Shop Mod","StSLib","The Immortal","The Servant 0.9.4","The Vixen","Transform Curses","Virulent Crown","????"],"gold_per_floor":[1428,544,619,23,23,56,56,56,56,56,87,149,168,168,56,154,154,164,4,4,4,16,50,50,29,29,29,62,62,62,87,4187,4290,4290,4303,4353,4353,4406,4432,3832,3149,3149,3176,2586,1843,1490,1523,1541,2985,2985,2985,2748,2403,2433,2433],"floor_reached":56,"language":"ENG","playtime":2036,"items_purged":[],"score":1756,"play_id":"15856704-3b20-46b2-9e2f-990f3c5a5b28","local_time":"20210127185200","is_ascension_mode":false,"campfire_choices":[{"floor":8,"key":"RECALL"},{"floor":27,"key":"REST"}],"circlet_count":0,"master_deck":["Worship+1","Fasting2+1","DevaForm+1","Prostrate+1","CutThroughFate+1","ThirdEye+1","CutThroughFate+1","Brilliance+1","ThirdEye+1","LikeWater+1","Prostrate+1","Ragnarok+1","Prostrate+1","Fasting2+1","KratosMod:FullCounter+1","DeusExMachina+1","Mind Blast+1","Magnetism+1","Alpha+1","Prostrate+1","Secret Weapon+1","Dramatic Entrance+1","Secret Weapon+1","Prostrate+1","Nirvana+1","Madness+1","Madness+1","Prostrate+1","Prostrate+1","Prostrate+1","Fasting2+1","Devotion+1","Scrawl+1","Prostrate+1"],"relics":["HolyWater","Hammer of Thor","Seething Fire","Anvil of the Gods","REME:ComplimentaryCards","MerchantsRug","TungstenRod","Vajra","Kunai","Ice Cream","TeardropLocket","ClockworkSouvenir","Incense Burner","CloakClasp","Gremlin Horn","Pen Nib","Darkstone Periapt","Spirit Poop","Toolbox","Ornamental Fan","Meat on the Bone","Bottled Tornado","Yang","Art of War","Enchiridion","Damaru","Blue Candle","Boot","HandDrill","StoneCalendar","Prayer Wheel","Melange","Centennial Puzzle","Frozen Egg 2","Girya","Mango","Akabeko","Torii","Strange Spoon","Nunchaku","Chemical X","Dead Branch","Peace Pipe","Membership Card","Pantograph","ScarletDevilRocket","Strawberry","Bag of Marbles","TheAbacus","Whetstone","PreservedInsect","Eternal Feather","Bronze Scales","Mercury Hourglass","Oddly Smooth Stone"],"acts_visited":["Exordium","TheCity","TheBeyond","TheEnding"],"potions_floor_usage":[],"damage_taken":[{"damage":8,"enemies":"2 Louse","floor":1,"turns":3},{"damage":15,"enemies":"Gremlin Nob","floor":6,"turns":3},{"damage":5,"enemies":"Lagavulin","floor":11,"turns":3},{"damage":3,"enemies":"3 Sentries","floor":12,"turns":3},{"damage":2,"enemies":"Jaw Worm","floor":13,"turns":3},{"damage":1,"enemies":"The Guardian","floor":16,"turns":3},{"damage":0,"enemies":"3 Byrds","floor":18,"turns":3},{"damage":0,"enemies":"Spheric Guardian","floor":22,"turns":3},{"damage":0,"enemies":"Gremlin Leader","floor":23,"turns":1},{"damage":0,"enemies":"Book of Stabbing","floor":28,"turns":4},{"damage":7,"enemies":"Automaton","floor":33,"turns":4},{"damage":17,"enemies":"3 Darklings","floor":35,"turns":3},{"damage":0,"enemies":"Mind Bloom Boss Battle","floor":36,"turns":2},{"damage":17,"enemies":"2 Orb Walkers","floor":38,"turns":3},{"damage":5,"enemies":"Giant Head","floor":47,"turns":3},{"damage":0,"enemies":"Orb Walker","floor":48,"turns":2},{"damage":7,"enemies":"Awakened One","floor":50,"turns":3},{"damage":9,"enemies":"Shield and Spear","floor":54,"turns":2},{"damage":116,"enemies":"The Heart","floor":55,"turns":7}],"seed_played":"2422984149556592095","potions_obtained":[{"floor":12,"key":"Block Potion"},{"floor":13,"key":"Swift Potion"},{"floor":16,"key":"DistilledChaos"},{"floor":18,"key":"Block Potion"},{"floor":23,"key":"EssenceOfSteel"},{"floor":30,"key":"LazyBrew"},{"floor":30,"key":"LazyBrew"},{"floor":30,"key":"LazyBrew"},{"floor":47,"key":"SmokeBomb"},{"floor":54,"key":"Weak Potion"}],"is_trial":false,"path_per_floor":["M","$","?","$","?","E","$","R","T","?","E","?","M","?","R","B",null,"M","$","$","?","M","E","?","R","T","R","E","?","?","T","R","B",null,"M","?","?","?","T","R","$","?","T","$","R","$","E","M","R","B",null,"R","$","E","B",null],"character_chosen":"WATCHER","items_purchased":["OrangePellets","MerchantsRug","Worship","Vajra","Fasting2","DevaForm","Prostrate","Kunai","CutThroughFate","ThirdEye","Ice Cream","TeardropLocket","ClockworkSouvenir","CutThroughFate","Brilliance","WingedGreaves","Incense Burner","Toolbox","Fasting2","KratosMod:FullCounter","Bottled Tornado","Blue Candle","Boot","HandDrill","Mind Blast","Magnetism","Melange","Centennial Puzzle","Frozen Egg 2","Prostrate","Girya","Mango","Nirvana+1","Torii","Strange Spoon","Nunchaku","Chemical X","Dead Branch","Peace Pipe","Membership Card","Pantograph","ScarletDevilRocket","Bag of Marbles","TheAbacus","Whetstone","Prostrate","PreservedInsect","Eternal Feather","Fasting2+1","Bronze Scales","Mercury Hourglass","Devotion+1","Scrawl"],"campfire_rested":1,"item_purchase_floors":[0,0,0,0,0,0,0,0,0,0,2,2,2,2,2,4,4,15,19,19,25,32,32,32,32,32,40,40,40,40,41,41,41,44,44,44,45,45,45,46,46,46,49,49,49,49,52,52,52,53,53,53,53],"current_hp_per_floor":[84,94,94,104,114,113,123,133,143,153,158,171,183,193,203,218,252,262,272,282,292,302,312,328,338,348,358,368,366,382,392,402,405,434,427,437,438,431,441,451,475,421,431,441,451,461,473,483,493,521,625,635,645,646,559],"gold":2433,"neow_bonus":"","is_daily":false,"chose_seed":false,"campfire_upgraded":0,"win_rate":0.0,"timestamp":1611769920,"path_taken":["M","$","?","$","?","E","?","R","T","?","E","?","?","?","R","BOSS","M","$","$","?","?","E","?","R","T","R","E","?","?","?","R","BOSS","M","?","?","?","?","R","$","?","T","?","R","$","E","?","R","BOSS","R","$","E","BOSS"],"items_purchased_type":["Relic","Relic","Card","Relic","Card","Card","Card","Relic","Card","Card","Relic","Relic","Relic","Card","Card","Relic","Relic","Relic","Card","Card","Relic","Relic","Relic","Relic","Card","Card","Relic","Relic","Relic","Card","Relic","Relic","Card","Relic","Relic","Relic","Relic","Relic","Relic","Relic","Relic","Relic","Relic","Relic","Relic","Card","Relic","Relic","Card","Relic","Relic","Card","Card"],"build_version":"2020-12-22","purchased_purges":0,"victory":true,"max_hp_per_floor":[92,102,112,122,132,142,152,162,172,182,192,202,212,222,232,242,252,262,272,282,292,302,312,328,338,348,358,368,378,394,404,414,424,434,444,454,464,474,484,494,518,528,538,548,558,568,585,595,605,615,625,635,645,655,675],"card_choices":[{"not_picked":["CarveReality","Vengeance","Evaluate"],"picked":"SKIP","floor":1},{"not_picked":["Collect","InnerPeace","ClearTheMind"],"picked":"SKIP","floor":6},{"not_picked":["BowlingBash","Evaluate"],"picked":"LikeWater","floor":11},{"not_picked":["BowlingBash","Halt"],"picked":"Prostrate","floor":13},{"not_picked":["SpiritShield","Judgement"],"picked":"Ragnarok","floor":16},{"not_picked":["FlurryOfBlows","FollowUp"],"picked":"Prostrate+1","floor":18},{"not_picked":["SignatureMove+1","WindmillStrike","Crescendo"],"picked":"SKIP","floor":22},{"not_picked":["Crescendo+1","FlurryOfBlows+1"],"picked":"DeusExMachina","floor":23},{"not_picked":["ForeignInfluence","EmptyFist","Judgement"],"picked":"SKIP","floor":28},{"not_picked":["Ragnarok","Vault"],"picked":"Alpha","floor":33},{"not_picked":["Vengeance+1","EmptyBody+1","Sanctity"],"picked":"SKIP","floor":35},{"not_picked":["Consecrate","SashWhip"],"picked":"Prostrate","floor":36},{"not_picked":["Panacea","Finesse"],"picked":"Secret Weapon","floor":37},{"not_picked":["Metamorphosis","Discovery"],"picked":"Dramatic Entrance","floor":37},{"not_picked":["PanicButton","Discovery"],"picked":"Secret Weapon","floor":37},{"not_picked":["Vengeance+1","Wallop","Sanctity"],"picked":"SKIP","floor":47},{"not_picked":["Evaluate","ThirdEye"],"picked":"Prostrate","floor":48},{"not_picked":["Fasting2+1","BowlingBash+1"],"picked":"Prostrate+1","floor":48},{"not_picked":["Conclude+1","MentalFortress+1"],"picked":"Prostrate","floor":54}],"player_experience":107972,"relics_obtained":[{"floor":6,"key":"Potion Belt"},{"floor":9,"key":"Gremlin Horn"},{"floor":11,"key":"Pen Nib"},{"floor":23,"key":"Ornamental Fan"},{"floor":26,"key":"Yang"},{"floor":28,"key":"Art of War"},{"floor":31,"key":"Damaru"},{"floor":36,"key":"StoneCalendar"},{"floor":38,"key":"Prayer Wheel"},{"floor":43,"key":"Akabeko"},{"floor":47,"key":"Strawberry"},{"floor":54,"key":"Oddly Smooth Stone"}],"event_choices":[{"damage_healed":0,"gold_gain":75,"player_choice":"Gold","damage_taken":11,"max_hp_gain":0,"max_hp_loss":0,"event_name":"betterThird:BetterGoop","floor":3,"gold_loss":0},{"damage_healed":0,"gold_gain":0,"player_choice":"Box","damage_taken":0,"relics_obtained":["CloakClasp"],"max_hp_gain":0,"max_hp_loss":0,"event_name":"Big Fish","floor":5,"gold_loss":0,"cards_obtained":["Regret"]},{"damage_healed":143,"gold_gain":0,"player_choice":"Leave","damage_taken":0,"max_hp_gain":0,"max_hp_loss":172,"event_name":"betterThird:BetterShining","floor":10,"gold_loss":0},{"damage_healed":0,"gold_gain":30,"player_choice":"Searched \u00273\u0027 times","damage_taken":0,"relics_obtained":["Darkstone Periapt"],"max_hp_gain":0,"max_hp_loss":0,"event_name":"Dead Adventurer","floor":12,"gold_loss":0},{"cards_removed":["Regret"],"damage_healed":0,"gold_gain":0,"player_choice":"Offered Curse","damage_taken":0,"relics_obtained":["Spirit Poop"],"max_hp_gain":0,"max_hp_loss":0,"event_name":"Bonfire Elementals","floor":14,"gold_loss":0},{"damage_healed":0,"gold_gain":0,"player_choice":"Ignored","damage_taken":0,"max_hp_gain":0,"max_hp_loss":0,"event_name":"Upgrade Shrine","floor":21,"gold_loss":0},{"damage_healed":0,"gold_gain":0,"player_choice":"Stole Relic","damage_taken":0,"relics_obtained":["Meat on the Bone"],"max_hp_gain":0,"max_hp_loss":0,"event_name":"Addict","floor":24,"gold_loss":0,"cards_obtained":["Shame"]},{"damage_healed":0,"gold_gain":0,"player_choice":"Obtained Book","damage_taken":16,"max_hp_gain":0,"max_hp_loss":0,"event_name":"Cursed Tome","floor":29,"gold_loss":0},{"damage_healed":0,"gold_gain":0,"player_choice":"Fight","damage_taken":0,"max_hp_gain":0,"max_hp_loss":0,"event_name":"MindBloom","floor":36,"gold_loss":0},{"damage_healed":0,"gold_gain":0,"player_choice":"Memory 3","damage_taken":10,"max_hp_gain":0,"max_hp_loss":0,"event_name":"SensoryStone","floor":37,"gold_loss":0},{"damage_healed":0,"gold_gain":0,"player_choice":"Fight","damage_taken":0,"max_hp_gain":0,"max_hp_loss":0,"event_name":"Mysterious Sphere","floor":38,"gold_loss":0},{"damage_healed":0,"gold_gain":0,"player_choice":"Embrace Madness","damage_taken":65,"max_hp_gain":0,"max_hp_loss":0,"event_name":"Winding Halls","floor":42,"gold_loss":0,"cards_obtained":["Madness","Madness"]}],"is_beta":false,"boss_relics":[{"not_picked":["SacredBark","Empty Cage"],"picked":"HolyWater"},{"not_picked":["Astrolabe","Sozu","Snecko Eye"]}],"items_purged_floors":[],"is_endless":false,"potions_floor_spawned":[12,13,16,18,23,47,54],"ascension_level":0}}