{"host":"sxnl403xm2xmiyj1","time":1611722338,"event":{"mods":["AchievementEnabler","BaseMod","Colored Map","Keyboard Shortcuts","Minty Spire (QoL Compilation)","Quick Restart","StSLib","SuperFastMode"],"gold_per_floor":[115,4,14,31,50,50,77,77,77,107,118,138,171,191,191,269,269,285,285,14,27,37,71,71,101,128,128,23,23,57,57,57,129,129,146,160,176,196,7,32,32,59,82,102,131,131,162,176,176,176,176,176,8,37,37,37],"floor_reached":55,"language":"KOR","playtime":1343,"items_purged":["Decay"],"score":1792,"play_id":"299beb0d-616e-401f-a873-e979f2da76cd","local_time":"20210127133858","is_ascension_mode":true,"campfire_choices":[{"data":"Apotheosis","floor":6.0,"key":"SMITH"},{"floor":8.0,"key":"REST"},{"floor":15.0,"key":"REST"},{"floor":24.0,"key":"REST"},{"floor":27.0,"key":"REST"},{"data":"Terror","floor":29.0,"key":"SMITH"},{"data":"A Thousand Cuts","floor":32.0,"key":"SMITH"},{"floor":41.0,"key":"REST"},{"floor":46.0,"key":"RECALL"},{"data":"Footwork","floor":49.0,"key":"SMITH"},{"data":"Footwork","floor":52.0,"key":"SMITH"}],"circlet_count":0,"master_deck":["AscendersBane","Strike_G","Strike_G","Strike_G","Strike_G","Strike_G","Defend_G","Defend_G","Defend_G","Defend_G","Defend_G","Survivor","Neutralize","Apotheosis+1","Blade Dance","Footwork","Tactician","Cloak And Dagger","Noxious Fumes","Accuracy","Accuracy","Blade Dance","Calculated Gamble","Terror+1","Tools of the Trade","Choke","Footwork+1","Footwork+1","Infinite Blades","Cloak And Dagger","PiercingWail","Underhanded Strike","Underhanded Strike","Crippling Poison","Blade Dance","A Thousand Cuts+1","Backflip","Backflip","Backflip","Slice","Caltrops","Bullet Time","Tools of the Trade","Acrobatics","Reflex","Tactician+1","Choke+1","Calculated Gamble","Tactician","Acrobatics","Deflect","Prepared","Cloak And Dagger","Cloak And Dagger","Tactician","Infinite Blades","Cloak And Dagger","After Image","Accuracy","Noxious Fumes","A Thousand Cuts"],"relics":["Ring of the Snake","Blood Vial","The Courier","Ninja Scroll","Orichalcum","Sozu","Membership Card","Bag of Marbles","Vajra","Akabeko","Regal Pillow","WristBlade","Meat on the Bone","StoneCalendar","Singing Bowl","Question Card","Eternal Feather","Bottled Flame"],"acts_visited":["Exordium","TheCity","TheBeyond","TheEnding"],"potions_floor_usage":[],"damage_taken":[{"damage":19.0,"enemies":"Jaw Worm","floor":1.0,"turns":5.0},{"damage":4.0,"enemies":"Small Slimes","floor":3.0,"turns":4.0},{"damage":0.0,"enemies":"Cultist","floor":4.0,"turns":4.0},{"damage":12.0,"enemies":"Exordium Thugs","floor":5.0,"turns":6.0},{"damage":21.0,"enemies":"3 Sentries","floor":7.0,"turns":6.0},{"damage":15.0,"enemies":"Lagavulin","floor":10.0,"turns":7.0},{"damage":0.0,"enemies":"Large Slime","floor":11.0,"turns":4.0},{"damage":6.0,"enemies":"Red Slaver","floor":12.0,"turns":3.0},{"damage":10.0,"enemies":"3 Sentries","floor":13.0,"turns":3.0},{"damage":0.0,"enemies":"Exordium Thugs","floor":14.0,"turns":4.0},{"damage":0.0,"enemies":"Slime Boss","floor":16.0,"turns":8.0},{"damage":0.0,"enemies":"Chosen","floor":18.0,"turns":5.0},{"damage":4.0,"enemies":"Spheric Guardian","floor":21.0,"turns":3.0},{"damage":18.0,"enemies":"Snake Plant","floor":22.0,"turns":5.0},{"damage":10.0,"enemies":"Gremlin Leader","floor":23.0,"turns":6.0},{"damage":25.0,"enemies":"Book of Stabbing","floor":25.0,"turns":4.0},{"damage":0.0,"enemies":"Gremlin Leader","floor":30.0,"turns":5.0},{"damage":50.0,"enemies":"Collector","floor":33.0,"turns":6.0},{"damage":0.0,"enemies":"3 Darklings","floor":35.0,"turns":3.0},{"damage":0.0,"enemies":"3 Shapes","floor":36.0,"turns":1.0},{"damage":36.0,"enemies":"Maw","floor":37.0,"turns":7.0},{"damage":12.0,"enemies":"Spire Growth","floor":38.0,"turns":4.0},{"damage":0.0,"enemies":"Giant Head","floor":40.0,"turns":6.0},{"damage":0.0,"enemies":"Reptomancer","floor":42.0,"turns":3.0},{"damage":1.0,"enemies":"4 Shapes","floor":44.0,"turns":3.0},{"damage":4.0,"enemies":"Nemesis","floor":45.0,"turns":3.0},{"damage":0.0,"enemies":"Giant Head","floor":47.0,"turns":4.0},{"damage":55.0,"enemies":"Transient","floor":48.0,"turns":5.0},{"damage":51.0,"enemies":"Donu and Deca","floor":50.0,"turns":9.0},{"damage":24,"enemies":"Shield and Spear","floor":54,"turns":6},{"damage":107,"enemies":"The Heart","floor":55,"turns":3}],"seed_played":"-7207856492004799431","potions_obtained":[{"floor":5.0,"key":"Regen Potion"},{"floor":7.0,"key":"Weak Potion"},{"floor":10.0,"key":"Block Potion"},{"floor":14.0,"key":"LiquidMemories"},{"floor":16.0,"key":"FearPotion"}],"is_trial":false,"path_per_floor":["M","$","M","M","M","R","E","R","T","E","M","M","E","M","R","B",null,"M","?","$","M","M","E","R","E","T","R","$","R","E","?","R","B",null,"M","M","M","M","$","E","R","E","T","M","E","R","E","M","R","B",null,"R","$","E","B"],"character_chosen":"THE_SILENT","items_purchased":["Footwork","Membership Card","Footwork","Footwork","Infinite Blades","Cloak And Dagger","PiercingWail","Underhanded Strike","Backflip","Backflip","Backflip","Slice","Caltrops","Meat on the Bone","Calculated Gamble","Tactician","Acrobatics","Deflect","Infinite Blades","Cloak And Dagger","After Image","Accuracy","Noxious Fumes"],"campfire_rested":5,"item_purchase_floors":[2,20,20,20,20,20,20,20,28,28,28,28,28,39,39,39,39,39,53,53,53,53,53],"current_hp_per_floor":[40,40,36,36,24,24,18,37,37,24,26,22,14,16,35,37,59,61,61,61,59,43,35,54,31,31,50,50,50,52,52,52,4,51,53,55,21,11,11,25,59,61,61,62,62,62,66,25,58,21,58,70,70,46,0,0],"gold":37,"neow_bonus":"RANDOM_COLORLESS_2","is_daily":false,"chose_seed":false,"campfire_upgraded":5,"win_rate":0.0,"timestamp":1611722338,"path_taken":["M","$","M","M","M","R","E","R","T","E","M","M","E","M","R","BOSS","M","?","$","M","M","E","R","E","T","R","$","R","E","?","R","BOSS","M","M","M","M","$","E","R","E","T","M","E","R","E","M","R","BOSS","R","$","E","BOSS"],"items_purchased_type":["Card","Relic","Card","Card","Card","Card","Card","Card","Card","Card","Card","Card","Card","Relic","Card","Card","Card","Card","Card","Card","Card","Card","Card"],"build_version":"2020-12-22","purchased_purges":1,"victory":false,"max_hp_per_floor":[66,66,66,66,66,66,66,66,66,66,66,66,66,66,66,66,66,66,66,66,66,66,66,66,66,66,66,66,66,66,66,66,66,66,66,66,66,66,66,66,66,66,66,66,68,68,70,70,70,70,70,70,70,70,70,70],"card_choices":[{"not_picked":["Violence","Thinking Ahead"],"picked":"Apotheosis","floor":0.0},{"not_picked":["Masterful Stab","Underhanded Strike"],"picked":"Blade Dance","floor":1.0},{"not_picked":["Catalyst","Bane"],"picked":"Tactician","floor":3.0},{"not_picked":["Prepared","Skewer"],"picked":"Cloak And Dagger","floor":4.0},{"not_picked":["Calculated Gamble","Quick Slash"],"picked":"Noxious Fumes","floor":5.0},{"not_picked":["Cloak And Dagger","Sucker Punch"],"picked":"Accuracy","floor":7.0},{"not_picked":["Predator","Corpse Explosion"],"picked":"Accuracy","floor":10.0},{"not_picked":["Flying Knee","Flechettes","Predator"],"picked":"SKIP","floor":11.0},{"not_picked":["Noxious Fumes","Dagger Throw"],"picked":"Blade Dance","floor":12.0},{"not_picked":["Reflex","Deadly Poison"],"picked":"Calculated Gamble","floor":13.0},{"not_picked":["Bane","Escape Plan"],"picked":"Terror","floor":14.0},{"not_picked":["Grand Finale","Glass Knife"],"picked":"Tools of the Trade","floor":16.0},{"not_picked":["Flying Knee","Calculated Gamble"],"picked":"Choke","floor":18.0},{"not_picked":["Slice","Endless Agony"],"picked":"Underhanded Strike","floor":21.0},{"not_picked":["Quick Slash","Outmaneuver+1"],"picked":"Crippling Poison","floor":22.0},{"not_picked":["Noxious Fumes","Quick Slash"],"picked":"Blade Dance","floor":23.0},{"not_picked":["Quick Slash","Sucker Punch"],"picked":"A Thousand Cuts","floor":25.0},{"not_picked":["Skewer","Flechettes"],"picked":"Bullet Time","floor":30.0},{"not_picked":["Storm of Steel","Corpse Explosion"],"picked":"Tools of the Trade","floor":33.0},{"not_picked":["Distraction","Concentrate"],"picked":"Acrobatics","floor":35.0},{"not_picked":["PiercingWail+1","Caltrops"],"picked":"Reflex","floor":36.0},{"not_picked":["Calculated Gamble+1","Noxious Fumes"],"picked":"Tactician+1","floor":37.0},{"not_picked":["Slice","Prepared"],"picked":"Choke+1","floor":38.0},{"not_picked":["Outmaneuver","Deadly Poison+1"],"picked":"Prepared","floor":40.0},{"not_picked":["Predator","Acrobatics"],"picked":"Cloak And Dagger","floor":42.0},{"not_picked":["Dash","Slice"],"picked":"Cloak And Dagger","floor":44.0},{"not_picked":["Setup","Expertise+1","Crippling Poison"],"picked":"Singing Bowl","floor":45.0},{"not_picked":["Caltrops","Die Die Die","Backflip","Finisher"],"picked":"Singing Bowl","floor":47.0},{"not_picked":["Heel Hook","Underhanded Strike","Bouncing Flask+1"],"picked":"Tactician","floor":48.0},{"not_picked":["Underhanded Strike","Dagger Throw","Dodge and Roll"],"picked":"A Thousand Cuts","floor":54}],"player_experience":179821,"relics_obtained":[{"floor":7.0,"key":"Blood Vial"},{"floor":9.0,"key":"The Courier"},{"floor":10.0,"key":"Ninja Scroll"},{"floor":13.0,"key":"Orichalcum"},{"floor":23.0,"key":"Bag of Marbles"},{"floor":25.0,"key":"Vajra"},{"floor":26.0,"key":"Akabeko"},{"floor":30.0,"key":"Regal Pillow"},{"floor":40.0,"key":"StoneCalendar"},{"floor":42.0,"key":"Singing Bowl"},{"floor":45.0,"key":"Question Card"},{"floor":47.0,"key":"Eternal Feather"},{"floor":54,"key":"Bottled Flame"}],"event_choices":[{"damage_healed":0.0,"max_hp_gain":0.0,"max_hp_loss":0.0,"gold_gain":0.0,"event_name":"Ghosts","player_choice":"Ignored","floor":19.0,"gold_loss":0.0,"damage_taken":0.0},{"damage_healed":0.0,"max_hp_gain":0.0,"max_hp_loss":0.0,"gold_gain":0.0,"event_name":"The Mausoleum","player_choice":"Ignored","floor":31.0,"gold_loss":0.0,"damage_taken":0.0}],"is_beta":false,"boss_relics":[{"not_picked":["Runic Dome","SlaversCollar"],"picked":"Sozu"},{"not_picked":["Velvet Choker","Fusion Hammer"],"picked":"WristBlade"}],"items_purged_floors":[2],"is_endless":false,"potions_floor_spawned":[5,7,10,14,16,18,23,25,36,37,44,45,47,54],"killed_by":"The Heart","ascension_level":15}}