{"host":"3rq1xc6k69gfb1qo","time":1611772591,"event":{"mods":["AchievementEnabler","BaseMod","Block Reminder","Colored Map","Highlight Path","Minty Spire (QoL Compilation)","Quick Restart","Relic Stats","StSLib"],"gold_per_floor":[112,126,126,17,17,17,42,58,82,101,111,111,39,62,62,192,192,216,216,243,258,258,258,258],"floor_reached":23,"language":"ENG","playtime":782,"items_purged":["Strike_G"],"score":245,"play_id":"a8038cbd-38c9-4ea3-840f-ca9cde8b2bcf","local_time":"20210127133631","is_ascension_mode":true,"campfire_choices":[{"data":"Riddle With Holes","floor":6,"key":"SMITH"},{"floor":15,"key":"REST"}],"circlet_count":0,"master_deck":["Strike_G","Strike_G","Strike_G","Defend_G","Defend_G","Defend_G","Defend_G","Defend_G","Survivor","Neutralize","Bouncing Flask","Riddle With Holes+1","Burst","Poisoned Stab","Escape Plan","Footwork","Noxious Fumes","Burst","CurseOfTheBell","Ghostly","Ghostly","Ghostly","Ghostly","Ghostly","Quick Slash","Crippling Poison"],"relics":["Ring of the Snake","Pen Nib","Happy Flower","Regal Pillow","Golden Idol","Calling Bell","Snake Skull","Ornamental Fan","Torii","Ancient Tea Set"],"acts_visited":["Exordium","TheCity"],"potions_floor_usage":[21,23,23],"damage_taken":[{"damage":0,"enemies":"Cultist","floor":1,"turns":4},{"damage":4,"enemies":"Small Slimes","floor":2,"turns":4},{"damage":19,"enemies":"3 Sentries","floor":7,"turns":10},{"damage":0,"enemies":"2 Louse","floor":8,"turns":1},{"damage":6,"enemies":"Looter","floor":10,"turns":3},{"damage":0,"enemies":"Exordium Wildlife","floor":11,"turns":3},{"damage":9,"enemies":"3 Louse","floor":14,"turns":4},{"damage":9,"enemies":"The Guardian","floor":16,"turns":9},{"damage":0,"enemies":"Chosen","floor":18,"turns":4},{"damage":7,"enemies":"3 Byrds","floor":21,"turns":6},{"damage":33,"enemies":"Gremlin Leader","floor":23,"turns":9}],"seed_played":"6198971381373992119","potions_obtained":[{"floor":1,"key":"LiquidBronze"},{"floor":3,"key":"DuplicationPotion"},{"floor":3,"key":"LiquidMemories"},{"floor":3,"key":"Weak Potion"},{"floor":21,"key":"AttackPotion"}],"is_trial":false,"path_per_floor":["M","M","?","$","?","R","E","M","T","M","M","?","$","M","R","B",null,"M","?","T","M","?","E"],"character_chosen":"THE_SILENT","items_purchased":["Riddle With Holes","Noxious Fumes"],"campfire_rested":1,"item_purchase_floors":[4,13],"current_hp_per_floor":[70,66,66,66,59,59,40,40,40,34,34,34,34,25,59,50,65,65,32,32,25,25,0,0],"gold":258,"neow_bonus":"RANDOM_COMMON_RELIC","is_daily":false,"chose_seed":false,"campfire_upgraded":1,"win_rate":0.0,"timestamp":1611772591,"path_taken":["M","M","?","?","?","R","E","M","T","M","M","?","?","M","R","BOSS","M","?","?","M","?","E"],"items_purchased_type":["Card","Card"],"build_version":"2020-12-22","purchased_purges":1,"victory":false,"max_hp_per_floor":[70,70,70,70,70,70,70,70,70,70,70,65,65,65,65,65,65,65,32,32,32,32,32,32],"relic_stats":{"Regal Pillow":15,"Happy Flower":[13],"Torii":0,"counters":[11,57],"Golden Idol":39,"Ornamental Fan":[4],"Pen Nib":[6],"Snake Skull":[30],"obtain_stats":[{"Calling Bell":17,"Regal Pillow":9,"Happy Flower":7,"Torii":17,"Golden Idol":12,"Ornamental Fan":17,"Pen Nib":0,"Snake Skull":17,"Ancient Tea Set":20,"Ring of the Snake":0},{"Calling Bell":8,"Regal Pillow":4,"Happy Flower":3,"Torii":8,"Golden Idol":6,"Ornamental Fan":8,"Pen Nib":0,"Snake Skull":8,"Ancient Tea Set":9,"Ring of the Snake":0},{"Calling Bell":38,"Regal Pillow":19,"Happy Flower":18,"Torii":38,"Golden Idol":25,"Ornamental Fan":38,"Pen Nib":0,"Snake Skull":38,"Ancient Tea Set":42,"Ring of the Snake":0}],"Ring of the Snake":[22]},"card_choices":[{"not_picked":["Expertise","Accuracy","Setup"],"picked":"SKIP","floor":1},{"not_picked":["Outmaneuver","Eviscerate"],"picked":"Bouncing Flask","floor":2},{"not_picked":["Backstab","Dodge and Roll"],"picked":"Burst","floor":7},{"not_picked":["Slice","Outmaneuver"],"picked":"Poisoned Stab","floor":8},{"not_picked":["Endless Agony","Tactician"],"picked":"Escape Plan","floor":10},{"not_picked":["Poisoned Stab","Concentrate"],"picked":"Footwork","floor":11},{"not_picked":["Prepared","Eviscerate","Masterful Stab"],"picked":"SKIP","floor":14},{"not_picked":["Venomology","Tools of the Trade"],"picked":"Burst","floor":16},{"not_picked":["Distraction","Flying Knee","Bane"],"picked":"SKIP","floor":18},{"not_picked":["Outmaneuver","Bane"],"picked":"Quick Slash","floor":21}],"player_experience":200333,"relics_obtained":[{"floor":7,"key":"Happy Flower"},{"floor":9,"key":"Regal Pillow"},{"floor":17,"key":"Snake Skull"},{"floor":17,"key":"Ornamental Fan"},{"floor":17,"key":"Torii"},{"floor":20,"key":"Ancient Tea Set"}],"event_choices":[{"damage_healed":0,"gold_gain":0,"player_choice":"Got Potions","damage_taken":0,"max_hp_gain":0,"max_hp_loss":0,"event_name":"Lab","floor":3,"gold_loss":0},{"cards_removed":["Strike_G"],"damage_healed":0,"gold_gain":0,"player_choice":"Card Removal","damage_taken":7,"max_hp_gain":0,"max_hp_loss":0,"event_name":"Golden Wing","floor":5,"gold_loss":0},{"damage_healed":0,"gold_gain":0,"player_choice":"Lose Max HP","damage_taken":0,"relics_obtained":["Golden Idol"],"max_hp_gain":0,"max_hp_loss":5,"event_name":"Golden Idol","floor":12,"gold_loss":0},{"damage_healed":0,"gold_gain":0,"player_choice":"Became a Ghost","damage_taken":0,"max_hp_gain":0,"max_hp_loss":33,"event_name":"Ghosts","floor":19,"gold_loss":0,"cards_obtained":["Ghostly","Ghostly","Ghostly","Ghostly","Ghostly"]},{"damage_healed":0,"gold_gain":0,"player_choice":"Read","damage_taken":0,"max_hp_gain":0,"max_hp_loss":0,"event_name":"The Library","floor":22,"gold_loss":0,"cards_obtained":["Crippling Poison"]}],"is_beta":false,"boss_relics":[{"not_picked":["HoveringKite","Runic Dome"],"picked":"Calling Bell"}],"items_purged_floors":[4],"is_endless":false,"potions_floor_spawned":[1,8,16,21],"killed_by":"Gremlin Leader","ascension_level":3}}