{"host":"2e5gbsni44p3458r","time":1611743701,"event":{"mods":["BaseMod","Colored Map","Downfall","Hermit","Minty Spire (QoL Compilation)","Replay The Spire","StSLib","The Cursed"],"gold_per_floor":[99,99,99,374,78,378,402,132,149,249,149,183,35,45,63,63,63,63],"floor_reached":16,"language":"ENG","playtime":796,"items_purged":["Regret","downfall:Icky"],"score":110,"play_id":"b32076a3-83fb-4c30-970e-ac343c12ad81","local_time":"20210127193501","is_ascension_mode":true,"campfire_choices":[{"floor":1,"key":"RECALL"},{"data":"bronze:Terminator","floor":11,"key":"SMITH"}],"circlet_count":0,"master_deck":["bronze:Strike","bronze:Strike","bronze:Strike","bronze:Defend","bronze:Defend","bronze:Defend","bronze:Defend","bronze:Replicate","bronze:Goto","bronze:Overheat","bronze:Iterate","bronze:Terminator+1","bronze:Iterate","bronze:Boost","bronze:Fortify","bronze:MaxOutput+1","bronze:FineTuning","bronze:Branch","bronze:Virus","bronze:Flail","Replay:SS_forest_2","bronze:Repair"],"relics":["bronze:BronzeCore","downfall:HeartsMalice","Medical Kit","downfall:HeartBlessingRed","Chameleon Ring"],"acts_visited":["Exordium"],"potions_floor_usage":[12,15,16,16],"damage_taken":[{"damage":0,"enemies":"Cultist","floor":2,"turns":1},{"damage":0,"enemies":"Jaw Worm","floor":3,"turns":1},{"damage":0,"enemies":"downfall:FleeingMerchant","floor":5,"turns":1},{"damage":5,"enemies":"downfall:FleeingMerchant","floor":8,"turns":4},{"damage":14,"enemies":"Small Slimes","floor":9,"turns":2},{"damage":31,"enemies":"downfall:Heads","floor":10,"turns":5},{"damage":5,"enemies":"3 Sentries","floor":12,"turns":4},{"damage":5,"enemies":"downfall:FleeingMerchant","floor":13,"turns":4},{"damage":0,"enemies":"3 Louse","floor":14,"turns":1},{"damage":7,"enemies":"Exordium Thugs","floor":15,"turns":4},{"damage":0,"enemies":"DF_ARCHETYPE_STREAMLINE","floor":16,"turns":3}],"seed_played":"2976582077256922074","potions_obtained":[{"floor":10,"key":"Fire Potion"},{"floor":12,"key":"DuplicationPotion"},{"floor":14,"key":"Strength Potion"},{"floor":15,"key":"Adrenaline Potion"}],"is_trial":false,"path_per_floor":["R","M","M","?","$","?","T","$","M","?","R","E","$","M","M","B"],"character_chosen":"THE_AUTOMATON","items_purchased":["Medical Kit","bronze:Terminator","bronze:Boost","bronze:Fortify","bronze:Flail","Replay:SS_forest_2"],"campfire_rested":0,"item_purchase_floors":[5,5,8,8,13,13],"current_hp_per_floor":[70,70,70,70,70,70,70,65,51,20,20,15,10,10,10,10,10,10],"gold":63,"neow_bonus":"THREE_ENEMY_KILL","is_daily":false,"chose_seed":false,"campfire_upgraded":1,"win_rate":0.0,"timestamp":1611743701,"path_taken":["R","M","?","?","?","?","T","$","M","?","R","E","$","M","M","BOSS"],"items_purchased_type":["Relic","Card","Card","Card","Card","Card"],"build_version":"2020-12-22","purchased_purges":2,"victory":false,"max_hp_per_floor":[70,70,70,70,70,70,70,70,70,70,70,70,70,70,70,70,70,70],"card_choices":[{"not_picked":["bronze:Philosophize","bronze:Invalidate"],"picked":"bronze:Overheat","floor":2},{"not_picked":["bronze:DelayedSlice","bronze:Backtrace","bronze:InfiniteBeams"],"picked":"SKIP","floor":3},{"not_picked":["bronze:BronzeArmor","bronze:BuggyMess"],"picked":"bronze:Iterate","floor":5},{"not_picked":["bronze:Shell","bronze:BronzeOrb"],"picked":"bronze:Iterate","floor":8},{"not_picked":["bronze:BitShift","bronze:Return"],"picked":"bronze:MaxOutput","floor":9},{"not_picked":["bronze:Turbo","bronze:CutThrough"],"picked":"bronze:FineTuning","floor":10},{"not_picked":["bronze:Shield","bronze:Terminator","bronze:ThunderWave"],"picked":"SKIP","floor":12},{"not_picked":["bronze:Overload","bronze:MaxOutput"],"picked":"bronze:Virus","floor":13},{"not_picked":["bronze:BugBarrage","bronze:Overheat"],"picked":"bronze:Repair","floor":14},{"not_picked":["bronze:WildBeam","bronze:Shield","bronze:Turbo"],"picked":"SKIP","floor":15}],"player_experience":763503,"relics_obtained":[{"floor":12,"key":"Chameleon Ring"}],"event_choices":[],"is_beta":false,"boss_relics":[],"items_purged_floors":[5,8],"is_endless":false,"potions_floor_spawned":[10,12,14,15],"killed_by":"DF_ARCHETYPE_STREAMLINE","ascension_level":3}}