{"host":"h1qktzcccqnez8tx","time":1611787042,"event":{"mods":["AchievementEnabler","BaseMod","Bestiary","Better Note","Block Reminder","Colored Map","Colored Powertips","Curses Come First","Highlight Path","Minty Spire (QoL Compilation)","Permanent Neow","Quick Restart","Relic Stats","StSLib","UnlockEverythingMod"],"gold_per_floor":[113,128,147,163,19,51,68,95,95,95,111,111,145,155,155,254,254,265,283,283,296,395,395,395],"floor_reached":23,"language":"ENG","playtime":781,"items_purged":[],"score":481,"play_id":"38b3ca87-a89e-4a27-86c6-01d406aa9e3b","local_time":"20210127233722","daily_mods":["Draft"],"is_ascension_mode":true,"campfire_choices":[{"floor":12,"key":"REST"},{"data":"1","floor":15,"key":"LIFT"}],"circlet_count":0,"master_deck":["Hologram","Ball Lightning","Go for the Eyes","Barrage","Turbo","Barrage","Ball Lightning","Coolheaded","Cold Snap","Gash","Hologram","Redo","Gash","Recycle","Auto Shields","Gash","Doom and Gloom","Steam Power","Cold Snap","Conserve Battery","Gash","Ball Lightning","Defragment","Leap","Stack","Gash","Seek","Turbo+1","Leap+1","Scrawl","Double Energy+1"],"relics":["Cracked Core","Runic Capacitor","StoneCalendar","The Courier","Girya","Darkstone Periapt","Inserter"],"acts_visited":["Exordium","TheCity"],"potions_floor_usage":[8,13,19],"damage_taken":[{"damage":7,"enemies":"Jaw Worm","floor":1,"turns":2},{"damage":0,"enemies":"Cultist","floor":2,"turns":2},{"damage":12,"enemies":"Small Slimes","floor":3,"turns":2},{"damage":0,"enemies":"Exordium Thugs","floor":4,"turns":3},{"damage":14,"enemies":"Gremlin Nob","floor":6,"turns":3},{"damage":0,"enemies":"2 Fungi Beasts","floor":7,"turns":3},{"damage":8,"enemies":"Lagavulin","floor":8,"turns":3},{"damage":0,"enemies":"Looter","floor":11,"turns":2},{"damage":4,"enemies":"Gremlin Nob","floor":13,"turns":3},{"damage":8,"enemies":"Gremlin Gang","floor":14,"turns":4},{"damage":0,"enemies":"Hexaghost","floor":16,"turns":7},{"damage":19,"enemies":"Shell Parasite","floor":18,"turns":4},{"damage":18,"enemies":"2 Thieves","floor":19,"turns":3},{"damage":29,"enemies":"Snecko","floor":21,"turns":5},{"damage":6,"enemies":"Slavers","floor":23,"turns":1}],"seed_played":"-3050649851630475216","potions_obtained":[{"floor":2,"key":"Explosive Potion"},{"floor":6,"key":"Dexterity Potion"},{"floor":7,"key":"Weak Potion"},{"floor":8,"key":"DistilledChaos"},{"floor":14,"key":"Regen Potion"}],"is_trial":true,"path_per_floor":["M","M","M","M","$","E","M","E","T","?","M","R","E","M","R","B",null,"M","M","?","M","?","E"],"character_chosen":"DEFECT","items_purchased":["Runic Capacitor"],"campfire_rested":1,"item_purchase_floors":[5],"current_hp_per_floor":[68,68,56,56,56,42,42,34,34,34,34,56,52,44,44,44,67,48,30,30,1,1,0,0],"gold":395,"neow_bonus":"","is_daily":false,"chose_seed":false,"campfire_upgraded":0,"win_rate":0.0,"timestamp":1611787042,"path_taken":["M","M","M","M","$","E","M","E","T","?","?","R","E","M","R","BOSS","M","M","?","M","?","E"],"items_purchased_type":["Relic"],"build_version":"2020-12-22","purchased_purges":0,"victory":false,"max_hp_per_floor":[75,75,75,75,75,75,75,75,75,75,75,75,75,75,75,75,75,75,75,75,75,75,75,75],"relic_stats":{"Darkstone Periapt":0,"Inserter":[6],"counters":[15,47],"StoneCalendar":[0],"obtain_stats":[{"Darkstone Periapt":13,"Girya":9,"Inserter":17,"StoneCalendar":6,"The Courier":8,"Runic Capacitor":5,"Cracked Core":0},{"Darkstone Periapt":9,"Girya":7,"Inserter":11,"StoneCalendar":5,"The Courier":7,"Runic Capacitor":4,"Cracked Core":0},{"Darkstone Periapt":23,"Girya":18,"Inserter":34,"StoneCalendar":12,"The Courier":18,"Runic Capacitor":9,"Cracked Core":0}]},"card_choices":[{"not_picked":["Loop","Redo"],"picked":"Hologram","floor":0},{"not_picked":["Darkness","Coolheaded"],"picked":"Ball Lightning","floor":0},{"not_picked":["Coolheaded","Redo"],"picked":"Go for the Eyes","floor":0},{"not_picked":["Rebound","Hologram"],"picked":"Barrage","floor":0},{"not_picked":["Ball Lightning","Sweeping Beam"],"picked":"Turbo","floor":0},{"not_picked":["Melter","Fusion"],"picked":"Barrage","floor":0},{"not_picked":["Go for the Eyes","Cold Snap"],"picked":"Ball Lightning","floor":0},{"not_picked":["Undo","Compile Driver"],"picked":"Coolheaded","floor":0},{"not_picked":["BootSequence","Sweeping Beam"],"picked":"Cold Snap","floor":0},{"not_picked":["Self Repair","Go for the Eyes"],"picked":"Gash","floor":0},{"not_picked":["Stack","Tempest"],"picked":"Hologram","floor":0},{"not_picked":["Barrage","Streamline"],"picked":"Redo","floor":0},{"not_picked":["Fusion","Barrage"],"picked":"Gash","floor":0},{"not_picked":["Redo","Steam Power"],"picked":"Recycle","floor":0},{"not_picked":["Reprogram","Recycle"],"picked":"Auto Shields","floor":0},{"not_picked":["Consume","Streamline"],"picked":"Gash","floor":1},{"not_picked":["Darkness","Steam"],"picked":"Doom and Gloom","floor":2},{"not_picked":["Force Field","Aggregate"],"picked":"Steam Power","floor":3},{"not_picked":["Hologram","Scrape"],"picked":"Cold Snap","floor":4},{"not_picked":["Core Surge","Hello World"],"picked":"Conserve Battery","floor":6},{"not_picked":["Barrage","Sweeping Beam"],"picked":"Gash","floor":7},{"not_picked":["Coolheaded","BootSequence"],"picked":"Ball Lightning","floor":8},{"not_picked":["Conserve Battery","Steam Power"],"picked":"Leap","floor":11},{"not_picked":["Hyperbeam","Redo"],"picked":"Stack","floor":13},{"not_picked":["Ball Lightning","Conserve Battery"],"picked":"Gash","floor":14},{"not_picked":["Amplify","Buffer"],"picked":"Seek","floor":16},{"not_picked":["Streamline","Recycle+1"],"picked":"Turbo+1","floor":18},{"not_picked":["Streamline","Conserve Battery"],"picked":"Leap+1","floor":19},{"not_picked":["Go for the Eyes","Lockon+1"],"picked":"Double Energy+1","floor":21}],"player_experience":192676,"relics_obtained":[{"floor":6,"key":"StoneCalendar"},{"floor":8,"key":"The Courier"},{"floor":9,"key":"Girya"},{"floor":13,"key":"Darkstone Periapt"}],"event_choices":[{"damage_healed":0,"gold_gain":0,"player_choice":"1 cards matched","damage_taken":0,"max_hp_gain":0,"max_hp_loss":0,"event_name":"Match and Keep!","floor":10,"gold_loss":0,"cards_obtained":["Defragment"]},{"cards_removed":["Recycle"],"damage_healed":0,"gold_gain":0,"player_choice":"Take \u0026 Give","damage_taken":0,"max_hp_gain":0,"max_hp_loss":0,"event_name":"betterNote:BetterNote","floor":20,"gold_loss":0,"cards_obtained":["Scrawl"]},{"damage_healed":0,"gold_gain":99,"player_choice":"Stole From Cult","damage_taken":0,"max_hp_gain":0,"max_hp_loss":0,"event_name":"Nest","floor":22,"gold_loss":0}],"is_beta":false,"boss_relics":[{"not_picked":["Cursed Key","Runic Dome"],"picked":"Inserter"}],"items_purged_floors":[],"is_endless":true,"potions_floor_spawned":[2,6,7,8,14,16,18],"killed_by":"Slavers","ascension_level":5}}