{"host":"j1eo1fqrqta44853","time":1611726333,"event":{"mods":["Act Like it!","Bartender","BaseMod","CatGirl Mod","Custom Start","Downfall","Elementarium","Gensokyo","GungeonMod","HololiveMod","Hubris","Infinite Spire","KinomotoSakuraMod(????)","Koishi","Lobotomy","LobotomyExtend","Marisa????????","Minty Spire (QoL Compilation)","Pale of the Ancients","Rare Cards Sparkle","Reimu??????","Reliquary","Replay The Spire","SIMod","Shedinja","Spire Arcade","StSLib","The Alterego","The Jungle","The Marked","The Mystic","The Runesmith","The Senshi","The Vixen","TheBandit","Waifu the Spire","WarShipGirlsR/????R mod","Yakumo Yukari mod"],"gold_per_floor":[109,109,124,124,140,140,156,156,179,192,192,192,192,225,225,240,240,240,240],"floor_reached":18,"language":"ENG","playtime":1519,"items_purged":[],"score":137,"play_id":"a677754a-8cc1-4d76-8d77-4edf24862d12","local_time":"20210126234533","is_ascension_mode":false,"campfire_choices":[{"floor":6,"key":"RECALL"},{"data":"Shedinja:WillOWisp","floor":8,"key":"SMITH"},{"data":"Shedinja:WillOWisp","floor":11,"key":"SMITH"},{"data":"Shedinja:SafetyGoggles","floor":17,"key":"SMITH"}],"circlet_count":0,"master_deck":["Shedinja:Scratch","Shedinja:Scratch","Shedinja:Scratch","Shedinja:Scratch","Shedinja:Endure","Shedinja:Endure","Shedinja:Endure","Shedinja:Endure","Shedinja:Endure","Shedinja:FocusSash","Shedinja:FocusSash","Dramatic Entrance","Shedinja:ArtifactCard","Shedinja:StruggleBug","Shedinja:Elixir","hubris:Lust","Shedinja:Harden","Shedinja:WillOWisp+1","Shedinja:WillOWisp+1","Shedinja:SafetyGoggles+1","Shedinja:RockyHelmet"],"relics":["Shedinja:WonderGuard","hubris:DisguiseKit","DemoMod:GlassGuonStoneRelic","hubris:TenFootPole","reliquary:Stiletto"],"acts_visited":["Exordium"],"potions_floor_usage":[18],"damage_taken":[{"damage":0,"enemies":"Jaw Worm","floor":1,"turns":5},{"damage":0,"enemies":"Cultist","floor":3,"turns":5},{"damage":0,"enemies":"2 Louse","floor":5,"turns":3},{"damage":0,"enemies":"Blue Slaver","floor":7,"turns":9},{"damage":0,"enemies":"Exordium Wildlife","floor":10,"turns":7},{"damage":0,"enemies":"3 Sentries","floor":14,"turns":13},{"damage":0,"enemies":"Red Slaver","floor":16,"turns":6},{"damage":8,"enemies":"Slime Boss","floor":18,"turns":9}],"seed_played":"-3879420613358221266","potions_obtained":[{"floor":3,"key":"Flashbang"},{"floor":10,"key":"SpeedPotion"}],"is_trial":false,"path_per_floor":["M","?","M","?","M","R","M","R","T","M","R","PTL","PTL","E","?","M","R","B"],"character_chosen":"THE_DEFAULT","items_purchased":[],"campfire_rested":0,"item_purchase_floors":[],"current_hp_per_floor":[1,1,1,1,1,1,1,1,1,1,1,1,1,1,1,1,1,0,0],"gold":240,"neow_bonus":"RANDOM_COLORLESS","is_daily":false,"chose_seed":false,"campfire_upgraded":3,"win_rate":0.0,"timestamp":1611726333,"path_taken":["M","?","?","?","M","R","M","R","T","M","R","PTL","PTL","E","?","M","R","BOSS"],"items_purchased_type":[],"build_version":"2020-12-22","purchased_purges":0,"victory":false,"max_hp_per_floor":[1,1,1,1,1,1,1,1,1,1,1,1,1,1,1,1,1,1,1],"card_choices":[{"not_picked":["DemoMod:Spice","hubris:Ssssneak"],"picked":"Dramatic Entrance","floor":0},{"not_picked":["Shedinja:FurySwipes","Shedinja:ShadowBall"],"picked":"Shedinja:ArtifactCard","floor":1},{"not_picked":["Shedinja:BugBuzz","Shedinja:ArtifactCard"],"picked":"Shedinja:Elixir","floor":3},{"not_picked":["Shedinja:StruggleBug","Shedinja:MetalClaw","Finisher"],"picked":"Shedinja:Harden","floor":5},{"not_picked":["Shedinja:Mimic","Shedinja:Facade","Cloak And Dagger"],"picked":"Shedinja:WillOWisp","floor":7},{"not_picked":["Shedinja:StruggleBug","Shedinja:Round","Backflip"],"picked":"Shedinja:WillOWisp","floor":10},{"not_picked":["Shedinja:ShadowSneak","Shedinja:NightSlash","Replay:Bag of Tricks"],"picked":"Shedinja:SafetyGoggles","floor":14},{"not_picked":["Shedinja:Elixir","Shedinja:Facade","PiercingWail"],"picked":"Shedinja:RockyHelmet","floor":16}],"player_experience":1126273,"relics_obtained":[{"floor":14,"key":"hubris:TenFootPole"}],"event_choices":[{"damage_healed":0,"gold_gain":0,"cards_transformed":["Shedinja:Scratch"],"player_choice":"Transformed","damage_taken":0,"max_hp_gain":0,"max_hp_loss":0,"event_name":"Transmorgrifier","floor":2,"gold_loss":0,"cards_obtained":["Shedinja:StruggleBug"]}],"is_beta":false,"boss_relics":[],"items_purged_floors":[],"is_endless":false,"potions_floor_spawned":[3,5,10],"killed_by":"Slime Boss","ascension_level":0}}