{"host":"p090fjik2phvjstn","time":1611706209,"event":{"mods":["AchievementEnabler","BaseMod","Block Reminder","Colored Powertips","Minty Spire (QoL Compilation)","Quick Restart","Synergy Search"],"gold_per_floor":[117,136,61,80,80,107,123,123,178,194,194,206,206,221,221,324,624,611,189,189,189,189,214,214,214,214],"floor_reached":25,"language":"ENG","playtime":1135,"items_purged":["Strike_G","Strike_G"],"score":320,"play_id":"0595a9c9-c918-49ae-8081-42b5da293f67","local_time":"20210127001009","is_ascension_mode":true,"campfire_choices":[{"floor":11.0,"key":"REST"},{"floor":13.0,"key":"REST"},{"floor":15.0,"key":"REST"},{"floor":24.0,"key":"REST"}],"circlet_count":0,"master_deck":["Strike_G","Strike_G","Strike_G","Defend_G","Defend_G","Defend_G","Defend_G","Defend_G","Survivor","Neutralize","All Out Attack","Acrobatics","PiercingWail","Underhanded Strike","Eviscerate","Predator","Envenom","CurseOfTheBell","Cloak And Dagger","Blur","RitualDagger","Footwork+1"],"relics":["HoveringKite","HornCleat","Snake Skull","Calling Bell","Regal Pillow","Mercury Hourglass","Old Coin","Shovel","Art of War"],"acts_visited":["Exordium","TheCity"],"potions_floor_usage":[],"damage_taken":[{"damage":1.0,"enemies":"2 Louse","floor":1.0,"turns":4.0},{"damage":1.0,"enemies":"Small Slimes","floor":2.0,"turns":4.0},{"damage":3.0,"enemies":"Jaw Worm","floor":4.0,"turns":4.0},{"damage":24.0,"enemies":"3 Sentries","floor":6.0,"turns":9.0},{"damage":29.0,"enemies":"Gremlin Gang","floor":7.0,"turns":6.0},{"damage":2.0,"enemies":"Blue Slaver","floor":10.0,"turns":4.0},{"damage":0.0,"enemies":"Large Slime","floor":12.0,"turns":3.0},{"damage":0.0,"enemies":"2 Fungi Beasts","floor":14.0,"turns":3.0},{"damage":35.0,"enemies":"The Guardian","floor":16.0,"turns":16.0},{"damage":12.0,"enemies":"2 Thieves","floor":18.0,"turns":4.0},{"damage":33.0,"enemies":"Book of Stabbing","floor":23.0,"turns":7.0},{"damage":36,"enemies":"Slavers","floor":25,"turns":4}],"seed_played":"4951715411419209299","potions_obtained":[{"floor":1.0,"key":"SpeedPotion"},{"floor":10.0,"key":"BlessingOfTheForge"},{"floor":14.0,"key":"Explosive Potion"}],"is_trial":false,"path_per_floor":["M","M","$","M","?","E","M","?","T","M","R","M","R","M","R","B",null,"M","$","?","?","?","E","R","E"],"character_chosen":"THE_SILENT","items_purchased":["Shovel","Blur"],"campfire_rested":4,"item_purchase_floors":[19,19],"current_hp_per_floor":[62,61,61,58,58,34,5,5,5,3,24,24,45,45,66,31,60,48,48,48,42,42,9,45,9,9],"gold":214,"neow_bonus":"BOSS_RELIC","is_daily":false,"chose_seed":false,"campfire_upgraded":0,"win_rate":0.0,"timestamp":1611706209,"path_taken":["M","M","$","M","?","E","M","?","T","M","R","?","R","?","R","BOSS","M","$","?","?","?","E","R","E"],"items_purchased_type":["Relic","Card"],"build_version":"2020-12-22","purchased_purges":2,"victory":false,"max_hp_per_floor":[70,70,70,70,70,70,70,70,70,70,70,70,70,70,70,70,70,70,70,70,70,70,70,70,70,70],"card_choices":[{"not_picked":["Prepared","Finisher"],"picked":"All Out Attack","floor":1.0},{"not_picked":["Deadly Poison","Dagger Throw"],"picked":"Acrobatics","floor":2.0},{"not_picked":["Backstab","Accuracy"],"picked":"PiercingWail","floor":4.0},{"not_picked":["Bane","Sucker Punch"],"picked":"Underhanded Strike","floor":6.0},{"not_picked":["Underhanded Strike","Heel Hook","Slice"],"picked":"SKIP","floor":7.0},{"not_picked":["Cloak And Dagger","Reflex"],"picked":"Eviscerate","floor":10.0},{"not_picked":["Outmaneuver","Bouncing Flask"],"picked":"Predator","floor":12.0},{"not_picked":["Choke","Deadly Poison","Riddle With Holes"],"picked":"SKIP","floor":14.0},{"not_picked":["Bullet Time","Burst"],"picked":"Envenom","floor":16.0},{"not_picked":["Caltrops","Bane"],"picked":"Cloak And Dagger","floor":18.0},{"not_picked":["A Thousand Cuts","Heel Hook"],"picked":"Footwork+1","floor":23.0}],"player_experience":534710,"relics_obtained":[{"floor":6.0,"key":"HornCleat"},{"floor":9.0,"key":"Snake Skull"},{"floor":17.0,"key":"Regal Pillow"},{"floor":17.0,"key":"Mercury Hourglass"},{"floor":17.0,"key":"Old Coin"},{"floor":23.0,"key":"Art of War"}],"event_choices":[{"damage_healed":0.0,"max_hp_gain":0.0,"max_hp_loss":0.0,"gold_gain":0.0,"event_name":"Liars Game","player_choice":"Ignored","floor":5.0,"gold_loss":0.0,"damage_taken":0.0},{"damage_healed":0.0,"max_hp_gain":0.0,"max_hp_loss":0.0,"gold_gain":0.0,"event_name":"Shining Light","player_choice":"Ignored","floor":8.0,"gold_loss":0.0,"damage_taken":0.0},{"damage_healed":0.0,"max_hp_gain":0.0,"max_hp_loss":0.0,"gold_gain":0.0,"event_name":"Ghosts","player_choice":"Ignored","floor":20.0,"gold_loss":0.0,"damage_taken":0.0},{"damage_healed":0.0,"max_hp_gain":0.0,"max_hp_loss":0.0,"gold_gain":0.0,"event_name":"Nest","player_choice":"Joined the Cult","floor":21.0,"gold_loss":0.0,"damage_taken":6.0,"cards_obtained":["RitualDagger"]},{"damage_healed":0.0,"max_hp_gain":0.0,"max_hp_loss":0.0,"gold_gain":0.0,"event_name":"Vampires","player_choice":"Ignored","floor":22.0,"gold_loss":0.0,"damage_taken":0.0}],"is_beta":false,"boss_relics":[{"not_picked":["Sozu","SlaversCollar"],"picked":"Calling Bell"}],"items_purged_floors":[3,19],"is_endless":false,"potions_floor_spawned":[1,10,14],"killed_by":"Slavers","ascension_level":9}}