{"host":"vqun63pi4q2xs0ca","time":1611791995,"event":{"mods":["BaseMod","Bestiary","Minty Spire (QoL Compilation)","Relic Stats","StSLib"],"gold_per_floor":[109,6,6,6,26,26,355,368,368,368,396,396,426,538,550,562,562],"floor_reached":16,"language":"ENG","playtime":531,"items_purged":["Decay"],"score":232,"play_id":"a1650bb2-368c-4124-b4aa-037e7edd7c63","local_time":"20210127235955","is_ascension_mode":true,"campfire_choices":[{"floor":6,"key":"REST"},{"floor":10,"key":"REST"},{"floor":12,"key":"REST"},{"floor":15,"key":"REST"}],"circlet_count":0,"master_deck":["AscendersBane","Strike_P","Strike_P","Strike_P","Strike_P","Defend_P","Defend_P","Defend_P","Defend_P","Eruption","Vigilance","Consecrate","Crescendo","Protect","FlurryOfBlows","WheelKick","Meditate","FollowUp"],"relics":["PureWater","Calipers","Shuriken","Old Coin","Mummified Hand","Unceasing Top","MawBank"],"acts_visited":["Exordium"],"potions_floor_usage":[7,11,13],"damage_taken":[{"damage":9,"enemies":"2 Louse","floor":1,"turns":3},{"damage":4,"enemies":"Cultist","floor":5,"turns":4},{"damage":16,"enemies":"Gremlin Nob","floor":7,"turns":3},{"damage":0,"enemies":"Jaw Worm","floor":8,"turns":4},{"damage":35,"enemies":"Lagavulin","floor":11,"turns":5},{"damage":27,"enemies":"3 Sentries","floor":13,"turns":8},{"damage":25,"enemies":"Hexaghost","floor":16,"turns":9}],"seed_played":"-2403377584956322438","potions_obtained":[{"floor":1,"key":"ColorlessPotion"},{"floor":5,"key":"Strength Potion"},{"floor":11,"key":"Strength Potion"}],"is_trial":false,"path_per_floor":["M","$","?","?","M","R","E","M","T","R","E","R","E","?","R","B"],"character_chosen":"WATCHER","items_purchased":["Crescendo"],"campfire_rested":4,"item_purchase_floors":[2],"current_hp_per_floor":[52,52,26,26,22,42,26,26,26,46,11,31,4,4,24,0,0],"gold":562,"neow_bonus":"ONE_RARE_RELIC","is_daily":false,"chose_seed":false,"campfire_upgraded":0,"win_rate":0.0,"timestamp":1611791995,"path_taken":["M","$","?","?","M","R","E","M","T","R","E","R","E","?","R","BOSS"],"items_purchased_type":["Card"],"build_version":"2020-12-22","purchased_purges":1,"victory":false,"max_hp_per_floor":[68,68,68,68,68,68,68,68,68,68,68,68,68,68,68,68,68],"relic_stats":{"counters":[7,36],"Shuriken":[10],"Mummified Hand":[0],"MawBank":36,"obtain_stats":[{"Calipers":0,"Shuriken":3,"Mummified Hand":9,"PureWater":0,"MawBank":13,"Unceasing Top":11,"Old Coin":7},{"Calipers":0,"Shuriken":1,"Mummified Hand":4,"PureWater":0,"MawBank":6,"Unceasing Top":5,"Old Coin":3},{"Calipers":0,"Shuriken":3,"Mummified Hand":14,"PureWater":0,"MawBank":27,"Unceasing Top":19,"Old Coin":10}],"Unceasing Top":[0]},"card_choices":[{"not_picked":["Protect","EmptyFist"],"picked":"Consecrate","floor":1},{"not_picked":["CrushJoints","WreathOfFlame"],"picked":"Protect","floor":5},{"not_picked":["ClearTheMind","Wireheading"],"picked":"FlurryOfBlows","floor":7},{"not_picked":["WaveOfTheHand","Meditate"],"picked":"WheelKick","floor":8},{"not_picked":["ThirdEye","Omniscience"],"picked":"Meditate","floor":11},{"not_picked":["JustLucky","CarveReality"],"picked":"FollowUp","floor":13}],"player_experience":1453238,"relics_obtained":[{"floor":7,"key":"Old Coin"},{"floor":9,"key":"Mummified Hand"},{"floor":11,"key":"Unceasing Top"},{"floor":13,"key":"MawBank"}],"event_choices":[{"damage_healed":0,"gold_gain":0,"player_choice":"Success","damage_taken":26,"relics_obtained":["Shuriken"],"max_hp_gain":0,"max_hp_loss":0,"event_name":"Scrap Ooze","floor":3,"gold_loss":0},{"damage_healed":0,"gold_gain":0,"player_choice":"Ignored","damage_taken":0,"max_hp_gain":0,"max_hp_loss":0,"event_name":"Liars Game","floor":4,"gold_loss":0},{"damage_healed":0,"gold_gain":100,"player_choice":"Gold","damage_taken":0,"max_hp_gain":0,"max_hp_loss":0,"event_name":"Wheel of Change","floor":14,"gold_loss":0}],"is_beta":false,"boss_relics":[],"items_purged_floors":[2],"is_endless":false,"potions_floor_spawned":[1,5,11],"killed_by":"Hexaghost","ascension_level":20}}