{"host":"4lch21uqe3ag08cj","time":1611784501,"event":{"mods":["AchievementEnabler","BaseMod","Block Reminder","Colored Map","Colored Powertips","Minty Spire (QoL Compilation)","Permanent Neow","Relic Stats"],"gold_per_floor":[165,184,199,210,225,225,175,201,225,181,212,225,237,271,271,369,369,380,391,424,424,3,3,17,17,17],"floor_reached":25,"language":"ENG","playtime":1083,"items_purged":["Strike_B"],"score":225,"play_id":"eb1870be-ae4c-4ff2-8c46-fe3752d802f8","local_time":"20210127185501","is_ascension_mode":false,"campfire_choices":[{"data":"Defragment","floor":6,"key":"SMITH"},{"floor":15,"key":"REST"},{"floor":23,"key":"REST"}],"circlet_count":0,"master_deck":["Strike_B+1","Strike_B","Defend_B","Defend_B","Defend_B","Defend_B","Zap","Dualcast","Ball Lightning","Leap","Defragment+1","Ball Lightning","Cold Snap","Ball Lightning","Machine Learning+1","Defragment+1","Loop+1","Buffer+1","Stack","Coolheaded+1","Echo Form+1","BootSequence","Cold Snap","Force Field+1"],"relics":["Tiny House","Frozen Egg 2","Nunchaku","Potion Belt","Bag of Marbles","Black Star","Red Mask","Sling"],"acts_visited":["Exordium","TheCity"],"potions_floor_usage":[2,8,11,12,13,16,20,25],"damage_taken":[{"damage":1,"enemies":"Cultist","floor":1,"turns":3},{"damage":0,"enemies":"Small Slimes","floor":2,"turns":2},{"damage":0,"enemies":"2 Louse","floor":3,"turns":2},{"damage":5,"enemies":"Looter","floor":4,"turns":3},{"damage":3,"enemies":"Large Slime","floor":5,"turns":5},{"damage":22,"enemies":"3 Sentries","floor":8,"turns":6},{"damage":12,"enemies":"Gremlin Nob","floor":11,"turns":3},{"damage":4,"enemies":"Red Slaver","floor":12,"turns":3},{"damage":0,"enemies":"3 Louse","floor":13,"turns":2},{"damage":5,"enemies":"3 Sentries","floor":14,"turns":6},{"damage":13,"enemies":"Hexaghost","floor":16,"turns":6},{"damage":3,"enemies":"Spheric Guardian","floor":18,"turns":4},{"damage":0,"enemies":"Chosen","floor":19,"turns":5},{"damage":68,"enemies":"Masked Bandits","floor":20,"turns":7},{"damage":15,"enemies":"Snake Plant","floor":24,"turns":7},{"damage":27,"enemies":"3 Cultists","floor":25,"turns":5}],"seed_played":"1082290557431396033","potions_obtained":[{"floor":0,"key":"SteroidPotion"},{"floor":1,"key":"SteroidPotion"},{"floor":5,"key":"Explosive Potion"},{"floor":11,"key":"EssenceOfSteel"},{"floor":12,"key":"BlessingOfTheForge"},{"floor":13,"key":"FearPotion"},{"floor":19,"key":"Dexterity Potion"},{"floor":24,"key":"Fire Potion"}],"is_trial":false,"path_per_floor":["M","M","M","M","M","R","?","E","T","?","E","M","M","E","R","B",null,"M","M","?","?","$","R","M","M"],"character_chosen":"DEFECT","items_purchased":["Echo Form+1","BootSequence","Cold Snap","Sling"],"campfire_rested":2,"item_purchase_floors":[22,22,22,22],"current_hp_per_floor":[79,79,79,74,71,71,71,49,49,49,37,33,33,28,52,39,80,77,77,9,9,9,33,18,0,0],"gold":17,"neow_bonus":"BOSS_RELIC","is_daily":false,"chose_seed":false,"campfire_upgraded":1,"win_rate":0.0,"timestamp":1611784501,"path_taken":["M","?","M","M","M","R","?","E","T","?","E","M","M","E","R","BOSS","M","M","?","?","$","R","M","M"],"items_purchased_type":["Card","Card","Card","Relic"],"build_version":"2020-12-22","purchased_purges":1,"victory":false,"max_hp_per_floor":[80,80,80,80,80,80,80,80,80,80,80,80,80,80,80,80,80,80,80,80,80,80,80,80,80,80],"relic_stats":{"Nunchaku":[6],"counters":[16,68],"Black Star":0,"obtain_stats":[{"Potion Belt":11,"Nunchaku":9,"Tiny House":0,"Bag of Marbles":14,"Black Star":17,"Red Mask":20,"Frozen Egg 2":8,"Cracked Core":0,"Sling":22},{"Potion Belt":7,"Nunchaku":6,"Tiny House":0,"Bag of Marbles":10,"Black Star":11,"Red Mask":14,"Frozen Egg 2":6,"Cracked Core":0,"Sling":14},{"Potion Belt":24,"Nunchaku":21,"Tiny House":0,"Bag of Marbles":35,"Black Star":41,"Red Mask":56,"Frozen Egg 2":21,"Cracked Core":0,"Sling":56}]},"card_choices":[{"not_picked":["Hello World","Leap"],"picked":"Ball Lightning","floor":0},{"not_picked":["Redo","Go for the Eyes"],"picked":"Leap","floor":1},{"not_picked":["Gash","Hologram","Turbo"],"picked":"SKIP","floor":2},{"not_picked":["Static Discharge","Gash"],"picked":"Defragment","floor":3},{"not_picked":["Steam","Gash"],"picked":"Ball Lightning","floor":4},{"not_picked":["Hologram","Steam Power"],"picked":"Cold Snap","floor":5},{"not_picked":["Streamline","Darkness"],"picked":"Ball Lightning","floor":8},{"not_picked":["Reprogram","Chill"],"picked":"Machine Learning+1","floor":11},{"not_picked":["Beam Cell","Ball Lightning","Rip and Tear"],"picked":"SKIP","floor":12},{"not_picked":["Stack","Redo"],"picked":"Defragment+1","floor":13},{"not_picked":["Reinforced Body","Lockon"],"picked":"Loop+1","floor":14},{"not_picked":["Seek","Amplify"],"picked":"Buffer+1","floor":16},{"not_picked":["Steam","Beam Cell+1"],"picked":"Stack","floor":18},{"not_picked":["Reprogram","Darkness","Beam Cell+1"],"picked":"SKIP","floor":19},{"not_picked":["Capacitor+1","Reinforced Body"],"picked":"Coolheaded+1","floor":20},{"not_picked":["Turbo","Scrape+1"],"picked":"Force Field+1","floor":24}],"player_experience":8567,"relics_obtained":[{"floor":8,"key":"Frozen Egg 2"},{"floor":9,"key":"Nunchaku"},{"floor":11,"key":"Potion Belt"},{"floor":14,"key":"Bag of Marbles"},{"floor":20,"key":"Red Mask"}],"event_choices":[{"cards_removed":["Strike_B"],"damage_healed":0,"gold_gain":0,"player_choice":"Card Removal","damage_taken":0,"max_hp_gain":0,"max_hp_loss":0,"event_name":"The Cleric","floor":7,"gold_loss":50},{"damage_healed":0,"gold_gain":0,"player_choice":"Left Gold","damage_taken":0,"max_hp_gain":0,"max_hp_loss":0,"event_name":"World of Goop","floor":10,"gold_loss":44},{"damage_healed":0,"gold_gain":0,"player_choice":"Fought Bandits","damage_taken":0,"max_hp_gain":0,"max_hp_loss":0,"event_name":"Masked Bandits","floor":20,"gold_loss":0},{"damage_healed":0,"gold_gain":0,"player_choice":"Ignored","damage_taken":0,"max_hp_gain":0,"max_hp_loss":0,"event_name":"NoteForYourself","floor":21,"gold_loss":0}],"is_beta":false,"boss_relics":[{"not_picked":["Empty Cage","Coffee Dripper"],"picked":"Black Star"}],"items_purged_floors":[22],"is_endless":false,"potions_floor_spawned":[1,5,11,12,13,19,24],"killed_by":"3 Cultists","ascension_level":0}}