{"host":"gttgmv2wah99hzdm","time":1611709322,"event":{"mods":["AchievementEnabler","BaseMod","Bestiary","Block Reminder","Filter the Spire","Minty Spire (QoL Compilation)","Relic Stats","Weighted Paths","ojb\u0027s Info Mod"],"gold_per_floor":[368,368,387,398,44,71,90,90,90,90,118,131,131,162,174,264,276,308,370,25,25,42,42,59,77,151,151,151],"floor_reached":27,"language":"ENG","playtime":3019,"items_purged":["Strike_G"],"score":466,"play_id":"b76ab84d-70a0-46a8-943e-3db73c5d224f","local_time":"20210126190202","is_ascension_mode":true,"campfire_choices":[{"data":"Skewer","floor":8.0,"key":"SMITH"},{"floor":10.0,"key":"REST"},{"floor":15.0,"key":"REST"},{"floor":23,"key":"REST"}],"circlet_count":0,"master_deck":["AscendersBane","Strike_G","Strike_G","Strike_G","Defend_G","Defend_G","Defend_G","Defend_G+1","Defend_G","Survivor","Neutralize+1","Bane","Flying Knee","Dagger Spray","Blade Dance","Skewer+1","Dagger Throw","Dash","Terror","Calculated Gamble","Predator","Wraith Form v2","Backflip","Accuracy","Cloak And Dagger","Glass Knife","PiercingWail","Leg Sweep"],"relics":["Ring of the Snake","PreservedInsect","Bronze Scales","Lantern","StrikeDummy","MawBank","SlaversCollar","Membership Card","Gremlin Horn","Molten Egg 2"],"acts_visited":["Exordium","TheCity"],"potions_floor_usage":[27,27],"damage_taken":[{"damage":3.0,"enemies":"Small Slimes","floor":1.0,"turns":5.0},{"damage":1.0,"enemies":"Jaw Worm","floor":3.0,"turns":5.0},{"damage":0.0,"enemies":"2 Louse","floor":4.0,"turns":3.0},{"damage":9.0,"enemies":"Lagavulin","floor":6.0,"turns":6.0},{"damage":14.0,"enemies":"Gremlin Gang","floor":7.0,"turns":3.0},{"damage":12.0,"enemies":"Gremlin Nob","floor":11.0,"turns":4.0},{"damage":0.0,"enemies":"3 Louse","floor":12.0,"turns":2.0},{"damage":20.0,"enemies":"Lagavulin","floor":14.0,"turns":5.0},{"damage":20.0,"enemies":"The Guardian","floor":16.0,"turns":10.0},{"damage":2.0,"enemies":"Spheric Guardian","floor":18.0,"turns":4.0},{"damage":20,"enemies":"2 Thieves","floor":22,"turns":4},{"damage":0,"enemies":"Centurion and Healer","floor":24,"turns":6},{"damage":39,"enemies":"Shelled Parasite and Fungi","floor":25,"turns":5},{"damage":7,"enemies":"Book of Stabbing","floor":27,"turns":3}],"seed_played":"-4634876116400766374","potions_obtained":[{"floor":1.0,"key":"EssenceOfSteel"},{"floor":7.0,"key":"Block Potion"},{"floor":14.0,"key":"Block Potion"},{"floor":24,"key":"EssenceOfSteel"}],"is_trial":false,"path_per_floor":["M","?","M","M","$","E","M","R","T","R","E","M","?","E","R","B",null,"M","?","$","?","M","R","M","M","T","E"],"character_chosen":"THE_SILENT","items_purchased":["PreservedInsect","Blade Dance","Skewer","Membership Card","Gremlin Horn","Accuracy","Cloak And Dagger"],"campfire_rested":3,"item_purchase_floors":[5,5,5,20,20,20,20],"current_hp_per_floor":[56,38,37,37,37,28,14,14,14,32,20,20,40,20,38,18,50,48,48,48,48,28,46,46,7,7,0,0],"gold":151,"neow_bonus":"TWO_FIFTY_GOLD","is_daily":false,"chose_seed":false,"campfire_upgraded":1,"win_rate":0.0,"timestamp":1611709322,"path_taken":["M","?","M","M","$","E","M","R","T","R","E","M","?","E","R","BOSS","M","?","$","?","M","R","M","?","T","E"],"items_purchased_type":["Relic","Card","Card","Relic","Relic","Card","Card"],"build_version":"2020-12-22","purchased_purges":1,"victory":false,"max_hp_per_floor":[60,60,60,60,60,60,60,60,60,60,60,60,60,60,60,60,60,60,60,60,60,60,60,60,60,60,60,60],"relic_stats":{"Gremlin Horn":[3,3],"counters":[14,65],"Bronze Scales":[132],"PreservedInsect":127,"MawBank":72,"obtain_stats":[{"SlaversCollar":17,"Lantern":9,"Gremlin Horn":20,"Bronze Scales":6,"Molten Egg 2":26,"PreservedInsect":5,"Membership Card":20,"StrikeDummy":11,"MawBank":14,"Ring of the Snake":0},{"SlaversCollar":9,"Lantern":5,"Gremlin Horn":10,"Bronze Scales":4,"Molten Egg 2":13,"PreservedInsect":3,"Membership Card":10,"StrikeDummy":6,"MawBank":8,"Ring of the Snake":0},{"SlaversCollar":43,"Lantern":22,"Gremlin Horn":47,"Bronze Scales":19,"Molten Egg 2":62,"PreservedInsect":13,"Membership Card":47,"StrikeDummy":26,"MawBank":33,"Ring of the Snake":0}],"Ring of the Snake":[28]},"card_choices":[{"not_picked":["Endless Agony","Backflip"],"picked":"Bane","floor":1.0},{"not_picked":["Blur","Tactician"],"picked":"Flying Knee","floor":3.0},{"not_picked":["Outmaneuver","Masterful Stab"],"picked":"Dagger Spray","floor":4.0},{"not_picked":["Cloak And Dagger","PiercingWail"],"picked":"Dagger Throw","floor":6.0},{"not_picked":["Acrobatics","Choke"],"picked":"Dash","floor":7.0},{"not_picked":["Flechettes","Slice"],"picked":"Terror","floor":11.0},{"not_picked":["Underhanded Strike","Blur"],"picked":"Calculated Gamble","floor":12.0},{"not_picked":["Expertise","Catalyst"],"picked":"Predator","floor":14.0},{"not_picked":["Tools of the Trade","Die Die Die"],"picked":"Wraith Form v2","floor":16.0},{"not_picked":["Cloak And Dagger","Outmaneuver"],"picked":"Backflip","floor":18.0},{"not_picked":["Endless Agony","Slice+1","Backflip"],"picked":"SKIP","floor":22},{"not_picked":["Skewer","Acrobatics"],"picked":"PiercingWail","floor":24},{"not_picked":["Riddle With Holes","Bane"],"picked":"Leg Sweep","floor":25}],"player_experience":1075923,"relics_obtained":[{"floor":6.0,"key":"Bronze Scales"},{"floor":9.0,"key":"Lantern"},{"floor":11.0,"key":"StrikeDummy"},{"floor":14.0,"key":"MawBank"},{"floor":26,"key":"Molten Egg 2"}],"event_choices":[{"damage_healed":0.0,"max_hp_gain":0.0,"max_hp_loss":0.0,"gold_gain":0.0,"event_name":"Shining Light","player_choice":"Entered Light","floor":2.0,"gold_loss":0.0,"damage_taken":18.0,"cards_upgraded":["Neutralize","Defend_G"]},{"damage_healed":20.0,"max_hp_gain":0.0,"max_hp_loss":0.0,"gold_gain":0.0,"event_name":"Big Fish","player_choice":"Banana","floor":13.0,"gold_loss":0.0,"damage_taken":0.0},{"damage_healed":0,"gold_gain":50,"player_choice":"Stole From Cult","damage_taken":0,"max_hp_gain":0,"max_hp_loss":0,"event_name":"Nest","floor":19,"gold_loss":0},{"damage_healed":0,"gold_gain":0,"cards_transformed":["Strike_G"],"player_choice":"Transformed","damage_taken":0,"max_hp_gain":0,"max_hp_loss":0,"event_name":"Transmorgrifier","floor":21,"gold_loss":0,"cards_obtained":["Glass Knife"]}],"is_beta":false,"boss_relics":[{"not_picked":["Empty Cage","Black Star"],"picked":"SlaversCollar"}],"items_purged_floors":[5],"is_endless":false,"potions_floor_spawned":[1,7,14,24],"killed_by":"Book of Stabbing","ascension_level":20}}