{"host":"nz11ypxva4e39b7q","time":1611762683,"event":{"mods":["BaseMod","Better Third Choice","Better Vampires","Colored Map","Minty Spire (QoL Compilation)","Quick Restart","StSLib"],"gold_per_floor":[110,185,196,32,32,32,32,32,32,32,32,48,48,84,84,175,175,200,215,8,26,40,40,40,40,40,63,94,94,138,138,138,138,138],"floor_reached":33,"language":"ENG","playtime":1969,"items_purged":["Strike_G","Strike_G"],"score":562,"play_id":"f3455580-fe23-422e-9bc2-4441949875fb","local_time":"20210127165123","is_ascension_mode":true,"campfire_choices":[{"data":"All Out Attack","floor":7.0,"key":"SMITH"},{"data":"Blade Dance","floor":10.0,"key":"SMITH"},{"floor":13.0,"key":"REST"},{"data":"Strike_G","floor":15.0,"key":"SMITH"},{"data":"Tactician","floor":23.0,"key":"SMITH"},{"data":"Unload","floor":24.0,"key":"SMITH"},{"floor":25.0,"key":"REST"},{"data":"Well Laid Plans","floor":29.0,"key":"SMITH"},{"floor":32.0,"key":"REST"}],"circlet_count":0,"master_deck":["AscendersBane","Strike_G","Strike_G","Strike_G+1","Defend_G","Defend_G","Defend_G","Defend_G","Defend_G","Survivor","Neutralize","Well Laid Plans+1","Blade Dance+1","All Out Attack+1","Acrobatics","Unload+1","Dagger Throw","Underhanded Strike","Tactician+1","Tactician","Dagger Throw","PiercingWail+1"],"relics":["Ring of the Snake","Pen Nib","Golden Idol","Happy Flower","Bag of Marbles","Tough Bandages","WingedGreaves","Black Star","Bottled Tornado","Blood Vial","Incense Burner","Anchor","Torii","MutagenicStrength"],"acts_visited":["Exordium","TheCity"],"potions_floor_usage":[33],"damage_taken":[{"damage":8.0,"enemies":"Small Slimes","floor":1.0,"turns":5.0},{"damage":2.0,"enemies":"Jaw Worm","floor":3.0,"turns":6.0},{"damage":0.0,"enemies":"2 Louse","floor":12.0,"turns":1.0},{"damage":1.0,"enemies":"Lagavulin","floor":14.0,"turns":7.0},{"damage":24.0,"enemies":"Hexaghost","floor":16.0,"turns":12.0},{"damage":6.0,"enemies":"3 Byrds","floor":18.0,"turns":4.0},{"damage":4.0,"enemies":"Shell Parasite","floor":19.0,"turns":5.0},{"damage":7.0,"enemies":"Snecko","floor":21.0,"turns":3.0},{"damage":2.0,"enemies":"Snake Plant","floor":22.0,"turns":3.0},{"damage":6.0,"enemies":"Centurion and Healer","floor":27.0,"turns":4.0},{"damage":1.0,"enemies":"Slavers","floor":28.0,"turns":4.0},{"damage":17.0,"enemies":"Book of Stabbing","floor":30.0,"turns":5.0},{"damage":53,"enemies":"Automaton","floor":33,"turns":10}],"seed_played":"-7991966474743718340","potions_obtained":[{"floor":1.0,"key":"GhostInAJar"},{"floor":3.0,"key":"Regen Potion"},{"floor":19.0,"key":"SmokeBomb"},{"floor":27.0,"key":"GhostInAJar"},{"floor":28.0,"key":"Dexterity Potion"}],"is_trial":false,"path_per_floor":["M","?","M","$","?","$","R","?","T","R","?","M","R","E","R","B",null,"M","M","$","M","M","R","R","R","T","M","E","R","E","?","R","B"],"character_chosen":"THE_SILENT","items_purchased":["All Out Attack","BlessingOfTheForge","Fire Potion"],"campfire_rested":3,"item_purchase_floors":[4,20,20],"current_hp_per_floor":[51,40,38,38,38,38,38,20,20,20,20,20,38,37,37,13,48,42,38,38,31,29,29,29,47,47,41,40,40,25,25,43,0,0],"gold":138,"neow_bonus":"RANDOM_COMMON_RELIC","is_daily":false,"chose_seed":false,"campfire_upgraded":6,"win_rate":0.0,"timestamp":1611762683,"path_taken":["M","?","M","$","?","?","R","?","T","R","?","M","R","E","R","BOSS","M","?","$","M","M","R","R","R","T","M","E","R","E","?","R","BOSS"],"items_purchased_type":["Card","Potion","Potion"],"build_version":"2020-12-22","purchased_purges":2,"victory":false,"max_hp_per_floor":[66,66,66,66,60,60,60,60,60,60,60,60,60,60,60,60,60,60,60,60,60,60,60,60,60,60,60,60,60,60,60,60,60,60],"card_choices":[{"not_picked":["Calculated Gamble","Crippling Poison"],"picked":"Well Laid Plans","floor":1.0},{"not_picked":["Backflip","Riddle With Holes"],"picked":"Blade Dance","floor":3.0},{"not_picked":["Dodge and Roll","Bouncing Flask","Distraction"],"picked":"SKIP","floor":12.0},{"not_picked":["Poisoned Stab","Quick Slash"],"picked":"Acrobatics","floor":14.0},{"not_picked":["Adrenaline","Glass Knife"],"picked":"Unload","floor":16.0},{"not_picked":["PiercingWail","Outmaneuver"],"picked":"Dagger Throw","floor":18.0},{"not_picked":["Outmaneuver","Deflect+1"],"picked":"Underhanded Strike","floor":19.0},{"not_picked":["Cloak And Dagger+1","Noxious Fumes"],"picked":"Tactician","floor":21.0},{"not_picked":["After Image","Distraction+1"],"picked":"Tactician","floor":22.0},{"not_picked":["Dodge and Roll","Backflip"],"picked":"Dagger Throw","floor":27.0},{"not_picked":["Sucker Punch","Backstab"],"picked":"PiercingWail+1","floor":28.0},{"not_picked":["Masterful Stab","Flechettes","A Thousand Cuts"],"picked":"SKIP","floor":30.0}],"player_experience":999070,"relics_obtained":[{"floor":9.0,"key":"Bag of Marbles"},{"floor":14.0,"key":"WingedGreaves"},{"floor":26.0,"key":"Bottled Tornado"},{"floor":28.0,"key":"Blood Vial"},{"floor":28.0,"key":"Incense Burner"},{"floor":30.0,"key":"Anchor"},{"floor":30.0,"key":"Torii"}],"event_choices":[{"damage_healed":0.0,"max_hp_gain":0.0,"max_hp_loss":0.0,"gold_gain":75.0,"event_name":"betterThird:BetterGoop","player_choice":"Gold","floor":2.0,"gold_loss":0.0,"damage_taken":11.0},{"damage_healed":0.0,"max_hp_gain":0.0,"max_hp_loss":6.0,"gold_gain":0.0,"event_name":"Golden Idol","player_choice":"Lose Max HP","floor":5.0,"gold_loss":0.0,"damage_taken":0.0,"relics_obtained":["Golden Idol"]},{"damage_healed":0.0,"max_hp_gain":0.0,"max_hp_loss":0.0,"gold_gain":0.0,"event_name":"betterThird:BetterScrap","player_choice":"Relic ","floor":8.0,"gold_loss":0.0,"damage_taken":18.0,"cards_obtained":["Bloodletting"]},{"damage_healed":0.0,"max_hp_gain":0.0,"max_hp_loss":0.0,"gold_gain":0.0,"event_name":"WeMeetAgain","player_choice":"Gave Potion","floor":11.0,"gold_loss":0.0,"damage_taken":0.0,"relics_obtained":["Tough Bandages"]},{"damage_healed":0.0,"max_hp_gain":0.0,"max_hp_loss":0.0,"gold_gain":0.0,"event_name":"Drug Dealer","player_choice":"Inject Mutagens","floor":31.0,"gold_loss":0.0,"damage_taken":0.0,"relics_obtained":["MutagenicStrength"]}],"is_beta":false,"boss_relics":[{"not_picked":["SacredBark","Cursed Key"],"picked":"Black Star"}],"items_purged_floors":[4,20],"is_endless":false,"potions_floor_spawned":[1,3,19,27,28],"killed_by":"Automaton","ascension_level":20}}