{"host":"ty7uytdfitsmf36k","time":1611757153,"event":{"mods":["AchievementEnabler","BaseMod","Colored Map","Colored Powertips","DeckTracker","Downfall","Infinite Spire","Minty Spire (QoL Compilation)","Relic Stats","Replay The Spire","Spire Arcade","StSLib","SuperFastMode","The Jungle","Wandering Minibosses"],"gold_per_floor":[113,130,142,156,171,171,171],"floor_reached":6,"language":"ENG","playtime":194,"items_purged":[],"score":50,"play_id":"5513d4c7-0d52-4bfc-b89c-ca9f1df6b9e9","local_time":"20210127091913","is_ascension_mode":true,"campfire_choices":[],"circlet_count":0,"master_deck":["Strike_B","Strike_B","Strike_B","Strike_B","Defend_B","Defend_B","Defend_B","Defend_B","Zap","Dualcast","Sunder","Defragment","Blizzard","Loop"],"relics":["Cracked Core","NeowsBlessing"],"acts_visited":["Exordium"],"potions_floor_usage":[6],"damage_taken":[{"damage":0,"enemies":"Cultist","floor":1,"turns":1},{"damage":0,"enemies":"2 Louse","floor":2,"turns":1},{"damage":0,"enemies":"Small Slimes","floor":3,"turns":1},{"damage":24,"enemies":"Exordium Wildlife","floor":4,"turns":7},{"damage":35,"enemies":"Gremlin Gang","floor":5,"turns":5},{"damage":30,"enemies":"3 Sentries","floor":6,"turns":4}],"seed_played":"-7747185881093157611","potions_obtained":[{"floor":3,"key":"bronze:BurnAndBuffPotion"},{"floor":5,"key":"Fruit Juice"}],"is_trial":false,"path_per_floor":["M","M","M","M","M","E"],"character_chosen":"DEFECT","items_purchased":[],"campfire_rested":0,"item_purchase_floors":[],"current_hp_per_floor":[75,75,75,51,16,0,0],"gold":171,"neow_bonus":"THREE_ENEMY_KILL","is_daily":false,"chose_seed":false,"campfire_upgraded":0,"win_rate":0.0,"timestamp":1611757153,"path_taken":["M","M","M","M","M","E"],"items_purchased_type":[],"build_version":"2020-12-22","purchased_purges":0,"victory":false,"max_hp_per_floor":[75,75,75,75,75,80,80],"relic_stats":{"counters":[6,19],"obtain_stats":[{"NeowsBlessing":0,"Cracked Core":0},{"NeowsBlessing":0,"Cracked Core":0},{"NeowsBlessing":0,"Cracked Core":0}]},"card_choices":[{"not_picked":["Cold Snap","Hologram"],"picked":"Sunder","floor":1},{"not_picked":["Coolheaded","Stack"],"picked":"Defragment","floor":2},{"not_picked":["Auto Shields","Gash"],"picked":"Blizzard","floor":3},{"not_picked":["BasicCrystalCard","Capacitor"],"picked":"Loop","floor":4},{"not_picked":["Streamline","Stack","ReplayTheSpireMod:GoodbyeWorld"],"picked":"SKIP","floor":5}],"player_experience":193410,"relics_obtained":[],"event_choices":[],"is_beta":false,"boss_relics":[],"items_purged_floors":[],"is_endless":false,"potions_floor_spawned":[3,5],"killed_by":"3 Sentries","ascension_level":5}}