{"host":"vzkpoqyw8ea6g4k2","time":1611716552,"event":{"mods":["2.2 Compatiblity","AchievementEnabler","BaseMod","Colored Map","Colored Powertips","Dark Map","Infinite Spire","Minty Spire (QoL Compilation)","Permanent Neow","Quick Restart","Replay The Spire","StSLib","SuperFastMode"],"gold_per_floor":[118,131,150,174,194,194,221,221,221,234,269,269,269,269],"floor_reached":13,"language":"KOR","playtime":221,"items_purged":[],"score":114,"play_id":"afdef788-cd07-4eb9-98ef-fc53a5fd2d75","local_time":"20210127120232","is_ascension_mode":true,"campfire_choices":[{"data":"EmptyFist","floor":6,"key":"SMITH"},{"floor":8,"key":"REST"}],"circlet_count":0,"master_deck":["Strike_P","Strike_P","Strike_P","Strike_P","Defend_P","Defend_P","Defend_P","Defend_P","Eruption+1","Vigilance","FlyingSleeves","EmptyFist+1","FollowUp","ThirdEye","JustLucky","TalkToTheHand","Parasite"],"relics":["PureWater","Replay:Mystery Machine","Letter Opener","Calipers","Ornamental Fan"],"acts_visited":["Exordium"],"potions_floor_usage":[],"damage_taken":[{"damage":7,"enemies":"Cultist","floor":1,"turns":3},{"damage":0,"enemies":"Small Slimes","floor":2,"turns":3},{"damage":3,"enemies":"2 Louse","floor":3,"turns":2},{"damage":14,"enemies":"Large Slime","floor":5,"turns":5},{"damage":25,"enemies":"3 Sentries","floor":7,"turns":5},{"damage":1,"enemies":"Blue Slaver","floor":10,"turns":2},{"damage":34,"enemies":"Replay:BlueRogue","floor":11,"turns":5},{"damage":48,"enemies":"Lagavulin","floor":13,"turns":4}],"seed_played":"-7171582879438545570","potions_obtained":[{"floor":3,"key":"Dexterity Potion"},{"floor":11,"key":"Doom Potion"}],"is_trial":false,"path_per_floor":["M","M","M","T","M","R","E","R","T","M","E","?","E"],"character_chosen":"WATCHER","items_purchased":[],"campfire_rested":1,"item_purchase_floors":[],"current_hp_per_floor":[65,65,62,62,48,48,23,44,44,43,9,27,0,0],"gold":269,"neow_bonus":"UPGRADE_CARD","is_daily":false,"chose_seed":false,"campfire_upgraded":1,"win_rate":0.0,"timestamp":1611716552,"path_taken":["M","M","M","?","M","R","E","R","T","M","E","?","E"],"items_purchased_type":[],"build_version":"2020-12-22","purchased_purges":0,"victory":false,"max_hp_per_floor":[72,72,72,72,72,72,72,72,72,72,72,72,72,72],"card_choices":[{"not_picked":["Replay:Hum","FollowUp"],"picked":"FlyingSleeves","floor":1},{"not_picked":["Protect","FearNoEvil"],"picked":"EmptyFist","floor":2},{"not_picked":["Protect","Prostrate"],"picked":"FollowUp","floor":3},{"not_picked":["Halt","Replay:ManipulateFuture","Protect"],"picked":"SKIP","floor":5},{"not_picked":["Halt","Replay:ManipulateFuture","Protect"],"picked":"SKIP","floor":5},{"not_picked":["JustLucky","Prostrate"],"picked":"ThirdEye","floor":7},{"not_picked":["LikeWater","Replay:Cycle"],"picked":"JustLucky","floor":10},{"not_picked":["BattleHymn","Replay:ManipulateFuture"],"picked":"TalkToTheHand","floor":11}],"player_experience":23781,"relics_obtained":[{"floor":4,"key":"Replay:Mystery Machine"},{"floor":7,"key":"Letter Opener"},{"floor":9,"key":"Calipers"},{"floor":11,"key":"Ornamental Fan"}],"event_choices":[{"damage_healed":18,"gold_gain":0,"player_choice":"Healed and dodged fight","damage_taken":0,"max_hp_gain":0,"max_hp_loss":0,"event_name":"Mushrooms","floor":12,"gold_loss":0,"cards_obtained":["Parasite"]}],"is_beta":false,"boss_relics":[],"items_purged_floors":[],"is_endless":false,"potions_floor_spawned":[3,11],"killed_by":"Lagavulin","ascension_level":4}}