{"host":"8d3fefv2347kqkpz","time":1611772688,"event":{"mods":["AchievementEnabler","Act Like it!","Aspiration","BaseMod","Better Vampires","Colored Map","Colored Powertips","Conspire","GifTheSpireLib","Hermit","Highlight Path","Hubris","Marisa£®ÏF”Í°°ƒß¿Ì…≥£©","Mimic Mod","Minty Spire (QoL Compilation)","Quick Restart","Rare Cards Sparkle","Reimu£®≤©¿ˆ¡È√Œ£©","Relic Stats","Remilia£®¿Ÿ√◊¿Ú—«£©","Replay The Spire","Spicy Shops","StSLib","The Cursed","The Jungle","The Servant 0.9.4","Waifu the Spire","Youmu£®ªÍ∆«—˝√Œ£©"],"gold_per_floor":[112,112,112,128,146,146,206,206,237,272,272,283,308,324,324,423,423,439,439,439,207,147,147,147,147],"floor_reached":24,"language":"ZHS","playtime":777,"items_purged":["Strike_B"],"score":192,"play_id":"3f44fd2b-84d7-455f-b829-a5f1b2d1980a","local_time":"20210128023808","is_ascension_mode":false,"campfire_choices":[{"data":"Zap","floor":6.0,"key":"SMITH"},{"data":"Amplify","floor":8.0,"key":"SMITH"},{"floor":11.0,"key":"REST"},{"data":"Strike_B","floor":15.0,"key":"PURGE"},{"data":"ReplayUltimateDefense","floor":23.0,"key":"SMITH"}],"circlet_count":0,"master_deck":["Strike_B","Defend_B","Defend_B","Defend_B","Defend_B","Zap+1","Dualcast","Gash","Amplify+1","aspiration:Polymerization","Consume","Thunder Strike","ReplayUltimateDefense+1","Consume","Conserve Battery+1"],"relics":["Cracked Core","hubris:PeanutButter","aspiration:Lifesprig","conspire:BottledYoYo","Runic Dome","Pocketwatch","BargainBundle"],"acts_visited":["TheCity"],"potions_floor_usage":[],"damage_taken":[{"damage":0.0,"enemies":"Small Slimes","floor":1.0,"turns":4.0},{"damage":1.0,"enemies":"2 Louse","floor":4.0,"turns":3.0},{"damage":1.0,"enemies":"Jaw Worm","floor":5.0,"turns":3.0},{"damage":0.0,"enemies":"3 Louse","floor":9.0,"turns":8.0},{"damage":28.0,"enemies":"Lagavulin","floor":10.0,"turns":9.0},{"damage":0.0,"enemies":"3 Louse","floor":12.0,"turns":3.0},{"damage":0.0,"enemies":"Looter","floor":14.0,"turns":4.0},{"damage":30.0,"enemies":"Slime Boss","floor":16.0,"turns":9.0},{"damage":3.0,"enemies":"Chosen","floor":18.0,"turns":5.0},{"damage":22.0,"enemies":"2 Thieves","floor":22.0,"turns":4.0},{"damage":0,"enemies":"3 Cultists","floor":24,"turns":1}],"seed_played":"-2450996460825541181","potions_obtained":[{"floor":7.0,"key":"EntropicBrew"},{"floor":10.0,"key":"SpeedPotion"},{"floor":14.0,"key":"Explosive Potion"}],"is_trial":false,"path_per_floor":["M","?","?","M","M","R","?","R","MIM","E","R","M","T","M","R_BF","B",null,"M","?","?","$","M","R","M"],"character_chosen":"DEFECT","items_purchased":["BargainBundle","ReplayUltimateDefense","Consume"],"campfire_rested":1,"item_purchase_floors":[21,21,21],"current_hp_per_floor":[82,87,80,79,78,78,57,57,57,29,55,55,55,55,55,25,87,84,84,84,84,62,62,62,62],"gold":147,"neow_bonus":"TEN_PERCENT_HP_BONUS","is_daily":false,"chose_seed":false,"campfire_upgraded":3,"win_rate":0.0,"timestamp":1611772688,"path_taken":["M","?","?","M","M","R","?","R","MIM","E","R","M","?","M","R_BF","BOSS","M","?","?","$","?","R","M"],"items_purchased_type":["Relic","Card","Card"],"build_version":"2020-12-22","purchased_purges":1,"victory":false,"max_hp_per_floor":[82,87,87,87,87,87,87,87,87,87,87,87,87,87,87,87,87,87,87,87,87,87,87,87,87],"relic_stats":{"counters":[11,52],"obtain_stats":[{"Runic Dome":17,"aspiration:Lifesprig":9,"BargainBundle":21,"hubris:PeanutButter":7,"conspire:BottledYoYo":10,"Cracked Core":0,"Pocketwatch":20},{"Runic Dome":8,"aspiration:Lifesprig":4,"BargainBundle":9,"hubris:PeanutButter":3,"conspire:BottledYoYo":5,"Cracked Core":0,"Pocketwatch":9},{"Runic Dome":43,"aspiration:Lifesprig":18,"BargainBundle":48,"hubris:PeanutButter":10,"conspire:BottledYoYo":27,"Cracked Core":0,"Pocketwatch":48}],"Pocketwatch":[3]},"card_choices":[{"not_picked":["Stack","Turbo"],"picked":"Gash","floor":1.0},{"not_picked":["conspire:SharedLibrary","Static Discharge","Reinforced Body"],"picked":"SKIP","floor":4.0},{"not_picked":["Coolheaded","Hologram","Genetic Algorithm"],"picked":"SKIP","floor":5.0},{"not_picked":["Barrage","Reinforced Body"],"picked":"Amplify","floor":7.0},{"not_picked":["Go for the Eyes","ReplaySolidLightProjector"],"picked":"aspiration:Polymerization","floor":9.0},{"not_picked":["Rebound","ReplaySolidLightProjector","Coolheaded"],"picked":"SKIP","floor":10.0},{"not_picked":["Cold Snap","Hologram","Stack"],"picked":"SKIP","floor":12.0},{"not_picked":["Go for the Eyes","BootSequence"],"picked":"Consume","floor":14.0},{"not_picked":["Meteor Strike","hubris:Prefetch"],"picked":"Thunder Strike","floor":16.0},{"not_picked":["Barrage","Cold Snap"],"picked":"ReplayTheSpireMod:Calculation Training","floor":18.0},{"not_picked":["Streamline","Turbo"],"picked":"Conserve Battery+1","floor":22.0}],"player_experience":214748,"relics_obtained":[{"floor":7.0,"key":"hubris:PeanutButter"},{"floor":9.0,"key":"aspiration:Lifesprig"},{"floor":10.0,"key":"conspire:BottledYoYo"}],"event_choices":[{"damage_healed":0.0,"max_hp_gain":5.0,"max_hp_loss":0.0,"gold_gain":0.0,"event_name":"Big Fish","player_choice":"Donut","floor":2.0,"gold_loss":0.0,"damage_taken":0.0},{"cards_removed":["Strike_B"],"damage_healed":0.0,"max_hp_gain":0.0,"max_hp_loss":0.0,"gold_gain":0.0,"event_name":"Golden Wing","player_choice":"Card Removal","floor":3.0,"gold_loss":0.0,"damage_taken":7.0},{"damage_healed":0.0,"max_hp_gain":0.0,"max_hp_loss":0.0,"gold_gain":0.0,"event_name":"Ghosts","player_choice":"Ignored","floor":19.0,"gold_loss":0.0,"damage_taken":0.0},{"cards_removed":["ReplayTheSpireMod:Calculation Training"],"damage_healed":0.0,"max_hp_gain":0.0,"max_hp_loss":0.0,"gold_gain":0.0,"event_name":"WeMeetAgain","player_choice":"Gave Card","floor":20.0,"gold_loss":0.0,"damage_taken":0.0,"relics_obtained":["Pocketwatch"]}],"is_beta":false,"boss_relics":[{"not_picked":["conspire:SeveredTorchhead","Fusion Hammer"],"picked":"Runic Dome"}],"items_purged_floors":[21],"is_endless":false,"potions_floor_spawned":[10,14],"killed_by":"3 Cultists","ascension_level":0}}