{"host":"a5lz0e76zb3fcwkm","time":1611722903,"event":{"mods":["AchievementEnabler","BaseMod","Colored Map","Colored Powertips","Minty Spire (QoL Compilation)","StSLib","SuperFastMode"],"gold_per_floor":[13,13,13,25,25,25,39,53,53,71,86,101,129,142,142,142,142],"floor_reached":16,"language":"KOR","playtime":456,"items_purged":[],"score":212,"play_id":"6dcdd911-3477-4c30-9bc3-c9092c8fb27f","local_time":"20210127134823","is_ascension_mode":true,"campfire_choices":[{"data":"Cloak And Dagger","floor":6,"key":"SMITH"},{"data":"Calculated Gamble","floor":15,"key":"SMITH"}],"circlet_count":0,"master_deck":["AscendersBane","Strike_G","Strike_G","Strike_G","Strike_G","Defend_G","Defend_G","Defend_G","Defend_G","Defend_G","Survivor","Neutralize","Footwork","Choke","Cloak And Dagger+1","Calculated Gamble+1","Blade Dance","Backflip","Outmaneuver","Eviscerate","Infinite Blades"],"relics":["Ring of the Snake","Ice Cream","White Beast Statue","TungstenRod"],"acts_visited":["Exordium"],"potions_floor_usage":[10,11,12,13,13,14,16],"damage_taken":[{"damage":12,"enemies":"Small Slimes","floor":1,"turns":5},{"damage":4,"enemies":"Jaw Worm","floor":4,"turns":4},{"damage":0,"enemies":"2 Louse","floor":7,"turns":2},{"damage":5,"enemies":"2 Fungi Beasts","floor":8,"turns":4},{"damage":0,"enemies":"3 Louse","floor":10,"turns":3},{"damage":0,"enemies":"Exordium Wildlife","floor":11,"turns":5},{"damage":3,"enemies":"Exordium Thugs","floor":12,"turns":3},{"damage":7,"enemies":"3 Sentries","floor":13,"turns":11},{"damage":0,"enemies":"Red Slaver","floor":14,"turns":3},{"damage":44,"enemies":"Slime Boss","floor":16,"turns":8}],"seed_played":"-1039409415102078226","potions_obtained":[{"floor":7,"key":"SkillPotion"},{"floor":8,"key":"Dexterity Potion"},{"floor":10,"key":"Ancient Potion"},{"floor":11,"key":"ColorlessPotion"},{"floor":12,"key":"Poison Potion"},{"floor":13,"key":"LiquidMemories"},{"floor":14,"key":"Regen Potion"}],"is_trial":false,"path_per_floor":["M","?","$","M","$","R","M","M","T","M","M","M","E","M","R","B"],"character_chosen":"THE_SILENT","items_purchased":[],"campfire_rested":0,"item_purchase_floors":[],"current_hp_per_floor":[47,47,47,43,43,43,43,38,38,38,38,35,28,28,28,0,0],"gold":142,"neow_bonus":"ONE_RARE_RELIC","is_daily":false,"chose_seed":false,"campfire_upgraded":2,"win_rate":0.0,"timestamp":1611722903,"path_taken":["M","?","?","M","?","R","M","M","T","?","M","M","E","M","R","BOSS"],"items_purchased_type":[],"build_version":"2020-12-22","purchased_purges":0,"victory":false,"max_hp_per_floor":[66,66,66,66,66,66,66,66,66,66,66,66,66,66,66,66,66],"card_choices":[{"not_picked":["Prepared","Cloak And Dagger"],"picked":"Footwork","floor":1},{"not_picked":["Acrobatics","Quick Slash"],"picked":"Cloak And Dagger","floor":4},{"not_picked":["Crippling Poison","Expertise"],"picked":"Calculated Gamble","floor":7},{"not_picked":["Masterful Stab","Outmaneuver"],"picked":"Blade Dance","floor":8},{"not_picked":["Predator","Bane"],"picked":"Backflip","floor":10},{"not_picked":["Storm of Steel","Infinite Blades"],"picked":"Outmaneuver","floor":11},{"not_picked":["Sucker Punch","Outmaneuver","Quick Slash"],"picked":"SKIP","floor":12},{"not_picked":["Sucker Punch","Deflect"],"picked":"Eviscerate","floor":13},{"not_picked":["Setup","Poisoned Stab"],"picked":"Infinite Blades","floor":14}],"player_experience":1813759,"relics_obtained":[{"floor":9,"key":"White Beast Statue"},{"floor":13,"key":"TungstenRod"}],"event_choices":[{"damage_healed":0,"gold_gain":0,"cards_transformed":["Strike_G"],"player_choice":"Change","damage_taken":0,"max_hp_gain":0,"max_hp_loss":0,"event_name":"Living Wall","floor":2,"gold_loss":0,"cards_obtained":["Choke"]}],"is_beta":false,"boss_relics":[],"items_purged_floors":[],"is_endless":false,"potions_floor_spawned":[7,8,10,11,12,13,14],"killed_by":"Slime Boss","ascension_level":20}}