{"host":"s41rn2jhghpwfrvz","time":1611767470,"event":{"mods":["BaseMod","Minty Spire (QoL Compilation)","Quick Restart","Relic Stats","SuperFastMode"],"gold_per_floor":[109,89,106,125,141,141,141],"floor_reached":6,"language":"ENG","playtime":542,"items_purged":[],"score":76,"play_id":"12f056a9-6ae5-46f1-ab29-eba4ffa09931","local_time":"20210127191110","daily_mods":["SealedDeck","Diverse","DeadlyEvents"],"is_ascension_mode":true,"campfire_choices":[],"circlet_count":0,"master_deck":["AscendersBane","Dodge and Roll","Evaluate","Body Slam","Body Slam","FTL","Deflect","Leap","Well Laid Plans","Cloak And Dagger","PiercingWail"],"relics":["Burning Blood"],"acts_visited":["Exordium"],"potions_floor_usage":[],"damage_taken":[{"damage":2.0,"enemies":"Jaw Worm","floor":1.0,"turns":4.0},{"damage":0.0,"enemies":"Cultist","floor":3.0,"turns":4.0},{"damage":0.0,"enemies":"2 Louse","floor":4.0,"turns":2.0},{"damage":7.0,"enemies":"Large Slime","floor":5.0,"turns":7.0},{"damage":0,"enemies":"Lagavulin","floor":6,"turns":2}],"seed_played":"-6905317966043463428","potions_obtained":[{"floor":2.0,"key":"SneckoOil"},{"floor":5.0,"key":"Dexterity Potion"}],"is_trial":true,"path_per_floor":["M","?","M","M","M","E"],"character_chosen":"IRONCLAD","items_purchased":[],"campfire_rested":0,"item_purchase_floors":[],"current_hp_per_floor":[72,72,75,75,74,74,74],"gold":141,"neow_bonus":"","is_daily":false,"chose_seed":false,"campfire_upgraded":0,"win_rate":0.0,"timestamp":1611767470,"path_taken":["M","?","M","M","?","E"],"items_purchased_type":[],"build_version":"2020-12-22","purchased_purges":0,"victory":false,"max_hp_per_floor":[75,75,75,75,75,75,75],"relic_stats":{"counters":[5,19],"obtain_stats":[{"Burning Blood":0},{"Burning Blood":0},{"Burning Blood":0}],"Burning Blood":15},"card_choices":[{"not_picked":["Evaluate","BattleHymn","Sentinel"],"picked":"SKIP","floor":1.0},{"not_picked":["Redo","Clash","Dodge and Roll"],"picked":"SKIP","floor":3.0},{"not_picked":["Perfected Strike","ThirdEye","Blood for Blood"],"picked":"SKIP","floor":4.0},{"not_picked":["Intimidate","Wild Strike","ClearTheMind"],"picked":"SKIP","floor":5.0}],"player_experience":1858168,"relics_obtained":[],"event_choices":[{"damage_healed":0.0,"max_hp_gain":0.0,"max_hp_loss":0.0,"gold_gain":0.0,"event_name":"The Woman in Blue","player_choice":"Bought 1 Potion","floor":2.0,"gold_loss":0.0,"damage_taken":0.0}],"is_beta":false,"boss_relics":[],"items_purged_floors":[],"is_endless":false,"potions_floor_spawned":[5],"killed_by":"Lagavulin","ascension_level":20}}