{"host":"61r95uy0hn86b9iu","time":1611788192,"event":{"mods":["AchievementEnabler","BaseMod","Better Vampires","BetterRewards","Colored Powertips","Hubris","Minty Spire (QoL Compilation)","Shop Mod","StSLib"],"gold_per_floor":[118,133,145,145,58,58,73,90,172,198,198,198,198,163,163,240,240,353,368,382,382,10,10,10,35,35,48,48,48,48,81,81,157,157,174,194,31,31,31,56,56,56,133,133,151,151,25,25,25,25,25,25,3,3,3],"floor_reached":54,"language":"ENG","playtime":1990,"items_purged":["Strike_B","Strike_B"],"score":1661,"play_id":"8fbe8fc8-e1df-4918-967a-bee94e1774c1","local_time":"20210127165632","is_ascension_mode":true,"campfire_choices":[{"floor":6.0,"key":"REST"},{"floor":15.0,"key":"REST"},{"data":"Apotheosis","floor":23.0,"key":"SMITH"},{"floor":28.0,"key":"REST"},{"floor":30.0,"key":"REST"},{"floor":32.0,"key":"REST"},{"floor":41.0,"key":"REST"},{"floor":44.0,"key":"REST"},{"floor":46.0,"key":"RECALL"},{"floor":49.0,"key":"REST"},{"data":"Madness","floor":52,"key":"SMITH"}],"circlet_count":0,"master_deck":["AscendersBane","Strike_B","Strike_B","Defend_B","Defend_B","Defend_B","Defend_B","Zap","Dualcast","Apotheosis+1","Conserve Battery","Static Discharge","Go for the Eyes","Electrodynamics","Consume","Fission","White Noise","Melter","hubris:Ukulele","Leap","Conserve Battery","Buffer","Coolheaded","Consume","FTL+1","Madness+1","Madness","Skim"],"relics":["Cracked Core","Symbiotic Virus","hubris:Icosahedron","Inserter","hubris:Towel","Meat on the Bone","TungstenRod","Nuclear Battery","MerchantsRug","hubris:TinFlute"],"acts_visited":["Exordium","TheCity","TheBeyond","TheEnding"],"potions_floor_usage":[],"damage_taken":[{"damage":0.0,"enemies":"2 Louse","floor":1.0,"turns":2.0},{"damage":1.0,"enemies":"Cultist","floor":2.0,"turns":3.0},{"damage":0.0,"enemies":"Jaw Worm","floor":3.0,"turns":3.0},{"damage":2.0,"enemies":"3 Louse","floor":7.0,"turns":3.0},{"damage":15.0,"enemies":"Large Slime","floor":8.0,"turns":4.0},{"damage":32.0,"enemies":"Gremlin Nob","floor":10.0,"turns":4.0},{"damage":9.0,"enemies":"The Guardian","floor":16.0,"turns":8.0},{"damage":23.0,"enemies":"3 Byrds","floor":18.0,"turns":3.0},{"damage":1.0,"enemies":"Chosen","floor":19.0,"turns":3.0},{"damage":1.0,"enemies":"Centurion and Healer","floor":20.0,"turns":2.0},{"damage":27.0,"enemies":"Slavers","floor":25.0,"turns":3.0},{"damage":11.0,"enemies":"Sentry and Sphere","floor":27.0,"turns":3.0},{"damage":40.0,"enemies":"Gremlin Leader","floor":31.0,"turns":5.0},{"damage":46.0,"enemies":"hubris:MusketHawk","floor":33.0,"turns":7.0},{"damage":46.0,"enemies":"3 Darklings","floor":35.0,"turns":4.0},{"damage":48.0,"enemies":"Orb Walker","floor":36.0,"turns":6.0},{"damage":19.0,"enemies":"Nemesis","floor":40.0,"turns":9.0},{"damage":20.0,"enemies":"4 Shapes","floor":45.0,"turns":5.0},{"damage":24,"enemies":"hubris:GrandSnecko","floor":50,"turns":25},{"damage":130,"enemies":"Shield and Spear","floor":54,"turns":5}],"seed_played":"-5280718381687319438","potions_obtained":[{"floor":4.0,"key":"FairyPotion"},{"floor":4.0,"key":"Fire Potion"},{"floor":16.0,"key":"FairyPotion"}],"is_trial":false,"path_per_floor":["M","M","M","?","$","R","M","M","T","E","?","?","?","?","R","B",null,"M","M","M","?","$","R","?","E","T","M","R","?","R","E","R","B",null,"M","M","$","?","?","E","R","?","T","R","M","R","$","?","R","B",null,"R","$","E"],"character_chosen":"DEFECT","items_purchased":["Apotheosis","Sunder","Conserve Battery","Static Discharge","hubris:TenFootPole","hubris:Ukulele","Leap","MerchantsRug","Consume","Regal Pillow"],"campfire_rested":8,"item_purchase_floors":[0,0,0,5,22,22,22,37,37,47],"current_hp_per_floor":[57,56,56,56,56,71,69,54,54,22,22,22,22,39,60,51,66,43,42,41,41,41,41,41,14,14,15,36,36,57,29,50,16,57,23,33,33,33,33,26,47,41,41,62,42,42,42,42,71,47,65,65,65,0,0],"gold":3,"neow_bonus":"","is_daily":false,"chose_seed":false,"campfire_upgraded":2,"win_rate":0.0,"timestamp":1611788192,"path_taken":["M","M","M","?","?","R","M","M","T","E","?","?","?","?","R","BOSS","M","M","M","?","$","R","?","E","T","M","R","?","R","E","R","BOSS","M","M","$","?","?","E","R","?","T","R","M","R","$","?","R","BOSS","R","$","E"],"items_purchased_type":["Card","Card","Card","Card","Relic","Card","Card","Relic","Card","Relic"],"build_version":"2020-12-22","purchased_purges":2,"victory":false,"max_hp_per_floor":[71,71,71,71,71,71,71,71,71,71,71,71,71,71,71,71,71,71,71,71,71,71,71,71,71,71,71,71,71,71,71,71,71,71,71,71,71,71,71,71,71,71,71,71,71,71,71,71,71,71,71,71,71,71,71],"card_choices":[{"not_picked":["Force Field","Scrape","Ball Lightning"],"picked":"SKIP","floor":1.0},{"not_picked":["Streamline","Rebound","Ball Lightning"],"picked":"SKIP","floor":2.0},{"not_picked":["Rebound","Coolheaded","Stack"],"picked":"SKIP","floor":3.0},{"not_picked":["Turbo","Beam Cell"],"picked":"Go for the Eyes","floor":7.0},{"not_picked":["Compile Driver","Gash"],"picked":"Electrodynamics","floor":8.0},{"not_picked":["Doom and Gloom","Coolheaded","Machine Learning"],"picked":"SKIP","floor":10.0},{"not_picked":["Machine Learning","Hyperbeam"],"picked":"Fission","floor":16.0},{"not_picked":["Lockon","Beam Cell"],"picked":"White Noise","floor":18.0},{"not_picked":["Ball Lightning","Sweeping Beam","Beam Cell"],"picked":"SKIP","floor":19.0},{"not_picked":["Turbo","Sweeping Beam"],"picked":"Melter","floor":20.0},{"not_picked":["Melter","Steam"],"picked":"Conserve Battery","floor":25.0},{"not_picked":["Steam+1","Barrage","Chaos"],"picked":"SKIP","floor":27.0},{"not_picked":["Recycle","Barrage+1","Gash"],"picked":"SKIP","floor":31.0},{"not_picked":["Machine Learning","Thunder Strike"],"picked":"Buffer","floor":33.0},{"not_picked":["FTL","Sunder"],"picked":"Coolheaded","floor":35.0},{"not_picked":["Leap","Coolheaded","Electrodynamics"],"picked":"SKIP","floor":36.0},{"not_picked":["Lockon","Ball Lightning"],"picked":"FTL+1","floor":40.0},{"not_picked":["Auto Shields","Conserve Battery"],"picked":"Skim","floor":45.0}],"player_experience":3324348,"relics_obtained":[{"floor":9.0,"key":"Symbiotic Virus"},{"floor":10.0,"key":"Pocketwatch"},{"floor":25.0,"key":"Juzu Bracelet"},{"floor":26.0,"key":"Meat on the Bone"},{"floor":31.0,"key":"TungstenRod"},{"floor":40.0,"key":"hubris:TinFlute"}],"event_choices":[{"damage_healed":0.0,"max_hp_gain":0.0,"max_hp_loss":0.0,"gold_gain":0.0,"event_name":"Lab","player_choice":"Got Potions","floor":4.0,"gold_loss":0.0,"damage_taken":0.0},{"damage_healed":0.0,"max_hp_gain":0.0,"max_hp_loss":0.0,"gold_gain":0.0,"event_name":"Shining Light","player_choice":"Ignored","floor":12.0,"gold_loss":0.0,"damage_taken":0.0},{"damage_healed":17.0,"max_hp_gain":0.0,"max_hp_loss":0.0,"gold_gain":0.0,"event_name":"The Cleric","player_choice":"Healed","floor":14.0,"gold_loss":35.0,"damage_taken":0.0},{"damage_healed":0.0,"max_hp_gain":0.0,"max_hp_loss":0.0,"gold_gain":0.0,"event_name":"Ghosts","player_choice":"Ignored","floor":24.0,"gold_loss":0.0,"damage_taken":0.0},{"damage_healed":0.0,"max_hp_gain":0.0,"max_hp_loss":0.0,"gold_gain":0.0,"event_name":"Match and Keep!","player_choice":"0 cards matched","floor":29.0,"gold_loss":0.0,"damage_taken":0.0,"cards_obtained":[]},{"damage_healed":0.0,"max_hp_gain":0.0,"max_hp_loss":0.0,"gold_gain":0.0,"event_name":"Match and Keep!","player_choice":"0 cards matched","floor":38.0,"gold_loss":0.0,"damage_taken":0.0,"cards_obtained":[]},{"cards_removed":["Sunder"],"damage_healed":0.0,"max_hp_gain":0.0,"max_hp_loss":0.0,"gold_gain":0.0,"event_name":"Falling","player_choice":"Removed Attack","floor":39.0,"gold_loss":0.0,"damage_taken":0.0},{"damage_healed":0.0,"max_hp_gain":0.0,"max_hp_loss":0.0,"gold_gain":0.0,"event_name":"Winding Halls","player_choice":"Embrace Madness","floor":42.0,"gold_loss":0.0,"damage_taken":13.0,"cards_obtained":["Madness","Madness"]},{"damage_healed":0.0,"max_hp_gain":0.0,"max_hp_loss":0.0,"gold_gain":0.0,"event_name":"Mysterious Sphere","player_choice":"Ignored","floor":48.0,"gold_loss":0.0,"damage_taken":0.0}],"is_beta":false,"boss_relics":[{"not_picked":["hubris:RunicObelisk","Astrolabe"],"picked":"Inserter"},{"not_picked":["Cursed Key","Tiny House"],"picked":"Nuclear Battery"}],"items_purged_floors":[22,53],"is_endless":false,"potions_floor_spawned":[7,10,16,20,27,31,33,35],"killed_by":"Shield and Spear","ascension_level":18}}