{"host":"4pckc3u5mqcilakq","time":1611756509,"event":{"mods":["AchievementEnabler","BaseMod","Colored Map","Colored Powertips","Highlight Path","Minty Spire (QoL Compilation)"],"gold_per_floor":[119,131,131,149,149,149,164,190,190,140,151,151,182,200,200,303,303,315,329,329,343,358,358,392,1,54,54,69,69,99,99,99,194,194,210,224,275,275,28,53,73,107,156,191,211,227,227,262,262,262,262,262,8,36,36,36],"floor_reached":55,"language":"ENG","playtime":2703,"items_purged":["Zap","Bite"],"score":1024,"play_id":"2ddc114c-1b36-4d6f-a0c6-47e66aa81c32","local_time":"20210127170829","is_ascension_mode":true,"campfire_choices":[{"data":"Self Repair","floor":6.0,"key":"SMITH"},{"data":"Streamline","floor":12.0,"key":"SMITH"},{"data":"Defend_B","floor":15.0,"key":"SMITH"},{"data":"Bite","floor":23.0,"key":"SMITH"},{"data":"Reprogram","floor":27.0,"key":"SMITH"},{"data":"Conserve Battery","floor":32.0,"key":"SMITH"},{"floor":47,"key":"RECALL"},{"data":"Bite","floor":49,"key":"SMITH"},{"data":"Bite","floor":52,"key":"SMITH"}],"circlet_count":0,"master_deck":["Defend_B+1","Defend_B+1","Defend_B+1","Defend_B+1","CurseOfTheBell","Self Repair+1","Gash","Gash","Streamline+1","Gash","Core Surge","Bite+1","Bite+1","Bite+1","Bite","Sweeping Beam+1","Reprogram+1","Melter","Conserve Battery+1","All For One","Reprogram+1"],"relics":["Calling Bell","Du-Vu Doll","Vajra","Singing Bowl","Letter Opener","FossilizedHelix","Mango","Bottled Flame","Nuclear Battery","Tiny Chest","Happy Flower","Bag of Preparation","Orichalcum","Busted Crown","Torii","Bag of Marbles","InkBottle","Smiling Mask","Ancient Tea Set","Pen Nib","Omamori","DollysMirror","DataDisk"],"acts_visited":["Exordium","TheCity","TheBeyond","TheEnding"],"potions_floor_usage":[44,44,55,55,55],"damage_taken":[{"damage":0.0,"enemies":"2 Louse","floor":1.0,"turns":2.0},{"damage":1.0,"enemies":"Cultist","floor":2.0,"turns":3.0},{"damage":7.0,"enemies":"Jaw Worm","floor":4.0,"turns":5.0},{"damage":11.0,"enemies":"Looter","floor":7.0,"turns":3.0},{"damage":40.0,"enemies":"3 Sentries","floor":8.0,"turns":8.0},{"damage":4.0,"enemies":"2 Fungi Beasts","floor":11.0,"turns":4.0},{"damage":20.0,"enemies":"Lagavulin","floor":13.0,"turns":5.0},{"damage":3.0,"enemies":"Blue Slaver","floor":14.0,"turns":3.0},{"damage":16.0,"enemies":"Slime Boss","floor":16.0,"turns":8.0},{"damage":6.0,"enemies":"Chosen","floor":18.0,"turns":4.0},{"damage":28.0,"enemies":"2 Thieves","floor":19.0,"turns":3.0},{"damage":32.0,"enemies":"Snake Plant","floor":21.0,"turns":5.0},{"damage":13.0,"enemies":"Snecko","floor":22.0,"turns":4.0},{"damage":51.0,"enemies":"Book of Stabbing","floor":24.0,"turns":6.0},{"damage":18.0,"enemies":"Cultist and Chosen","floor":28.0,"turns":5.0},{"damage":12.0,"enemies":"Gremlin Leader","floor":30.0,"turns":5.0},{"damage":35.0,"enemies":"Champ","floor":33.0,"turns":10.0},{"damage":16.0,"enemies":"3 Shapes","floor":35.0,"turns":2.0},{"damage":0.0,"enemies":"3 Darklings","floor":36.0,"turns":6.0},{"damage":76.0,"enemies":"2 Orb Walkers","floor":37.0,"turns":6.0},{"damage":27.0,"enemies":"Nemesis","floor":40.0,"turns":5.0},{"damage":0.0,"enemies":"Spire Growth","floor":41.0,"turns":3.0},{"damage":40.0,"enemies":"Reptomancer","floor":42.0,"turns":5.0},{"damage":8,"enemies":"Nemesis","floor":44,"turns":6},{"damage":0,"enemies":"Sphere and 2 Shapes","floor":45,"turns":2},{"damage":0,"enemies":"Maw","floor":46,"turns":5},{"damage":0,"enemies":"Giant Head","floor":48,"turns":5},{"damage":96,"enemies":"Awakened One","floor":50,"turns":10},{"damage":38,"enemies":"Shield and Spear","floor":54,"turns":5},{"damage":125,"enemies":"The Heart","floor":55,"turns":8}],"seed_played":"1541275667919901264","potions_obtained":[{"floor":1.0,"key":"SteroidPotion"},{"floor":11.0,"key":"ColorlessPotion"},{"floor":13.0,"key":"Weak Potion"},{"floor":14.0,"key":"SpeedPotion"},{"floor":22.0,"key":"Strength Potion"},{"floor":28.0,"key":"SteroidPotion"},{"floor":30.0,"key":"Fire Potion"},{"floor":33.0,"key":"EssenceOfDarkness"},{"floor":37.0,"key":"FearPotion"},{"floor":45,"key":"EssenceOfSteel"},{"floor":54,"key":"LiquidBronze"}],"is_trial":false,"path_per_floor":["M","M","?","M","?","R","M","E","T","?","M","R","E","M","R","B",null,"M","M","?","M","M","R","E","$","T","R","M","?","E","?","R","B",null,"M","M","?","T","$","E","M","E","T","E","M","M","R","E","R","B",null,"R","$","E","B"],"character_chosen":"DEFECT","items_purchased":["Reprogram","Melter","Conserve Battery","Happy Flower","InkBottle","DollysMirror","Weak Potion"],"campfire_rested":0,"item_purchase_floors":[25,25,25,25,39,53,53],"current_hp_per_floor":[77,76,76,76,58,58,57,27,41,41,49,49,39,48,48,42,95,97,81,69,57,68,68,40,40,40,40,45,45,56,56,56,61,77,73,81,23,23,23,22,41,28,28,54,63,86,86,97,97,41,97,97,97,76,0,0],"gold":36,"neow_bonus":"BOSS_RELIC","is_daily":false,"chose_seed":false,"campfire_upgraded":8,"win_rate":0.0,"timestamp":1611756509,"path_taken":["M","M","?","?","?","R","M","E","T","?","M","R","E","M","R","BOSS","M","M","?","M","M","R","E","$","T","R","M","?","E","?","R","BOSS","M","M","?","?","$","E","M","E","T","E","M","?","R","E","R","BOSS","R","$","E","BOSS"],"items_purchased_type":["Card","Card","Card","Relic","Relic","Relic","Potion"],"build_version":"2020-12-22","purchased_purges":2,"victory":false,"max_hp_per_floor":[77,77,77,77,77,77,77,77,91,91,93,93,93,95,95,95,95,97,99,69,71,73,73,73,73,73,73,75,75,77,77,77,77,77,79,81,83,83,83,85,87,89,89,91,93,95,95,97,97,97,97,97,97,99,99,99],"card_choices":[{"not_picked":["Stack","Consume","Tempest"],"picked":"Singing Bowl","floor":1.0},{"not_picked":["Lockon","Ball Lightning"],"picked":"Self Repair","floor":2.0},{"not_picked":["Steam","Leap"],"picked":"Gash","floor":4.0},{"not_picked":["Beam Cell","Loop"],"picked":"Gash","floor":7.0},{"not_picked":["Capacitor","Thunder Strike"],"picked":"Streamline","floor":8.0},{"not_picked":["Streamline","Reinforced Body","BootSequence"],"picked":"Singing Bowl","floor":11.0},{"not_picked":["Heatsinks","Skim"],"picked":"Gash","floor":13.0},{"not_picked":["Coolheaded","Beam Cell","FTL"],"picked":"Singing Bowl","floor":14.0},{"not_picked":["Seek","Machine Learning"],"picked":"Core Surge","floor":16.0},{"not_picked":["Leap","Coolheaded","Storm"],"picked":"Singing Bowl","floor":18.0},{"not_picked":["Defragment","Streamline+1","Barrage"],"picked":"Singing Bowl","floor":19.0},{"not_picked":["Recycle","Streamline","Barrage+1"],"picked":"Singing Bowl","floor":21.0},{"not_picked":["Turbo+1","White Noise","Steam+1"],"picked":"Singing Bowl","floor":22.0},{"not_picked":["Storm","Blizzard+1"],"picked":"Sweeping Beam+1","floor":24.0},{"not_picked":["Streamline","Compile Driver+1","Sweeping Beam"],"picked":"Singing Bowl","floor":28.0},{"not_picked":["Cold Snap","Go for the Eyes+1","Sunder"],"picked":"Singing Bowl","floor":30.0},{"not_picked":["Thunder Strike","Fission"],"picked":"All For One","floor":33.0},{"not_picked":["Cold Snap"],"picked":"Singing Bowl","floor":35.0},{"not_picked":["Redo"],"picked":"Singing Bowl","floor":36.0},{"not_picked":["Coolheaded"],"picked":"Singing Bowl","floor":37.0},{"not_picked":["Aggregate"],"picked":"Singing Bowl","floor":40.0},{"not_picked":["Coolheaded"],"picked":"Singing Bowl","floor":41.0},{"not_picked":["Compile Driver"],"picked":"Singing Bowl","floor":42.0},{"not_picked":["Redo+1"],"picked":"Singing Bowl","floor":44},{"not_picked":["Leap+1"],"picked":"Singing Bowl","floor":45},{"not_picked":["Stack"],"picked":"Singing Bowl","floor":46},{"not_picked":["Sunder"],"picked":"Singing Bowl","floor":48},{"not_picked":["Hologram"],"picked":"Singing Bowl","floor":54}],"player_experience":192856,"relics_obtained":[{"floor":0.0,"key":"Du-Vu Doll"},{"floor":0.0,"key":"Vajra"},{"floor":0.0,"key":"Singing Bowl"},{"floor":8.0,"key":"FossilizedHelix"},{"floor":9.0,"key":"Mango"},{"floor":13.0,"key":"Bottled Flame"},{"floor":24.0,"key":"Tiny Chest"},{"floor":26.0,"key":"Bag of Preparation"},{"floor":30.0,"key":"Orichalcum"},{"floor":37.0,"key":"Torii"},{"floor":38.0,"key":"Bag of Marbles"},{"floor":40.0,"key":"Smiling Mask"},{"floor":42.0,"key":"Ancient Tea Set"},{"floor":44,"key":"Pen Nib"},{"floor":48,"key":"Omamori"},{"floor":54,"key":"DataDisk"}],"event_choices":[{"cards_removed":["Dualcast"],"damage_healed":0.0,"max_hp_gain":0.0,"max_hp_loss":0.0,"gold_gain":0.0,"event_name":"Purifier","player_choice":"Purged","floor":3.0,"gold_loss":0.0,"damage_taken":0.0},{"damage_healed":0.0,"max_hp_gain":0.0,"max_hp_loss":0.0,"gold_gain":0.0,"event_name":"Scrap Ooze","player_choice":"Success","floor":5.0,"gold_loss":0.0,"damage_taken":18.0,"relics_obtained":["Letter Opener"]},{"cards_removed":["Strike_B"],"damage_healed":0.0,"max_hp_gain":0.0,"max_hp_loss":0.0,"gold_gain":0.0,"event_name":"The Cleric","player_choice":"Card Removal","floor":10.0,"gold_loss":50.0,"damage_taken":0.0},{"damage_healed":0.0,"max_hp_gain":0.0,"max_hp_loss":30.0,"gold_gain":0.0,"event_name":"Vampires","player_choice":"Became a vampire","floor":20.0,"gold_loss":0.0,"damage_taken":0.0,"cards_obtained":["Bite","Bite","Bite","Bite","Bite"]},{"damage_healed":0.0,"max_hp_gain":0.0,"max_hp_loss":0.0,"gold_gain":0.0,"event_name":"Back to Basics","player_choice":"Simplicity","floor":29.0,"gold_loss":0.0,"damage_taken":0.0,"cards_upgraded":["Defend_B","Defend_B","Defend_B"]},{"damage_healed":0.0,"max_hp_gain":0.0,"max_hp_loss":0.0,"gold_gain":0.0,"event_name":"Ghosts","player_choice":"Ignored","floor":31.0,"gold_loss":0.0,"damage_taken":0.0},{"damage_healed":0.0,"max_hp_gain":0.0,"max_hp_loss":0.0,"gold_gain":0.0,"event_name":"Mysterious Sphere","player_choice":"Fight","floor":37.0,"gold_loss":0.0,"damage_taken":0.0}],"is_beta":false,"boss_relics":[{"not_picked":["SacredBark","Empty Cage"],"picked":"Nuclear Battery"},{"not_picked":["Fusion Hammer","Pandora\u0027s Box"],"picked":"Busted Crown"}],"items_purged_floors":[25,53],"is_endless":false,"potions_floor_spawned":[1,11,13,14,22,28,30,33,36,37,40,41,45,54],"killed_by":"The Heart","ascension_level":4}}