{"host":"gttgmv2wah99hzdm","time":1611706069,"event":{"mods":["AchievementEnabler","BaseMod","Bestiary","Block Reminder","Filter the Spire","Minty Spire (QoL Compilation)","Relic Stats","Weighted Paths","ojb\u0027s Info Mod"],"gold_per_floor":[110,11,26,43,43,43,70,70,97,127,52,75,108,133,133,216,216,231,281,281,296,32,59,59,101,101,121,161,42,42,68,68,148,202,231,231,231,260,281,281,318,341,341,136,136,200,243,261,261,261,261,261,261,20,54,54],"floor_reached":57,"language":"ENG","playtime":4689,"items_purged":["Strike_R","Strike_R","Berserk"],"score":3112,"play_id":"f49e16c4-3310-46d8-9a60-3e7bec010bcf","local_time":"20210126180749","is_ascension_mode":true,"campfire_choices":[{"data":"Bash","floor":6.0,"key":"SMITH"},{"data":"Immolate","floor":8.0,"key":"SMITH"},{"data":"Evolve","floor":15.0,"key":"SMITH"},{"data":"Pommel Strike","floor":24.0,"key":"SMITH"},{"data":"Dual Wield","floor":30.0,"key":"SMITH"},{"data":"Feel No Pain","floor":32.0,"key":"SMITH"},{"data":"True Grit","floor":40.0,"key":"SMITH"},{"floor":45.0,"key":"RECALL"},{"data":"Twin Strike","floor":49.0,"key":"PURGE"},{"data":"Shockwave","floor":53.0,"key":"SMITH"}],"circlet_count":0,"master_deck":["AscendersBane","Bash+1","Carnage+1","Feel No Pain+1","Sever Soul","Immolate+1","Evolve+1","Pommel Strike+1","Feed","Second Wind","Reaper","Dual Wield+1","Shrug It Off","Barricade","Reaper","Feed","Corruption","Shockwave+1","True Grit+1","True Grit+1","Burning Pact","Exhume","Ghostly Armor+1","Dark Embrace","Entrench","Sentinel+1","Flame Barrier","Entrench","Spot Weakness"],"relics":["Velvet Choker","Toy Ornithopter","Bag of Preparation","CeramicFish","Bag of Marbles","Snecko Eye","White Beast Statue","Juzu Bracelet","Boot","Turnip","Pocketwatch","Centennial Puzzle","Pandora\u0027s Box","Ancient Tea Set","Incense Burner","Peace Pipe","Nunchaku","Pen Nib"],"acts_visited":["Exordium","TheCity","TheBeyond","TheEnding"],"potions_floor_usage":[],"damage_taken":[{"damage":2.0,"enemies":"Small Slimes","floor":1.0,"turns":3.0},{"damage":0.0,"enemies":"2 Louse","floor":3.0,"turns":2.0},{"damage":0.0,"enemies":"Cultist","floor":4.0,"turns":2.0},{"damage":12.0,"enemies":"3 Sentries","floor":7.0,"turns":8.0},{"damage":0.0,"enemies":"Gremlin Nob","floor":10.0,"turns":2.0},{"damage":0.0,"enemies":"3 Louse","floor":12.0,"turns":2.0},{"damage":0.0,"enemies":"3 Sentries","floor":13.0,"turns":3.0},{"damage":0.0,"enemies":"Blue Slaver","floor":14.0,"turns":1.0},{"damage":33.0,"enemies":"Hexaghost","floor":16.0,"turns":7.0},{"damage":2.0,"enemies":"3 Byrds","floor":18.0,"turns":4.0},{"damage":0.0,"enemies":"Spheric Guardian","floor":21.0,"turns":1.0},{"damage":0.0,"enemies":"Gremlin Leader","floor":23.0,"turns":2.0},{"damage":0.0,"enemies":"Slavers","floor":25.0,"turns":2.0},{"damage":0.0,"enemies":"Cultist and Chosen","floor":27.0,"turns":2.0},{"damage":0.0,"enemies":"Gremlin Leader","floor":28.0,"turns":3.0},{"damage":26.0,"enemies":"Slavers","floor":31.0,"turns":5.0},{"damage":40.0,"enemies":"Collector","floor":33.0,"turns":7.0},{"damage":12.0,"enemies":"Orb Walker","floor":35.0,"turns":2.0},{"damage":13.0,"enemies":"3 Darklings","floor":38.0,"turns":6.0},{"damage":0.0,"enemies":"Transient","floor":39.0,"turns":6.0},{"damage":42.0,"enemies":"Reptomancer","floor":41.0,"turns":4.0},{"damage":17.0,"enemies":"4 Shapes","floor":42.0,"turns":4.0},{"damage":14.0,"enemies":"2 Orb Walkers","floor":46.0,"turns":3.0},{"damage":0.0,"enemies":"Nemesis","floor":47.0,"turns":7.0},{"damage":0.0,"enemies":"Jaw Worm Horde","floor":48.0,"turns":4.0},{"damage":23.0,"enemies":"Donu and Deca","floor":50.0,"turns":8.0},{"damage":10.0,"enemies":"Awakened One","floor":51.0,"turns":33.0},{"damage":0,"enemies":"Shield and Spear","floor":55,"turns":6},{"damage":6,"enemies":"The Heart","floor":56,"turns":13}],"seed_played":"8468451850957855984","potions_obtained":[{"floor":1.0,"key":"BlessingOfTheForge"},{"floor":12.0,"key":"Strength Potion"},{"floor":23.0,"key":"LiquidMemories"},{"floor":25.0,"key":"BloodPotion"},{"floor":28.0,"key":"BloodPotion"}],"is_trial":false,"path_per_floor":["M","$","M","M","?","R","E","R","T","E","$","M","E","M","R","B",null,"M","?","?","M","$","E","R","E","T","M","E","$","R","E","R","B",null,"M","?","?","M","M","R","E","M","T","$","R","?","E","M","R","B","B",null,"R","$","E","B",null],"character_chosen":"IRONCLAD","items_purchased":["Feel No Pain","SteroidPotion","White Beast Statue","Shrug It Off","Entrench","Entrench","Nunchaku"],"campfire_rested":0,"item_purchase_floors":[2,2,22,29,44,54,54],"current_hp_per_floor":[66,66,66,66,66,66,54,54,54,59,59,59,59,59,59,26,63,64,64,64,73,73,76,76,79,79,82,85,85,85,78,78,47,91,88,88,88,107,107,107,91,108,108,108,108,97,106,122,122,108,137,137,137,137,143,143],"gold":54,"neow_bonus":"BOSS_RELIC","is_daily":false,"chose_seed":false,"campfire_upgraded":8,"win_rate":0.0,"timestamp":1611706069,"path_taken":["M","$","M","M","?","R","E","R","T","E","$","M","E","M","R","BOSS","M","?","?","?","$","E","R","E","T","M","E","$","R","E","R","BOSS","M","?","?","M","M","R","E","M","T","$","R","?","E","M","R","BOSS","BOSS","R","$","E","BOSS"],"items_purchased_type":["Card","Potion","Relic","Card","Card","Card","Relic"],"build_version":"2020-12-22","purchased_purges":3,"victory":true,"max_hp_per_floor":[75,75,75,75,75,75,75,75,75,75,75,75,75,75,75,75,75,78,78,78,82,82,85,85,88,88,91,94,94,94,103,103,106,106,109,104,104,107,107,107,110,116,116,116,116,119,122,128,128,131,137,137,137,137,143,143],"relic_stats":{"counters":[29,152],"CeramicFish":216,"Pen Nib":[3],"Bag of Preparation":[50],"Juzu Bracelet":0,"Boot":[40],"Peace Pipe":1,"Centennial Puzzle":[26],"Nunchaku":[4],"Snecko Eye":[315,280,275,268],"Pandora\u0027s Box":["Berserk","Reaper","Feed","Corruption","Shockwave","True Grit"],"Turnip":[7],"obtain_stats":[{"CeramicFish":10,"Velvet Choker":0,"Pen Nib":55,"Bag of Preparation":9,"Juzu Bracelet":23,"Incense Burner":46,"Boot":25,"Ancient Tea Set":41,"Burning Blood":0,"White Beast Statue":22,"Peace Pipe":47,"Centennial Puzzle":31,"Nunchaku":54,"Snecko Eye":17,"Pandora\u0027s Box":34,"Turnip":26,"Bag of Marbles":13,"Toy Ornithopter":7,"Pocketwatch":28},{"CeramicFish":5,"Velvet Choker":0,"Pen Nib":28,"Bag of Preparation":4,"Juzu Bracelet":12,"Incense Burner":23,"Boot":13,"Ancient Tea Set":21,"Burning Blood":0,"White Beast Statue":11,"Peace Pipe":24,"Centennial Puzzle":16,"Nunchaku":27,"Snecko Eye":9,"Pandora\u0027s Box":17,"Turnip":13,"Bag of Marbles":7,"Toy Ornithopter":4,"Pocketwatch":15},{"CeramicFish":17,"Velvet Choker":0,"Pen Nib":139,"Bag of Preparation":15,"Juzu Bracelet":37,"Incense Burner":81,"Boot":39,"Ancient Tea Set":74,"Burning Blood":0,"White Beast Statue":35,"Peace Pipe":88,"Centennial Puzzle":49,"Nunchaku":133,"Snecko Eye":30,"Pandora\u0027s Box":56,"Turnip":39,"Bag of Marbles":22,"Toy Ornithopter":15,"Pocketwatch":44}],"Toy Ornithopter":10,"Pocketwatch":[68]},"card_choices":[{"not_picked":["Reckless Charge","Wild Strike"],"picked":"Carnage","floor":1.0},{"not_picked":["Body Slam","Sentinel"],"picked":"Sever Soul","floor":3.0},{"not_picked":["Clash","Barricade"],"picked":"Twin Strike","floor":4.0},{"not_picked":["Anger","Body Slam"],"picked":"Immolate","floor":7.0},{"not_picked":["Perfected Strike","Intimidate","Headbutt"],"picked":"SKIP","floor":10.0},{"not_picked":["Power Through","Heavy Blade"],"picked":"Evolve","floor":12.0},{"not_picked":["Searing Blow","Twin Strike","Evolve"],"picked":"SKIP","floor":13.0},{"not_picked":["Exhume","Clash"],"picked":"Pommel Strike","floor":14.0},{"not_picked":["Demon Form","Corruption"],"picked":"Feed","floor":16.0},{"not_picked":["Perfected Strike","Pummel","Thunderclap"],"picked":"SKIP","floor":18.0},{"not_picked":["Iron Wave","Infernal Blade","Body Slam"],"picked":"SKIP","floor":21.0},{"not_picked":["Iron Wave","Infernal Blade","Body Slam"],"picked":"SKIP","floor":21.0},{"not_picked":["Rage","Wild Strike","Combust"],"picked":"SKIP","floor":23.0},{"not_picked":["Cleave","Metallicize"],"picked":"Second Wind","floor":25.0},{"not_picked":["Cleave","Wild Strike"],"picked":"Reaper","floor":27.0},{"not_picked":["True Grit","Evolve"],"picked":"Dual Wield","floor":28.0},{"not_picked":["Twin Strike","Blood for Blood","True Grit"],"picked":"SKIP","floor":31.0},{"not_picked":["Double Tap","Brutality"],"picked":"Barricade","floor":33.0},{"not_picked":["Metallicize+1","Body Slam+1"],"picked":"True Grit+1","floor":35.0},{"not_picked":["Clash","Intimidate"],"picked":"Burning Pact","floor":38.0},{"not_picked":["Cleave","Anger"],"picked":"Exhume","floor":39.0},{"not_picked":["Anger","Pummel"],"picked":"Ghostly Armor+1","floor":41.0},{"not_picked":["Perfected Strike+1","Anger"],"picked":"Dark Embrace","floor":42.0},{"not_picked":["Feel No Pain","Cleave"],"picked":"Sentinel+1","floor":46.0},{"not_picked":["Brutality","Perfected Strike+1"],"picked":"Flame Barrier","floor":47.0},{"not_picked":["Body Slam","Flex","Iron Wave+1"],"picked":"SKIP","floor":48.0},{"not_picked":["Searing Blow","Clash"],"picked":"Spot Weakness","floor":55}],"player_experience":1071234,"relics_obtained":[{"floor":7.0,"key":"Toy Ornithopter"},{"floor":9.0,"key":"Bag of Preparation"},{"floor":10.0,"key":"CeramicFish"},{"floor":13.0,"key":"Bag of Marbles"},{"floor":23.0,"key":"Juzu Bracelet"},{"floor":25.0,"key":"Boot"},{"floor":26.0,"key":"Turnip"},{"floor":28.0,"key":"Pocketwatch"},{"floor":31.0,"key":"Centennial Puzzle"},{"floor":41.0,"key":"Ancient Tea Set"},{"floor":46.0,"key":"Incense Burner"},{"floor":47.0,"key":"Peace Pipe"},{"floor":55,"key":"Pen Nib"}],"event_choices":[{"damage_healed":0.0,"max_hp_gain":0.0,"max_hp_loss":0.0,"gold_gain":0.0,"event_name":"Living Wall","player_choice":"Grow","floor":5.0,"gold_loss":0.0,"damage_taken":0.0,"cards_upgraded":["Carnage"]},{"damage_healed":0.0,"max_hp_gain":0.0,"max_hp_loss":0.0,"gold_gain":50.0,"event_name":"Nest","player_choice":"Stole From Cult","floor":19.0,"gold_loss":0.0,"damage_taken":0.0},{"cards_removed":["Strike_R"],"damage_healed":0.0,"max_hp_gain":0.0,"max_hp_loss":0.0,"gold_gain":0.0,"event_name":"Purifier","player_choice":"Purged","floor":20.0,"gold_loss":0.0,"damage_taken":0.0},{"damage_healed":0.0,"max_hp_gain":0.0,"max_hp_loss":5.0,"gold_gain":0.0,"event_name":"Winding Halls","player_choice":"Max HP","floor":36.0,"gold_loss":0.0,"damage_taken":0.0},{"damage_healed":0.0,"max_hp_gain":0.0,"max_hp_loss":0.0,"gold_gain":0.0,"event_name":"Tomb of Lord Red Mask","player_choice":"Ignored","floor":37.0,"gold_loss":0.0,"damage_taken":0.0},{"damage_healed":0.0,"max_hp_gain":0.0,"max_hp_loss":0.0,"gold_gain":0.0,"event_name":"Mysterious Sphere","player_choice":"Fight","floor":46.0,"gold_loss":0.0,"damage_taken":0.0}],"is_beta":false,"boss_relics":[{"not_picked":["Mark of Pain","SacredBark"],"picked":"Snecko Eye"},{"not_picked":["Black Star","Empty Cage"],"picked":"Pandora\u0027s Box"}],"items_purged_floors":[11,29,44],"is_endless":false,"potions_floor_spawned":[1,7,12,18,23,25,27,28,31,33,35,38,39,41,42,46,47,48,55],"ascension_level":20}}