{"host":"wghdsg8ym2wc7ov9","time":1611730412,"event":{"mods":["AchievementEnabler","Astrologer","BaseMod","Beaked The Cultist","Better Altar","Better Note","ChefMod","Colored Map","Evolution","Fox Events","Hermit","Highlight Path","Jorbs\u0027s Wanderer Trilogy","KinomotoSakuraMod(????)","Minty Spire (QoL Compilation)","Random Character Button","Relic Stats","SIMod","Shop Mod","StSLib","The Blackbeard","The Bladedancer","The Construct","The Cursed","The Death Knight","The Gatherer","The Hierophant","The Marked","The Mystic","The Necromancer","The Runesmith","The Senshi","The Servant 0.9.4"],"gold_per_floor":[119,137,157,171,182,211,211,270,296,296,296,296],"floor_reached":11,"language":"ENG","playtime":1085,"items_purged":[],"score":83,"play_id":"aec3b985-91d9-4800-ba19-6f08face4295","local_time":"20210126225332","is_ascension_mode":true,"campfire_choices":[{"floor":7,"key":"REST"}],"circlet_count":0,"master_deck":["Strike_B","Strike_B","Strike_B","Strike_B","Defend_B","Defend_B","Defend_B","Defend_B","Zap+1","Dualcast","Rip and Tear","Genetic Algorithm","Rebound","Gash","Aggregate","Barrage","Compile Driver","Injury"],"relics":["Cracked Core","EVO:Axolotl","Lantern","Ancient Tea Set","Golden Idol"],"acts_visited":["Exordium"],"potions_floor_usage":[6,8],"damage_taken":[{"damage":0,"enemies":"Cultist","floor":1,"turns":3},{"damage":4,"enemies":"Jaw Worm","floor":2,"turns":3},{"damage":0,"enemies":"Small Slimes","floor":3,"turns":2},{"damage":0,"enemies":"Exordium Wildlife","floor":4,"turns":2},{"damage":1,"enemies":"Looter","floor":5,"turns":4},{"damage":31,"enemies":"Lagavulin","floor":6,"turns":5},{"damage":36,"enemies":"Lagavulin Event","floor":8,"turns":6},{"damage":30,"enemies":"3 Sentries","floor":11,"turns":7}],"seed_played":"3809281911987999943","potions_obtained":[{"floor":3,"key":"PowerPotion"},{"floor":4,"key":"Energy Potion"},{"floor":5,"key":"DuplicationPotion"}],"is_trial":false,"path_per_floor":["M","M","M","M","M","E","R","?","T","?","E"],"character_chosen":"DEFECT","items_purchased":[],"campfire_rested":1,"item_purchase_floors":[],"current_hp_per_floor":[75,71,71,71,70,39,61,25,25,25,0,0],"gold":296,"neow_bonus":"UPGRADE_CARD","is_daily":false,"chose_seed":false,"campfire_upgraded":0,"win_rate":0.0,"timestamp":1611730412,"path_taken":["M","M","?","M","M","E","R","?","T","?","E"],"items_purchased_type":[],"build_version":"2020-12-22","purchased_purges":0,"victory":false,"max_hp_per_floor":[75,75,75,75,75,75,75,75,75,75,75,75],"relic_stats":{"counters":[8,32],"Golden Idol":0,"obtain_stats":[{"Lantern":6,"Golden Idol":10,"EVO:Axolotl":0,"Cracked Core":0,"Ancient Tea Set":8},{"Lantern":6,"Golden Idol":7,"EVO:Axolotl":0,"Cracked Core":0,"Ancient Tea Set":7},{"Lantern":19,"Golden Idol":25,"EVO:Axolotl":0,"Cracked Core":0,"Ancient Tea Set":25}]},"card_choices":[{"not_picked":["Turbo","Redo"],"picked":"Rip and Tear","floor":1},{"not_picked":["Beam Cell","Go for the Eyes"],"picked":"Genetic Algorithm","floor":2},{"not_picked":["BootSequence","Double Energy"],"picked":"Rebound","floor":3},{"not_picked":["Coolheaded","FTL"],"picked":"Gash","floor":4},{"not_picked":["Genetic Algorithm","Go for the Eyes"],"picked":"Aggregate","floor":5},{"not_picked":["Biased Cognition","Recycle"],"picked":"Barrage","floor":6},{"not_picked":["Steam","Tempest"],"picked":"Compile Driver","floor":8}],"player_experience":788605,"relics_obtained":[{"floor":6,"key":"Lantern"},{"floor":8,"key":"Ancient Tea Set"}],"event_choices":[{"damage_healed":0,"gold_gain":0,"player_choice":"Searched \u00271\u0027 times","damage_taken":0,"max_hp_gain":0,"max_hp_loss":0,"event_name":"Dead Adventurer","floor":8,"gold_loss":0},{"damage_healed":0,"gold_gain":0,"player_choice":"Take Wound","damage_taken":0,"relics_obtained":["Golden Idol"],"max_hp_gain":0,"max_hp_loss":0,"event_name":"Golden Idol","floor":10,"gold_loss":0,"cards_obtained":["Injury"]}],"is_beta":false,"boss_relics":[],"items_purged_floors":[],"is_endless":false,"potions_floor_spawned":[3,4,5],"killed_by":"3 Sentries","ascension_level":2}}