{"host":"pigfart","time":1611720703,"event":{"mods":["BaseMod","Colored Map","Minty Spire (QoL Compilation)","Relic Stats","StSLib"],"gold_per_floor":[109,384,394,413,59,59,91,91,91,41,51,51,77,97,97,176,176,190,190,105,105,24,53,53,87,87,99,128,128,162,180,180,180,180],"floor_reached":33,"language":"ENG","playtime":1147,"items_purged":["Regret"],"score":672,"play_id":"2967ce63-dd62-4923-9ff5-ffc84c0b8b5c","local_time":"20210126221143","is_ascension_mode":true,"campfire_choices":[{"data":"Neutralize","floor":6,"key":"SMITH"},{"data":"Dagger Spray","floor":8,"key":"SMITH"},{"data":"Doppelganger","floor":12,"key":"SMITH"},{"data":"Blade Dance","floor":15,"key":"SMITH"},{"data":"Well Laid Plans","floor":24,"key":"SMITH"},{"floor":29,"key":"REST"},{"data":"Terror","floor":32,"key":"SMITH"}],"circlet_count":0,"master_deck":["AscendersBane","Strike_G","Strike_G","Strike_G","Strike_G","Strike_G","Defend_G","Defend_G","Defend_G","Defend_G","Defend_G","Survivor","Neutralize+1","Blade Dance+1","Dagger Spray+1","Blade Dance","Doppelganger+1","Dramatic Entrance+1","Finisher+1","Escape Plan","Corpse Explosion","RitualDagger+1","Well Laid Plans+1","RitualDagger+1","Escape Plan","Acrobatics","Footwork","Eviscerate+1","Backflip+1","Terror+1","Malaise"],"relics":["Ring of the Snake","Toy Ornithopter","Membership Card","Ninja Scroll","Matryoshka","Molten Egg 2","Bottled Lightning","InkBottle","Black Star","Tingsha","DollysMirror","Dream Catcher","The Courier","Red Mask","MealTicket","Pantograph","Mercury Hourglass","Art of War","Strawberry","Meat on the Bone"],"acts_visited":["Exordium","TheCity"],"potions_floor_usage":[7,13,16,27,28,31],"damage_taken":[{"damage":5,"enemies":"Small Slimes","floor":1,"turns":6},{"damage":4,"enemies":"Cultist","floor":3,"turns":4},{"damage":0,"enemies":"2 Louse","floor":4,"turns":2},{"damage":22,"enemies":"Lagavulin","floor":7,"turns":4},{"damage":0,"enemies":"Looter","floor":11,"turns":2},{"damage":7,"enemies":"3 Sentries","floor":13,"turns":6},{"damage":0,"enemies":"3 Louse","floor":14,"turns":1},{"damage":2,"enemies":"Slime Boss","floor":16,"turns":5},{"damage":10,"enemies":"Chosen","floor":18,"turns":5},{"damage":0,"enemies":"Gremlin Leader","floor":23,"turns":2},{"damage":0,"enemies":"Masked Bandits","floor":25,"turns":1},{"damage":3,"enemies":"2 Thieves","floor":27,"turns":2},{"damage":62,"enemies":"Book of Stabbing","floor":28,"turns":6},{"damage":2,"enemies":"Slavers","floor":30,"turns":3},{"damage":0,"enemies":"Shelled Parasite and Fungi","floor":31,"turns":3},{"damage":87,"enemies":"Champ","floor":33,"turns":10}],"seed_played":"1359674196885291517","potions_obtained":[{"floor":3,"key":"BlessingOfTheForge"},{"floor":11,"key":"PowerPotion"},{"floor":13,"key":"Block Potion"},{"floor":14,"key":"EssenceOfSteel"},{"floor":23,"key":"Energy Potion"},{"floor":27,"key":"Regen Potion"},{"floor":30,"key":"Dexterity Potion"}],"is_trial":false,"path_per_floor":["M","?","M","M","$","R","E","R","T","$","M","R","E","M","R","B",null,"M","?","?","?","$","E","R","?","T","M","E","R","E","M","R","B"],"character_chosen":"THE_SILENT","items_purchased":["Membership Card","Ninja Scroll","Blade Dance","Dramatic Entrance+1","DollysMirror"],"campfire_rested":1,"item_purchase_floors":[5,5,5,10,22],"current_hp_per_floor":[54,54,50,50,50,50,33,33,33,33,33,33,31,31,31,34,58,48,42,42,42,42,42,42,42,42,44,2,21,26,43,43,0,0],"gold":180,"neow_bonus":"RANDOM_COMMON_RELIC","is_daily":false,"chose_seed":false,"campfire_upgraded":6,"win_rate":0.0,"timestamp":1611720703,"path_taken":["M","?","M","?","$","R","E","R","T","$","M","R","E","M","R","BOSS","M","?","?","?","$","E","R","?","T","M","E","R","E","M","R","BOSS"],"items_purchased_type":["Relic","Relic","Card","Card","Relic"],"build_version":"2020-12-18","purchased_purges":1,"victory":false,"max_hp_per_floor":[66,66,66,66,66,66,66,66,66,66,66,66,66,66,66,66,66,66,66,66,66,66,66,66,66,66,66,66,66,73,73,73,73,73],"relic_stats":{"counters":[16,62],"Tingsha":[20],"Mercury Hourglass":[54],"Dream Catcher":1,"Pantograph":25,"MealTicket":0,"Black Star":3,"Art of War":[1],"obtain_stats":[{"Tingsha":20,"The Courier":23,"Mercury Hourglass":28,"Dream Catcher":23,"Matryoshka":7,"Ninja Scroll":5,"DollysMirror":22,"Pantograph":26,"Strawberry":30,"Molten Egg 2":9,"MealTicket":26,"Black Star":17,"Red Mask":25,"Art of War":28,"Membership Card":5,"Bottled Lightning":9,"Toy Ornithopter":0,"InkBottle":13,"Ring of the Snake":0,"Meat on the Bone":30},{"Tingsha":9,"The Courier":10,"Mercury Hourglass":13,"Dream Catcher":10,"Matryoshka":4,"Ninja Scroll":3,"DollysMirror":9,"Pantograph":11,"Strawberry":14,"Molten Egg 2":4,"MealTicket":11,"Black Star":8,"Red Mask":11,"Art of War":13,"Membership Card":3,"Bottled Lightning":4,"Toy Ornithopter":0,"InkBottle":6,"Ring of the Snake":0,"Meat on the Bone":14},{"Tingsha":35,"The Courier":37,"Mercury Hourglass":46,"Dream Catcher":37,"Matryoshka":16,"Ninja Scroll":12,"DollysMirror":35,"Pantograph":38,"Strawberry":49,"Molten Egg 2":16,"MealTicket":38,"Black Star":30,"Red Mask":38,"Art of War":46,"Membership Card":12,"Bottled Lightning":16,"Toy Ornithopter":0,"InkBottle":24,"Ring of the Snake":0,"Meat on the Bone":49}],"Toy Ornithopter":30,"InkBottle":[21],"Ring of the Snake":[32],"Meat on the Bone":12},"card_choices":[{"not_picked":["Sucker Punch","Cloak And Dagger"],"picked":"Blade Dance","floor":1},{"not_picked":["Dagger Throw","Endless Agony"],"picked":"Dagger Spray","floor":3},{"not_picked":["Sucker Punch","Concentrate","Dodge and Roll"],"picked":"SKIP","floor":4},{"not_picked":["Underhanded Strike","Dagger Throw"],"picked":"Doppelganger","floor":7},{"not_picked":["Prepared","Bane+1","Bouncing Flask"],"picked":"SKIP","floor":11},{"not_picked":["Dash+1","Backflip"],"picked":"Finisher+1","floor":13},{"not_picked":["Noxious Fumes","Choke+1"],"picked":"Escape Plan","floor":14},{"not_picked":["Doppelganger","Night Terror"],"picked":"Corpse Explosion","floor":16},{"not_picked":["PiercingWail","Noxious Fumes+1","Masterful Stab+1"],"picked":"SKIP","floor":18},{"not_picked":["Caltrops","Outmaneuver"],"picked":"Escape Plan","floor":23},{"not_picked":["Dash+1","Flechettes+1"],"picked":"Acrobatics","floor":25},{"not_picked":["Bane+1","Dash+1"],"picked":"Footwork","floor":27},{"not_picked":["Sucker Punch+1","Catalyst"],"picked":"Eviscerate+1","floor":28},{"not_picked":["Blade Dance","Dagger Spray+1"],"picked":"Backflip+1","floor":29},{"not_picked":["Well Laid Plans","Slice+1"],"picked":"Terror","floor":30},{"not_picked":["Dash+1","Backflip"],"picked":"Malaise","floor":31}],"player_experience":2349735,"relics_obtained":[{"floor":7,"key":"Matryoshka"},{"floor":9,"key":"Molten Egg 2"},{"floor":9,"key":"Bottled Lightning"},{"floor":13,"key":"InkBottle"},{"floor":23,"key":"Dream Catcher"},{"floor":23,"key":"The Courier"},{"floor":25,"key":"Red Mask"},{"floor":26,"key":"MealTicket"},{"floor":26,"key":"Pantograph"},{"floor":28,"key":"Mercury Hourglass"},{"floor":28,"key":"Art of War"},{"floor":30,"key":"Strawberry"},{"floor":30,"key":"Meat on the Bone"}],"event_choices":[{"damage_healed":0,"gold_gain":275,"player_choice":"Desecrate","damage_taken":0,"max_hp_gain":0,"max_hp_loss":0,"event_name":"Golden Shrine","floor":2,"gold_loss":0,"cards_obtained":["Regret"]},{"damage_healed":0,"gold_gain":0,"player_choice":"Joined the Cult","damage_taken":6,"max_hp_gain":0,"max_hp_loss":0,"event_name":"Nest","floor":19,"gold_loss":0,"cards_obtained":["RitualDagger"]},{"damage_healed":0,"gold_gain":0,"player_choice":"Obtained Relic","damage_taken":0,"relics_obtained":["Tingsha"],"max_hp_gain":0,"max_hp_loss":0,"event_name":"Addict","floor":20,"gold_loss":85},{"damage_healed":0,"gold_gain":0,"player_choice":"Read","damage_taken":0,"max_hp_gain":0,"max_hp_loss":0,"event_name":"The Library","floor":21,"gold_loss":0,"cards_obtained":["Well Laid Plans"]},{"damage_healed":0,"gold_gain":0,"player_choice":"Fought Bandits","damage_taken":0,"max_hp_gain":0,"max_hp_loss":0,"event_name":"Masked Bandits","floor":25,"gold_loss":0}],"is_beta":true,"boss_relics":[{"not_picked":["Calling Bell","Philosopher\u0027s Stone"],"picked":"Black Star"}],"items_purged_floors":[5],"is_endless":false,"potions_floor_spawned":[3,11,13,14,23,25,27,30],"killed_by":"Champ","ascension_level":20}}