{"host":"g5k24uqcth2ihc11","time":1611719431,"event":{"mods":["Arknights The Spire","BaseMod","Downfall","Jorbs\u0027s Wanderer Trilogy","Marisa????????","Minty Spire (QoL Compilation)","Robot Space Explorer","StSLib","The Cursed","The Dragon Tamer","The Marked","The Servant 0.9.4"],"gold_per_floor":[99,118,268,285,349,349,374,391,391,391,406,423,423,434,449,554,554,554,565,578,578,578,578,578],"floor_reached":22,"language":"ENG","playtime":2810,"items_purged":[],"score":178,"play_id":"9f4351db-cd98-4905-99f0-1edc33258cf4","local_time":"20210126195031","is_ascension_mode":false,"campfire_choices":[{"data":"Guardian:CurlUp","floor":1,"key":"SMITH"},{"data":"Guardian:ChargeCore","floor":6,"key":"SMITH"},{"data":"Guardian:Suspension","floor":9,"key":"SMITH"},{"data":"Guardian:TwinSlam","floor":10,"key":"SMITH"},{"data":"Guardian:SentryBeam","floor":13,"key":"SMITH"},{"data":"Guardian:StasisField","floor":18,"key":"SMITH"}],"circlet_count":0,"master_deck":["Guardian:Strike_Guardian","Guardian:Strike_Guardian","Guardian:Strike_Guardian","Guardian:Strike_Guardian","Guardian:Defend_Guardian","Guardian:Defend_Guardian","Guardian:Defend_Guardian","Guardian:Defend_Guardian","Guardian:CurlUp+1","Guardian:TwinSlam+1","Guardian:ChargeCore+1","downfall:Icky","Guardian:MultiBeam","Guardian:RefractedBeam","Guardian:Suspension+1","Guardian:SentryBeam+1","Guardian:Recover","Guardian:SentryBeam","Guardian:StasisField+1","Guardian:Gem_Cyan","Guardian:PiercingHide"],"relics":["Guardian:ModeShifter","WingedGreaves","Nunchaku","Black Star"],"acts_visited":["Exordium","TheCity"],"potions_floor_usage":[16,16,16,16,16],"damage_taken":[{"damage":4,"enemies":"Jaw Worm","floor":2,"turns":6},{"damage":0,"enemies":"Small Slimes","floor":4,"turns":4},{"damage":14,"enemies":"Gremlin Nob","floor":5,"turns":5},{"damage":7,"enemies":"2 Louse","floor":8,"turns":2},{"damage":12,"enemies":"Large Slime","floor":11,"turns":6},{"damage":1,"enemies":"2 Fungi Beasts","floor":12,"turns":3},{"damage":3,"enemies":"Lots of Slimes","floor":14,"turns":5},{"damage":5,"enemies":"Exordium Thugs","floor":15,"turns":3},{"damage":31,"enemies":"SI_SHIV_ARCHETYPE","floor":16,"turns":10},{"damage":5,"enemies":"Chosen","floor":19,"turns":5},{"damage":12,"enemies":"Centurion and Healer","floor":20,"turns":9}],"seed_played":"-6344551819691536409","potions_obtained":[{"floor":5,"key":"SpeedPotion"},{"floor":12,"key":"EntropicBrew"},{"floor":14,"key":"champ:CounterPotion"},{"floor":16,"key":"Guardian:DefensiveModePotion"},{"floor":19,"key":"Strength Potion"}],"is_trial":false,"path_per_floor":["R","M","?","M","?","R","T","M","R","R","M","M","R","M","M","B",null,"R","M","M","?","?"],"character_chosen":"GUARDIAN","items_purchased":[],"campfire_rested":0,"item_purchase_floors":[],"current_hp_per_floor":[88,84,84,84,70,70,70,63,63,63,51,50,50,47,42,11,88,88,83,71,71,71,71,71],"gold":578,"neow_bonus":"TEN_PERCENT_HP_BONUS","is_daily":false,"chose_seed":false,"campfire_upgraded":6,"win_rate":0.0,"timestamp":1611719431,"path_taken":["R","M","?","M","?","R","T","M","R","R","M","M","R","M","M","BOSS","R","M","M","?","?"],"items_purchased_type":[],"build_version":"2020-12-22","purchased_purges":0,"victory":false,"max_hp_per_floor":[88,88,88,88,88,88,88,88,88,88,88,88,88,88,88,88,88,88,88,88,88,88,88,88],"card_choices":[{"not_picked":["Guardian:Planning","Guardian:ShieldCharger"],"picked":"Guardian:ChargeCore","floor":2},{"not_picked":["Guardian:Suspension","Guardian:Reroute"],"picked":"Guardian:MultiBeam","floor":4},{"not_picked":["Guardian:PrismaticBarrier","Guardian:Gem_Green"],"picked":"Guardian:RefractedBeam","floor":5},{"not_picked":["Guardian:TemporalStrike","Guardian:DonusPower"],"picked":"Guardian:Suspension","floor":8},{"not_picked":["Guardian:Preprogram","Guardian:Suspension"],"picked":"Guardian:SentryBeam","floor":11},{"not_picked":["Guardian:Preprogram","Guardian:PolyBeam"],"picked":"Guardian:Recover","floor":12},{"not_picked":["Guardian:Gem_Lightblue","Guardian:Gem_Cyan"],"picked":"Guardian:Gem_Fragmented","floor":14},{"not_picked":["Guardian:Harden","Guardian:RollAttack"],"picked":"Guardian:SentryBeam","floor":15},{"not_picked":["Guardian:Gem_Synthetic","Guardian:StasisStrike"],"picked":"Guardian:StasisField","floor":16},{"not_picked":["Guardian:PrismaticBeam+1","Guardian:PrimingBeam"],"picked":"Guardian:Gem_Cyan","floor":19},{"not_picked":["Guardian:Emergency","Guardian:Gem_Lightblue"],"picked":"Guardian:PiercingHide","floor":20}],"player_experience":40846,"relics_obtained":[{"floor":5,"key":"WingedGreaves"},{"floor":7,"key":"Nunchaku"}],"event_choices":[],"is_beta":false,"boss_relics":[{"not_picked":["Empty Cage","Runic Dome"],"picked":"Black Star"}],"items_purged_floors":[],"is_endless":false,"potions_floor_spawned":[5,12,14,16,19,20],"ascension_level":0}}