{"host":"928gv66myv2vlnsd","time":1611763449,"event":{"mods":["BaseMod","Minty Spire (QoL Compilation)","StSLib"],"gold_per_floor":[115,115,132,146,165,165,200,170,197,197,208,208,238,84,84,161,161,172,172,172,25,25,51,65,81,81,81,81,95,129,146,146,223,223,240,240,42,62,62,94,106,118,118],"floor_reached":42,"language":"ENG","playtime":2914,"items_purged":["Defend_G"],"score":880,"play_id":"2edfb07a-44ed-454f-9d19-c8912c5eef93","local_time":"20210127110409","is_ascension_mode":true,"campfire_choices":[{"floor":6,"key":"REST"},{"data":"Noxious Fumes","floor":10,"key":"SMITH"},{"floor":12,"key":"REST"},{"data":"Footwork","floor":15,"key":"SMITH"},{"floor":28,"key":"REST"},{"data":"After Image","floor":32,"key":"SMITH"}],"circlet_count":0,"master_deck":["AscendersBane","Defend_G","Defend_G","Defend_G","Defend_G+1","Survivor+1","Neutralize","After Image+1","Malaise+1","Poisoned Stab","Dodge and Roll","Noxious Fumes+1","Noxious Fumes","Bane","After Image","Footwork+1","Calculated Gamble","Terror","Cloak And Dagger+1","Bite","Bite","Bite","Bite","Bite","Footwork+1","Blade Dance+1","Prepared+1","Cloak And Dagger+1","Infinite Blades","A Thousand Cuts","Malaise+1","Outmaneuver+1","Well Laid Plans","Cloak And Dagger+1","Blade Dance+1","Dark Shackles+1"],"relics":["Ring of the Serpent","Juzu Bracelet","Orrery","Nloth\u0027s Gift","DollysMirror","Toxic Egg 2","Kunai","War Paint","Fusion Hammer","MawBank"],"acts_visited":["Exordium","TheCity","TheBeyond"],"potions_floor_usage":[13,18,23,25],"damage_taken":[{"damage":10,"enemies":"Cultist","floor":1,"turns":7},{"damage":6,"enemies":"Jaw Worm","floor":3,"turns":5},{"damage":2,"enemies":"2 Louse","floor":4,"turns":4},{"damage":3,"enemies":"Exordium Thugs","floor":5,"turns":8},{"damage":18,"enemies":"Gremlin Nob","floor":7,"turns":6},{"damage":9,"enemies":"Large Slime","floor":11,"turns":10},{"damage":10,"enemies":"Lagavulin","floor":13,"turns":6},{"damage":3,"enemies":"Hexaghost","floor":16,"turns":10},{"damage":8,"enemies":"3 Byrds","floor":18,"turns":5},{"damage":49,"enemies":"Gremlin Leader","floor":23,"turns":10},{"damage":5,"enemies":"Chosen","floor":24,"turns":6},{"damage":27,"enemies":"Snake Plant","floor":25,"turns":15},{"damage":22,"enemies":"Snecko","floor":29,"turns":6},{"damage":3,"enemies":"Book of Stabbing","floor":30,"turns":10},{"damage":17,"enemies":"Sentry and Sphere","floor":31,"turns":17},{"damage":13,"enemies":"Collector","floor":33,"turns":12},{"damage":11,"enemies":"3 Darklings","floor":35,"turns":6},{"damage":23,"enemies":"Orb Walker","floor":38,"turns":7},{"damage":34,"enemies":"Nemesis","floor":40,"turns":11},{"damage":49,"enemies":"Reptomancer","floor":42,"turns":2}],"seed_played":"4537054341544976570","potions_obtained":[{"floor":3,"key":"Weak Potion"},{"floor":4,"key":"Dexterity Potion"},{"floor":8,"key":"LiquidMemories"},{"floor":13,"key":"ColorlessPotion"},{"floor":18,"key":"FearPotion"},{"floor":24,"key":"DuplicationPotion"},{"floor":33,"key":"SteroidPotion"}],"is_trial":false,"path_per_floor":["M","?","M","M","M","R","E","?","T","R","M","R","E","$","R","B",null,"M","?","?","$","?","E","M","M","T","?","R","M","E","M","R","B",null,"M","?","$","M","?","E","?","E"],"character_chosen":"THE_SILENT","items_purchased":["Orrery","DollysMirror","Well Laid Plans","Cloak And Dagger+1"],"campfire_rested":3,"item_purchase_floors":[14,21,37,37],"current_hp_per_floor":[49,49,43,41,38,56,38,38,38,38,29,47,37,37,37,36,54,48,48,48,48,48,17,22,31,31,31,49,35,48,60,60,60,60,60,60,60,45,45,25,25,0,0],"gold":118,"neow_bonus":"TRANSFORM_TWO_CARDS","is_daily":false,"chose_seed":false,"campfire_upgraded":3,"win_rate":0.0,"timestamp":1611763449,"path_taken":["M","?","?","M","M","R","E","?","T","R","M","R","E","$","R","BOSS","M","?","?","?","?","E","M","M","T","?","R","M","E","M","R","BOSS","M","?","$","M","?","E","?","E"],"items_purchased_type":["Relic","Relic","Card","Card"],"build_version":"2020-12-22","purchased_purges":1,"victory":false,"max_hp_per_floor":[60,60,60,60,60,60,60,60,60,60,60,60,60,60,60,60,60,60,60,60,60,60,60,60,60,60,60,60,60,60,60,60,60,60,60,60,60,60,60,60,60,60,60],"card_choices":[{"not_picked":["Dodge and Roll","Reflex"],"picked":"Poisoned Stab","floor":1},{"not_picked":["PiercingWail","Slice"],"picked":"Dodge and Roll","floor":3},{"not_picked":["Footwork","Distraction"],"picked":"Noxious Fumes","floor":4},{"not_picked":["Reflex","Underhanded Strike","Endless Agony"],"picked":"SKIP","floor":5},{"not_picked":["Expertise","Tactician"],"picked":"Unload","floor":7},{"not_picked":["Outmaneuver","Endless Agony"],"picked":"Noxious Fumes","floor":11},{"not_picked":["Deflect","Backflip"],"picked":"Bane","floor":13},{"not_picked":["PiercingWail","Poisoned Stab"],"picked":"After Image","floor":14},{"not_picked":["Prepared","Leg Sweep"],"picked":"Footwork","floor":14},{"not_picked":["Expertise","Flechettes"],"picked":"Calculated Gamble","floor":14},{"not_picked":["Flying Knee","Acrobatics"],"picked":"Terror","floor":14},{"not_picked":["Masterful Stab","Blade Dance"],"picked":"Dagger Spray","floor":14},{"not_picked":["Underhanded Strike","Dagger Throw"],"picked":"Cloak And Dagger+1","floor":18},{"not_picked":["Envenom","Bane"],"picked":"Blade Dance+1","floor":23},{"not_picked":["Masterful Stab","Dagger Throw+1"],"picked":"Prepared+1","floor":24},{"not_picked":["Deadly Poison+1","Crippling Poison+1"],"picked":"Cloak And Dagger+1","floor":25},{"not_picked":["Dagger Spray+1","Outmaneuver+1"],"picked":"Infinite Blades","floor":29},{"not_picked":["Caltrops","Footwork+1"],"picked":"A Thousand Cuts","floor":30},{"not_picked":["Slice","Storm of Steel+1","Crippling Poison+1"],"picked":"SKIP","floor":31},{"not_picked":["Night Terror+1","Venomology+1"],"picked":"Malaise+1","floor":33},{"not_picked":["Bane","Sucker Punch","Outmaneuver+1"],"picked":"SKIP","floor":35},{"not_picked":["Bane","Sucker Punch","Outmaneuver+1"],"picked":"SKIP","floor":35},{"not_picked":["Bane","Sucker Punch"],"picked":"Outmaneuver+1","floor":35},{"not_picked":["Bouncing Flask+1","Backstab"],"picked":"Blade Dance+1","floor":38},{"not_picked":["Dodge and Roll+1","Glass Knife","Backflip+1"],"picked":"SKIP","floor":40},{"not_picked":["Secret Weapon+1","Blind+1"],"picked":"Dark Shackles+1","floor":41}],"player_experience":1363999,"relics_obtained":[{"floor":7,"key":"Juzu Bracelet"},{"floor":9,"key":"Bag of Preparation"},{"floor":13,"key":"Blood Vial"},{"floor":23,"key":"Toxic Egg 2"},{"floor":26,"key":"Kunai"},{"floor":30,"key":"War Paint"},{"floor":40,"key":"MawBank"}],"event_choices":[{"damage_healed":0,"gold_gain":0,"player_choice":"Upgraded","damage_taken":0,"max_hp_gain":0,"max_hp_loss":0,"event_name":"Upgrade Shrine","floor":2,"gold_loss":0,"cards_upgraded":["Malaise"]},{"damage_healed":0,"gold_gain":0,"player_choice":"Bought 2 Potions","damage_taken":0,"max_hp_gain":0,"max_hp_loss":0,"event_name":"The Woman in Blue","floor":8,"gold_loss":0},{"damage_healed":0,"gold_gain":0,"player_choice":"Became a vampire (Vial)","damage_taken":0,"max_hp_gain":0,"max_hp_loss":0,"event_name":"Vampires","floor":19,"relics_lost":["Blood Vial"],"gold_loss":0,"cards_obtained":["Bite","Bite","Bite","Bite","Bite"]},{"damage_healed":0,"gold_gain":0,"player_choice":"Traded Relic","damage_taken":0,"relics_obtained":["Nloth\u0027s Gift"],"max_hp_gain":0,"max_hp_loss":0,"event_name":"N\u0027loth","floor":20,"relics_lost":["Bag of Preparation"],"gold_loss":0},{"damage_healed":0,"gold_gain":0,"player_choice":"Ignored","damage_taken":0,"max_hp_gain":0,"max_hp_loss":0,"event_name":"Ghosts","floor":22,"gold_loss":0},{"cards_removed":["Dagger Spray"],"damage_healed":0,"gold_gain":0,"player_choice":"Card Removal","damage_taken":0,"max_hp_gain":0,"max_hp_loss":0,"event_name":"Wheel of Change","floor":27,"gold_loss":0},{"damage_healed":0,"gold_gain":0,"player_choice":"Ignored","damage_taken":0,"max_hp_gain":0,"max_hp_loss":0,"event_name":"Tomb of Lord Red Mask","floor":36,"gold_loss":0},{"cards_removed":["Unload"],"damage_healed":0,"gold_gain":0,"player_choice":"Removed Attack","damage_taken":0,"max_hp_gain":0,"max_hp_loss":0,"event_name":"Falling","floor":39,"gold_loss":0},{"damage_healed":0,"gold_gain":0,"player_choice":"Memory 1","damage_taken":0,"max_hp_gain":0,"max_hp_loss":0,"event_name":"SensoryStone","floor":41,"gold_loss":0}],"is_beta":false,"boss_relics":[{"not_picked":["SacredBark","Sozu"],"picked":"Ring of the Serpent"},{"not_picked":["Black Star","Philosopher\u0027s Stone"],"picked":"Fusion Hammer"}],"items_purged_floors":[37],"is_endless":false,"potions_floor_spawned":[3,4,11,13,16,18,24,33,35,38],"killed_by":"Reptomancer","ascension_level":15}}