{"host":"rhn4lzew0xv07oqp","time":1611741354,"event":{"mods":["BaseMod","Colored Map","Minty Spire (QoL Compilation)","Relic Filter Mod","Spicy Shops","StSLib"],"gold_per_floor":[119,119,119,144,55,90,90,130,130,130,130],"floor_reached":10,"language":"ZHS","playtime":212,"items_purged":[],"score":85,"play_id":"c25cffd1-eff9-437e-84c5-836455436ca5","local_time":"20210127175554","is_ascension_mode":true,"campfire_choices":[{"floor":7,"key":"REST"}],"circlet_count":0,"master_deck":["Strike_B","Strike_B","Strike_B","Defend_B","Defend_B","Defend_B","Defend_B","Zap","Dualcast","Static Discharge","Consume"],"relics":["Sozu","Golden Idol","Shovel","Lizard Tail","Orichalcum","Pantograph"],"acts_visited":["Exordium"],"potions_floor_usage":[],"damage_taken":[{"damage":0,"enemies":"Small Slimes","floor":1,"turns":3},{"damage":1,"enemies":"2 Louse","floor":4,"turns":2},{"damage":47,"enemies":"Gremlin Nob","floor":6,"turns":5},{"damage":44,"enemies":"Lagavulin","floor":8,"turns":7},{"damage":50,"enemies":"Gremlin Nob","floor":10,"turns":5}],"seed_played":"-6157024361321352373","potions_obtained":[],"is_trial":false,"path_per_floor":["M","?","?","M","$","E","R","E","T","E"],"character_chosen":"DEFECT","items_purchased":["Shovel"],"campfire_rested":1,"item_purchase_floors":[5],"current_hp_per_floor":[75,68,50,49,49,2,24,29,29,0,0],"gold":130,"neow_bonus":"BOSS_RELIC","is_daily":false,"chose_seed":false,"campfire_upgraded":0,"win_rate":0.0,"timestamp":1611741354,"path_taken":["M","?","?","M","$","E","R","E","T","E"],"items_purchased_type":["Relic"],"build_version":"2020-12-22","purchased_purges":0,"victory":false,"max_hp_per_floor":[75,75,75,75,75,75,75,75,75,75,75],"card_choices":[{"not_picked":["Barrage","Turbo","Beam Cell"],"picked":"SKIP","floor":1},{"not_picked":["Compile Driver","Beam Cell"],"picked":"Static Discharge","floor":4},{"not_picked":["Cold Snap","Steam","Rebound"],"picked":"SKIP","floor":6},{"not_picked":["Blizzard","Leap"],"picked":"Consume","floor":8}],"player_experience":188622,"relics_obtained":[{"floor":6,"key":"Lizard Tail"},{"floor":8,"key":"Orichalcum"},{"floor":9,"key":"Pantograph"}],"event_choices":[{"cards_removed":["Strike_B"],"damage_healed":0,"gold_gain":0,"player_choice":"Card Removal","damage_taken":7,"max_hp_gain":0,"max_hp_loss":0,"event_name":"Golden Wing","floor":2,"gold_loss":0},{"damage_healed":0,"gold_gain":0,"player_choice":"Take Damage","damage_taken":18,"relics_obtained":["Golden Idol"],"max_hp_gain":0,"max_hp_loss":0,"event_name":"Golden Idol","floor":3,"gold_loss":0}],"is_beta":false,"boss_relics":[],"items_purged_floors":[],"is_endless":false,"potions_floor_spawned":[],"killed_by":"Gremlin Nob","ascension_level":3}}