{"host":"9slw7l0ws16384qq","time":1611747809,"event":{"mods":["A Penny For Your Troubles","BaseMod","Clockwork Mod","Colored Map","Evolution","Hermit","Hubris","Minty Spire (QoL Compilation)","Railgun Mod","Replay The Spire","Shedinja","StS++","StSLib","The Dragon Tamer"],"gold_per_floor":[110,110,122,122,47,47,47,47,47,81,99,99,99,118,118,217,217,234,134,153,78,88,88,120,120,144,157,32,32,32,48,48,149,149,164,164,14,14,14,40,40,52,75,104,104,121,133,152,152,153,153,153,75,105,105],"floor_reached":56,"language":"FRA","playtime":1289,"items_purged":["TheRailgun:Spark","TheRailgun:Heroinism","TheRailgun:Defend","TheRailgun:Defend"],"score":1623,"play_id":"d6071d29-bf59-435e-89f8-38589df070c7","local_time":"20210127124329","is_ascension_mode":false,"campfire_choices":[{"data":"TheRailgun:Static","floor":6,"key":"SMITH"},{"data":"TheRailgun:Mental_Out","floor":12,"key":"SMITH"},{"data":"TheRailgun:Heroinism","floor":15,"key":"SMITH"},{"data":"TheRailgun:Level_6","floor":23,"key":"SMITH"},{"data":"TheRailgun:Defend","floor":25,"key":"SMITH"},{"data":"TheRailgun:Judgement_Officer","floor":32,"key":"SMITH"},{"data":"TheRailgun:Defend","floor":41,"key":"SMITH"},{"floor":49,"key":"RECALL"},{"floor":52,"key":"REST"}],"circlet_count":0,"master_deck":["TheRailgun:Defend+1","TheRailgun:Defend+1","TheRailgun:Mental_Out+1","TheRailgun:Heroinism+1","TheRailgun:Level_6+1","TheRailgun:Static+1","TheRailgun:Judgement_Officer+1"],"relics":["TheRailgun:CoinRelic","EVO:Axolotl","Shedinja:ExtraMaxHp","StSpp:Monolith","Nunchaku","Ring of Panic","Ring of Fury","hubris:ScarierMask","Replay:Rubber Ducky","hubris:ToyBattleship","Black Star","hubris:Towel","hubris:BottledRain","Mummified Hand","Quantum Egg","Bag of Preparation","Durian","hubris:FunFungus"],"acts_visited":["Exordium","TheCity","TheBeyond","TheEnding"],"potions_floor_usage":[50,55,55],"damage_taken":[{"damage":0,"enemies":"Jaw Worm","floor":1,"turns":3},{"damage":0,"enemies":"Cultist","floor":3,"turns":3},{"damage":11,"enemies":"Gremlin Nob","floor":10,"turns":4},{"damage":0,"enemies":"Small Slimes","floor":11,"turns":2},{"damage":0,"enemies":"Exordium Wildlife","floor":14,"turns":2},{"damage":0,"enemies":"Hexaghost","floor":16,"turns":9},{"damage":0,"enemies":"Chosen","floor":18,"turns":4},{"damage":0,"enemies":"2 Thieves","floor":20,"turns":2},{"damage":0,"enemies":"Chosen and Byrds","floor":22,"turns":3},{"damage":0,"enemies":"Replay:Snechameleon","floor":24,"turns":5},{"damage":0,"enemies":"Centurion and Healer","floor":27,"turns":3},{"damage":0,"enemies":"Shelled Parasite and Fungi","floor":31,"turns":1},{"damage":0,"enemies":"Automaton","floor":33,"turns":3},{"damage":0,"enemies":"3 Darklings","floor":35,"turns":1},{"damage":0,"enemies":"Giant Head","floor":40,"turns":3},{"damage":0,"enemies":"Orb Walker","floor":42,"turns":1},{"damage":0,"enemies":"R_Hoarder","floor":44,"turns":3},{"damage":0,"enemies":"Jaw Worm Horde","floor":46,"turns":1},{"damage":0,"enemies":"Maw","floor":47,"turns":3},{"damage":0,"enemies":"Transient","floor":48,"turns":5},{"damage":0,"enemies":"Time Eater","floor":50,"turns":8},{"damage":0,"enemies":"Shield and Spear","floor":54,"turns":2},{"damage":0,"enemies":"The Heart","floor":55,"turns":6}],"seed_played":"5670511986384913226","potions_obtained":[{"floor":1,"key":"Ancient Potion"},{"floor":11,"key":"SpeedPotion"},{"floor":18,"key":"Fire Potion"},{"floor":27,"key":"Dexterity Potion"}],"is_trial":false,"path_per_floor":["M","?","M","?","$","R","?","$","T","E","M","R","?","M","R","B",null,"M","$","M","?","M","R","E","R","T","M","$","?","?","M","R_BF","B",null,"M","?","$","?","$","E","R","M","T","E","?","M","M","M","R_BF","B",null,"R","$","E","B",null],"character_chosen":"THE_DEFAULT","items_purchased":["Milkshake"],"campfire_rested":1,"item_purchase_floors":[53],"current_hp_per_floor":[56,56,56,56,56,56,56,56,56,45,45,45,45,45,45,45,80,80,80,80,80,80,80,80,80,80,80,80,80,80,80,80,80,80,80,80,80,80,80,80,80,80,80,80,83,83,83,83,83,83,83,83,83,88,88],"gold":105,"neow_bonus":"REMOVE_TWO","is_daily":false,"chose_seed":false,"campfire_upgraded":7,"win_rate":0.0,"timestamp":1611747809,"path_taken":["M","?","?","?","$","R","?","$","T","E","M","R","?","?","R","BOSS","M","$","M","?","M","R","E","R","T","M","$","?","?","M","R_BF","BOSS","M","?","$","?","$","E","R","M","T","E","?","M","?","M","R_BF","BOSS","R","$","E","BOSS"],"items_purchased_type":["Potion"],"build_version":"2020-12-22","purchased_purges":4,"victory":true,"max_hp_per_floor":[80,80,80,80,80,80,80,80,80,80,80,80,80,80,80,80,80,80,80,80,80,80,80,80,80,80,80,80,80,80,80,80,80,80,80,80,80,80,80,80,80,80,80,80,83,83,83,83,83,83,83,83,83,88,88],"card_choices":[{"not_picked":["TheRailgun:Lightningbolt","TheRailgun:Thunderbolt","TheRailgun:Biribiri"],"picked":"SKIP","floor":1},{"not_picked":["TheRailgun:Charge","TheRailgun:Recharge","TheRailgun:Circuit_Breaker"],"picked":"SKIP","floor":3},{"not_picked":["TheRailgun:Gekotamania","TheRailgun:Positive_Field"],"picked":"TheRailgun:Mental_Out","floor":10},{"not_picked":["TheRailgun:Positive_Field","TheRailgun:Sister_Noise"],"picked":"TheRailgun:Heroinism","floor":11},{"not_picked":["TheRailgun:Electric_Fence","TheRailgun:Hypercharge"],"picked":"TheRailgun:Heroinism","floor":14},{"not_picked":["TheRailgun:Thundervolt","TheRailgun:Rewiring"],"picked":"TheRailgun:Level_6","floor":16},{"not_picked":["TheRailgun:Crackle","TheRailgun:Lightning_Speed","TheRailgun:Hypercharge"],"picked":"SKIP","floor":18},{"not_picked":["TheRailgun:Iron_Dust_Vial","TheRailgun:Sister_Network","TheRailgun:Token_Collection"],"picked":"SKIP","floor":20},{"not_picked":["TheRailgun:Charge+1","TheRailgun:Battery_Pack","TheRailgun:Zap"],"picked":"SKIP","floor":22},{"not_picked":["TheRailgun:Aerial_Shot+1","TheRailgun:Iron_Dust_Field","TheRailgun:Heroinism"],"picked":"SKIP","floor":24},{"not_picked":["TheRailgun:Hypercharge+1","TheRailgun:Token_Collection"],"picked":"TheRailgun:Static+1","floor":27},{"not_picked":["TheRailgun:Thundershock","TheRailgun:Iron_Dust_Sword","TheRailgun:Thunderjolt"],"picked":"SKIP","floor":31},{"not_picked":["TheRailgun:Iron_Dust_Shield+1","TheRailgun:Circuit_Breaker+1","TheRailgun:Positive_Field"],"picked":"SKIP","floor":35},{"not_picked":["TheRailgun:Spark","TheRailgun:Circuit_Breaker","TheRailgun:Iron_Dust_Sword"],"picked":"SKIP","floor":40},{"not_picked":["TheRailgun:Lightningbolt+1","TheRailgun:Electric_Fence+1","TheRailgun:Negative_Field+1"],"picked":"SKIP","floor":42},{"not_picked":["TheRailgun:Iron_Dust_Vial","TheRailgun:Spark+1","TheRailgun:Recharge+1"],"picked":"SKIP","floor":44},{"not_picked":["TheRailgun:Magnetic_Movement","TheRailgun:Charge","TheRailgun:Stun_Shock"],"picked":"SKIP","floor":46},{"not_picked":["TheRailgun:Electrical_Fire+1","TheRailgun:Crackle+1","TheRailgun:Lightningbolt"],"picked":"SKIP","floor":47},{"not_picked":["TheRailgun:Token_Collection+1","TheRailgun:Biribiri","TheRailgun:Iron_Dust_Sword+1"],"picked":"SKIP","floor":48},{"not_picked":["TheRailgun:Lightning_Speed","TheRailgun:Rewiring","TheRailgun:Gekotamania"],"picked":"SKIP","floor":54}],"player_experience":1857494,"relics_obtained":[{"floor":9,"key":"StSpp:Monolith"},{"floor":10,"key":"Nunchaku"},{"floor":13,"key":"Ring of Panic"},{"floor":13,"key":"Ring of Fury"},{"floor":24,"key":"Replay:Rubber Ducky"},{"floor":26,"key":"hubris:ToyBattleship"},{"floor":40,"key":"hubris:BottledRain"},{"floor":40,"key":"Mummified Hand"},{"floor":44,"key":"Quantum Egg"},{"floor":44,"key":"Bag of Preparation"},{"floor":54,"key":"Durian"},{"floor":54,"key":"hubris:FunFungus"}],"event_choices":[{"cards_removed":["TheRailgun:Spark"],"damage_healed":0,"gold_gain":0,"player_choice":"Card Removal","damage_taken":0,"max_hp_gain":0,"max_hp_loss":0,"event_name":"Wheel of Change","floor":2,"gold_loss":0},{"cards_removed":["TheRailgun:Spark"],"damage_healed":0,"gold_gain":0,"player_choice":"Forget","damage_taken":0,"max_hp_gain":0,"max_hp_loss":0,"event_name":"Living Wall","floor":4,"gold_loss":0},{"cards_removed":["TheRailgun:Spark"],"damage_healed":0,"gold_gain":0,"player_choice":"Gave Gold","damage_taken":0,"max_hp_gain":0,"max_hp_loss":0,"event_name":"Beggar","floor":21,"gold_loss":75},{"damage_healed":0,"gold_gain":0,"player_choice":"Read","damage_taken":0,"max_hp_gain":0,"max_hp_loss":0,"event_name":"The Library","floor":29,"gold_loss":0,"cards_obtained":["TheRailgun:Judgement_Officer"]},{"damage_healed":0,"gold_gain":0,"player_choice":"Ignored","damage_taken":0,"max_hp_gain":0,"max_hp_loss":0,"event_name":"Vampires","floor":30,"gold_loss":0},{"cards_removed":["TheRailgun:Static"],"damage_healed":0,"gold_gain":0,"player_choice":"Removed Attack","damage_taken":0,"max_hp_gain":0,"max_hp_loss":0,"event_name":"Falling","floor":36,"gold_loss":0}],"is_beta":false,"boss_relics":[{"not_picked":["Painkiller Herb","SlaversCollar"],"picked":"hubris:ScarierMask"},{"not_picked":["ChewingGum","Abe\u0027s Treasure"],"picked":"Black Star"}],"items_purged_floors":[5,19,28,37],"is_endless":false,"potions_floor_spawned":[1,11,18,27,33,35,44,47],"ascension_level":0}}