{"host":"edc6wmn2qug8wnvl","time":1611760978,"event":{"mods":["AchievementEnabler","BaseMod","Colored Map","Colored Powertips","Minty Spire (QoL Compilation)","StSLib"],"gold_per_floor":[118,5,18,18,32,61,61,71,71,83,115,135,155,155,155,258,258,272,291,46,62,161,161,161,161,161,161,161,161],"floor_reached":28,"language":"ENG","playtime":1412,"items_purged":[],"score":270,"play_id":"db8ea5c1-9204-4010-8fc5-a426caf76bd7","local_time":"20210127072258","is_ascension_mode":false,"campfire_choices":[{"data":"Bloodletting","floor":7,"key":"SMITH"},{"floor":15,"key":"REST"},{"floor":24,"key":"REST"},{"floor":27,"key":"REST"}],"circlet_count":0,"master_deck":["Strike_R","Strike_R","Strike_R","Strike_R","Strike_R","Defend_R","Defend_R","Defend_R","Defend_R","Bash","Entrench","Whirlwind","Flame Barrier","Heavy Blade","Heavy Blade","Bloodletting+1","Cleave","Perfected Strike","Bloodletting","Uppercut","Anger","Limit Break","Entrench+1","Reaper","Twin Strike"],"relics":["Black Blood","NeowsBlessing","Bag of Preparation","Bottled Flame","Incense Burner","Blood Vial","Toy Ornithopter"],"acts_visited":["Exordium","TheCity"],"potions_floor_usage":[6,6,6,11,22,23,25],"damage_taken":[{"damage":0,"enemies":"Small Slimes","floor":1,"turns":1},{"damage":0,"enemies":"Cultist","floor":3,"turns":1},{"damage":0,"enemies":"Jaw Worm","floor":5,"turns":1},{"damage":14,"enemies":"Gremlin Nob","floor":6,"turns":4},{"damage":0,"enemies":"Lots of Slimes","floor":8,"turns":1},{"damage":13,"enemies":"Exordium Thugs","floor":10,"turns":3},{"damage":12,"enemies":"3 Sentries","floor":11,"turns":3},{"damage":3,"enemies":"2 Fungi Beasts","floor":12,"turns":1},{"damage":12,"enemies":"Blue Slaver","floor":13,"turns":4},{"damage":35,"enemies":"Slime Boss","floor":16,"turns":9},{"damage":10,"enemies":"3 Byrds","floor":18,"turns":5},{"damage":13,"enemies":"Chosen","floor":19,"turns":5},{"damage":58,"enemies":"Shelled Parasite and Fungi","floor":21,"turns":9},{"damage":49,"enemies":"Book of Stabbing","floor":23,"turns":5},{"damage":50,"enemies":"Gremlin Leader","floor":25,"turns":6},{"damage":62,"enemies":"Snake Plant","floor":28,"turns":5}],"seed_played":"-5164566637953795460","potions_obtained":[{"floor":4,"key":"Weak Potion"},{"floor":4,"key":"Weak Potion"},{"floor":4,"key":"LiquidMemories"},{"floor":6,"key":"BloodPotion"},{"floor":8,"key":"BlessingOfTheForge"},{"floor":11,"key":"Fruit Juice"},{"floor":16,"key":"BlessingOfTheForge"},{"floor":19,"key":"SmokeBomb"}],"is_trial":false,"path_per_floor":["M","$","M","?","M","E","R","M","T","M","E","M","M","?","R","B",null,"M","M","$","M","?","E","R","E","T","R","M"],"character_chosen":"IRONCLAD","items_purchased":["Whirlwind","Flame Barrier","Reaper","SmokeBomb"],"campfire_rested":3,"item_purchase_floors":[2,2,20,20],"current_hp_per_floor":[80,80,80,80,80,72,72,78,78,71,70,73,67,67,85,56,85,85,84,84,43,60,29,54,30,30,55,0,0],"gold":161,"neow_bonus":"THREE_ENEMY_KILL","is_daily":false,"chose_seed":false,"campfire_upgraded":1,"win_rate":0.0,"timestamp":1611760978,"path_taken":["M","$","M","?","M","E","R","M","T","M","E","M","?","?","R","BOSS","M","M","$","?","?","E","R","E","T","R","M"],"items_purchased_type":["Card","Card","Card","Potion"],"build_version":"2020-12-22","purchased_purges":0,"victory":false,"max_hp_per_floor":[80,80,80,80,80,80,80,80,80,80,85,85,85,85,85,85,85,85,85,85,85,85,85,85,85,85,85,85,85],"card_choices":[{"not_picked":["True Grit","Body Slam"],"picked":"Entrench","floor":1},{"not_picked":["Body Slam","Flex"],"picked":"Heavy Blade","floor":3},{"not_picked":["Rage","Cleave"],"picked":"Heavy Blade","floor":5},{"not_picked":["Fire Breathing","Corruption"],"picked":"Bloodletting","floor":6},{"not_picked":["Shrug It Off","Fire Breathing"],"picked":"Cleave","floor":8},{"not_picked":["Carnage","Armaments"],"picked":"Perfected Strike","floor":10},{"not_picked":["Hemokinesis","Second Wind"],"picked":"Bloodletting","floor":11},{"not_picked":["Clothesline","Body Slam"],"picked":"Uppercut","floor":12},{"not_picked":["Clash","Carnage"],"picked":"Anger","floor":13},{"not_picked":["Bludgeon","Barricade"],"picked":"Limit Break","floor":16},{"not_picked":["Feel No Pain","Iron Wave","Sword Boomerang"],"picked":"SKIP","floor":18},{"not_picked":["Iron Wave+1","Feel No Pain"],"picked":"Entrench+1","floor":19},{"not_picked":["Iron Wave","Clothesline"],"picked":"Twin Strike","floor":21}],"player_experience":59221,"relics_obtained":[{"floor":6,"key":"Bag of Preparation"},{"floor":9,"key":"Bottled Flame"},{"floor":11,"key":"Incense Burner"},{"floor":26,"key":"Toy Ornithopter"}],"event_choices":[{"damage_healed":0,"gold_gain":0,"player_choice":"Got Potions","damage_taken":0,"max_hp_gain":0,"max_hp_loss":0,"event_name":"Lab","floor":4,"gold_loss":0},{"damage_healed":0,"gold_gain":0,"player_choice":"Gave Potion","damage_taken":0,"relics_obtained":["Blood Vial"],"max_hp_gain":0,"max_hp_loss":0,"event_name":"WeMeetAgain","floor":14,"gold_loss":0},{"damage_healed":0,"gold_gain":99,"player_choice":"Stole From Cult","damage_taken":0,"max_hp_gain":0,"max_hp_loss":0,"event_name":"Nest","floor":22,"gold_loss":0}],"is_beta":false,"boss_relics":[{"not_picked":["Runic Pyramid","Runic Dome"],"picked":"Black Blood"}],"items_purged_floors":[],"is_endless":false,"potions_floor_spawned":[6,8,11,16,19],"killed_by":"Snake Plant","ascension_level":0}}