{"host":"lcnwkjlokfwcnxxu","time":1611738294,"event":{"mods":["BaseMod","Colored Map","Downfall","GifTheSpireLib","Infinite Spire","Koishi","Marisa（霧雨　魔理沙）","Minty Spire (QoL Compilation)","Quick Restart","Replay The Spire","StSLib","The Disciple","The Hierophant","The Servant 0.9.4"],"gold_per_floor":[99,118,148,164,164,193,248,133,308,308,318,349,349,349,359,461,461,461,477,488,502,452,337,384,384,384,403,403,403,403,423,442,543,643,643,660,678,509,527,527,527,539,539,551,564,564,564,864,879,879],"floor_reached":51,"language":"ENG","playtime":2270,"items_purged":["bronze:Strike","Doubt","bronze:Strike"],"score":834,"play_id":"cf96d740-4f15-4cea-b14c-0b1b54b5acfb","local_time":"20210127010454","is_ascension_mode":false,"campfire_choices":[{"data":"bronze:Replicate","floor":1,"key":"SMITH"},{"data":"bronze:Invalidate","floor":10,"key":"SMITH"},{"data":"bronze:Flail","floor":13,"key":"SMITH"},{"data":"bronze:Overheat","floor":18,"key":"SMITH"},{"data":"bronze:Fortify","floor":29,"key":"SMITH"},{"data":"bronze:FineTuning","floor":35,"key":"SMITH"},{"data":"bronze:Repair","floor":40,"key":"SMITH"},{"floor":43,"key":"RECALL"}],"circlet_count":0,"master_deck":["bronze:Strike","bronze:Defend","bronze:Defend","bronze:Defend","bronze:Defend","bronze:Replicate+1","bronze:Goto","bronze:Repair+1","bronze:Overheat+1","bronze:Invalidate+1","bronze:FineTuning+1","bronze:Flail+1","bronze:Optimize+1","infinitespire:Fortify","bronze:Fortify+1","bronze:Iterate"],"relics":["bronze:PlatinumCore","Bronze Scales","bronze:SilverBullet","Replay:Wax Seal","Regal Pillow","infinitespire:Broken Mirror","Lantern","HornCleat","Replay:Wanted Poster","Divine Protection","Pantograph"],"acts_visited":["Exordium","TheCity","TheBeyond"],"potions_floor_usage":[6,16,16,31,33,33,50,50,50],"damage_taken":[{"damage":1,"enemies":"2 Louse","floor":2,"turns":2},{"damage":1,"enemies":"Jaw Worm","floor":4,"turns":3},{"damage":5,"enemies":"3 Sentries","floor":6,"turns":7},{"damage":0,"enemies":"downfall:FleeingMerchant","floor":8,"turns":4},{"damage":0,"enemies":"Small Slimes","floor":11,"turns":2},{"damage":30,"enemies":"Gremlin Nob","floor":12,"turns":4},{"damage":3,"enemies":"2 Fungi Beasts","floor":15,"turns":3},{"damage":32,"enemies":"IC_STATUS_ARCHETYPE","floor":16,"turns":5},{"damage":0,"enemies":"3 Byrds","floor":19,"turns":3},{"damage":36,"enemies":"Snake Plant","floor":20,"turns":5},{"damage":14,"enemies":"Shelled Parasite and Fungi","floor":21,"turns":3},{"damage":15,"enemies":"downfall:FleeingMerchant","floor":23,"turns":4},{"damage":8,"enemies":"Centurion and Healer","floor":27,"turns":2},{"damage":0,"enemies":"Snecko","floor":31,"turns":3},{"damage":0,"enemies":"Chosen and Byrds","floor":32,"turns":4},{"damage":11,"enemies":"SI_MIRROR_ARCHETYPE","floor":33,"turns":7},{"damage":0,"enemies":"3 Darklings","floor":36,"turns":2},{"damage":0,"enemies":"3 Shapes","floor":37,"turns":2},{"damage":0,"enemies":"downfall:FleeingMerchant","floor":38,"turns":3},{"damage":30,"enemies":"Writhing Mass","floor":39,"turns":6},{"damage":0,"enemies":"Spire Growth","floor":42,"turns":2},{"damage":0,"enemies":"Transient","floor":44,"turns":5},{"damage":0,"enemies":"Writhing Mass","floor":45,"turns":3},{"damage":56,"enemies":"Sphere and 2 Shapes","floor":49,"turns":4},{"damage":42,"enemies":"DF_ARCHETYPE_ORBS","floor":50,"turns":6}],"seed_played":"-6967165482192224126","potions_obtained":[{"floor":2,"key":"Energy Potion"},{"floor":4,"key":"Explosive Potion"},{"floor":12,"key":"FearPotion"},{"floor":15,"key":"LifebloodPotion"},{"floor":19,"key":"Strength Potion"},{"floor":20,"key":"Reflective Coating"},{"floor":28,"key":"CultistPotion"},{"floor":31,"key":"Block Potion"},{"floor":36,"key":"Dexterity Potion"},{"floor":39,"key":"Strength Potion"},{"floor":45,"key":"PowerPotion"}],"is_trial":false,"path_per_floor":["R","M","?","M","?","E","T","$","?","R","M","E","R","T","M","B",null,"R","M","M","M","?","$","T","?","AVR","M","?","R","?","M","M","B",null,"R","M","M","$","M","R","T","M","R","M","M","?","?","?","M","B",null],"character_chosen":"THE_AUTOMATON","items_purchased":["bronze:FineTuning","Divine Protection","Pantograph"],"campfire_rested":0,"item_purchase_floors":[8,38,38],"current_hp_per_floor":[77,76,76,75,75,76,76,77,77,77,77,55,55,55,59,34,77,77,77,41,27,56,51,51,51,51,43,43,43,43,50,60,57,77,77,77,77,77,58,58,58,58,58,68,77,77,77,77,21,14],"gold":879,"neow_bonus":"TEN_PERCENT_HP_BONUS","is_daily":false,"chose_seed":false,"campfire_upgraded":7,"win_rate":0.0,"timestamp":1611738294,"path_taken":["R","M","?","M","?","E","T","$","?","R","M","E","R","?","M","BOSS","R","M","M","M","?","$","T","?","AVR","M","?","R","?","M","M","BOSS","R","M","M","$","M","R","T","M","R","?","M","?","?","?","M","BOSS"],"items_purchased_type":["Card","Relic","Relic"],"build_version":"2020-12-22","purchased_purges":3,"victory":true,"max_hp_per_floor":[77,77,77,77,77,77,77,77,77,77,77,77,77,77,77,77,77,77,77,77,77,77,77,77,77,77,77,77,77,77,77,77,77,77,77,77,77,77,77,77,77,77,77,77,77,77,77,77,77,77],"card_choices":[{"not_picked":["bronze:Backtrace","bronze:Repulsor","bronze:Invalidate"],"picked":"SKIP","floor":2},{"not_picked":["bronze:ItsAFeature","bronze:CloningBeam"],"picked":"bronze:Repair","floor":4},{"not_picked":["bronze:NullPointer","bronze:CutThrough"],"picked":"bronze:Overheat","floor":6},{"not_picked":["bronze:ChildClass","bronze:Iterate"],"picked":"bronze:Invalidate","floor":8},{"not_picked":["bronze:FineTuning","bronze:Deprecate","bronze:Invalidate"],"picked":"SKIP","floor":11},{"not_picked":["bronze:FineTuning","bronze:Deprecate","bronze:Invalidate"],"picked":"SKIP","floor":11},{"not_picked":["bronze:Philosophize","bronze:Assembly"],"picked":"bronze:Flail","floor":12},{"not_picked":["bronze:WhirlingStrike","bronze:DelayedSlice","bronze:OilSpill"],"picked":"SKIP","floor":15},{"not_picked":["bronze:Shell","bronze:BronzeOrb+1"],"picked":"bronze:Optimize+1","floor":19},{"not_picked":["bronze:Frontload","bronze:BitShift+1","bronze:OilSpill"],"picked":"SKIP","floor":20},{"not_picked":["bronze:DelayedGuard+1","bronze:Repair+1","bronze:BitShift"],"picked":"SKIP","floor":21},{"not_picked":["bronze:Frontload","bronze:HardenedForm","bronze:BronzeOrb+1"],"picked":"SKIP","floor":23},{"not_picked":["bronze:ChosenStrike","bronze:WildBeam"],"picked":"bronze:Fortify","floor":27},{"not_picked":["bronze:NullPointer","bronze:BuggyMess","bronze:Overheat"],"picked":"SKIP","floor":31},{"not_picked":["bronze:BugBarrage","bronze:Repair","bronze:DelayedSlice+1"],"picked":"SKIP","floor":32},{"not_picked":["bronze:BuggyMess","bronze:Overheat","bronze:OilSpill+1"],"picked":"SKIP","floor":36},{"not_picked":["bronze:Turbo","bronze:BugBarrage","bronze:DigitalCarnage"],"picked":"SKIP","floor":37},{"not_picked":["bronze:Backtrace","bronze:Boost+1"],"picked":"bronze:Iterate","floor":38},{"not_picked":["bronze:ForLoop","bronze:Overheat+1","bronze:WhirlingStrike+1"],"picked":"SKIP","floor":39},{"not_picked":["bronze:Flail","bronze:DelayedSlice+1","bronze:Overheat+1"],"picked":"SKIP","floor":42},{"not_picked":["bronze:FindAndReplace","bronze:DelayedGuard+1","bronze:BronzeArmor+1"],"picked":"SKIP","floor":44},{"not_picked":["bronze:BuggyMess+1","bronze:Overheat","bronze:DelayedGuard+1"],"picked":"SKIP","floor":45},{"not_picked":["bronze:Deprecate+1","bronze:DelayedSlice","bronze:Branch+1"],"picked":"SKIP","floor":49}],"player_experience":101060,"relics_obtained":[{"floor":6,"key":"bronze:SilverBullet"},{"floor":7,"key":"Replay:Wax Seal"},{"floor":12,"key":"Regal Pillow"},{"floor":14,"key":"infinitespire:Broken Mirror"},{"floor":24,"key":"Lantern"}],"event_choices":[{"cards_removed":["bronze:Strike"],"damage_healed":0,"gold_gain":0,"player_choice":"Card Removal","damage_taken":0,"max_hp_gain":0,"max_hp_loss":0,"event_name":"The Cleric","floor":5,"gold_loss":0},{"damage_healed":0,"gold_gain":300,"player_choice":"Gold","damage_taken":0,"max_hp_gain":0,"max_hp_loss":0,"event_name":"Wheel of Change","floor":48,"gold_loss":0}],"is_beta":false,"boss_relics":[{"not_picked":["Empty Cage","Tiny House"],"picked":"bronze:PlatinumCore"},{"not_picked":["Fusion Hammer","infinitespire:Cupcake"],"picked":"Replay:Wanted Poster"}],"items_purged_floors":[8,23,26],"is_endless":false,"potions_floor_spawned":[2,4,12,15,19,20,27,31,32,36,39,45],"ascension_level":0}}