{"host":"50per11302020","time":1611719490,"event":{"mods":["AchievementEnabler","BaseMod","Colored Map","Minty Spire (QoL Compilation)","Relic Stats","StSLib"],"gold_per_floor":[114,289,126,86,97,97,130,130,155,174,29,59,8,36,36,132,132,150,37,37,57,57,90,13,13,89,89,108,108,142,142,142,245,245,260,278,30,55,12,12,25,60,60,76,76,76,93,113,113,113],"floor_reached":51,"language":"ENG","playtime":4039,"items_purged":["Doubt"],"score":907,"play_id":"07febe43-48f9-4b3b-9e62-7430de446558","local_time":"20210126195130","is_ascension_mode":true,"campfire_choices":[{"data":"Trip","floor":6.0,"key":"SMITH"},{"data":"Eruption","floor":8.0,"key":"SMITH"},{"data":"SandsOfTime","floor":15.0,"key":"SMITH"},{"data":"Blasphemy","floor":25.0,"key":"SMITH"},{"data":"TalkToTheHand","floor":29,"key":"SMITH"},{"data":"MentalFortress","floor":32,"key":"SMITH"},{"data":"WaveOfTheHand","floor":40,"key":"SMITH"},{"data":"BattleHymn","floor":45,"key":"SMITH"},{"floor":49,"key":"REST"}],"circlet_count":0,"master_deck":["Eruption+1","Vigilance","MentalFortress","Trip+1","SandsOfTime+1","MentalFortress","Tantrum","Indignation","Blasphemy+1","ClearTheMind","Adaptation","SignatureMove","Meditate","Scrawl","TalkToTheHand+1","MentalFortress+1","FlurryOfBlows","Crescendo+1","ConjureBlade","Crescendo","Pray","ForeignInfluence","CarveReality","BattleHymn+1","DeusExMachina","Prostrate","WaveOfTheHand+1","EmptyFist+1","FlurryOfBlows","EmptyBody","FearNoEvil","Halt","Vault","JustLucky","WaveOfTheHand","EmptyBody+1","CrushJoints+1"],"relics":["PureWater","NeowsBlessing","Bronze Scales","Strawberry","Membership Card","Eternal Feather","InkBottle","Cursed Key","Frozen Eye","Toy Ornithopter","Mango","Mummified Hand","Mercury Hourglass","Pandora\u0027s Box","Omamori","HornCleat","Dream Catcher","GoldenEye","PreservedInsect"],"acts_visited":["Exordium","TheCity","TheBeyond"],"potions_floor_usage":[30,50,50,50],"damage_taken":[{"damage":0.0,"enemies":"Jaw Worm","floor":1.0,"turns":1.0},{"damage":0.0,"enemies":"Small Slimes","floor":5.0,"turns":1.0},{"damage":0.0,"enemies":"Lagavulin","floor":7.0,"turns":1.0},{"damage":1.0,"enemies":"Cultist","floor":10.0,"turns":3.0},{"damage":14.0,"enemies":"Gremlin Nob","floor":12.0,"turns":3.0},{"damage":10.0,"enemies":"Lagavulin","floor":14.0,"turns":6.0},{"damage":41.0,"enemies":"The Guardian","floor":16.0,"turns":9.0},{"damage":29.0,"enemies":"2 Thieves","floor":18.0,"turns":3.0},{"damage":12.0,"enemies":"Shell Parasite","floor":21.0,"turns":4.0},{"damage":0.0,"enemies":"Gremlin Leader","floor":23.0,"turns":3.0},{"damage":5,"enemies":"Snecko","floor":28,"turns":3},{"damage":25,"enemies":"Slavers","floor":30,"turns":3},{"damage":61,"enemies":"Automaton","floor":33,"turns":9},{"damage":0,"enemies":"3 Darklings","floor":35,"turns":3},{"damage":25,"enemies":"Orb Walker","floor":36,"turns":3},{"damage":22,"enemies":"4 Shapes","floor":41,"turns":2},{"damage":0,"enemies":"Giant Head","floor":42,"turns":6},{"damage":28,"enemies":"3 Darklings","floor":44,"turns":5},{"damage":5,"enemies":"Maw","floor":47,"turns":5},{"damage":19,"enemies":"Jaw Worm Horde","floor":48,"turns":3},{"damage":3,"enemies":"Donu and Deca","floor":50,"turns":6}],"seed_played":"5018007616964340113","potions_obtained":[{"floor":1.0,"key":"Strength Potion"},{"floor":4.0,"key":"Swift Potion"},{"floor":4.0,"key":"Strength Potion"},{"floor":12.0,"key":"Fire Potion"},{"floor":18.0,"key":"Fire Potion"},{"floor":21.0,"key":"SteroidPotion"},{"floor":23.0,"key":"PowerPotion"},{"floor":42,"key":"FearPotion"},{"floor":44,"key":"FairyPotion"},{"floor":46,"key":"EntropicBrew"},{"floor":48,"key":"CultistPotion"}],"is_trial":false,"path_per_floor":["M","?","$","?","M","R","E","R","T","M","$","E","$","E","R","B",null,"M","$","?","M","?","E","$","R","T","?","M","R","E","?","R","B",null,"M","M","$","T","$","R","M","E","T","M","R","?","M","M","R","B",null],"character_chosen":"WATCHER","items_purchased":["Trip","Membership Card","Fruit Juice","Adaptation","Frozen Eye","TalkToTheHand","MentalFortress","FlurryOfBlows","Omamori","HornCleat","EmptyBody","FearNoEvil","Halt"],"campfire_rested":1,"item_purchase_floors":[3,11,13,19,19,24,24,37,37,37,37,39,39],"current_hp_per_floor":[72,72,72,72,72,72,72,72,79,78,78,64,64,54,63,27,84,55,55,55,43,43,67,67,79,79,79,74,89,69,69,84,23,98,98,73,73,73,73,91,69,69,69,41,59,59,54,35,85,95],"gold":113,"neow_bonus":"THREE_ENEMY_KILL","is_daily":false,"chose_seed":false,"campfire_upgraded":8,"win_rate":0.0,"timestamp":1611719490,"path_taken":["M","?","$","?","M","R","E","R","T","M","$","E","$","E","R","BOSS","M","$","?","?","?","E","$","R","T","?","M","R","E","?","R","BOSS","M","M","$","?","$","R","M","E","T","M","R","?","?","M","R","BOSS"],"items_purchased_type":["Card","Relic","Potion","Card","Relic","Card","Card","Card","Relic","Relic","Card","Card","Card"],"build_version":"2020-12-18","purchased_purges":1,"victory":true,"max_hp_per_floor":[72,72,72,72,72,72,72,72,79,79,79,79,79,79,79,84,84,84,84,84,84,84,98,98,98,98,98,98,98,98,98,98,98,98,98,98,98,98,98,98,98,98,98,98,98,98,98,98,98,98],"relic_stats":{"counters":[21,82],"Eternal Feather":108,"PreservedInsect":0,"Cursed Key":3,"GoldenEye":[6],"Mercury Hourglass":[177],"Dream Catcher":1,"Mummified Hand":[40],"Bronze Scales":[190],"Pandora\u0027s Box":["Crescendo","Pray","ForeignInfluence","CarveReality","BattleHymn","DeusExMachina","Prostrate"],"obtain_stats":[{"NeowsBlessing":0,"Eternal Feather":12,"Mango":23,"PreservedInsect":43,"Omamori":37,"Cursed Key":17,"GoldenEye":42,"Mercury Hourglass":30,"Frozen Eye":19,"Dream Catcher":38,"HornCleat":37,"Mummified Hand":26,"Bronze Scales":7,"Strawberry":9,"Pandora\u0027s Box":34,"Membership Card":11,"PureWater":0,"InkBottle":14,"Toy Ornithopter":22},{"NeowsBlessing":0,"Eternal Feather":5,"Mango":10,"PreservedInsect":17,"Omamori":15,"Cursed Key":7,"GoldenEye":17,"Mercury Hourglass":12,"Frozen Eye":8,"Dream Catcher":15,"HornCleat":15,"Mummified Hand":10,"Bronze Scales":3,"Strawberry":3,"Pandora\u0027s Box":13,"Membership Card":4,"PureWater":0,"InkBottle":6,"Toy Ornithopter":9},{"NeowsBlessing":0,"Eternal Feather":9,"Mango":34,"PreservedInsect":63,"Omamori":55,"Cursed Key":24,"GoldenEye":63,"Mercury Hourglass":40,"Frozen Eye":27,"Dream Catcher":55,"HornCleat":55,"Mummified Hand":34,"Bronze Scales":3,"Strawberry":3,"Pandora\u0027s Box":49,"Membership Card":6,"PureWater":0,"InkBottle":15,"Toy Ornithopter":31}],"InkBottle":[32],"Toy Ornithopter":28},"card_choices":[{"not_picked":["Vengeance","FearNoEvil"],"picked":"MentalFortress","floor":1.0},{"not_picked":["Pray","Halt"],"picked":"SandsOfTime","floor":5.0},{"not_picked":["Alpha","Conclude"],"picked":"MentalFortress","floor":7.0},{"not_picked":["SashWhip","PathToVictory"],"picked":"Tantrum","floor":10.0},{"not_picked":["FlyingSleeves","JustLucky"],"picked":"Indignation","floor":12.0},{"not_picked":["Evaluate","JustLucky","Protect"],"picked":"SKIP","floor":14.0},{"not_picked":["ConjureBlade","Alpha"],"picked":"Blasphemy","floor":16.0},{"not_picked":["JustLucky","EmptyMind"],"picked":"ClearTheMind","floor":18.0},{"not_picked":["JustLucky","Collect"],"picked":"Meditate","floor":21.0},{"not_picked":["Adaptation","Indignation"],"picked":"Scrawl","floor":23.0},{"not_picked":["ThirdEye","SignatureMove"],"picked":"FlurryOfBlows","floor":28},{"not_picked":["FlyingSleeves","Perseverance+1"],"picked":"Crescendo+1","floor":30},{"not_picked":["Omniscience","Brilliance"],"picked":"ConjureBlade","floor":33},{"not_picked":["SashWhip","JustLucky+1"],"picked":"WaveOfTheHand","floor":35},{"not_picked":["ThirdEye","Consecrate"],"picked":"EmptyFist+1","floor":36},{"not_picked":["FlyingSleeves","SashWhip","Prostrate+1"],"picked":"SKIP","floor":41},{"not_picked":["Prostrate+1","Swivel"],"picked":"Vault","floor":42},{"not_picked":["ForeignInfluence","ReachHeaven"],"picked":"JustLucky","floor":44},{"not_picked":["FollowUp+1","Crescendo+1"],"picked":"WaveOfTheHand","floor":47},{"not_picked":["Protect","Weave"],"picked":"EmptyBody+1","floor":48},{"not_picked":["FlyingSleeves+1","EmptyFist"],"picked":"CrushJoints+1","floor":49}],"player_experience":375750,"relics_obtained":[{"floor":7.0,"key":"Bronze Scales"},{"floor":9.0,"key":"Strawberry"},{"floor":12.0,"key":"Eternal Feather"},{"floor":14.0,"key":"InkBottle"},{"floor":23.0,"key":"Mango"},{"floor":26.0,"key":"Mummified Hand"},{"floor":30,"key":"Mercury Hourglass"},{"floor":38,"key":"Dream Catcher"},{"floor":42,"key":"GoldenEye"},{"floor":43,"key":"PreservedInsect"}],"event_choices":[{"damage_healed":0.0,"max_hp_gain":0.0,"max_hp_loss":0.0,"gold_gain":175.0,"event_name":"Liars Game","player_choice":"AGREE","floor":2.0,"gold_loss":0.0,"damage_taken":0.0,"cards_obtained":["Doubt"]},{"damage_healed":0.0,"max_hp_gain":0.0,"max_hp_loss":0.0,"gold_gain":0.0,"event_name":"The Woman in Blue","player_choice":"Bought 3 Potions","floor":4.0,"gold_loss":0.0,"damage_taken":0.0},{"damage_healed":0.0,"max_hp_gain":0.0,"max_hp_loss":0.0,"gold_gain":0.0,"cards_transformed":["Strike_P"],"event_name":"Transmorgrifier","player_choice":"Transformed","floor":20.0,"gold_loss":0.0,"damage_taken":0.0,"cards_obtained":["SignatureMove"]},{"damage_healed":0.0,"max_hp_gain":0.0,"max_hp_loss":0.0,"gold_gain":0.0,"event_name":"The Mausoleum","player_choice":"Opened","floor":22.0,"gold_loss":0.0,"damage_taken":0.0,"relics_obtained":["Toy Ornithopter"],"cards_obtained":["Writhe"]},{"cards_removed":["Regret"],"damage_healed":0.0,"max_hp_gain":0.0,"max_hp_loss":0.0,"gold_gain":0.0,"event_name":"Back to Basics","player_choice":"Elegance","floor":27.0,"gold_loss":0.0,"damage_taken":0.0},{"cards_removed":["Writhe"],"damage_healed":0,"gold_gain":0,"player_choice":"Purged","damage_taken":0,"max_hp_gain":0,"max_hp_loss":0,"event_name":"Purifier","floor":31,"gold_loss":0},{"damage_healed":0,"gold_gain":0,"player_choice":"Got Potions","damage_taken":0,"max_hp_gain":0,"max_hp_loss":0,"event_name":"Lab","floor":46,"gold_loss":0}],"is_beta":true,"boss_relics":[{"not_picked":["HolyWater","Runic Dome"],"picked":"Cursed Key"},{"not_picked":["Busted Crown","Runic Pyramid"],"picked":"Pandora\u0027s Box"}],"items_purged_floors":[3],"is_endless":false,"potions_floor_spawned":[1,7,10,12,18,21,23,42,44,48],"ascension_level":2}}