{"host":"s41rn2jhghpwfrvz","time":1611769301,"event":{"mods":["BaseMod","Minty Spire (QoL Compilation)","Quick Restart","Relic Stats","SuperFastMode"],"gold_per_floor":[119,138,63,80,99,99,127,127,127,154,154,183,215,227,227,306,306,318,318,331,60,77,103,103,128,153,46,46,75,95,121,121,200,200,220,230,246,246,246,274,274,274,274],"floor_reached":42,"language":"ENG","playtime":1143,"items_purged":["JustLucky","Dash"],"score":1368,"play_id":"c836e30e-29d1-457a-b6f6-9f1d5cf42c7b","local_time":"20210127194141","daily_mods":["SealedDeck","Diverse","DeadlyEvents"],"is_ascension_mode":true,"campfire_choices":[{"data":"Body Slam","floor":6,"key":"SMITH"},{"data":"Reinforced Body","floor":8,"key":"SMITH"},{"data":"Footwork","floor":15,"key":"SMITH"},{"data":"Double Energy","floor":24,"key":"SMITH"},{"data":"Deep Breath","floor":32,"key":"SMITH"},{"floor":41,"key":"RECALL"}],"circlet_count":0,"master_deck":["AscendersBane","Carnage","Reinforced Body+1","Double Energy+1","Go for the Eyes","Ghostly Armor+1","Body Slam+1","Evolve","Feel No Pain","Footwork+1","Deep Breath+1"],"relics":["Burning Blood","Regal Pillow","Self Forming Clay","Bag of Marbles","StoneCalendar","Lantern","Runic Pyramid","ClockworkSouvenir","Art of War","Oddly Smooth Stone","War Paint","Champion Belt","Bronze Scales","SlaversCollar","Bottled Lightning"],"acts_visited":["Exordium","TheCity","TheBeyond"],"potions_floor_usage":[25],"damage_taken":[{"damage":0,"enemies":"Jaw Worm","floor":1,"turns":3},{"damage":0,"enemies":"Cultist","floor":2,"turns":4},{"damage":0,"enemies":"2 Louse","floor":4,"turns":2},{"damage":0,"enemies":"Large Slime","floor":5,"turns":7},{"damage":10,"enemies":"3 Sentries","floor":7,"turns":14},{"damage":0,"enemies":"Lagavulin","floor":10,"turns":6},{"damage":0,"enemies":"3 Sentries","floor":12,"turns":7},{"damage":0,"enemies":"Lagavulin","floor":13,"turns":7},{"damage":0,"enemies":"Blue Slaver","floor":14,"turns":4},{"damage":14,"enemies":"Slime Boss","floor":16,"turns":7},{"damage":9,"enemies":"Shell Parasite","floor":18,"turns":5},{"damage":0,"enemies":"Spheric Guardian","floor":20,"turns":7},{"damage":0,"enemies":"3 Cultists","floor":22,"turns":7},{"damage":13,"enemies":"Slavers","floor":23,"turns":5},{"damage":13,"enemies":"Gremlin Leader","floor":25,"turns":8},{"damage":0,"enemies":"Book of Stabbing","floor":29,"turns":4},{"damage":0,"enemies":"Sentry and Sphere","floor":30,"turns":6},{"damage":0,"enemies":"Slavers","floor":31,"turns":4},{"damage":9,"enemies":"Champ","floor":33,"turns":7},{"damage":0,"enemies":"Orb Walker","floor":35,"turns":3},{"damage":0,"enemies":"3 Darklings","floor":36,"turns":5},{"damage":25,"enemies":"4 Shapes","floor":37,"turns":4},{"damage":9,"enemies":"Nemesis","floor":40,"turns":5},{"damage":62,"enemies":"Reptomancer","floor":42,"turns":2}],"seed_played":"406490842779500030","potions_obtained":[{"floor":4,"key":"PowerPotion"},{"floor":5,"key":"ElixirPotion"},{"floor":25,"key":"DistilledChaos"},{"floor":33,"key":"Dexterity Potion"}],"is_trial":true,"path_per_floor":["M","M","$","M","M","R","E","R","T","E","?","E","E","M","R","B",null,"M","?","M","$","M","E","R","E","T","$","?","E","M","E","R","B",null,"M","M","M","?","$","E","R","E"],"character_chosen":"IRONCLAD","items_purchased":["ClockworkSouvenir","Deep Breath"],"campfire_rested":0,"item_purchase_floors":[21,27],"current_hp_per_floor":[74,75,75,75,75,75,71,71,71,75,75,75,75,75,75,67,73,70,70,75,75,75,68,68,61,61,61,40,46,52,58,58,55,74,80,80,61,61,61,58,58,0,0],"gold":274,"neow_bonus":"","is_daily":false,"chose_seed":false,"campfire_upgraded":5,"win_rate":0.0,"timestamp":1611769301,"path_taken":["M","M","$","M","M","R","E","R","T","E","?","?","E","M","R","BOSS","M","?","?","$","M","E","R","E","T","$","?","E","M","E","R","BOSS","M","M","M","?","$","E","R","E"],"items_purchased_type":["Relic","Card"],"build_version":"2020-12-22","purchased_purges":2,"victory":false,"max_hp_per_floor":[75,75,75,75,75,75,75,75,75,75,75,75,75,75,75,75,75,75,75,75,75,75,75,75,75,75,75,80,80,80,80,80,80,80,80,80,80,80,80,80,80,80,80],"relic_stats":{"Regal Pillow":0,"counters":[24,133],"Self Forming Clay":[39],"Bronze Scales":[91],"StoneCalendar":[200],"Art of War":[2],"Champion Belt":[16],"War Paint":["Ghostly Armor"],"obtain_stats":[{"Regal Pillow":7,"Lantern":13,"Self Forming Clay":10,"Oddly Smooth Stone":25,"StoneCalendar":12,"War Paint":26,"Burning Blood":0,"ClockworkSouvenir":21,"SlaversCollar":34,"Bronze Scales":31,"Bag of Marbles":11,"Art of War":23,"Champion Belt":29,"Bottled Lightning":40,"Runic Pyramid":17},{"Regal Pillow":5,"Lantern":8,"Self Forming Clay":6,"Oddly Smooth Stone":15,"StoneCalendar":7,"War Paint":15,"Burning Blood":0,"ClockworkSouvenir":12,"SlaversCollar":19,"Bronze Scales":18,"Bag of Marbles":6,"Art of War":14,"Champion Belt":16,"Bottled Lightning":23,"Runic Pyramid":10},{"Regal Pillow":30,"Lantern":50,"Self Forming Clay":36,"Oddly Smooth Stone":93,"StoneCalendar":43,"War Paint":93,"Burning Blood":0,"ClockworkSouvenir":73,"SlaversCollar":114,"Bronze Scales":107,"Bag of Marbles":36,"Art of War":85,"Champion Belt":97,"Bottled Lightning":131,"Runic Pyramid":61}],"Burning Blood":88},"card_choices":[{"not_picked":["Pommel Strike","Shrug It Off","Wallop"],"picked":"SKIP","floor":1},{"not_picked":["Hello World","Bouncing Flask","Sword Boomerang"],"picked":"SKIP","floor":2},{"not_picked":["BattleHymn","SashWhip","Ball Lightning"],"picked":"SKIP","floor":4},{"not_picked":["Chill","Doom and Gloom","Warcry"],"picked":"SKIP","floor":5},{"not_picked":["JustLucky","Armaments"],"picked":"Evolve","floor":7},{"not_picked":["Reckless Charge","Establishment"],"picked":"Feel No Pain","floor":10},{"not_picked":["Leap","True Grit","InnerPeace"],"picked":"SKIP","floor":12},{"not_picked":["SashWhip","Twin Strike"],"picked":"Footwork","floor":13},{"not_picked":["Intimidate","Searing Blow","Rampage"],"picked":"SKIP","floor":14},{"not_picked":["Dagger Throw+1","Havoc","Pommel Strike"],"picked":"SKIP","floor":18},{"not_picked":["Bane+1","FlurryOfBlows","Cleave"],"picked":"SKIP","floor":20},{"not_picked":["Sucker Punch","Flechettes+1","Evaluate"],"picked":"SKIP","floor":22},{"not_picked":["Heel Hook","Leg Sweep","Bloodletting"],"picked":"SKIP","floor":23},{"not_picked":["Wild Strike","Aggregate","Hemokinesis"],"picked":"SKIP","floor":25},{"not_picked":["Redo","Dropkick","Masterful Stab"],"picked":"SKIP","floor":29},{"not_picked":["WheelKick","Indignation","Conclude"],"picked":"SKIP","floor":30},{"not_picked":["Ball Lightning","Rainbow","Poisoned Stab"],"picked":"SKIP","floor":31},{"not_picked":["FlurryOfBlows","Dual Wield+1","Compile Driver"],"picked":"SKIP","floor":35},{"not_picked":["Ball Lightning","Defragment","Steam+1"],"picked":"SKIP","floor":36},{"not_picked":["Tantrum+1","Skim","PathToVictory+1"],"picked":"SKIP","floor":37},{"not_picked":["Wild Strike","Chill","Amplify"],"picked":"SKIP","floor":40}],"player_experience":1858168,"relics_obtained":[{"floor":7,"key":"Regal Pillow"},{"floor":10,"key":"Self Forming Clay"},{"floor":12,"key":"StoneCalendar"},{"floor":13,"key":"Lantern"},{"floor":23,"key":"Art of War"},{"floor":25,"key":"Oddly Smooth Stone"},{"floor":26,"key":"War Paint"},{"floor":29,"key":"Champion Belt"},{"floor":31,"key":"Bronze Scales"},{"floor":40,"key":"Bottled Lightning"}],"event_choices":[{"cards_removed":["Protect"],"damage_healed":0,"gold_gain":0,"player_choice":"Gave Card","damage_taken":0,"relics_obtained":["Bag of Marbles"],"max_hp_gain":0,"max_hp_loss":0,"event_name":"WeMeetAgain","floor":11,"gold_loss":0},{"cards_removed":["Hologram"],"damage_healed":0,"gold_gain":0,"player_choice":"Elegance","damage_taken":0,"max_hp_gain":0,"max_hp_loss":0,"event_name":"Back to Basics","floor":19,"gold_loss":0},{"damage_healed":0,"gold_gain":0,"player_choice":"Shed Blood","damage_taken":26,"max_hp_gain":5,"max_hp_loss":0,"event_name":"Forgotten Altar","floor":28,"gold_loss":0},{"damage_healed":0,"gold_gain":0,"player_choice":"Ignored","damage_taken":0,"max_hp_gain":0,"max_hp_loss":0,"event_name":"Tomb of Lord Red Mask","floor":38,"gold_loss":0}],"is_beta":false,"boss_relics":[{"not_picked":["Snecko Eye","Astrolabe"],"picked":"Runic Pyramid"},{"not_picked":["Velvet Choker","Runic Cube"],"picked":"SlaversCollar"}],"items_purged_floors":[3,21],"is_endless":false,"potions_floor_spawned":[4,5,7,10,13,23,25,30,31,33,35,37],"killed_by":"Reptomancer","ascension_level":20}}