{"host":"usdj552hvd2ulznm","time":1611791433,"event":{"mods":["Act Like it!","Aspiration","BaseMod","Better Third Choice","Colored Powertips","Conjunction","Conspire","DeckTracker","Dota2Spire","Downfall","Emptier Cage","Energized Spire","Gensokyo","GifTheSpireLib","GungeonMod","Halation","Hallownest","Hermit","Hubris","Infinite Spire","Key Reminder","Lobotomy","LobotomyExtend","Minty Spire (QoL Compilation)","MostiFishMod","Poem Panic","Quarter Circle Forward PUNCH!","Quick Restart","RNG Fix","Railgun Mod","Random Character Mod","Relic Stats","Reliquary","Replay The Spire","Reworked Bosses","RumiaBox-????????","Small Relic Pack","StSLib","Stuff the Spire","The Animator","The Blue Laboratory","The IronCluck","The Jungle","Uncapped","WarShipGirlsR/????R mod","Wide Potions","??????REMEMod"],"gold_per_floor":[111,111,124,49,73,98,98,98,98,98,98,98,111,142,142,245,245,245,344,359,372,372,400,400,433,433,247,247,247,247,247,247,346,346,446,446],"floor_reached":35,"language":"ENG","playtime":1031,"items_purged":["SpecialBullet","SpecialBullet","REME_TwoStrings"],"score":485,"play_id":"9c7f4fce-59b2-4db0-a0de-0e7b1dcc0cf4","local_time":"20210127165033","is_ascension_mode":true,"campfire_choices":[{"floor":32,"key":"RECALL"}],"circlet_count":0,"master_deck":["SpecialBullet","SpecialBullet","SpecialBullet","SpecialBullet","SpecialBullet","SpecialBullet","ControlCode","InformationCode","WelfareCode","SecurityCode","FeatherOfHonor","DisciplinaryCode","Justitia+1","BodiesMountain","Necronomicurse","NothingThere","Mimicry"],"relics":["CogitoBucket","DaveBox","REME_ComplimentaryCards","RabbitCall","SynthV:TestCard","LetterFromLob","hubris:Towel","Lantern","Dota2Spire:DrumOfEndurance","ZombieArmy","Molten Egg 2","Dota2Spire:Satanic","DianDianMeat","SlaversCollar","Gaze_r","TreeSap","Dota2Spire:MaskOfMadness","Boot","Necronomicon","relicPack:DSword","DemoMod:BigBoy","ExusiaiGun","hubris:Icosahedron","energizedSpire:OgreHead"],"acts_visited":["Exordium","TheCity","Hallownest:KingdomsEdge"],"potions_floor_usage":[16,20],"damage_taken":[{"damage":12,"enemies":"Jaw Worm","floor":1,"turns":2},{"damage":13,"enemies":"2 Louse","floor":3,"turns":2},{"damage":9,"enemies":"Gremlin Nob","floor":6,"turns":3},{"damage":10,"enemies":"Small Slimes","floor":13,"turns":2},{"damage":17,"enemies":"Lagavulin","floor":14,"turns":3},{"damage":30,"enemies":"Hexaghost","floor":16,"turns":5},{"damage":10,"enemies":"conspire:FuzzyDice","floor":18,"turns":2},{"damage":32,"enemies":"conspire:FuzzyDice","floor":20,"turns":6},{"damage":4,"enemies":"Spheric Guardian","floor":21,"turns":3},{"damage":24,"enemies":"REME_1_Revenger","floor":23,"turns":4},{"damage":11,"enemies":"Replay:Snechameleon","floor":25,"turns":3},{"damage":33,"enemies":"bossMod:newChamp","floor":33,"turns":5},{"damage":152,"enemies":"Hallownest:3_Siblings","floor":35,"turns":6}],"seed_played":"-3626962728657842112","potions_obtained":[{"floor":13,"key":"Dexterity Potion"},{"floor":14,"key":"blueLaboratory:FruitPunch"},{"floor":16,"key":"BlessingOfTheForge"},{"floor":21,"key":"blueLaboratory:HorrorPotion"},{"floor":25,"key":"blueLaboratory:BubblePotion"}],"is_trial":false,"path_per_floor":["M","?","M","$","T","E","R","$","T","$","R","?","M","E","R","B",null,"M","?","M","M","?","E","R","E","T","$","?","?","AVR","?","R","B",null,"M"],"character_chosen":"Angela","items_purchased":["REME_TwoStrings"],"campfire_rested":0,"item_purchase_floors":[27],"current_hp_per_floor":[58,58,45,45,45,36,36,36,36,36,36,36,38,33,33,20,75,75,75,55,66,66,58,58,51,51,55,44,9,9,9,9,76,100,0,0],"gold":446,"neow_bonus":"THREE_CARDS","is_daily":false,"chose_seed":false,"campfire_upgraded":0,"win_rate":0.0,"timestamp":1611791433,"path_taken":["M","?","?","$","?","E","R","$","T","$","R","?","?","E","R","BOSS","M","?","M","?","?","E","R","E","T","$","?","?","AVR","?","R","BOSS","M"],"items_purchased_type":["Card"],"build_version":"2020-12-22","purchased_purges":3,"victory":false,"max_hp_per_floor":[70,70,70,70,70,70,70,70,70,70,70,70,70,70,70,75,75,75,75,75,78,78,78,78,78,78,82,87,87,87,87,87,100,100,100,100],"relic_stats":{"counters":[15,48],"Necronomicon":[3],"Boot":[4],"obtain_stats":[{"RabbitCall":0,"Dota2Spire:MaskOfMadness":23,"Lantern":5,"relicPack:DSword":29,"DaveBox":0,"DemoMod:BigBoy":30,"Dota2Spire:DrumOfEndurance":6,"DemoMod:GlassGuonStoneRelic":1,"ExusiaiGun":30,"Boot":25,"Dota2Spire:Satanic":14,"CogitoBucket":0,"hubris:Icosahedron":31,"TreeSap":20,"Necronomicon":28,"ZombieArmy":9,"DianDianMeat":16,"energizedSpire:OgreHead":34,"hubris:Towel":2,"Gaze_r":18,"keyreminder:keyreminder":25,"SlaversCollar":17,"SynthV:TestCard":1,"Molten Egg 2":12,"LetterFromLob":1,"REME_ComplimentaryCards":0},{"RabbitCall":0,"Dota2Spire:MaskOfMadness":11,"Lantern":2,"relicPack:DSword":12,"DaveBox":0,"DemoMod:BigBoy":12,"Dota2Spire:DrumOfEndurance":3,"DemoMod:GlassGuonStoneRelic":1,"ExusiaiGun":12,"Boot":12,"Dota2Spire:Satanic":5,"CogitoBucket":0,"hubris:Icosahedron":12,"TreeSap":9,"Necronomicon":12,"ZombieArmy":3,"DianDianMeat":6,"energizedSpire:OgreHead":13,"hubris:Towel":1,"Gaze_r":7,"keyreminder:keyreminder":12,"SlaversCollar":6,"SynthV:TestCard":1,"Molten Egg 2":3,"LetterFromLob":1,"REME_ComplimentaryCards":0},{"RabbitCall":0,"Dota2Spire:MaskOfMadness":33,"Lantern":4,"relicPack:DSword":36,"DaveBox":0,"DemoMod:BigBoy":36,"Dota2Spire:DrumOfEndurance":7,"DemoMod:GlassGuonStoneRelic":2,"ExusiaiGun":36,"Boot":36,"Dota2Spire:Satanic":12,"CogitoBucket":0,"hubris:Icosahedron":36,"TreeSap":26,"Necronomicon":36,"ZombieArmy":7,"DianDianMeat":14,"energizedSpire:OgreHead":41,"hubris:Towel":2,"Gaze_r":19,"keyreminder:keyreminder":36,"SlaversCollar":17,"SynthV:TestCard":2,"Molten Egg 2":7,"LetterFromLob":2,"REME_ComplimentaryCards":0}]},"card_choices":[{"not_picked":["WristCuter","ScreamingWedge"],"picked":"SKIP","floor":1},{"not_picked":["WristCuter","BearPaw","Amita","Gaze"],"picked":"SKIP","floor":3},{"not_picked":["Pleasure","Christmas","Galaxy"],"picked":"FeatherOfHonor","floor":6},{"not_picked":["SomewhereSpear","Mimicry","FourthMatchFlame+1","Tough+1"],"picked":"SKIP","floor":13},{"not_picked":["Penitence","Regret_ego","Harvest+1","BlueScar"],"picked":"SKIP","floor":14},{"not_picked":["Penitence","Regret_ego","Harvest+1","BlueScar"],"picked":"SKIP","floor":14},{"not_picked":["DaCapo","Mimicry","CENSORED_ego"],"picked":"Justitia+1","floor":16},{"not_picked":["FrostShard","Beak+1","Spore","Heaven+1"],"picked":"SKIP","floor":20},{"not_picked":["WhitesApple","LittlePrince"],"picked":"BodiesMountain","floor":21},{"not_picked":["Tough+1","Loneliness","Penitence","CENSORED_ego"],"picked":"SKIP","floor":21},{"not_picked":["Horn+1","SomewhereSpear","Soda","Beak+1"],"picked":"SKIP","floor":23},{"not_picked":["Lantern+1","Penitence","InTheNameOfLoveAndHate","Soda"],"picked":"SKIP","floor":25},{"not_picked":["Wellcheers","BigBadWolf"],"picked":"NothingThere","floor":33},{"not_picked":["TheSmile","Adoration","CENSORED_ego"],"picked":"Mimicry","floor":33}],"player_experience":491639,"relics_obtained":[{"floor":1,"key":"SynthV:TestCard"},{"floor":1,"key":"LetterFromLob"},{"floor":5,"key":"Lantern"},{"floor":6,"key":"Dota2Spire:DrumOfEndurance"},{"floor":9,"key":"ZombieArmy"},{"floor":14,"key":"Dota2Spire:Satanic"},{"floor":23,"key":"Dota2Spire:MaskOfMadness"},{"floor":25,"key":"Boot"},{"floor":28,"key":"Necronomicon"}],"event_choices":[{"damage_healed":0,"gold_gain":99,"player_choice":"Steal","damage_taken":0,"max_hp_gain":0,"max_hp_loss":0,"event_name":"betterThird:BetterNest","floor":19,"gold_loss":0},{"damage_healed":0,"gold_gain":0,"player_choice":"Obtained Book","damage_taken":16,"max_hp_gain":0,"max_hp_loss":0,"event_name":"Cursed Tome","floor":28,"gold_loss":0}],"is_beta":false,"boss_relics":[{"not_picked":["aspiration:WatcherSkillbook","Ectoplasm"],"picked":"SlaversCollar"},{"not_picked":["reliquary:Ember","Tiny House"],"picked":"energizedSpire:OgreHead"}],"items_purged_floors":[4,27,30],"is_endless":false,"potions_floor_spawned":[13,14,16,21,25],"killed_by":"Hallownest:3_Siblings","ascension_level":2}}