{"host":"7qoz5gmva6til3yp","time":1611757436,"event":{"mods":["AchievementEnabler","BaseMod","Minty Spire (QoL Compilation)","StSLib","SuperFastMode"],"gold_per_floor":[118,118,118,118,43,43,43,43,68,95,95,105,138,170,170,266,266,277,289,121,138,138,138,138],"floor_reached":23,"language":"KOR","playtime":506,"items_purged":["Defend_P","Strike_P"],"score":255,"play_id":"80fbf3a6-f00c-4647-950c-2ff4c73e4107","local_time":"20210127232356","is_ascension_mode":false,"campfire_choices":[{"data":"Eruption","floor":6,"key":"SMITH"},{"data":"Vigilance","floor":8,"key":"SMITH"},{"floor":11,"key":"RECALL"},{"data":"CrushJoints","floor":15,"key":"SMITH"}],"circlet_count":0,"master_deck":["Strike_P","Strike_P","Strike_P","Defend_P","Defend_P","Eruption+1","Vigilance+1","CrushJoints+1","DevaForm","Consecrate","Fasting2"],"relics":["PureWater","NeowsBlessing","CultistMask","WingedGreaves","Potion Belt","Orichalcum","PreservedInsect","Bag of Marbles","VioletLotus"],"acts_visited":["Exordium","TheCity"],"potions_floor_usage":[16],"damage_taken":[{"damage":0,"enemies":"Small Slimes","floor":1,"turns":1},{"damage":0,"enemies":"Gremlin Nob","floor":10,"turns":1},{"damage":0,"enemies":"Cultist","floor":12,"turns":1},{"damage":27,"enemies":"3 Sentries","floor":13,"turns":10},{"damage":0,"enemies":"Gremlin Nob","floor":14,"turns":2},{"damage":36,"enemies":"The Guardian","floor":16,"turns":8},{"damage":20,"enemies":"Shell Parasite","floor":18,"turns":8},{"damage":15,"enemies":"Spheric Guardian","floor":19,"turns":3},{"damage":28,"enemies":"Snake Plant","floor":21,"turns":4},{"damage":10,"enemies":"Book of Stabbing","floor":23,"turns":2}],"seed_played":"-7881547039456838898","potions_obtained":[{"floor":10,"key":"FearPotion"},{"floor":14,"key":"ColorlessPotion"},{"floor":19,"key":"Dexterity Potion"}],"is_trial":false,"path_per_floor":["M","?","$","T","$","R","?","R","T","E","R","M","E","E","R","B",null,"M","M","$","M","?","E"],"character_chosen":"WATCHER","items_purchased":["Fasting2"],"campfire_rested":0,"item_purchase_floors":[20],"current_hp_per_floor":[72,72,72,72,72,72,72,72,72,72,72,72,45,45,45,9,72,52,37,37,9,9,0,0],"gold":138,"neow_bonus":"THREE_ENEMY_KILL","is_daily":false,"chose_seed":false,"campfire_upgraded":3,"win_rate":0.0,"timestamp":1611757436,"path_taken":["M","?","?","?","$","R","?","R","T","E","R","M","E","E","R","BOSS","M","M","$","M","?","E"],"items_purchased_type":["Card"],"build_version":"2020-12-22","purchased_purges":2,"victory":false,"max_hp_per_floor":[72,72,72,72,72,72,72,72,72,72,72,72,72,72,72,72,72,72,72,72,72,72,72,72],"card_choices":[{"not_picked":["JustLucky","SashWhip","Protect"],"picked":"SKIP","floor":1},{"not_picked":["Pray","Protect","JustLucky"],"picked":"SKIP","floor":10},{"not_picked":["Evaluate","FlyingSleeves","CutThroughFate"],"picked":"SKIP","floor":12},{"not_picked":["Collect","ForeignInfluence"],"picked":"CrushJoints","floor":13},{"not_picked":["FlyingSleeves","BattleHymn","Swivel"],"picked":"SKIP","floor":14},{"not_picked":["Alpha","MasterReality"],"picked":"DevaForm","floor":16},{"not_picked":["Consecrate","PathToVictory+1","Pray"],"picked":"SKIP","floor":18},{"not_picked":["Protect+1","BowlingBash"],"picked":"Consecrate","floor":19},{"not_picked":["Protect","FlurryOfBlows","EmptyBody"],"picked":"SKIP","floor":21}],"player_experience":454211,"relics_obtained":[{"floor":4,"key":"WingedGreaves"},{"floor":9,"key":"Potion Belt"},{"floor":10,"key":"Orichalcum"},{"floor":13,"key":"PreservedInsect"},{"floor":14,"key":"Bag of Marbles"}],"event_choices":[{"damage_healed":0,"gold_gain":0,"player_choice":"Trade","damage_taken":0,"relics_obtained":["CultistMask"],"max_hp_gain":0,"max_hp_loss":0,"event_name":"FaceTrader","floor":2,"gold_loss":0},{"damage_healed":0,"gold_gain":0,"player_choice":"Ignored","damage_taken":0,"max_hp_gain":0,"max_hp_loss":0,"event_name":"Liars Game","floor":7,"gold_loss":0},{"cards_removed":["Defend_P"],"damage_healed":0,"gold_gain":0,"player_choice":"Elegance","damage_taken":0,"max_hp_gain":0,"max_hp_loss":0,"event_name":"Back to Basics","floor":22,"gold_loss":0}],"is_beta":false,"boss_relics":[{"not_picked":["Velvet Choker","Runic Dome"],"picked":"VioletLotus"}],"items_purged_floors":[5,20],"is_endless":false,"potions_floor_spawned":[10,14,19],"killed_by":"Book of Stabbing","ascension_level":0}}