{"host":"l4kdldlios54gl54","time":1611720457,"event":{"mods":["AchievementEnabler","BaseMod","Colored Map","Colored Powertips","Minty Spire (QoL Compilation)","Random Character Button"],"gold_per_floor":[118,137,150,75,89,89,104,117,171,185,219,219,229,244,244,318,318,328,39,55,55,74,74,32,32,56,90,90,110,70,80,80,80,80],"floor_reached":33,"language":"ENG","playtime":1026,"items_purged":["Doubt","Strike_R"],"score":596,"play_id":"979d037b-cd41-4096-8146-461a3b86a3cd","local_time":"20210127050737","is_ascension_mode":true,"campfire_choices":[{"data":"Carnage","floor":6,"key":"SMITH"},{"floor":12,"key":"REST"},{"floor":15,"key":"REST"},{"floor":23,"key":"REST"},{"data":"Immolate","floor":25,"key":"SMITH"},{"data":"Rampage","floor":28,"key":"SMITH"},{"data":"Disarm","floor":32,"key":"SMITH"}],"circlet_count":0,"master_deck":["AscendersBane","Strike_R","Strike_R","Strike_R","Strike_R","Defend_R","Defend_R","Defend_R","Defend_R","Bash","Rampage+1","Carnage+1","Disarm+1","Immolate+1","Shrug It Off","Ghostly Armor","Writhe","Ghostly Armor+1"],"relics":["Burning Blood","Centennial Puzzle","PreservedInsect","Cursed Key","Anchor","MutagenicStrength","Vajra","Letter Opener"],"acts_visited":["Exordium","TheCity"],"potions_floor_usage":[3,7,10,16,20,22,29,33,33],"damage_taken":[{"damage":9,"enemies":"Small Slimes","floor":1,"turns":5},{"damage":14,"enemies":"Jaw Worm","floor":2,"turns":4},{"damage":1,"enemies":"Cultist","floor":3,"turns":3},{"damage":37,"enemies":"Lots of Slimes","floor":5,"turns":6},{"damage":7,"enemies":"Exordium Wildlife","floor":7,"turns":3},{"damage":12,"enemies":"Looter","floor":8,"turns":3},{"damage":8,"enemies":"2 Fungi Beasts","floor":10,"turns":2},{"damage":25,"enemies":"3 Sentries","floor":11,"turns":8},{"damage":2,"enemies":"3 Louse","floor":13,"turns":5},{"damage":26,"enemies":"Gremlin Gang","floor":14,"turns":5},{"damage":49,"enemies":"The Guardian","floor":16,"turns":9},{"damage":46,"enemies":"Shell Parasite","floor":18,"turns":5},{"damage":2,"enemies":"3 Byrds","floor":20,"turns":5},{"damage":17,"enemies":"Cultist and Chosen","floor":22,"turns":6},{"damage":0,"enemies":"Gremlin Leader","floor":27,"turns":4},{"damage":0,"enemies":"3 Cultists","floor":29,"turns":4},{"damage":6,"enemies":"Snake Plant","floor":31,"turns":4},{"damage":93,"enemies":"Champ","floor":33,"turns":10}],"seed_played":"7384315209797661023","potions_obtained":[{"floor":2,"key":"Energy Potion"},{"floor":3,"key":"FearPotion"},{"floor":5,"key":"EssenceOfSteel"},{"floor":7,"key":"Weak Potion"},{"floor":13,"key":"SteroidPotion"},{"floor":16,"key":"Explosive Potion"},{"floor":20,"key":"GamblersBrew"},{"floor":27,"key":"Block Potion"},{"floor":30,"key":"Regen Potion"},{"floor":31,"key":"PowerPotion"}],"is_trial":false,"path_per_floor":["M","M","M","$","M","R","M","M","T","M","E","R","M","M","R","B",null,"M","$","M","?","M","R","$","R","T","E","R","M","?","M","R","B"],"character_chosen":"IRONCLAD","items_purchased":["Shrug It Off","Anchor","Ghostly Armor"],"campfire_rested":3,"item_purchase_floors":[19,19,24],"current_hp_per_floor":[79,71,76,76,45,45,44,38,38,36,17,43,47,27,53,10,69,29,29,33,33,22,48,48,48,48,54,54,60,60,60,60,0,0],"gold":80,"neow_bonus":"TWENTY_PERCENT_HP_BONUS","is_daily":false,"chose_seed":false,"campfire_upgraded":4,"win_rate":0.0,"timestamp":1611720457,"path_taken":["M","M","M","$","M","R","M","M","T","M","E","R","M","M","R","BOSS","M","$","M","?","M","R","$","R","T","E","R","M","?","?","R","BOSS"],"items_purchased_type":["Card","Relic","Card"],"build_version":"2020-12-22","purchased_purges":2,"victory":false,"max_hp_per_floor":[89,89,89,89,89,89,89,89,89,89,89,89,89,89,89,89,89,89,89,89,89,89,89,89,89,89,89,89,89,89,89,89,89,89],"card_choices":[{"not_picked":["Flex","Bloodletting"],"picked":"Rampage","floor":1},{"not_picked":["Uppercut","Seeing Red","Inflame"],"picked":"SKIP","floor":2},{"not_picked":["Burning Pact","Havoc"],"picked":"Carnage","floor":3},{"not_picked":["True Grit","Dual Wield","Pummel"],"picked":"SKIP","floor":5},{"not_picked":["Metallicize","Body Slam","Sever Soul"],"picked":"SKIP","floor":7},{"not_picked":["Pommel Strike","Fire Breathing","Havoc"],"picked":"SKIP","floor":8},{"not_picked":["Flex","Heavy Blade","Perfected Strike"],"picked":"SKIP","floor":10},{"not_picked":["Ghostly Armor","Warcry"],"picked":"Disarm","floor":11},{"not_picked":["Pommel Strike","Feel No Pain","Havoc"],"picked":"SKIP","floor":13},{"not_picked":["True Grit","Cleave","Wild Strike"],"picked":"SKIP","floor":14},{"not_picked":["Barricade","Bludgeon"],"picked":"Immolate","floor":16},{"not_picked":["Cleave","Warcry","Flex"],"picked":"SKIP","floor":18},{"not_picked":["Iron Wave","Cleave","Anger"],"picked":"SKIP","floor":20},{"not_picked":["Headbutt","Flex","Juggernaut"],"picked":"SKIP","floor":22},{"not_picked":["Double Tap","Cleave","Perfected Strike+1"],"picked":"SKIP","floor":27},{"not_picked":["Searing Blow","Inflame"],"picked":"Ghostly Armor+1","floor":29},{"not_picked":["Cleave","Shrug It Off","Sword Boomerang"],"picked":"SKIP","floor":31}],"player_experience":893543,"relics_obtained":[{"floor":9,"key":"Centennial Puzzle"},{"floor":11,"key":"PreservedInsect"},{"floor":26,"key":"Vajra"},{"floor":27,"key":"Letter Opener"}],"event_choices":[{"damage_healed":0,"gold_gain":0,"player_choice":"Inject Mutagens","damage_taken":0,"relics_obtained":["MutagenicStrength"],"max_hp_gain":0,"max_hp_loss":0,"event_name":"Drug Dealer","floor":21,"gold_loss":0},{"damage_healed":0,"gold_gain":0,"player_choice":"Bought 3 Potions","damage_taken":0,"max_hp_gain":0,"max_hp_loss":0,"event_name":"The Woman in Blue","floor":30,"gold_loss":0}],"is_beta":false,"boss_relics":[{"not_picked":["Fusion Hammer","Runic Cube"],"picked":"Cursed Key"}],"items_purged_floors":[4,19],"is_endless":false,"potions_floor_spawned":[2,3,5,7,13,16,18,20,27,31],"killed_by":"Champ","ascension_level":20}}