{"host":"pigfart","time":1611724943,"event":{"mods":["BaseMod","Colored Map","Minty Spire (QoL Compilation)","Relic Stats","StSLib"],"gold_per_floor":[109,259,277,297,297,297,297,327,327,346,364,29,29,52,52,142,142,157,157,141,159,159,159,199,199,252,252,527,551,1,17,17,113,113,127,26,26,51,67,111,111,130,130,163,163,189,189,213,213,213,213,213,213,2,37,37],"floor_reached":57,"language":"ENG","playtime":2796,"items_purged":["Regret"],"score":2939,"play_id":"4284932e-f45e-43bd-9b8c-3853bba27863","local_time":"20210126232223","is_ascension_mode":true,"campfire_choices":[{"data":"Neutralize","floor":6,"key":"SMITH"},{"floor":15,"key":"REST"},{"data":"Burst","floor":23,"key":"SMITH"},{"data":"Well Laid Plans","floor":25,"key":"SMITH"},{"data":"Footwork","floor":27,"key":"SMITH"},{"floor":32,"key":"REST"},{"floor":41,"key":"RECALL"},{"floor":45,"key":"REST"},{"data":"Backflip","floor":47,"key":"SMITH"},{"data":"Accuracy","floor":49,"key":"SMITH"},{"floor":53,"key":"REST"}],"circlet_count":0,"master_deck":["AscendersBane","Strike_G+1","Strike_G+1","Strike_G+1","Strike_G+1","Strike_G+1","Defend_G+1","Defend_G+1","Defend_G+1","Defend_G+1","Defend_G+1","Survivor","Neutralize+1","Cloak And Dagger+1","Footwork+1","Eviscerate","Burst+1","Escape Plan","Backflip+1","Accuracy+1","Well Laid Plans+1","Phantasmal Killer+1","Adrenaline+1","Backflip+1","Calculated Gamble+1","Acrobatics+1","Blur+1","Deflect+1","Infinite Blades","Deadly Poison+1","Adrenaline+1","Cloak And Dagger+1","Cloak And Dagger+1","Terror+1","PiercingWail+1","Backflip+1"],"relics":["WristBlade","The Courier","Toxic Egg 2","Golden Idol","Busted Crown","HornCleat","Lantern","Calipers","Potion Belt","OrangePellets","SacredBark","Bottled Lightning","Letter Opener","Mummified Hand","Strawberry","Tough Bandages"],"acts_visited":["Exordium","TheCity","TheBeyond","TheEnding"],"potions_floor_usage":[8,14,24,38,38,42,50,50,55,56,56,56,56],"damage_taken":[{"damage":1,"enemies":"Cultist","floor":1,"turns":4},{"damage":0,"enemies":"Small Slimes","floor":3,"turns":3},{"damage":0,"enemies":"2 Louse","floor":4,"turns":4},{"damage":35,"enemies":"3 Sentries","floor":8,"turns":10},{"damage":4,"enemies":"Exordium Wildlife","floor":10,"turns":6},{"damage":15,"enemies":"3 Louse","floor":11,"turns":5},{"damage":3,"enemies":"Large Slime","floor":14,"turns":5},{"damage":19,"enemies":"The Guardian","floor":16,"turns":13},{"damage":0,"enemies":"Spheric Guardian","floor":18,"turns":5},{"damage":8,"enemies":"2 Thieves","floor":20,"turns":4},{"damage":0,"enemies":"Snecko","floor":21,"turns":5},{"damage":8,"enemies":"Book of Stabbing","floor":24,"turns":3},{"damage":0,"enemies":"Centurion and Healer","floor":29,"turns":4},{"damage":10,"enemies":"Snake Plant","floor":31,"turns":5},{"damage":1,"enemies":"Champ","floor":33,"turns":11},{"damage":0,"enemies":"3 Shapes","floor":35,"turns":5},{"damage":13,"enemies":"3 Darklings","floor":38,"turns":5},{"damage":0,"enemies":"Jaw Worm Horde","floor":39,"turns":3},{"damage":8,"enemies":"Nemesis","floor":40,"turns":9},{"damage":2,"enemies":"Spire Growth","floor":42,"turns":4},{"damage":1,"enemies":"Giant Head","floor":44,"turns":5},{"damage":1,"enemies":"Writhing Mass","floor":48,"turns":6},{"damage":10,"enemies":"Awakened One","floor":50,"turns":13},{"damage":0,"enemies":"Donu and Deca","floor":51,"turns":7},{"damage":7,"enemies":"Shield and Spear","floor":55,"turns":8},{"damage":25,"enemies":"The Heart","floor":56,"turns":7}],"seed_played":"-7439373086972324543","potions_obtained":[{"floor":3,"key":"Regen Potion"},{"floor":11,"key":"DistilledChaos"},{"floor":16,"key":"AttackPotion"},{"floor":21,"key":"Ancient Potion"},{"floor":24,"key":"FearPotion"},{"floor":31,"key":"EssenceOfSteel"},{"floor":33,"key":"Dexterity Potion"},{"floor":39,"key":"LiquidMemories"},{"floor":42,"key":"ColorlessPotion"},{"floor":44,"key":"Strength Potion"},{"floor":55,"key":"CunningPotion"}],"is_trial":false,"path_per_floor":["M","?","M","M","?","R","?","E","T","M","M","$","?","M","R","B",null,"M","?","M","M","?","R","E","R","T","R","?","M","$","M","R","B",null,"M","$","?","M","M","E","R","M","T","E","R","T","R","M","R","B","B",null,"R","$","E","B",null],"character_chosen":"THE_SILENT","items_purchased":["Toxic Egg 2","Accuracy","Well Laid Plans","Calipers","Potion Belt","OrangePellets","Infinite Blades","Cloak And Dagger+1","Terror+1","SpeedPotion","SteroidPotion","LiquidMemories"],"campfire_rested":4,"item_purchase_floors":[12,12,12,30,30,30,30,36,36,54,54,54],"current_hp_per_floor":[58,58,58,58,58,58,51,31,31,27,12,12,12,9,27,8,47,47,47,39,39,39,39,31,31,31,31,31,31,31,21,39,38,55,55,55,55,42,42,34,34,32,32,31,48,55,55,54,54,44,44,59,64,64,57,32],"gold":37,"neow_bonus":"BOSS_RELIC","is_daily":false,"chose_seed":false,"campfire_upgraded":6,"win_rate":0.0,"timestamp":1611724943,"path_taken":["M","?","M","M","?","R","?","E","T","M","M","$","?","M","R","BOSS","M","?","M","M","?","R","E","R","T","R","?","M","$","M","R","BOSS","M","?","?","M","M","E","R","M","T","E","R","?","R","?","R","BOSS","BOSS","R","$","E","BOSS"],"items_purchased_type":["Relic","Card","Card","Relic","Relic","Relic","Card","Card","Card","Potion","Potion","Potion"],"build_version":"2020-12-18","purchased_purges":1,"victory":true,"max_hp_per_floor":[66,66,66,66,66,66,66,66,66,66,66,66,60,60,60,60,60,60,60,60,60,60,60,60,60,60,60,60,60,60,60,60,60,60,60,60,57,57,57,57,57,57,57,57,57,64,64,64,64,64,64,64,64,64,64,64],"relic_stats":{"OrangePellets":[11],"Tough Bandages":[12],"Busted Crown":30,"counters":[26,159],"Golden Idol":168,"Mummified Hand":[21],"Letter Opener":[362],"obtain_stats":[{"Potion Belt":30,"Lantern":26,"Calipers":30,"Golden Idol":13,"SacredBark":34,"The Courier":8,"Letter Opener":43,"OrangePellets":30,"Tough Bandages":55,"Busted Crown":17,"HornCleat":24,"WristBlade":0,"Mummified Hand":44,"Strawberry":46,"Bottled Lightning":40,"Toxic Egg 2":12,"Ring of the Snake":0},{"Potion Belt":13,"Lantern":12,"Calipers":13,"Golden Idol":6,"SacredBark":15,"The Courier":4,"Letter Opener":20,"OrangePellets":13,"Tough Bandages":25,"Busted Crown":8,"HornCleat":12,"WristBlade":0,"Mummified Hand":21,"Strawberry":21,"Bottled Lightning":19,"Toxic Egg 2":6,"Ring of the Snake":0},{"Potion Belt":71,"Lantern":67,"Calipers":71,"Golden Idol":32,"SacredBark":87,"The Courier":21,"Letter Opener":113,"OrangePellets":71,"Tough Bandages":152,"Busted Crown":50,"HornCleat":67,"WristBlade":0,"Mummified Hand":118,"Strawberry":118,"Bottled Lightning":109,"Toxic Egg 2":32,"Ring of the Snake":0}]},"card_choices":[{"not_picked":["Deflect","Dodge and Roll"],"picked":"Cloak And Dagger","floor":1},{"not_picked":["Backflip","Deflect"],"picked":"Footwork","floor":3},{"not_picked":["Choke","Outmaneuver"],"picked":"Eviscerate","floor":4},{"not_picked":["Prepared","Escape Plan"],"picked":"Burst","floor":8},{"not_picked":["Skewer","Bane"],"picked":"Escape Plan","floor":10},{"not_picked":["Flying Knee","Reflex"],"picked":"Backflip","floor":11},{"not_picked":["Acrobatics+1","Reflex+1"],"picked":"Phantasmal Killer+1","floor":14},{"not_picked":["Grand Finale","Corpse Explosion+1"],"picked":"Adrenaline+1","floor":16},{"not_picked":[],"picked":"Backflip+1","floor":18},{"not_picked":["Masterful Stab"],"picked":"SKIP","floor":20},{"not_picked":[],"picked":"Calculated Gamble+1","floor":21},{"not_picked":[],"picked":"Blur+1","floor":24},{"not_picked":[],"picked":"Deflect+1","floor":29},{"not_picked":[],"picked":"Deadly Poison+1","floor":31},{"not_picked":[],"picked":"Adrenaline+1","floor":33},{"not_picked":[],"picked":"Cloak And Dagger+1","floor":35},{"not_picked":["Flechettes"],"picked":"SKIP","floor":38},{"not_picked":["Flechettes"],"picked":"SKIP","floor":39},{"not_picked":[],"picked":"PiercingWail+1","floor":40},{"not_picked":[],"picked":"Backflip+1","floor":42},{"not_picked":["Deflect+1"],"picked":"SKIP","floor":44},{"not_picked":["Noxious Fumes"],"picked":"SKIP","floor":48},{"not_picked":["Deadly Poison+1"],"picked":"SKIP","floor":55}],"player_experience":2352248,"relics_obtained":[{"floor":8,"key":"The Courier"},{"floor":24,"key":"HornCleat"},{"floor":26,"key":"Lantern"},{"floor":40,"key":"Bottled Lightning"},{"floor":43,"key":"Letter Opener"},{"floor":44,"key":"Mummified Hand"},{"floor":46,"key":"Strawberry"},{"floor":55,"key":"Tough Bandages"}],"event_choices":[{"damage_healed":0,"gold_gain":150,"player_choice":"AGREE","damage_taken":0,"max_hp_gain":0,"max_hp_loss":0,"event_name":"Liars Game","floor":2,"gold_loss":0,"cards_obtained":["Doubt"]},{"damage_healed":0,"gold_gain":0,"player_choice":"Grow","damage_taken":0,"max_hp_gain":0,"max_hp_loss":0,"event_name":"Living Wall","floor":5,"gold_loss":0,"cards_upgraded":["Cloak And Dagger"]},{"cards_removed":["Doubt"],"damage_healed":0,"gold_gain":0,"player_choice":"Card Removal","damage_taken":7,"max_hp_gain":0,"max_hp_loss":0,"event_name":"Golden Wing","floor":7,"gold_loss":0},{"damage_healed":0,"gold_gain":0,"player_choice":"Lose Max HP","damage_taken":0,"relics_obtained":["Golden Idol"],"max_hp_gain":0,"max_hp_loss":6,"event_name":"Golden Idol","floor":13,"gold_loss":0},{"damage_healed":0,"gold_gain":0,"player_choice":"Simplicity","damage_taken":0,"max_hp_gain":0,"max_hp_loss":0,"event_name":"Back to Basics","floor":19,"gold_loss":0,"cards_upgraded":["Strike_G","Strike_G","Strike_G","Strike_G","Strike_G","Defend_G","Defend_G","Defend_G","Defend_G","Defend_G"]},{"damage_healed":0,"gold_gain":0,"player_choice":"Read","damage_taken":0,"max_hp_gain":0,"max_hp_loss":0,"event_name":"The Library","floor":22,"gold_loss":0,"cards_obtained":["Acrobatics"]},{"damage_healed":0,"gold_gain":275,"player_choice":"Desecrate","damage_taken":0,"max_hp_gain":0,"max_hp_loss":0,"event_name":"Golden Shrine","floor":28,"gold_loss":0,"cards_obtained":["Regret"]},{"damage_healed":0,"gold_gain":0,"player_choice":"Max HP","damage_taken":0,"max_hp_gain":0,"max_hp_loss":3,"event_name":"Winding Halls","floor":37,"gold_loss":0}],"is_beta":true,"boss_relics":[{"not_picked":["Runic Pyramid","Tiny House"],"picked":"Busted Crown"},{"not_picked":["Sozu","Calling Bell"],"picked":"SacredBark"}],"items_purged_floors":[54],"is_endless":false,"potions_floor_spawned":[3,11,16,21,24,31,33,39,42,44,55],"ascension_level":20}}