{"host":"v3kezv78kizrjutp","time":1611779293,"event":{"mods":["BaseMod","BetterRewards","Colored Map","DeckTracker","Downfall","Duelist Mod","GifTheSpireLib","Highlight Path","Hubris","Infinite Spire","Jorbs\u0027s Wanderer Trilogy","Koishi","Marisa????????","Minty Spire (QoL Compilation)","Permanent Neow","Quick Restart","Random Character Button","Replay The Spire","Robot Space Explorer","Shop Mod","StSLib","Stuff the Spire","SuperFastMode","The Animator","The Blackbeard","The Construct","The Disciple","The Elementalist","The Jungle","The Necromancer","The Poker Player","The Runesmith","The Wild Card","TheBandit","thorton"],"gold_per_floor":[216,229,67,103,134,175,175,206,206,241,269,289,514,548,548,643,693,735,735,805,861,912,952,952,952],"floor_reached":23,"language":"ENG","playtime":1268,"items_purged":["blackbeard:BlackbeardStrike"],"score":255,"play_id":"5408abb8-2cc2-4012-89df-e5c181dd9bd2","local_time":"20210127212813","is_ascension_mode":true,"campfire_choices":[{"floor":15,"key":"REST"}],"circlet_count":0,"master_deck":["blackbeard:BlackbeardStrike","blackbeard:BlackbeardStrike","blackbeard:BlackbeardStrike","blackbeard:IntimidatingStrike","blackbeard:BlackbeardDefend","blackbeard:BlackbeardDefend","blackbeard:BlackbeardDefend","blackbeard:BlackbeardDefend","blackbeard:Cutlass","blackbeard:Anchor","blackbeard:BountyHunter+1","blackbeard:GoldenDefense","blackbeard:GoldenStrike","blackbeard:PiratesWill","blackbeard:TacticalRetreat","blackbeard:WiseDefense","blackbeard:Bandana","blackbeard:BuriedTreasure"],"relics":["blackbeard:LoadTheCannons","hubris:64BitClover","Replay:WaspNest","hubris:GlazedTorus","Lantern","StuffTheSpire:Barrel","Tiny House","StuffTheSpire:TintedRock","construct:WeddingRing","FossilizedHelix"],"acts_visited":["Exordium","TheCity"],"potions_floor_usage":[6,16,16,21,22],"damage_taken":[{"damage":0,"enemies":"2 Louse","floor":1,"turns":2},{"damage":4,"enemies":"Cultist","floor":2,"turns":4},{"damage":0,"enemies":"Small Slimes","floor":4,"turns":3},{"damage":6,"enemies":"Gremlin Gang","floor":5,"turns":6},{"damage":23,"enemies":"3 Sentries","floor":6,"turns":7},{"damage":26,"enemies":"Lagavulin","floor":8,"turns":6},{"damage":0,"enemies":"2 Fungi Beasts","floor":10,"turns":3},{"damage":0,"enemies":"Looter","floor":11,"turns":2},{"damage":0,"enemies":"Red Slaver","floor":12,"turns":2},{"damage":13,"enemies":"3 Louse","floor":14,"turns":4},{"damage":18,"enemies":"Fading Forest","floor":16,"turns":11},{"damage":2,"enemies":"Shell Parasite","floor":18,"turns":6},{"damage":22,"enemies":"Spheric Guardian","floor":20,"turns":5},{"damage":16,"enemies":"3 Cultists","floor":21,"turns":6},{"damage":28,"enemies":"Chosen and Byrds","floor":22,"turns":6},{"damage":15,"enemies":"Gremlin Leader","floor":23,"turns":7}],"seed_played":"2458464895767398215","potions_obtained":[{"floor":1,"key":"sneckomod:MuddlingPotion"},{"floor":2,"key":"Guardian:BlockOnCardUsePotion"},{"floor":5,"key":"DuplicationPotion"},{"floor":10,"key":"Weak Potion"},{"floor":14,"key":"Dexterity Potion"},{"floor":17,"key":"Slimebound:ThreeZeroPotion"},{"floor":18,"key":"FearPotion"},{"floor":21,"key":"bronze:BurnAndBuffPotion"}],"is_trial":false,"path_per_floor":["M","M","$","M","M","E","?","E","T","M","M","M","?","M","R","B",null,"M","AVR","M","M","M","E"],"character_chosen":"BLACKBEARD_CLASS","items_purchased":["blackbeard:BountyHunter"],"campfire_rested":1,"item_purchase_floors":[3],"current_hp_per_floor":[75,71,71,71,65,42,42,16,16,16,16,16,16,3,25,17,80,78,78,56,40,12,0,0,0],"gold":952,"neow_bonus":"HUNDRED_GOLD","is_daily":false,"chose_seed":false,"campfire_upgraded":0,"win_rate":0.0,"timestamp":1611779293,"path_taken":["M","M","$","M","M","E","?","E","T","M","M","?","?","M","R","BOSS","M","AVR","M","M","M","E"],"items_purchased_type":["Card"],"build_version":"2020-12-22","purchased_purges":1,"victory":false,"max_hp_per_floor":[75,75,75,75,75,75,75,75,75,75,75,75,75,75,75,75,80,80,80,80,80,80,80,80,80],"card_choices":[{"not_picked":["blackbeard:WoodenLeg","blackbeard:DeadlyArsenal","blackbeard:Sword"],"picked":"SKIP","floor":1},{"not_picked":["blackbeard:BlindAttacks","blackbeard:Sword"],"picked":"blackbeard:Anchor","floor":2},{"not_picked":["blackbeard:Sharpening","blackbeard:Dagger"],"picked":"blackbeard:GoldenDefense","floor":4},{"not_picked":["blackbeard:Spear","blackbeard:TacticalRetreat"],"picked":"blackbeard:GoldenStrike","floor":5},{"not_picked":["blackbeard:ArmorUp","blackbeard:SmithingHammer","blackbeard:Fencing"],"picked":"SKIP","floor":6},{"not_picked":["blackbeard:DeadlyArsenal","blackbeard:TheDrunkenSailor"],"picked":"blackbeard:PiratesWill","floor":8},{"not_picked":["blackbeard:DangerousBlow","blackbeard:AgileStrike"],"picked":"blackbeard:TacticalRetreat","floor":10},{"not_picked":["blackbeard:FishingNets","blackbeard:PirateHook"],"picked":"blackbeard:WiseDefense","floor":11},{"not_picked":["blackbeard:WiseDefense","blackbeard:BeatUp","blackbeard:Sharpening"],"picked":"SKIP","floor":12},{"not_picked":["blackbeard:BlindAttacks","blackbeard:Anchor","blackbeard:PirateHook"],"picked":"SKIP","floor":14},{"not_picked":["blackbeard:Shrapnel","blackbeard:PiratesWill"],"picked":"blackbeard:Bandana","floor":17},{"not_picked":["blackbeard:SwordDance","blackbeard:GoldenStrike"],"picked":"blackbeard:BuriedTreasure","floor":18},{"not_picked":["blackbeard:DoubleCannonball","blackbeard:FishingNets","blackbeard:SwordDance"],"picked":"SKIP","floor":20},{"not_picked":["blackbeard:BeatUp+1","blackbeard:Anchor+1","blackbeard:WiseDefense+1"],"picked":"SKIP","floor":21},{"not_picked":["blackbeard:DeadlyArsenal+1","blackbeard:TacticalRetreat","blackbeard:FieryDefense"],"picked":"SKIP","floor":22}],"player_experience":1116684,"relics_obtained":[{"floor":6,"key":"hubris:64BitClover"},{"floor":8,"key":"hubris:GlazedTorus"},{"floor":9,"key":"Lantern"},{"floor":20,"key":"FossilizedHelix"}],"event_choices":[{"damage_healed":0,"gold_gain":0,"player_choice":"Gave Potion","damage_taken":0,"relics_obtained":["Replay:WaspNest"],"max_hp_gain":0,"max_hp_loss":0,"event_name":"WeMeetAgain","floor":7,"gold_loss":0},{"damage_healed":0,"gold_gain":225,"player_choice":"YARR","damage_taken":0,"relics_obtained":["StuffTheSpire:Barrel"],"max_hp_gain":0,"max_hp_loss":0,"event_name":"blackbeard:Ssssserpent","floor":13,"gold_loss":0}],"is_beta":false,"boss_relics":[{"not_picked":["blackbeard:SoberMinded","StuffTheSpire:ModemDavis"],"picked":"Tiny House"}],"items_purged_floors":[19],"is_endless":false,"potions_floor_spawned":[1,2,5,10,14,18,21],"killed_by":"Gremlin Leader","ascension_level":2}}