{"host":"gbsupkmj5cka9iw4","time":1611736439,"event":{"mods":["BaseMod","Better Note","BetterRewards","Minty Spire (QoL Compilation)","Say the Spire","Shop Mod","StSLib"],"gold_per_floor":[116,116,135,85,160,190,190,209,209,242,242,267,284,317,317,317,317],"floor_reached":16,"language":"ENG","playtime":657,"items_purged":[],"score":179,"play_id":"a130860b-bd4d-4b96-ab00-a208d40f7aeb","local_time":"20210127173359","is_ascension_mode":true,"campfire_choices":[{"floor":7.0,"key":"REST"},{"floor":11.0,"key":"REST"},{"floor":15.0,"key":"REST"}],"circlet_count":0,"master_deck":["Strike_B","Strike_B","Strike_B","Defend_B","Defend_B","Zap","Dualcast","Go for the Eyes","Core Surge","Chaos","Hologram","Cold Snap+1","Gash+1","Hello World","Skim","Sunder","Conserve Battery"],"relics":["Cracked Core","CultistMask","Kunai","Whetstone","Strawberry","Thread and Needle","Du-Vu Doll"],"acts_visited":["Exordium"],"potions_floor_usage":[],"damage_taken":[{"damage":1.0,"enemies":"2 Louse","floor":1.0,"turns":2.0},{"damage":0.0,"enemies":"Cultist","floor":3.0,"turns":3.0},{"damage":27.0,"enemies":"Lagavulin","floor":6.0,"turns":7.0},{"damage":7.0,"enemies":"Jaw Worm","floor":8.0,"turns":3.0},{"damage":30.0,"enemies":"3 Sentries","floor":10.0,"turns":7.0},{"damage":23.0,"enemies":"Gremlin Nob","floor":12.0,"turns":4.0},{"damage":0.0,"enemies":"Looter","floor":13.0,"turns":2.0},{"damage":4.0,"enemies":"3 Sentries","floor":14.0,"turns":5.0},{"damage":0,"enemies":"Slime Boss","floor":16,"turns":1}],"seed_played":"6141948295820847869","potions_obtained":[{"floor":1.0,"key":"Energy Potion"},{"floor":6.0,"key":"FearPotion"},{"floor":12.0,"key":"Explosive Potion"}],"is_trial":false,"path_per_floor":["M","?","M","?","?","E","R","M","T","E","R","E","M","E","R","B"],"character_chosen":"DEFECT","items_purchased":[],"campfire_rested":3,"item_purchase_floors":[],"current_hp_per_floor":[67,67,67,67,56,29,49,42,42,19,41,18,18,14,36,36,36],"gold":317,"neow_bonus":"TRANSFORM_TWO_CARDS","is_daily":false,"chose_seed":false,"campfire_upgraded":0,"win_rate":0.0,"timestamp":1611736439,"path_taken":["M","?","?","?","?","E","R","M","T","E","R","E","M","E","R","BOSS"],"items_purchased_type":[],"build_version":"2020-12-22","purchased_purges":0,"victory":false,"max_hp_per_floor":[68,68,68,68,68,68,68,68,68,75,75,75,75,75,75,75,75],"card_choices":[{"not_picked":["Darkness","Blizzard"],"picked":"Chaos","floor":1.0},{"not_picked":["Fusion","Consume"],"picked":"Hologram","floor":3.0},{"not_picked":["Undo","Go for the Eyes"],"picked":"Cold Snap","floor":6.0},{"not_picked":["Barrage","Redo"],"picked":"Gash","floor":8.0},{"not_picked":["Force Field","Hologram"],"picked":"Hello World","floor":10.0},{"not_picked":["Go for the Eyes","Conserve Battery"],"picked":"Skim","floor":12.0},{"not_picked":["Genetic Algorithm","Double Energy"],"picked":"Sunder","floor":13.0},{"not_picked":["Beam Cell","Sweeping Beam"],"picked":"Conserve Battery","floor":14.0}],"player_experience":752231,"relics_obtained":[{"floor":6.0,"key":"Kunai"},{"floor":9.0,"key":"Whetstone"},{"floor":10.0,"key":"Strawberry"},{"floor":12.0,"key":"Thread and Needle"},{"floor":14.0,"key":"Du-Vu Doll"}],"event_choices":[{"damage_healed":0.0,"max_hp_gain":0.0,"max_hp_loss":0.0,"gold_gain":0.0,"event_name":"FaceTrader","player_choice":"Trade","floor":2.0,"gold_loss":0.0,"damage_taken":0.0,"relics_obtained":["CultistMask"]},{"cards_removed":["Defend_B"],"damage_healed":0.0,"max_hp_gain":0.0,"max_hp_loss":0.0,"gold_gain":0.0,"event_name":"The Cleric","player_choice":"Card Removal","floor":4.0,"gold_loss":50.0,"damage_taken":0.0},{"damage_healed":0.0,"max_hp_gain":0.0,"max_hp_loss":0.0,"gold_gain":75.0,"event_name":"World of Goop","player_choice":"Gather Gold","floor":5.0,"gold_loss":0.0,"damage_taken":11.0}],"is_beta":false,"boss_relics":[],"items_purged_floors":[],"is_endless":false,"potions_floor_spawned":[1,6,12,13],"killed_by":"Slime Boss","ascension_level":8}}