{"host":"i1ue3w889ogl1u8b","time":1611754135,"event":{"mods":["Arknights The Spire","BaseMod","CapriCore","Downfall","Hermit","KinomotoSakuraMod(木之本樱)","Minty Spire (QoL Compilation)","Quick Restart","StSLib","The Construct","Yakumo Yukari mod","Yuyuko","【角色mod】十八桐人","篝火指南"],"gold_per_floor":[119,136,156,167,92,102,133,133,133,133,150,166,166,66,66,169,169,180,180,95,95,114,114,114,114,168,188,213,213,227,227,102,203,203,220,270,270,287,306,306,306,334,334,351,331,331,341,361,361,361,361,361,59,87,87,87],"floor_reached":55,"language":"ZHS","playtime":3472,"items_purged":["ats:Strike G","ats:Defend","ats:Strike V+1","ats:Strike S+1"],"score":694,"play_id":"d67c862f-d674-45c2-9f1b-5855f5df3a9c","local_time":"20210127212855","is_ascension_mode":false,"campfire_choices":[{"floor":10.0,"key":"REST"},{"data":"ats:Emotion Absorption","floor":13.0,"key":"SMITH"},{"floor":15.0,"key":"REST"},{"data":"ats:Flame Of Heaven","floor":23.0,"key":"SMITH"},{"data":"ats:Calcification","floor":29.0,"key":"SMITH"},{"data":"ats:Serious Mode","floor":40.0,"key":"SMITH"},{"floor":46.0,"key":"RECALL"},{"floor":49,"key":"REST"},{"data":"ats:Guardian Obelisk","floor":52,"key":"SMITH"}],"circlet_count":0,"master_deck":["ats:Strike C+1","ats:Armor Crushing Shot","ats:Defend+1","ats:Defend+1","ats:Defend+1","ats:Emotion Absorption+1","ats:Flame Of Heaven+1","ats:Charging Defense","ats:Mental Burst+1","ats:Assault Order","ats:Guardian Obelisk+1","ats:Serious Mode+1","ats:Calcification+1","ats:Shell Defense","ats:Rat Pack","CurseOfTheBell","ats:Burning Ground","ats:Part Time Job+1","ats:Flame Of Heaven+1","ats:Wolf Pack"],"relics":["ats:Sanity","Strawberry","ats:Originium","Matryoshka","CultistMask","Whetstone","Letter Opener","Calling Bell","Art of War","Question Card","Lizard Tail","Ginger","ats:Hidden Killer","Akabeko","SlaversCollar","Torii","Singing Bowl","Blood Vial","Dead Branch","ats:Rhine Circuitry","Mango"],"acts_visited":["Exordium","TheCity","TheBeyond","TheEnding"],"potions_floor_usage":[50,50,54],"damage_taken":[{"damage":8.0,"enemies":"2 Louse","floor":1.0,"turns":3.0},{"damage":5.0,"enemies":"Cultist","floor":2.0,"turns":4.0},{"damage":1.0,"enemies":"Jaw Worm","floor":3.0,"turns":5.0},{"damage":14.0,"enemies":"2 Fungi Beasts","floor":4.0,"turns":4.0},{"damage":15.0,"enemies":"Exordium Wildlife","floor":6.0,"turns":6.0},{"damage":22.0,"enemies":"Lagavulin","floor":7.0,"turns":8.0},{"damage":2.0,"enemies":"Looter","floor":11.0,"turns":2.0},{"damage":13.0,"enemies":"Exordium Thugs","floor":12.0,"turns":3.0},{"damage":31.0,"enemies":"The Guardian","floor":16.0,"turns":7.0},{"damage":22.0,"enemies":"Shell Parasite","floor":18.0,"turns":5.0},{"damage":0.0,"enemies":"Spheric Guardian","floor":22.0,"turns":4.0},{"damage":9.0,"enemies":"Snake Plant","floor":27.0,"turns":4.0},{"damage":28.0,"enemies":"Slavers","floor":28.0,"turns":6.0},{"damage":0.0,"enemies":"3 Cultists","floor":30.0,"turns":4.0},{"damage":46.0,"enemies":"Champ","floor":33.0,"turns":8.0},{"damage":22.0,"enemies":"3 Darklings","floor":35.0,"turns":5.0},{"damage":0.0,"enemies":"Mind Bloom Boss Battle","floor":36.0,"turns":9.0},{"damage":1.0,"enemies":"3 Shapes","floor":38.0,"turns":4.0},{"damage":20.0,"enemies":"Writhing Mass","floor":39.0,"turns":3.0},{"damage":20.0,"enemies":"Giant Head","floor":42.0,"turns":9.0},{"damage":28.0,"enemies":"3 Darklings","floor":44.0,"turns":8.0},{"damage":16.0,"enemies":"Jaw Worm Horde","floor":47.0,"turns":5.0},{"damage":1.0,"enemies":"Writhing Mass","floor":48.0,"turns":2.0},{"damage":130,"enemies":"Awakened One","floor":50,"turns":20},{"damage":123,"enemies":"Shield and Spear","floor":54,"turns":11},{"damage":107,"enemies":"The Heart","floor":55,"turns":11}],"seed_played":"7054105632382113462","potions_obtained":[{"floor":1.0,"key":"GamblersBrew"},{"floor":2.0,"key":"Guardian:BlockOnCardUsePotion"},{"floor":4.0,"key":"PanachePotion"},{"floor":6.0,"key":"Block Potion"},{"floor":16.0,"key":"FearPotion"},{"floor":18.0,"key":"Explosive Potion"},{"floor":28.0,"key":"DuplicationPotion"},{"floor":39.0,"key":"Fire Potion"},{"floor":45.0,"key":"Weak Potion"},{"floor":48.0,"key":"construct:ShiftPotion"}],"is_trial":false,"path_per_floor":["M","M","M","M","$","M","E","?","T","R","M","M","R","$","R","B",null,"M","?","?","$","M","R","?","$","T","M","E","R","M","?","R","B",null,"M","?","?","M","M","R","T","E","T","M","?","R","M","M","R","B",null,"R","$","E","B"],"character_chosen":"DOCTOR_CLASS","items_purchased":["ats:Rhine Circuitry"],"campfire_rested":3,"item_purchase_floors":[53],"current_hp_per_floor":[71,66,65,51,51,36,14,14,14,37,35,23,23,23,46,18,79,58,58,58,58,59,59,59,59,59,52,40,40,41,41,41,12,79,61,79,75,75,55,55,55,60,60,42,42,42,37,40,64,41,83,83,83,61,0,0],"gold":87,"neow_bonus":"RANDOM_COMMON_RELIC","is_daily":false,"chose_seed":false,"campfire_upgraded":5,"win_rate":0.0,"timestamp":1611754135,"path_taken":["M","M","M","M","$","M","E","?","T","R","M","?","R","$","R","BOSS","M","?","?","$","M","R","?","$","T","M","E","R","M","?","R","BOSS","M","?","?","?","M","R","?","E","T","M","?","R","M","?","R","BOSS","R","$","E","BOSS"],"items_purchased_type":["Relic"],"build_version":"2020-12-22","purchased_purges":4,"victory":false,"max_hp_per_floor":[79,79,79,79,79,79,79,79,79,79,79,79,79,79,79,79,79,79,79,79,79,79,79,79,79,79,79,79,79,79,79,79,79,79,79,79,75,75,75,75,75,77,77,79,79,79,81,83,83,83,83,83,83,99,99,99],"card_choices":[{"not_picked":["ats:Ignite","ats:Sword Rain"],"picked":"ats:Flame Of Heaven","floor":1.0},{"not_picked":["ats:Literary Storm","ats:Hammer On"],"picked":"ats:Charging Defense","floor":2.0},{"not_picked":["ats:Leaping Hammer","ats:Cat Scratch"],"picked":"ats:Mental Burst","floor":3.0},{"not_picked":["ats:LN2 Cannon","ats:Neurotoxin"],"picked":"ats:Assault Order","floor":4.0},{"not_picked":["ats:Phantom","ats:Blood Oath"],"picked":"ats:Guardian Obelisk","floor":6.0},{"not_picked":["ats:Chain Hook","ats:Sword Rain"],"picked":"ats:Serious Mode","floor":7.0},{"not_picked":["ats:Very Hot Blade","ats:Flame Of Heaven"],"picked":"ats:Calcification","floor":11.0},{"not_picked":["ats:Cat Scratch","ats:Directed Diagnosis"],"picked":"ats:Shell Defense","floor":12.0},{"not_picked":["ats:Disruption Kick","ats:Calcification"],"picked":"ats:Rat Pack","floor":16.0},{"not_picked":["ats:Guardian Obelisk","ats:Revitalization","ats:Leaping Hammer+1"],"picked":"ats:Burning Ground","floor":18.0},{"not_picked":["ats:Composite Medical Shells+1","ats:Ignite","ats:Overload"],"picked":"ats:Part Time Job+1","floor":22.0},{"not_picked":["ats:Revitalization","ats:Consecutive Shot Auto","ats:Support Order+1"],"picked":"ats:Flame Of Heaven+1","floor":27.0},{"not_picked":["ats:Collapsing Strike+1","ats:Steam Pump","ats:Guard Mode","ats:Ignite+1"],"picked":"SKIP","floor":28.0},{"not_picked":["ats:Leaping Hammer","ats:Cat Scratch","ats:Very Hot Blade","ats:Ignite"],"picked":"SKIP","floor":30.0},{"not_picked":["ats:Ambush","ats:Roar Of Ursus","ats:Rat Pack"],"picked":"ats:Wolf Pack","floor":33.0},{"not_picked":["ats:Overload+1","ats:Automatic Cover","ats:Composite Medical Shells","ats:Support Order+1"],"picked":"SKIP","floor":35.0},{"not_picked":["ats:Hammer On","ats:Flame Of Heaven+1","ats:Flexible Camouflage+1","ats:Magnetic Hammer+1"],"picked":"SKIP","floor":38.0},{"not_picked":["ats:Very Hot Blade+1","ats:Consecutive Shot Auto+1","ats:Apocalypse","ats:Closed Bolt Burst Fire"],"picked":"SKIP","floor":39.0},{"not_picked":["ats:Flexible Camouflage","ats:Steam Pump","ats:Very Hot Blade","ats:Counter Healing Mode"],"picked":"Singing Bowl","floor":42.0},{"not_picked":["ats:Phantom","ats:Flexible Camouflage","ats:Chain Hook+1","ats:Charging Defense+1"],"picked":"Singing Bowl","floor":44.0},{"not_picked":["ats:LN2 Cannon","ats:Sashimi Platter+1","ats:Poison Spread","ats:Blood Oath+1"],"picked":"Singing Bowl","floor":47.0},{"not_picked":["ats:Magnetic Hammer+1","ats:True Silver Slash","ats:Guard Mode+1","ats:Curse Doll"],"picked":"Singing Bowl","floor":48.0},{"not_picked":["ats:Blood Oath+1","ats:Chain Hook","ats:Powerful Strike","ats:Closed Bolt Burst Fire"],"picked":"Singing Bowl","floor":54}],"player_experience":328544,"relics_obtained":[{"floor":7.0,"key":"ats:Originium"},{"floor":7.0,"key":"Matryoshka"},{"floor":9.0,"key":"Whetstone"},{"floor":9.0,"key":"Letter Opener"},{"floor":17.0,"key":"Art of War"},{"floor":17.0,"key":"Question Card"},{"floor":17.0,"key":"Lizard Tail"},{"floor":26.0,"key":"ats:Hidden Killer"},{"floor":28.0,"key":"ats:Originium"},{"floor":28.0,"key":"Akabeko"},{"floor":36.0,"key":"Torii"},{"floor":41.0,"key":"Singing Bowl"},{"floor":42.0,"key":"ats:Originium"},{"floor":42.0,"key":"Blood Vial"},{"floor":43.0,"key":"Dead Branch"},{"floor":54,"key":"ats:Originium"},{"floor":54,"key":"Mango"}],"event_choices":[{"damage_healed":0.0,"max_hp_gain":0.0,"max_hp_loss":0.0,"gold_gain":0.0,"event_name":"FaceTrader","player_choice":"Trade","floor":8.0,"gold_loss":0.0,"damage_taken":0.0,"relics_obtained":["CultistMask"]},{"damage_healed":0.0,"max_hp_gain":0.0,"max_hp_loss":0.0,"gold_gain":0.0,"event_name":"Back to Basics","player_choice":"Simplicity","floor":19.0,"gold_loss":0.0,"damage_taken":0.0,"cards_upgraded":["ats:Strike S","ats:Strike V","ats:Defend","ats:Defend","ats:Defend"]},{"damage_healed":0.0,"max_hp_gain":0.0,"max_hp_loss":0.0,"gold_gain":0.0,"event_name":"Addict","player_choice":"Obtained Relic","floor":20.0,"gold_loss":85.0,"damage_taken":0.0,"relics_obtained":["Ginger"]},{"damage_healed":0.0,"max_hp_gain":0.0,"max_hp_loss":0.0,"gold_gain":0.0,"event_name":"Vampires","player_choice":"Ignored","floor":24.0,"gold_loss":0.0,"damage_taken":0.0},{"damage_healed":0.0,"max_hp_gain":0.0,"max_hp_loss":0.0,"gold_gain":0.0,"event_name":"MindBloom","player_choice":"Fight","floor":36.0,"gold_loss":0.0,"damage_taken":0.0},{"damage_healed":0.0,"max_hp_gain":0.0,"max_hp_loss":4.0,"gold_gain":0.0,"event_name":"Winding Halls","player_choice":"Max HP","floor":37.0,"gold_loss":0.0,"damage_taken":0.0},{"damage_healed":0.0,"max_hp_gain":0.0,"max_hp_loss":0.0,"gold_gain":0.0,"event_name":"The Woman in Blue","player_choice":"Bought 1 Potion","floor":45.0,"gold_loss":0.0,"damage_taken":0.0}],"is_beta":false,"boss_relics":[{"not_picked":["Tiny House","Runic Dome"],"picked":"Calling Bell"},{"not_picked":["Runic Pyramid","SacredBark"],"picked":"SlaversCollar"}],"items_purged_floors":[5,14,32,53],"is_endless":false,"potions_floor_spawned":[1,2,4,6,16,18,28,30,36,39,48],"killed_by":"The Heart","ascension_level":0}}