{"host":"kydqlojjt9mno5rv","time":1611729821,"event":{"mods":["AchievementEnabler","BaseMod","Colored Powertips","DeckTracker","Minty Spire (QoL Compilation)","Spicy Shops","Spire Arcade","StSLib","SuperFastMode","Synergy Search","Weighted Paths"],"gold_per_floor":[112,131,131,141,156,188,20,48,48,48,59,59,134,32,32,133,133,153,163,13,13,13],"floor_reached":21,"language":"ENG","playtime":783,"items_purged":[],"score":189,"play_id":"0dda6091-9b28-4cb3-866e-74fcec1c5f1c","local_time":"20210127014341","is_ascension_mode":false,"campfire_choices":[{"floor":10,"key":"REST"},{"floor":12,"key":"REST"},{"floor":15,"key":"REST"}],"circlet_count":0,"master_deck":["Strike_R","Strike_R","Strike_R","Strike_R","Strike_R","Defend_R","Defend_R","Defend_R","Bash","Shrug It Off","Armaments","Flex","Heavy Blade","Limit Break","Flex","Double Tap","Flex","Doubt","Barricade","Inflame+1","Entrench","Injury"],"relics":["Burning Blood","NeowsBlessing","Art of War","Membership Card","Vajra","Molten Egg 2","PreservedInsect","Anchor","Sozu","Sling","Pantograph"],"acts_visited":["Exordium","TheCity"],"potions_floor_usage":[],"damage_taken":[{"damage":0,"enemies":"Jaw Worm","floor":1,"turns":1},{"damage":0,"enemies":"Cultist","floor":2,"turns":1},{"damage":0,"enemies":"Small Slimes","floor":4,"turns":1},{"damage":4,"enemies":"Blue Slaver","floor":5,"turns":4},{"damage":50,"enemies":"Gremlin Nob","floor":6,"turns":5},{"damage":22,"enemies":"3 Sentries","floor":8,"turns":8},{"damage":10,"enemies":"Looter","floor":11,"turns":2},{"damage":70,"enemies":"Slime Boss","floor":16,"turns":19},{"damage":27,"enemies":"Spheric Guardian","floor":18,"turns":4},{"damage":16,"enemies":"2 Thieves","floor":19,"turns":4},{"damage":49,"enemies":"Centurion and Healer","floor":21,"turns":7}],"seed_played":"149668768031898495","potions_obtained":[{"floor":1,"key":"Energy Potion"},{"floor":4,"key":"ColorlessPotion"},{"floor":8,"key":"AttackPotion"},{"floor":16,"key":"PowerPotion"}],"is_trial":false,"path_per_floor":["M","M","?","M","M","E","$","E","T","R","M","R","?","$","R","B",null,"M","M","$","M"],"character_chosen":"IRONCLAD","items_purchased":["Membership Card","Flex","PreservedInsect","Anchor","Sling","Pantograph"],"campfire_rested":3,"item_purchase_floors":[7,7,14,14,20,20],"current_hp_per_floor":[80,80,80,80,80,36,36,20,20,44,40,64,56,56,80,16,80,59,49,49,0,0],"gold":13,"neow_bonus":"THREE_ENEMY_KILL","is_daily":false,"chose_seed":false,"campfire_upgraded":0,"win_rate":0.0,"timestamp":1611729821,"path_taken":["M","M","?","?","?","E","$","E","T","R","M","R","?","?","R","BOSS","M","M","$","M"],"items_purchased_type":["Relic","Card","Relic","Relic","Relic","Relic"],"build_version":"2020-12-22","purchased_purges":0,"victory":false,"max_hp_per_floor":[80,80,80,80,80,80,80,80,80,80,80,80,80,80,80,80,80,80,80,80,80,80],"card_choices":[{"not_picked":["Rage","Combust"],"picked":"Shrug It Off","floor":1},{"not_picked":["Sword Boomerang","Clothesline"],"picked":"Armaments","floor":2},{"not_picked":["Warcry","Carnage"],"picked":"Flex","floor":4},{"not_picked":["Pummel","Iron Wave"],"picked":"Heavy Blade","floor":5},{"not_picked":["Armaments","Wild Strike"],"picked":"Limit Break","floor":6},{"not_picked":["Anger","Armaments"],"picked":"Double Tap","floor":8},{"not_picked":["Thunderclap+1","Perfected Strike+1"],"picked":"Flex","floor":11},{"not_picked":["Fiend Fire+1","Offering"],"picked":"Barricade","floor":16},{"not_picked":["Sword Boomerang+1","Cleave+1"],"picked":"Inflame+1","floor":18},{"not_picked":["Clash+1","Headbutt+1"],"picked":"Entrench","floor":19}],"player_experience":125408,"relics_obtained":[{"floor":6,"key":"Art of War"},{"floor":8,"key":"Vajra"},{"floor":9,"key":"Molten Egg 2"}],"event_choices":[{"cards_removed":["Defend_R"],"damage_healed":0,"gold_gain":0,"player_choice":"Purged","damage_taken":0,"max_hp_gain":0,"max_hp_loss":0,"event_name":"Purifier","floor":3,"gold_loss":0},{"damage_healed":0,"gold_gain":75,"player_choice":"Touch","damage_taken":8,"max_hp_gain":0,"max_hp_loss":0,"event_name":"FaceTrader","floor":13,"gold_loss":0}],"is_beta":false,"boss_relics":[{"not_picked":["Velvet Choker","Runic Cube"],"picked":"Sozu"}],"items_purged_floors":[],"is_endless":false,"potions_floor_spawned":[1,4,8,16],"killed_by":"Centurion and Healer","ascension_level":0}}