{"host":"q57ekfojy3i00x9o","time":1611769776,"event":{"mods":["Arknights The Spire","Aspiration","BaseMod","Colored Map","Energized Spire","Hermit","Minty Spire (QoL Compilation)","Quick Restart","Spicy Shops","Spikes Relics","StSLib","slay the spire mod where everything is the same but ironclad has a cowboy hat"],"gold_per_floor":[113,113,132,132,152,152,172,172,172,172,199,199,274,300,300,403,403,403,107,107,107,107,107,107,107,107,107,107,107,107,30,30,30,30,30,30,30,30,30,30,0,0,0,0,0,0,0,0,0,0],"floor_reached":51,"language":"RUS","playtime":1264,"items_purged":["ats:Strike C"],"score":828,"play_id":"47223d71-98b4-43e4-a0ba-e0f78e444ffe","local_time":"20210127224936","is_ascension_mode":true,"campfire_choices":[{"data":"ats:Closed Bolt Burst Fire","floor":6,"key":"SMITH"},{"data":"ats:Magnetic Hammer","floor":8,"key":"SMITH"},{"data":"ats:Explosion Area Strengthen","floor":10,"key":"SMITH"},{"data":"ats:Leaping Hammer","floor":12,"key":"SMITH"},{"data":"ats:Flexible Camouflage","floor":15,"key":"SMITH"},{"floor":24,"key":"REST"},{"data":"ats:Echo Reverb","floor":27,"key":"SMITH"},{"data":"ats:Revitalization","floor":32,"key":"SMITH"},{"data":"Jack Of All Trades","floor":40,"key":"SMITH"},{"floor":46,"key":"REST"},{"data":"ats:Flexible Camouflage","floor":49,"key":"SMITH"}],"circlet_count":0,"master_deck":["ats:Strike G","ats:Strike S","ats:Strike V","ats:Armor Crushing Shot","ats:Defend","ats:Defend","ats:Defend","ats:Defend","ats:Emotion Absorption","ats:Magnetic Hammer+1","ats:Leaping Hammer+1","ats:Closed Bolt Burst Fire+1","ats:Explosion Area Strengthen+1","ats:Flexible Camouflage+1","ats:Echo Reverb+1","ats:Hammer On+1","ats:Magnetic Hammer","ats:Revitalization+1","ats:Explosion Area Strengthen","ats:Powerful Strike","ats:Sashimi Platter","ats:Consecutive Shot Auto","ats:Nebulous Foxfire","ats:Curse Doll","ats:Shell Defense+1","ats:Flexible Camouflage+1","Jack Of All Trades+1","ats:Powerful Strike+1","ats:Thermite Blade+1","ats:Revitalization+1","ats:Flexible Camouflage+1"],"relics":["ats:Sanity","NeowsBlessing","aspiration:FrozenJewel","LugNut","Juzu Bracelet","ats:Originium","Matryoshka","Ectoplasm","Boot","Omamori","Potion Belt","Shuriken","Frozen Eye","Philosopher\u0027s Stone","Red Mask","Oddly Smooth Stone","Frozen Egg 2","SpikesRelics:ToyHorsey","BrokenLever"],"acts_visited":["Exordium","TheCity","TheBeyond"],"potions_floor_usage":[7,18,30,33,33,36,50,50],"damage_taken":[{"damage":0,"enemies":"Small Slimes","floor":1,"turns":1},{"damage":0,"enemies":"Jaw Worm","floor":3,"turns":1},{"damage":0,"enemies":"2 Louse","floor":5,"turns":1},{"damage":4,"enemies":"Lots of Slimes","floor":7,"turns":5},{"damage":6,"enemies":"Gremlin Nob","floor":14,"turns":4},{"damage":0,"enemies":"Slime Boss","floor":16,"turns":5},{"damage":9,"enemies":"Spheric Guardian","floor":18,"turns":4},{"damage":0,"enemies":"Chosen","floor":20,"turns":3},{"damage":33,"enemies":"Slavers","floor":23,"turns":5},{"damage":20,"enemies":"Gremlin Leader","floor":25,"turns":7},{"damage":16,"enemies":"Snake Plant","floor":28,"turns":4},{"damage":12,"enemies":"Sentry and Sphere","floor":30,"turns":4},{"damage":72,"enemies":"Champ","floor":33,"turns":8},{"damage":9,"enemies":"3 Darklings","floor":35,"turns":4},{"damage":13,"enemies":"3 Shapes","floor":36,"turns":2},{"damage":32,"enemies":"Writhing Mass","floor":37,"turns":4},{"damage":12,"enemies":"Jaw Worm Horde","floor":44,"turns":3},{"damage":18,"enemies":"Reptomancer","floor":45,"turns":5},{"damage":12,"enemies":"Giant Head","floor":47,"turns":6},{"damage":0,"enemies":"3 Darklings","floor":48,"turns":2},{"damage":51,"enemies":"Donu and Deca","floor":50,"turns":7}],"seed_played":"8967824133570928090","potions_obtained":[{"floor":3,"key":"LiquidMemories"},{"floor":5,"key":"Block Potion"},{"floor":7,"key":"Weak Potion"},{"floor":28,"key":"SkillPotion"},{"floor":30,"key":"Explosive Potion"},{"floor":35,"key":"Swift Potion"},{"floor":37,"key":"GamblersBrew"},{"floor":47,"key":"Regen Potion"},{"floor":48,"key":"Energy Potion"}],"is_trial":false,"path_per_floor":["M","?","M","?","M","R","M","R","T","R","T","R","?","E","R","B",null,"M","$","M","?","?","E","R","E","T","R","M","?","M","$","R","B",null,"M","M","M","?","?","R","?","$","T","M","E","R","E","M","R","B",null],"character_chosen":"DOCTOR_CLASS","items_purchased":["ats:Magnetic Hammer","ats:Revitalization","Frozen Eye"],"campfire_rested":2,"item_purchase_floors":[19,19,31],"current_hp_per_floor":[72,60,60,65,65,65,61,61,61,61,61,61,50,44,44,44,77,68,68,77,63,63,42,66,69,69,69,67,67,70,70,70,42,82,74,69,82,82,82,82,82,82,82,70,57,81,72,72,72,82],"gold":0,"neow_bonus":"THREE_ENEMY_KILL","is_daily":false,"chose_seed":false,"campfire_upgraded":9,"win_rate":0.0,"timestamp":1611769776,"path_taken":["M","?","M","?","M","R","M","R","T","R","?","R","?","E","R","BOSS","M","$","M","?","?","E","R","E","T","R","M","?","M","$","R","BOSS","M","M","M","?","?","R","?","?","T","M","E","R","E","M","R","BOSS"],"items_purchased_type":["Card","Card","Relic"],"build_version":"2020-12-22","purchased_purges":1,"victory":true,"max_hp_per_floor":[72,72,72,77,77,77,77,77,77,77,77,77,77,77,77,77,77,77,77,77,82,82,82,82,82,82,82,82,82,82,82,82,82,82,82,82,82,82,82,82,82,82,82,82,82,82,82,82,82,82],"card_choices":[{"not_picked":["ats:Blood Oath","ats:Absolute Focus"],"picked":"ats:Magnetic Hammer","floor":1},{"not_picked":["ats:Blood Oath","ats:Demon Strength"],"picked":"ats:Leaping Hammer","floor":3},{"not_picked":["ats:Blood Oath","ats:Guard Mode"],"picked":"ats:Closed Bolt Burst Fire","floor":5},{"not_picked":["ats:Ignite","ats:Hammer On"],"picked":"ats:Explosion Area Strengthen","floor":7},{"not_picked":["ats:Fractured Body","ats:Shell Defense"],"picked":"ats:Flexible Camouflage","floor":14},{"not_picked":["ats:Fractured Body","ats:Roar Of Ursus"],"picked":"ats:Echo Reverb","floor":16},{"not_picked":["ats:Closed Bolt Burst Fire+1","ats:LN2 Cannon"],"picked":"ats:Hammer On+1","floor":18},{"not_picked":["ats:Ignite+1","ats:Consecutive Shot Auto"],"picked":"ats:Part Time Job","floor":20},{"not_picked":["ats:Guardian Obelisk+1","ats:Calcification"],"picked":"ats:Explosion Area Strengthen","floor":23},{"not_picked":["ats:Counter Healing Mode","ats:Collapsing Strike"],"picked":"ats:Powerful Strike","floor":25},{"not_picked":["ats:Hammer On","ats:Revitalization+1"],"picked":"ats:Sashimi Platter","floor":28},{"not_picked":["ats:Apocalypse","ats:Thermite Blade"],"picked":"ats:Consecutive Shot Auto","floor":30},{"not_picked":["ats:Roar Of Ursus","ats:Volcano"],"picked":"ats:Nebulous Foxfire","floor":33},{"not_picked":["ats:Encircling Forest+1","ats:Cat Scratch"],"picked":"ats:Curse Doll","floor":35},{"not_picked":["ats:Explosion Area Strengthen","ats:Hammer On+1"],"picked":"ats:Shell Defense+1","floor":36},{"not_picked":["ats:Steam Pump","ats:Phantom"],"picked":"ats:Flexible Camouflage+1","floor":37},{"not_picked":["Discovery","Sharp Hide"],"picked":"Jack Of All Trades","floor":38},{"not_picked":["ats:Thermite Blade","ats:Closed Bolt Burst Fire"],"picked":"ats:Powerful Strike+1","floor":44},{"not_picked":["ats:Ignite+1","ats:Sunburst"],"picked":"ats:Thermite Blade+1","floor":45},{"not_picked":["ats:Healing Drone","ats:Leaping Hammer"],"picked":"ats:Revitalization+1","floor":47},{"not_picked":["ats:Cat Scratch","ats:Powerful Strike"],"picked":"ats:Flexible Camouflage","floor":48}],"player_experience":732672,"relics_obtained":[{"floor":9,"key":"LugNut"},{"floor":11,"key":"Juzu Bracelet"},{"floor":14,"key":"ats:Originium"},{"floor":14,"key":"Matryoshka"},{"floor":23,"key":"ats:Originium"},{"floor":23,"key":"Boot"},{"floor":25,"key":"ats:Originium"},{"floor":25,"key":"Omamori"},{"floor":26,"key":"Potion Belt"},{"floor":26,"key":"Shuriken"},{"floor":43,"key":"Oddly Smooth Stone"},{"floor":43,"key":"Frozen Egg 2"},{"floor":45,"key":"ats:Originium"},{"floor":45,"key":"SpikesRelics:ToyHorsey"},{"floor":47,"key":"BrokenLever"}],"event_choices":[{"damage_healed":0,"gold_gain":0,"player_choice":"Success","damage_taken":12,"relics_obtained":["aspiration:FrozenJewel"],"max_hp_gain":0,"max_hp_loss":0,"event_name":"Scrap Ooze","floor":2,"gold_loss":0},{"damage_healed":0,"gold_gain":0,"player_choice":"Donut","damage_taken":0,"max_hp_gain":5,"max_hp_loss":0,"event_name":"Big Fish","floor":4,"gold_loss":0},{"damage_healed":0,"gold_gain":75,"player_choice":"Gather Gold","damage_taken":11,"max_hp_gain":0,"max_hp_loss":0,"event_name":"World of Goop","floor":13,"gold_loss":0},{"damage_healed":0,"gold_gain":0,"player_choice":"Shed Blood","damage_taken":19,"max_hp_gain":5,"max_hp_loss":0,"event_name":"Forgotten Altar","floor":21,"gold_loss":0},{"damage_healed":0,"gold_gain":200,"player_choice":"Gold","damage_taken":0,"max_hp_gain":0,"max_hp_loss":0,"event_name":"Wheel of Change","floor":22,"gold_loss":0},{"damage_healed":0,"gold_gain":0,"player_choice":"Memory 1","damage_taken":0,"max_hp_gain":0,"max_hp_loss":0,"event_name":"SensoryStone","floor":38,"gold_loss":0},{"cards_removed":["ats:Part Time Job"],"damage_healed":0,"gold_gain":0,"player_choice":"Removed Power","damage_taken":0,"max_hp_gain":0,"max_hp_loss":0,"event_name":"Falling","floor":39,"gold_loss":0},{"damage_healed":0,"gold_gain":0,"player_choice":"Paid","damage_taken":0,"relics_obtained":["Red Mask"],"max_hp_gain":0,"max_hp_loss":0,"event_name":"Tomb of Lord Red Mask","floor":41,"gold_loss":30}],"is_beta":false,"boss_relics":[{"not_picked":["Black Star","aspiration:PoetsPen_weak"],"picked":"Ectoplasm"},{"not_picked":["energizedSpire:MagnifyingGlass","aspiration:FutureDiary"],"picked":"Philosopher\u0027s Stone"}],"items_purged_floors":[19],"is_endless":false,"potions_floor_spawned":[3,5,7,28,30,35,37,47,48],"ascension_level":1}}