{"host":"5wf60zc4jjt9ov65","time":1611786513,"event":{"mods":["AchievementEnabler","BaseMod","Beaked The Cultist","Bestiary","Better Altar","Better Match","Better Note","Better Sensory Stone","Better Skull","Better Third Choice","BetterRewards","Colored Map","Colored Powertips","Downfall","Googly Eyes","Halation","Highlight Path","Hubris","Infinite Spire","Minty Spire (QoL Compilation)","Permanent Neow","Quick Restart","Relic Sorter","Replay The Spire","StSLib","SuperFastMode","The Bug Knight","The Construct"],"gold_per_floor":[114,114,132,144,161,196,210,229,256,256,268,268,283,283,283,413,413,436,204,114,114,139,139,157,157,157,157,180,180,180,205,205,335,335,356,356,356,91,91,135,160,174,174,197,210,224,224,248,248,248],"floor_reached":51,"language":"ENG","playtime":3406,"items_purged":["Catalyst","Strike_G","Defend_G","Strike_G"],"score":710,"play_id":"4452f4b0-47e5-4a3c-a2ad-c62e35cb15eb","local_time":"20210127172833","is_ascension_mode":false,"campfire_choices":[{"floor":10.0,"key":"REST"},{"floor":15.0,"key":"REST"},{"data":"Accuracy","floor":23.0,"key":"SMITH"},{"data":"Accuracy","floor":23.0,"key":"SMITH"},{"data":"Cloak And Dagger","floor":25.0,"key":"SMITH"},{"data":"Venomology","floor":25.0,"key":"SMITH"},{"floor":30.0,"key":"REST"},{"floor":32.0,"key":"REST"},{"data":"Apotheosis","floor":49,"key":"SMITH"},{"data":"Pot Of Greed","floor":49,"key":"SMITH"}],"circlet_count":0,"master_deck":["Strike_G+1","Strike_G","Defend_G","Defend_G","Defend_G","Survivor","Neutralize","Dark Shackles","Accuracy+1","Hidden Blade","Prepared","Leg Sweep","Outmaneuver","Hidden Blade","Pot Of Greed+1","Pot Of Greed+1","Cloak And Dagger+1","Venomology+1","Acrobatics","Accuracy+1","Cloak And Dagger+1","Pot Of Greed","Cloak And Dagger+1","Blade Dance","Adrenaline","Apotheosis+1","ReplayTheSpireMod:Shiv Toss+1","Cloak And Dagger+1"],"relics":["Ring of the Snake","hubris:GlazedTorus","Grinning Jar","Replay:Arrowhead","Golden Idol","SlaversCollar","DollysMirror","Replay:Mystery Machine","Darkstone Periapt","construct:WeddingRing","ReplayFunnel","hubris:Backtick","Ice Cream","halation:Toothbrush","Sundial"],"acts_visited":["Exordium","TheCity","TheBeyond"],"potions_floor_usage":[42,44,44,45,46,48,48,50,50],"damage_taken":[{"damage":4.0,"enemies":"Cultist","floor":1.0,"turns":5.0},{"damage":2.0,"enemies":"Small Slimes","floor":3.0,"turns":4.0},{"damage":10.0,"enemies":"infinitespire:Voidling","floor":4.0,"turns":5.0},{"damage":4.0,"enemies":"Looter","floor":5.0,"turns":5.0},{"damage":47.0,"enemies":"Lagavulin","floor":6.0,"turns":11.0},{"damage":0.0,"enemies":"2 Fungi Beasts","floor":7.0,"turns":5.0},{"damage":6.0,"enemies":"Exordium Wildlife","floor":8.0,"turns":6.0},{"damage":3.0,"enemies":"Looter","floor":11.0,"turns":4.0},{"damage":0.0,"enemies":"Blue Slaver","floor":13.0,"turns":6.0},{"damage":23.0,"enemies":"The Guardian","floor":16.0,"turns":13.0},{"damage":17.0,"enemies":"Chosen","floor":18.0,"turns":5.0},{"damage":17.0,"enemies":"Spheric Guardian","floor":22.0,"turns":5.0},{"damage":7.0,"enemies":"Snake Plant","floor":24.0,"turns":6.0},{"damage":4.0,"enemies":"3 Cultists","floor":28.0,"turns":4.0},{"damage":0.0,"enemies":"Centurion and Healer","floor":31.0,"turns":3.0},{"damage":45.0,"enemies":"Champ","floor":33.0,"turns":6.0},{"damage":0.0,"enemies":"Orb Walker","floor":35.0,"turns":3.0},{"damage":1.0,"enemies":"Reptomancer","floor":40.0,"turns":4.0},{"damage":0.0,"enemies":"3 Darklings","floor":41.0,"turns":2.0},{"damage":0,"enemies":"Transient","floor":42,"turns":5},{"damage":8,"enemies":"Spire Growth","floor":44,"turns":4},{"damage":0,"enemies":"Jaw Worm Horde","floor":45,"turns":2},{"damage":16,"enemies":"Transient","floor":46,"turns":5},{"damage":0,"enemies":"Maw","floor":48,"turns":5},{"damage":10,"enemies":"Time Eater","floor":50,"turns":7}],"seed_played":"-2471304498807591002","potions_obtained":[{"floor":3.0,"key":"DuplicationPotion"},{"floor":4.0,"key":"LiquidMemories"},{"floor":11.0,"key":"Regen Potion"},{"floor":13.0,"key":"Death Potion"},{"floor":16.0,"key":"Slimebound:ThreeZeroPotion"},{"floor":22.0,"key":"Block Potion"},{"floor":24.0,"key":"Venom Potion"},{"floor":41.0,"key":"Elixir"},{"floor":42,"key":"Adrenaline Potion"},{"floor":48,"key":"Adrenaline Potion"}],"is_trial":false,"path_per_floor":["M","?","M","M","M","E","M","M","T","R","M","T","M","?","R","B",null,"M","$","?","?","M","R","M","R","T","AVR","M","?","R","M","R","B",null,"M","?","?","$","?","E","M","M","T","M","M","M","AVR","M","R","B",null],"character_chosen":"THE_SILENT","items_purchased":["DollysMirror","Apotheosis"],"campfire_rested":4,"item_purchase_floors":[19,38],"current_hp_per_floor":[66,66,64,61,57,10,10,4,4,25,22,22,36,36,55,32,65,48,48,48,48,31,31,24,24,24,24,20,20,39,39,58,13,65,65,65,65,65,65,64,64,64,64,56,56,40,43,55,55,45],"gold":248,"neow_bonus":"REMOVE_CARD","is_daily":false,"chose_seed":false,"campfire_upgraded":6,"win_rate":0.0,"timestamp":1611786513,"path_taken":["M","?","M","M","M","E","M","M","T","R","M","?","?","?","R","BOSS","M","$","?","?","M","R","M","R","T","AVR","M","?","R","M","R","BOSS","M","?","?","$","?","E","M","?","T","M","M","M","AVR","M","R","BOSS"],"items_purchased_type":["Relic","Card"],"build_version":"2020-12-22","purchased_purges":4,"victory":true,"max_hp_per_floor":[70,70,70,70,70,70,70,70,70,70,70,70,70,65,65,65,65,65,65,65,65,65,65,65,65,65,65,65,65,65,65,65,65,65,65,65,65,65,65,65,65,65,65,65,65,65,68,68,68,68],"card_choices":[{"not_picked":["Predator","Quick Slash","Poisoned Stab"],"picked":"SKIP","floor":1.0},{"not_picked":["Survey Options","Specialist"],"picked":"Dark Shackles","floor":2.0},{"not_picked":["Bane","ReplayTheSpireMod:The Works"],"picked":"Accuracy","floor":3.0},{"not_picked":["ReplayTheSpireMod:Tripwire","Slice"],"picked":"Hidden Blade","floor":4.0},{"not_picked":["Poisoned Stab","ReplayTheSpireMod:Necrosis"],"picked":"Prepared","floor":5.0},{"not_picked":["Acrobatics","Escape Plan"],"picked":"Leg Sweep","floor":6.0},{"not_picked":["hubris:SlightOfHand","Replay:Poison Smokescreen"],"picked":"Outmaneuver","floor":7.0},{"not_picked":["Underhanded Strike","Reflex"],"picked":"Hidden Blade","floor":8.0},{"not_picked":["Atom Bomb","Dash","Deadly Poison"],"picked":"SKIP","floor":11.0},{"not_picked":["Dagger Spray","Acrobatics"],"picked":"Cloak And Dagger","floor":13.0},{"not_picked":["Wraith Form v2","Glass Knife"],"picked":"Venomology","floor":16.0},{"not_picked":["ReplayTheSpireMod:Scrap Shanks","Underhanded Strike"],"picked":"Acrobatics","floor":18.0},{"not_picked":["Outmaneuver","Noxious Fumes","Caltrops"],"picked":"SKIP","floor":22.0},{"not_picked":["Sucker Punch+1","A Thousand Cuts"],"picked":"Cloak And Dagger+1","floor":24.0},{"not_picked":["Blur+1","Hidden Blade+1"],"picked":"Cloak And Dagger","floor":28.0},{"not_picked":["Deflect+1","All Out Attack"],"picked":"Blade Dance","floor":31.0},{"not_picked":["Malaise","Envenom"],"picked":"Adrenaline","floor":33.0},{"not_picked":["Bane+1","Prepared+1","Eviscerate"],"picked":"SKIP","floor":35.0},{"not_picked":["ReplayTheSpireMod:Tripwire","Dagger Spray","ReplayTheSpireMod:The Works"],"picked":"SKIP","floor":40.0},{"not_picked":["Blade Dance+1","ReplayTheSpireMod:Scrap Shanks"],"picked":"ReplayTheSpireMod:Shiv Toss+1","floor":41.0},{"not_picked":["Deadly Poison","PiercingWail","Underhanded Strike"],"picked":"SKIP","floor":42},{"not_picked":["ReplayTheSpireMod:The Works","Heel Hook+1"],"picked":"Cloak And Dagger+1","floor":44},{"not_picked":["Quick Slash+1","Toxin Wave+1","PiercingWail"],"picked":"SKIP","floor":45},{"not_picked":["Quick Slash","Masterful Stab","Dagger Spray"],"picked":"SKIP","floor":46},{"not_picked":["PiercingWail","Fluid Movement+1","Eviscerate+1"],"picked":"SKIP","floor":48}],"player_experience":134979,"relics_obtained":[{"floor":6.0,"key":"hubris:GlazedTorus"},{"floor":9.0,"key":"Grinning Jar"},{"floor":12.0,"key":"Replay:Arrowhead"},{"floor":26.0,"key":"Darkstone Periapt"},{"floor":40.0,"key":"halation:Toothbrush"},{"floor":43,"key":"Sundial"}],"event_choices":[{"damage_healed":0.0,"max_hp_gain":0.0,"max_hp_loss":0.0,"gold_gain":1.0,"event_name":"betterStone:BetterStone","player_choice":"1","floor":2.0,"gold_loss":0.0,"damage_taken":0.0},{"damage_healed":0.0,"max_hp_gain":0.0,"max_hp_loss":5.0,"gold_gain":0.0,"event_name":"Golden Idol","player_choice":"Lose Max HP","floor":14.0,"gold_loss":0.0,"damage_taken":0.0,"relics_obtained":["Golden Idol"]},{"cards_removed":["Defend_G"],"damage_healed":0.0,"max_hp_gain":0.0,"max_hp_loss":0.0,"gold_gain":0.0,"event_name":"Designer","player_choice":"Upgrade and Remove","floor":20.0,"gold_loss":90.0,"damage_taken":0.0,"cards_upgraded":["Strike_G"]},{"damage_healed":0.0,"max_hp_gain":0.0,"max_hp_loss":0.0,"gold_gain":0.0,"event_name":"WeMeetAgain","player_choice":"Gave Potion","floor":21.0,"gold_loss":0.0,"damage_taken":0.0,"relics_obtained":["Replay:Mystery Machine"]},{"damage_healed":0.0,"max_hp_gain":0.0,"max_hp_loss":0.0,"gold_gain":0.0,"event_name":"Accursed Blacksmith","player_choice":"Forge","floor":29.0,"gold_loss":0.0,"damage_taken":0.0,"cards_upgraded":["Cloak And Dagger"]}],"is_beta":false,"boss_relics":[{"not_picked":["halation:Risk","Tiny House"],"picked":"SlaversCollar"},{"not_picked":["Snecko Eye","Replay:Grab Bag"],"picked":"hubris:Backtick"}],"items_purged_floors":[19,27,38,47],"is_endless":false,"potions_floor_spawned":[3,4,11,13,16,22,24,41,42,48],"ascension_level":0}}