{"host":"vqun63pi4q2xs0ca","time":1611791453,"event":{"mods":["BaseMod","Bestiary","Minty Spire (QoL Compilation)","Relic Stats","StSLib"],"gold_per_floor":[109,125,142,159,171,171,171,171],"floor_reached":7,"language":"ENG","playtime":313,"items_purged":[],"score":90,"play_id":"5f1e0ecb-8f08-4b41-a794-f6c9416b7b33","local_time":"20210127235053","is_ascension_mode":true,"campfire_choices":[{"data":"Darkness","floor":6,"key":"SMITH"}],"circlet_count":0,"master_deck":["AscendersBane","Strike_B","Strike_B","Strike_B","Strike_B","Defend_B","Defend_B","Defend_B","Defend_B","Zap","Dualcast","Beam Cell","Gash","Steam","Darkness+1","BootSequence"],"relics":["Coffee Dripper"],"acts_visited":["Exordium"],"potions_floor_usage":[4,5],"damage_taken":[{"damage":0,"enemies":"Cultist","floor":1,"turns":3},{"damage":7,"enemies":"Jaw Worm","floor":2,"turns":3},{"damage":4,"enemies":"2 Louse","floor":3,"turns":3},{"damage":0,"enemies":"2 Fungi Beasts","floor":4,"turns":3},{"damage":26,"enemies":"Gremlin Gang","floor":5,"turns":4},{"damage":29,"enemies":"3 Sentries","floor":7,"turns":5}],"seed_played":"664217329135913947","potions_obtained":[{"floor":2,"key":"DistilledChaos"},{"floor":3,"key":"EssenceOfSteel"},{"floor":4,"key":"Ancient Potion"}],"is_trial":false,"path_per_floor":["M","M","M","M","M","R","E"],"character_chosen":"DEFECT","items_purchased":[],"campfire_rested":0,"item_purchase_floors":[],"current_hp_per_floor":[64,57,53,53,27,27,0,0],"gold":171,"neow_bonus":"BOSS_RELIC","is_daily":false,"chose_seed":false,"campfire_upgraded":1,"win_rate":0.0,"timestamp":1611791453,"path_taken":["M","?","M","M","M","R","E"],"items_purchased_type":[],"build_version":"2020-12-22","purchased_purges":0,"victory":false,"max_hp_per_floor":[71,71,71,71,71,71,71,71],"relic_stats":{"counters":[6,21],"obtain_stats":[{"Coffee Dripper":0,"Cracked Core":0},{"Coffee Dripper":0,"Cracked Core":0},{"Coffee Dripper":0,"Cracked Core":0}]},"card_choices":[{"not_picked":["Conserve Battery","Heatsinks"],"picked":"Beam Cell","floor":1},{"not_picked":["Heatsinks","Genetic Algorithm"],"picked":"Gash","floor":2},{"not_picked":["Skim","Recycle"],"picked":"Steam","floor":3},{"not_picked":["Chaos","Lockon"],"picked":"Darkness","floor":4},{"not_picked":["Turbo","Heatsinks"],"picked":"BootSequence","floor":5}],"player_experience":1452925,"relics_obtained":[],"event_choices":[],"is_beta":false,"boss_relics":[],"items_purged_floors":[],"is_endless":false,"potions_floor_spawned":[2,3,4],"killed_by":"3 Sentries","ascension_level":20}}