{"host":"itbqv4oobgse7q4n","time":1611781054,"event":{"mods":["100% Spire Juice","2.2 Compatiblity","Act Like it!","Aspiration","BaseMod","Bestiary","CapriCore","Card Forge","Colored Powertips","Evolution","Friendly Minions","FutureSeer","Gensokyo","GifTheSpireLib","Hero for Fun","Highlight Path","HololiveMod","Hubris","LagranYue(???·?)","Minty Spire (QoL Compilation)","Prisma Mod","Relic Filter","Reliquary","Remilia??????","Replay The Spire","Shop Mod","Small Relic Pack","StSLib","Td1madao Mod","The Alterego","The Animator","The Immortal","The Necromancer","The Sage","The Servant 0.9.4","The Wild Card","Wandering Minibosses","Yakumo Yukari mod"],"gold_per_floor":[186,200,200,218,232,232,246,281,308,308,308,342,342,352,352,451,451,463,491,491,491,491,521,521,550,574,585,585,585,585,133,133],"floor_reached":31,"language":"RUS","playtime":2738,"items_purged":[],"score":358,"play_id":"e8e0fd1d-17cb-4507-a0c5-a23e56b19695","local_time":"20210127235734","is_ascension_mode":false,"campfire_choices":[{"floor":6,"key":"REST"},{"floor":11,"key":"RECALL"},{"floor":13,"key":"REST"},{"floor":15,"key":"REST"},{"floor":24,"key":"REST"},{"floor":30,"key":"REST"}],"circlet_count":0,"master_deck":["sagemod:Strike+1","sagemod:Strike+1","sagemod:Strike+1","sagemod:Strike+1","sagemod:Defend+1","sagemod:Defend+1","sagemod:Defend+1","sagemod:Defend+1","sagemod:Fly+1","sagemod:Upwards+1","sagemod:How_To_Befriend_A_Turtle+1","sagemod:Fire_Brew+1","sagemod:Tinker+1","sagemod:Poem+1","sagemod:Fire_Brew+1","sagemod:Flight_Feint+1","sagemod:Perpetuum_Mobile+1","sagemod:Armor_Brew+1","sagemod:Bouncing_Strike+1","sagemod:Study+1","sagemod:Accumulation+1","sagemod:Altitude+1","sagemod:Flying_Cauldron","sagemod:Brewmaster+1","sagemod:Bookworm+1","sagemod:Momentum","sagemod:Poem"],"relics":["sagemod:Flying_Carpet","Hammer of Thor","Seething Fire","Anvil of the Gods","EVO:Axolotl","relicPack:DSword","Peace Pipe","Lantern","aspiration:BabyByrd","hubris:CrystalStatue","aspiration:WatcherSkillbook","Pocketwatch","sagemod:Cabbage_Head","aspiration:SeaSaltIceCream","relicPack:DSword","OrangePellets","reliquary:Boomerang"],"acts_visited":["Exordium","Gensokyo:Gensokyoer"],"potions_floor_usage":[5,7,8,8,12,12,14,14,16,16,16,23,25,25,25,27,27,27,28,28,28,31,31,31],"damage_taken":[{"damage":1,"enemies":"Small Slimes","floor":1,"turns":4},{"damage":5,"enemies":"2 Louse","floor":2,"turns":4},{"damage":0,"enemies":"Jaw Worm","floor":4,"turns":9},{"damage":0,"enemies":"2 Fungi Beasts","floor":5,"turns":5},{"damage":2,"enemies":"Exordium Thugs","floor":7,"turns":9},{"damage":0,"enemies":"Gremlin Nob","floor":8,"turns":2},{"damage":0,"enemies":"3 Sentries","floor":12,"turns":10},{"damage":0,"enemies":"Gremlin Gang","floor":14,"turns":5},{"damage":3,"enemies":"The Guardian","floor":16,"turns":10},{"damage":5,"enemies":"Gensokyo:AngelMirror","floor":18,"turns":4},{"damage":0,"enemies":"Gensokyo:Tenshi","floor":23,"turns":6},{"damage":8,"enemies":"Gensokyo:Reisen","floor":25,"turns":8},{"damage":2,"enemies":"Gensokyo:2_Gloops","floor":27,"turns":8},{"damage":0,"enemies":"Gensokyo:Slime_Group","floor":28,"turns":1},{"damage":55,"enemies":"hubris:Merchant","floor":31,"turns":5}],"seed_played":"8489887259540878592","potions_obtained":[{"floor":2,"key":"Ancient Potion"},{"floor":5,"key":"Weak Potion"},{"floor":12,"key":"Elixir"},{"floor":16,"key":"ColorlessPotion"},{"floor":23,"key":"Fire Potion"},{"floor":25,"key":"SmokeBomb"}],"is_trial":false,"path_per_floor":["M","M","?","M","M","R","M","E","T","?","R","E","R","M","R","B",null,"M","?","?","?","?","E","R","E","T","M","M","?","R","$"],"character_chosen":"THE_SAGE","items_purchased":["sagemod:Momentum","sagemod:Poem","OrangePellets","reliquary:Boomerang"],"campfire_rested":5,"item_purchase_floors":[31,31,31,31],"current_hp_per_floor":[54,49,14,14,14,30,28,28,28,28,28,28,44,44,55,52,55,50,28,28,28,34,34,50,42,42,40,40,40,55,0,0],"gold":133,"neow_bonus":"TEN_PERCENT_HP_BONUS","is_daily":false,"chose_seed":false,"campfire_upgraded":0,"win_rate":0.0,"timestamp":1611781054,"path_taken":["M","M","?","M","M","R","M","E","T","?","R","E","R","M","R","BOSS","M","?","?","?","?","E","R","E","T","M","?","?","R","$"],"items_purchased_type":["Card","Card","Relic","Relic"],"build_version":"2020-12-22","purchased_purges":0,"victory":false,"max_hp_per_floor":[55,55,55,55,55,55,55,55,55,55,55,55,55,55,55,55,55,55,55,55,55,55,55,55,55,55,55,55,55,55,55,55],"card_choices":[{"not_picked":["sagemod:Step_Back","sagemod:Pincer_Repair"],"picked":"sagemod:How_To_Befriend_A_Turtle","floor":1},{"not_picked":["sagemod:How_To_Befriend_A_Turtle","sagemod:Step_Back"],"picked":"sagemod:Fire_Brew","floor":2},{"not_picked":["sagemod:Fire_Brew","sagemod:Rock_Oil"],"picked":"sagemod:Tinker","floor":4},{"not_picked":["sagemod:Slalom","sagemod:Crank"],"picked":"sagemod:Poem","floor":5},{"not_picked":["sagemod:About_Clark","sagemod:Ambition"],"picked":"sagemod:Fire_Brew","floor":7},{"not_picked":["sagemod:Mechanics_Break","sagemod:How_To_Charm_A_Sentry"],"picked":"sagemod:Flight_Feint","floor":8},{"not_picked":["sagemod:Shining_Powder","sagemod:Step_Back"],"picked":"sagemod:Perpetuum_Mobile","floor":12},{"not_picked":["sagemod:Pincer_Attack","sagemod:How_To_Charm_A_Sentry"],"picked":"sagemod:Armor_Brew","floor":14},{"not_picked":["sagemod:Vigorous_Body","sagemod:On_Fire"],"picked":"sagemod:Light_Weighted","floor":16},{"not_picked":["sagemod:Slalom","sagemod:Grounded_Strike","sagemod:Ambition"],"picked":"sagemod:Bouncing_Strike","floor":18},{"not_picked":["sagemod:How_To_Charm_A_Sentry","sagemod:Pincer_Repair+1","sagemod:How_To_Poke_At_Slimes"],"picked":"sagemod:Study","floor":19},{"not_picked":["sagemod:How_To_Poke_At_Slimes","sagemod:Mechanics_Break","sagemod:Slalom"],"picked":"sagemod:Altitude","floor":23},{"not_picked":["sagemod:Armor_Brew","sagemod:Grounded_Strike","sagemod:How_To_Charm_A_Sentry"],"picked":"sagemod:Flying_Cauldron","floor":25},{"not_picked":["sagemod:Lunchtime","sagemod:Energetic_Brew+1","sagemod:Armor_Brew+1"],"picked":"sagemod:Brewmaster","floor":27}],"player_experience":205623,"relics_obtained":[{"floor":8,"key":"Peace Pipe"},{"floor":9,"key":"Lantern"},{"floor":12,"key":"hubris:CrystalStatue"},{"floor":19,"key":"Pocketwatch"},{"floor":23,"key":"sagemod:Cabbage_Head"},{"floor":25,"key":"aspiration:SeaSaltIceCream"}],"event_choices":[],"is_beta":false,"boss_relics":[{"not_picked":["hubris:Stopwatch","relicPack:KazumaCape"],"picked":"aspiration:WatcherSkillbook"}],"items_purged_floors":[],"is_endless":false,"potions_floor_spawned":[2,5,7,12,16,25,27,28],"killed_by":"hubris:Merchant","ascension_level":0}}