{"host":"v3mpq6flurzldi5g","time":1611787348,"event":{"mods":["AchievementEnabler","BaseMod","Colored Powertips","Highlight Path","Minty Spire (QoL Compilation)","StSLib"],"gold_per_floor":[114,129,55,69,83,83,100,132,132,132,59,69,69,79,79,154,154,172,154,154,154],"floor_reached":20,"language":"ENG","playtime":1094,"items_purged":[],"score":294,"play_id":"66b6303b-fdcf-4083-a116-728155f64257","local_time":"20210127174228","is_ascension_mode":true,"campfire_choices":[{"floor":6,"key":"REST"},{"floor":13,"key":"REST"},{"floor":15,"key":"REST"}],"circlet_count":0,"master_deck":["AscendersBane","Strike_G","Strike_G","Strike_G","Strike_G","Strike_G","Defend_G","Defend_G","Defend_G","Defend_G","Defend_G","Survivor","Neutralize","Blade Dance+1","Terror","Caltrops","Blade Dance","PiercingWail+1","Noxious Fumes","Slice","Footwork","Prepared","Deadly Poison","Storm of Steel","Dagger Spray"],"relics":["Ring of the Snake","War Paint","Toy Ornithopter"],"acts_visited":["Exordium","TheCity"],"potions_floor_usage":[8,8],"damage_taken":[{"damage":4,"enemies":"Cultist","floor":1,"turns":5},{"damage":4,"enemies":"Small Slimes","floor":2,"turns":3},{"damage":4,"enemies":"2 Louse","floor":4,"turns":3},{"damage":4,"enemies":"Blue Slaver","floor":5,"turns":3},{"damage":16,"enemies":"Exordium Thugs","floor":7,"turns":5},{"damage":17,"enemies":"3 Sentries","floor":8,"turns":8},{"damage":15,"enemies":"Exordium Wildlife","floor":12,"turns":4},{"damage":10,"enemies":"3 Louse","floor":14,"turns":4},{"damage":11,"enemies":"The Guardian","floor":16,"turns":11},{"damage":41,"enemies":"Spheric Guardian","floor":18,"turns":6},{"damage":27,"enemies":"2 Thieves","floor":19,"turns":4}],"seed_played":"7998582344452091891","potions_obtained":[{"floor":4,"key":"SkillPotion"},{"floor":5,"key":"LiquidBronze"}],"is_trial":false,"path_per_floor":["M","M","$","M","M","R","M","E","T","?","$","M","R","M","R","B",null,"M","M","?"],"character_chosen":"THE_SILENT","items_purchased":["Caltrops","Footwork"],"campfire_rested":3,"item_purchase_floors":[3,11],"current_hp_per_floor":[66,62,62,58,54,77,61,44,44,44,44,29,52,42,65,54,71,30,3,0,0],"gold":154,"neow_bonus":"TEN_PERCENT_HP_BONUS","is_daily":false,"chose_seed":false,"campfire_upgraded":0,"win_rate":0.0,"timestamp":1611787348,"path_taken":["M","?","$","M","M","R","M","E","T","?","$","M","R","M","R","BOSS","M","M","?"],"items_purchased_type":["Card","Card"],"build_version":"2020-12-22","purchased_purges":0,"victory":false,"max_hp_per_floor":[77,77,77,77,77,77,77,77,77,77,77,77,77,77,77,77,77,77,77,77,77],"card_choices":[{"not_picked":["Flechettes","Dagger Throw"],"picked":"Blade Dance","floor":1},{"not_picked":["Slice","Quick Slash"],"picked":"Terror","floor":2},{"not_picked":["Dagger Throw","Sucker Punch"],"picked":"Blade Dance","floor":4},{"not_picked":["Quick Slash","Underhanded Strike"],"picked":"PiercingWail","floor":5},{"not_picked":["Prepared","Cloak And Dagger"],"picked":"Noxious Fumes","floor":7},{"not_picked":["Outmaneuver","Malaise"],"picked":"Slice","floor":8},{"not_picked":["Poisoned Stab","Escape Plan"],"picked":"Prepared","floor":12},{"not_picked":["Predator","Quick Slash"],"picked":"Deadly Poison","floor":14},{"not_picked":["Bullet Time","Grand Finale"],"picked":"Storm of Steel","floor":16},{"not_picked":["Setup","Sucker Punch"],"picked":"Dagger Spray","floor":18},{"not_picked":["Choke","Caltrops","Outmaneuver"],"picked":"SKIP","floor":19}],"player_experience":1084454,"relics_obtained":[{"floor":8,"key":"War Paint"},{"floor":9,"key":"Toy Ornithopter"}],"event_choices":[{"damage_healed":0,"gold_gain":0,"player_choice":"Ignored","damage_taken":0,"max_hp_gain":0,"max_hp_loss":0,"event_name":"Golden Wing","floor":10,"gold_loss":0}],"is_beta":false,"boss_relics":[{"not_picked":["Velvet Choker","Runic Pyramid","Coffee Dripper"]}],"items_purged_floors":[],"is_endless":false,"potions_floor_spawned":[4,5,7],"ascension_level":13}}