{"host":"lnt5dzsuhru0aonl","time":1611741098,"event":{"mods":["2.2 Compatiblity","BaseMod","Colored Map","Colored Powertips","DeckTracker","Keyboard Shortcuts","Minty Spire (QoL Compilation)","Permanent Neow","Rare Cards Sparkle","StSLib","SuperFastMode","everything is the same but u backflip on backflip"],"gold_per_floor":[114,133,58,68,84,111,111,111,111,142,66,66,66,66],"floor_reached":13,"language":"KOR","playtime":363,"items_purged":["Strike_R"],"score":170,"play_id":"0c02a51a-868e-4964-b9b9-5702be38948b","local_time":"20210127185138","is_ascension_mode":true,"campfire_choices":[{"data":"Pommel Strike","floor":8.0,"key":"SMITH"}],"circlet_count":0,"master_deck":["AscendersBane","Strike_R","Strike_R","Strike_R","Defend_R","Defend_R","Defend_R","Defend_R","Bash","Power Through","Wild Strike","Pommel Strike+1","Power Through","Second Wind","Dark Embrace"],"relics":["Burning Blood","Nunchaku","Strawberry","MawBank","Question Card"],"acts_visited":["Exordium"],"potions_floor_usage":[13,13],"damage_taken":[{"damage":6.0,"enemies":"Cultist","floor":1.0,"turns":3.0},{"damage":6.0,"enemies":"Jaw Worm","floor":2.0,"turns":5.0},{"damage":0.0,"enemies":"2 Louse","floor":4.0,"turns":2.0},{"damage":7.0,"enemies":"Exordium Thugs","floor":5.0,"turns":5.0},{"damage":50.0,"enemies":"3 Sentries","floor":6.0,"turns":14.0},{"damage":5.0,"enemies":"Gremlin Gang","floor":10.0,"turns":4.0},{"damage":46,"enemies":"Lagavulin","floor":13,"turns":12}],"seed_played":"-2356381790424379092","potions_obtained":[{"floor":1.0,"key":"BloodPotion"},{"floor":2.0,"key":"Swift Potion"},{"floor":6.0,"key":"Fire Potion"},{"floor":10.0,"key":"LiquidMemories"}],"is_trial":false,"path_per_floor":["M","M","$","M","M","E","?","R","T","M","$","T","E"],"character_chosen":"IRONCLAD","items_purchased":["Dark Embrace"],"campfire_rested":0,"item_purchase_floors":[11],"current_hp_per_floor":[68,68,68,74,73,43,43,43,43,44,44,44,0,0],"gold":66,"neow_bonus":"RANDOM_COMMON_RELIC","is_daily":false,"chose_seed":false,"campfire_upgraded":1,"win_rate":0.0,"timestamp":1611741098,"path_taken":["M","?","?","?","M","E","?","R","T","M","$","?","E"],"items_purchased_type":["Card"],"build_version":"2020-12-22","purchased_purges":1,"victory":false,"max_hp_per_floor":[75,75,75,75,75,82,82,82,82,82,82,82,82,82],"card_choices":[{"not_picked":["Fire Breathing","Searing Blow"],"picked":"Power Through","floor":1.0},{"not_picked":["Anger","Dropkick"],"picked":"Wild Strike","floor":2.0},{"not_picked":["Heavy Blade","Warcry"],"picked":"Pommel Strike","floor":4.0},{"not_picked":["Clash","Thunderclap","Searing Blow"],"picked":"SKIP","floor":5.0},{"not_picked":["Wild Strike","Perfected Strike"],"picked":"Power Through","floor":6.0},{"not_picked":["Blood for Blood","Ghostly Armor"],"picked":"Second Wind","floor":10.0}],"player_experience":774899,"relics_obtained":[{"floor":6.0,"key":"Strawberry"},{"floor":9.0,"key":"MawBank"},{"floor":12.0,"key":"Question Card"}],"event_choices":[{"cards_removed":["Strike_R"],"damage_healed":0.0,"max_hp_gain":0.0,"max_hp_loss":0.0,"gold_gain":0.0,"event_name":"Living Wall","player_choice":"Forget","floor":7.0,"gold_loss":0.0,"damage_taken":0.0}],"is_beta":false,"boss_relics":[],"items_purged_floors":[3],"is_endless":false,"potions_floor_spawned":[1,2,6,10],"killed_by":"Lagavulin","ascension_level":20}}