{"host":"gltm229u6j2oow3a","time":1611739730,"event":{"mods":["BaseMod","Colored Powertips","Minty Spire (QoL Compilation)","[IsaacMod]ÒÔÈö¼âËþ"],"gold_per_floor":[119,69,69,93,114,150,244,284,331,393,393,166,201,246,246,405,405,430,501,532,532,233,233,276,276,276,276,311,331,231,268,268,405,405,420,439,470,498,373,434,434,481,536,387,401,501,185,223,223,258],"floor_reached":51,"language":"ZHS","playtime":2676,"items_purged":["Strike_P","SashWhip","Halt","Eruption","ForeignInfluence"],"score":1114,"play_id":"0a9980fd-3346-416f-9f24-66f72a3e0679","local_time":"20210127172850","is_ascension_mode":true,"campfire_choices":[{"floor":15,"key":"REST"},{"data":"Collect","floor":23,"key":"SMITH"},{"data":"Vault","floor":27,"key":"SMITH"},{"data":"BattleHymn","floor":32,"key":"SMITH"},{"data":"DeceiveReality","floor":41,"key":"SMITH"},{"floor":49,"key":"DIG"}],"circlet_count":0,"master_deck":["Vigilance","Worship+1","BattleHymn+1","MasterReality","Brilliance+1","Perseverance+1","SignatureMove","Collect+1","BattleHymn","Vault+1","DeusExMachina+1","Prostrate","DeceiveReality+1","Judgement+1","Pray","Worship","Consecrate+1","LessonLearned+1","Parasite","Collect+1","ConjureBlade","Prostrate"],"relics":["PureWater","HushsDoor","PillsDrop","NeowsBlessing","Golden Idol","SalivaCoin","Oddly Smooth Stone","PreservedInsect","AnarchistCookbook","Toolbox","GnawedLeaf","MealTicket","Pandora\u0027s Box","Succubus","Red Mask","Bag of Preparation","Blood Vial","Molten Egg 2","SharpPlug","Toy Ornithopter","Coffee Dripper","SteamSale","Shovel","Lantern","Centennial Puzzle","Vajra","Lee\u0027s Waffle","Akabeko","Turnip","HornCleat"],"acts_visited":["Exordium","TheCity","TheBeyond"],"potions_floor_usage":[6],"damage_taken":[{"damage":0,"enemies":"Jaw Worm","floor":1,"turns":1},{"damage":0,"enemies":"2 Louse","floor":4,"turns":1},{"damage":0,"enemies":"Cultist","floor":5,"turns":1},{"damage":0,"enemies":"3 Sentries","floor":6,"turns":2},{"damage":43,"enemies":"Gremlin Gang","floor":7,"turns":7},{"damage":6,"enemies":"Lagavulin","floor":8,"turns":5},{"damage":18,"enemies":"3 Sentries","floor":10,"turns":7},{"damage":0,"enemies":"Gremlin Nob","floor":13,"turns":2},{"damage":11,"enemies":"The Guardian","floor":16,"turns":5},{"damage":0,"enemies":"Spheric Guardian","floor":18,"turns":2},{"damage":6,"enemies":"3 Byrds","floor":19,"turns":4},{"damage":0,"enemies":"Masked Bandits","floor":20,"turns":3},{"damage":9,"enemies":"Slavers","floor":24,"turns":3},{"damage":0,"enemies":"Gremlin Leader","floor":28,"turns":3},{"damage":6,"enemies":"Snake Plant","floor":29,"turns":5},{"damage":8,"enemies":"Chosen and Byrds","floor":31,"turns":2},{"damage":28,"enemies":"Champ","floor":33,"turns":4},{"damage":0,"enemies":"3 Darklings","floor":35,"turns":3},{"damage":0,"enemies":"3 Shapes","floor":36,"turns":3},{"damage":1,"enemies":"Jaw Worm Horde","floor":37,"turns":6},{"damage":0,"enemies":"Writhing Mass","floor":38,"turns":5},{"damage":34,"enemies":"Reptomancer","floor":40,"turns":5},{"damage":15,"enemies":"Nemesis","floor":42,"turns":4},{"damage":0,"enemies":"Maw","floor":45,"turns":6},{"damage":0,"enemies":"Reptomancer","floor":48,"turns":3},{"damage":39,"enemies":"Awakened One","floor":50,"turns":7}],"seed_played":"-923553892942550798","potions_obtained":[{"floor":4,"key":"Dexterity Potion"},{"floor":6,"key":"Ancient Potion"},{"floor":7,"key":"FairyPotion"},{"floor":13,"key":"Dexterity Potion"},{"floor":20,"key":"LiquidBronze"},{"floor":24,"key":"Energy Potion"},{"floor":42,"key":"GamblersBrew"}],"is_trial":false,"path_per_floor":["M","?","?","M","M","E","M","E","T","E","?","$","E","T","R","B",null,"M","M","?","?","$","R","E","?","T","R","E","M","$","M","R","B",null,"M","M","M","M","$","E","R","E","T","$","M","?","$","E","R","B",null],"character_chosen":"WATCHER","items_purchased":["Toolbox","Succubus","Bag of Preparation","Blood Vial","Centennial Puzzle","Vajra","Lee\u0027s Waffle","Akabeko"],"campfire_rested":1,"item_purchase_floors":[12,17,22,22,44,47,47,47],"current_hp_per_floor":[72,72,54,54,57,57,14,8,8,18,18,18,18,18,40,29,55,58,52,52,52,58,58,49,49,49,49,54,50,56,48,48,22,56,59,59,58,59,59,25,25,15,15,30,32,32,69,69,69,30],"gold":258,"neow_bonus":"THREE_ENEMY_KILL","is_daily":false,"chose_seed":false,"campfire_upgraded":4,"win_rate":0.0,"timestamp":1611739730,"path_taken":["M","?","?","M","?","E","?","E","T","E","?","?","E","?","R","BOSS","M","M","?","?","$","R","E","?","T","R","E","?","?","M","R","BOSS","M","M","?","?","$","E","R","E","T","?","M","?","$","E","R","BOSS"],"items_purchased_type":["Relic","Relic","Relic","Relic","Relic","Relic","Relic","Relic"],"build_version":"2020-12-22","purchased_purges":5,"victory":true,"max_hp_per_floor":[72,72,72,72,75,75,75,75,75,75,75,75,75,75,75,70,55,58,58,58,58,58,58,53,53,53,53,56,56,56,56,56,56,56,59,59,59,59,59,59,59,62,62,62,62,62,69,69,69,69],"card_choices":[{"not_picked":[],"picked":"Bomb","floor":0},{"not_picked":["Bomb","Meditate"],"picked":"Worship","floor":1},{"not_picked":["Meditate","ClearTheMind"],"picked":"Omniscience","floor":4},{"not_picked":["ClearTheMind","EmptyBody"],"picked":"CrushJoints","floor":5},{"not_picked":["ClearTheMind","FlurryOfBlows"],"picked":"SashWhip","floor":6},{"not_picked":["EmptyFist","PathToVictory"],"picked":"BattleHymn","floor":7},{"not_picked":["JustLucky","EmptyFist"],"picked":"Halt","floor":8},{"not_picked":["FollowUp","Wireheading"],"picked":"MasterReality","floor":10},{"not_picked":["Study","ClearTheMind"],"picked":"ForeignInfluence","floor":13},{"not_picked":["ConjureBlade","SpiritShield"],"picked":"Brilliance","floor":16},{"not_picked":["Protect","SashWhip+1","FlyingSleeves"],"picked":"SKIP","floor":18},{"not_picked":["WheelKick","EmptyFist"],"picked":"Prostrate","floor":19},{"not_picked":["SashWhip+1","InnerPeace","Wallop+1"],"picked":"SKIP","floor":24},{"not_picked":["BattleHymn","Study"],"picked":"Pray","floor":28},{"not_picked":["ThirdEye+1","BattleHymn"],"picked":"Worship","floor":29},{"not_picked":["FearNoEvil+1","FollowUp+1"],"picked":"Consecrate+1","floor":31},{"not_picked":["Scrawl","Blasphemy"],"picked":"LessonLearned+1","floor":33},{"not_picked":["FollowUp+1","Wireheading","FlurryOfBlows+1"],"picked":"SKIP","floor":35},{"not_picked":["ThirdEye","SashWhip+1","PathToVictory+1"],"picked":"SKIP","floor":36},{"not_picked":["FlurryOfBlows+1","Protect","SashWhip+1"],"picked":"SKIP","floor":37},{"not_picked":["FearNoEvil+1","Crescendo","EmptyFist+1"],"picked":"SKIP","floor":38},{"not_picked":["WindmillStrike+1","LikeWater+1"],"picked":"Collect+1","floor":40},{"not_picked":["Fasting2","Wireheading+1"],"picked":"ConjureBlade","floor":42},{"not_picked":["PathToVictory+1","Meditate+1","LikeWater"],"picked":"SKIP","floor":45},{"not_picked":["TalkToTheHand+1","CrushJoints+1"],"picked":"Prostrate","floor":48}],"player_experience":99987,"relics_obtained":[{"floor":6,"key":"SalivaCoin"},{"floor":8,"key":"Oddly Smooth Stone"},{"floor":9,"key":"PreservedInsect"},{"floor":10,"key":"AnarchistCookbook"},{"floor":13,"key":"GnawedLeaf"},{"floor":14,"key":"MealTicket"},{"floor":20,"key":"Red Mask"},{"floor":24,"key":"Molten Egg 2"},{"floor":26,"key":"SharpPlug"},{"floor":28,"key":"Toy Ornithopter"},{"floor":40,"key":"SteamSale"},{"floor":42,"key":"Shovel"},{"floor":43,"key":"Lantern"},{"floor":48,"key":"Turnip"},{"floor":49,"key":"HornCleat"}],"event_choices":[{"cards_removed":["Strike_P"],"damage_healed":0,"gold_gain":0,"player_choice":"Card Removal","damage_taken":0,"max_hp_gain":0,"max_hp_loss":0,"event_name":"The Cleric","floor":2,"gold_loss":50},{"damage_healed":0,"gold_gain":0,"player_choice":"Take Damage","damage_taken":18,"relics_obtained":["Golden Idol"],"max_hp_gain":0,"max_hp_loss":0,"event_name":"Golden Idol","floor":3,"gold_loss":0},{"damage_healed":0,"gold_gain":0,"player_choice":"Fought Bandits","damage_taken":0,"max_hp_gain":0,"max_hp_loss":0,"event_name":"Masked Bandits","floor":20,"gold_loss":0},{"damage_healed":0,"gold_gain":0,"cards_transformed":["Omniscience","CrushJoints"],"player_choice":"Became Test Subject","damage_taken":0,"max_hp_gain":0,"max_hp_loss":0,"event_name":"Drug Dealer","floor":25,"gold_loss":0,"cards_obtained":["DeceiveReality","Judgement"]},{"damage_healed":0,"gold_gain":100,"player_choice":"Pray","damage_taken":0,"max_hp_gain":0,"max_hp_loss":0,"event_name":"Golden Shrine","floor":46,"gold_loss":0}],"is_beta":false,"boss_relics":[{"not_picked":["Empty Cage","Philosopher\u0027s Stone"],"picked":"Pandora\u0027s Box"},{"not_picked":[]},{"not_picked":["Black Star","Runic Dome"],"picked":"Coffee Dripper"},{"not_picked":[]}],"items_purged_floors":[12,30,39,44,47],"is_endless":false,"potions_floor_spawned":[4,6,7,13,20,24,28,33,37,42,45,48],"ascension_level":2}}