{"host":"61r95uy0hn86b9iu","time":1611716610,"event":{"mods":["AchievementEnabler","BaseMod","Better Vampires","BetterRewards","Colored Powertips","Hubris","Minty Spire (QoL Compilation)","Shop Mod","StSLib"],"gold_per_floor":[119,131,47,47,47,79,79,99,99,99,24,24,41,41,41,118,118,237,237,15,26,39,39,67,90,90,102,102,102],"floor_reached":28,"language":"ENG","playtime":1052,"items_purged":["Strike_B","Writhe"],"score":638,"play_id":"bbc9e2a7-0279-45e4-bdb8-603b0f937c01","local_time":"20210126210330","is_ascension_mode":true,"campfire_choices":[{"floor":7.0,"key":"REST"},{"data":"Defragment","floor":10.0,"key":"SMITH"},{"data":"Reinforced Body","floor":15.0,"key":"SMITH"},{"floor":23,"key":"REST"}],"circlet_count":0,"master_deck":["AscendersBane","Strike_B","Strike_B","Strike_B","Defend_B","Defend_B","Defend_B","Defend_B","Zap","Dualcast","Capacitor","BootSequence","Streamline+1","Sunder","Sunder","Defragment+1","Reinforced Body+1","Chill","Meteor Strike","Doom and Gloom","Go for the Eyes+1"],"relics":["Cracked Core","HandDrill","hubris:TenFootPole","MealTicket","Prayer Wheel","hubris:Icosahedron","Nuclear Battery","Pen Nib","Membership Card","Darkstone Periapt","DataDisk","Cables"],"acts_visited":["Exordium","TheCity"],"potions_floor_usage":[22,24,28],"damage_taken":[{"damage":10.0,"enemies":"Small Slimes","floor":1.0,"turns":3.0},{"damage":2.0,"enemies":"Jaw Worm","floor":2.0,"turns":4.0},{"damage":18.0,"enemies":"Lagavulin","floor":6.0,"turns":4.0},{"damage":0.0,"enemies":"2 Louse","floor":8.0,"turns":1.0},{"damage":1.0,"enemies":"Looter","floor":13.0,"turns":2.0},{"damage":36.0,"enemies":"Slime Boss","floor":16.0,"turns":8.0},{"damage":27.0,"enemies":"3 Byrds","floor":18.0,"turns":6.0},{"damage":8.0,"enemies":"2 Thieves","floor":21.0,"turns":3.0},{"damage":4,"enemies":"Sentry and Sphere","floor":22,"turns":6},{"damage":28,"enemies":"Slavers","floor":24,"turns":8},{"damage":20,"enemies":"Cultist and Chosen","floor":27,"turns":6},{"damage":13,"enemies":"Centurion and Healer","floor":28,"turns":2}],"seed_played":"4819768521682883189","potions_obtained":[{"floor":2.0,"key":"SkillPotion"},{"floor":6.0,"key":"ColorlessPotion"},{"floor":13.0,"key":"BlessingOfTheForge"},{"floor":16.0,"key":"EssenceOfSteel"},{"floor":22,"key":"EssenceOfSteel"},{"floor":27,"key":"DuplicationPotion"}],"is_trial":false,"path_per_floor":["M","M","$","?","?","E","R","M","T","R","$","?","M","?","R","B",null,"M","?","$","M","M","R","E","T","T","M","M"],"character_chosen":"DEFECT","items_purchased":["Capacitor","HandDrill","Sunder","Membership Card"],"campfire_rested":2,"item_purchase_floors":[0,0,3,20],"current_hp_per_floor":[54,52,52,52,52,34,55,55,55,55,70,62,61,61,61,25,60,33,33,48,40,36,57,29,29,29,9,0,0],"gold":102,"neow_bonus":"","is_daily":false,"chose_seed":false,"campfire_upgraded":2,"win_rate":0.0,"timestamp":1611716610,"path_taken":["M","M","$","?","?","E","R","M","T","R","?","?","M","?","R","BOSS","M","?","$","M","M","R","E","?","T","M","M"],"items_purchased_type":["Card","Relic","Card","Relic"],"build_version":"2020-12-22","purchased_purges":2,"victory":false,"max_hp_per_floor":[71,71,71,71,71,71,71,71,71,71,71,71,71,71,71,71,71,71,71,71,71,71,71,71,71,71,71,71,71],"card_choices":[{"not_picked":["Steam","Redo"],"picked":"BootSequence","floor":1.0},{"not_picked":["Steam","Capacitor"],"picked":"Streamline","floor":2.0},{"not_picked":["Barrage","Rip and Tear","Lockon"],"picked":"SKIP","floor":6.0},{"not_picked":["Streamline","Chaos"],"picked":"Defragment","floor":8.0},{"not_picked":["Conserve Battery","Compile Driver"],"picked":"Reinforced Body","floor":13.0},{"not_picked":["Ball Lightning","Leap","Scrape"],"picked":"SKIP","floor":13.0},{"not_picked":["Rip and Tear","BootSequence"],"picked":"Chill","floor":18.0},{"not_picked":["Steam","Rebound","Hologram"],"picked":"SKIP","floor":18.0},{"not_picked":["Sweeping Beam","Go for the Eyes","Hologram"],"picked":"SKIP","floor":21.0},{"not_picked":["Go for the Eyes","Steam","Turbo"],"picked":"SKIP","floor":21.0},{"not_picked":["Skim+1","Chill"],"picked":"Meteor Strike","floor":22},{"not_picked":["Stack","Reinforced Body","Recycle+1"],"picked":"SKIP","floor":22},{"not_picked":["Auto Shields","Beam Cell"],"picked":"Doom and Gloom","floor":24},{"not_picked":["Barrage","Streamline+1"],"picked":"Go for the Eyes+1","floor":27},{"not_picked":["Leap","Darkness","Rebound"],"picked":"SKIP","floor":27}],"player_experience":3317365,"relics_obtained":[{"floor":6.0,"key":"hubris:TenFootPole"},{"floor":9.0,"key":"MealTicket"},{"floor":24,"key":"Darkstone Periapt"},{"floor":25,"key":"DataDisk"},{"floor":26,"key":"Cables"}],"event_choices":[{"damage_healed":0.0,"max_hp_gain":0.0,"max_hp_loss":0.0,"gold_gain":0.0,"event_name":"Living Wall","player_choice":"Grow","floor":4.0,"gold_loss":0.0,"damage_taken":0.0,"cards_upgraded":["Streamline"]},{"damage_healed":0.0,"max_hp_gain":0.0,"max_hp_loss":0.0,"gold_gain":0.0,"event_name":"Scrap Ooze","player_choice":"Success","floor":12.0,"gold_loss":0.0,"damage_taken":18.0,"relics_obtained":["Prayer Wheel"]},{"damage_healed":0.0,"max_hp_gain":0.0,"max_hp_loss":0.0,"gold_gain":0.0,"event_name":"The Mausoleum","player_choice":"Opened","floor":19.0,"gold_loss":0.0,"damage_taken":0.0,"relics_obtained":["Pen Nib"],"cards_obtained":["Writhe"]}],"is_beta":false,"boss_relics":[{"not_picked":["hubris:BlackHole","hubris:CrackedHourglass"],"picked":"Nuclear Battery"}],"items_purged_floors":[11,20],"is_endless":false,"potions_floor_spawned":[2,6,13,16,22,27],"killed_by":"Centurion and Healer","ascension_level":18}}