{"host":"8uihyzx2cncbsjod","time":1611772090,"event":{"mods":["BaseMod","Custom Start","Downfall","Hermit","Minty Spire (QoL Compilation)","StSLib","egg"],"gold_per_floor":[99,99,116,116,116,148,148,19,169,187,207,224,224,236,255,255,255,255],"floor_reached":16,"language":"ENG","playtime":948,"items_purged":["Slimebound:Strike_Slimebound"],"score":102,"play_id":"af8747d1-a6d5-4c8c-9d81-2b04ba84338c","local_time":"20210127132810","is_ascension_mode":false,"campfire_choices":[{"data":"Slimebound:Split","floor":1,"key":"SMITH"},{"floor":13,"key":"REST"}],"circlet_count":0,"master_deck":["Slimebound:Strike_Slimebound","Slimebound:Tackle","Slimebound:Defend_Slimebound","Slimebound:Defend_Slimebound","Slimebound:Defend_Slimebound","Slimebound:Defend_Slimebound","Slimebound:Split+1","Slimebound:CorrosiveSpit","downfall:Haunted","downfall:Haunted","Slimebound:FirmFortitude","downfall:Aged","Slimebound:RainOfGoop","Slimebound:Dissolve","Slimebound:MegaLick","Slimebound:Recollect","Slimebound:ForwardTackle","Slimebound:SplitLeeching","Slimebound:SlimeSpikes","Slimebound:Schlurp"],"relics":["Slimebound:AbsorbEndCombat","Dead Branch","Du-Vu Doll","Sundial"],"acts_visited":["Exordium"],"potions_floor_usage":[],"damage_taken":[{"damage":5,"enemies":"Jaw Worm","floor":3,"turns":5},{"damage":15,"enemies":"3 Sentries","floor":6,"turns":5},{"damage":3,"enemies":"downfall:FleeingMerchant","floor":8,"turns":4},{"damage":3,"enemies":"Small Slimes","floor":10,"turns":4},{"damage":8,"enemies":"2 Louse","floor":11,"turns":2},{"damage":22,"enemies":"Exordium Thugs","floor":12,"turns":4},{"damage":23,"enemies":"Lots of Slimes","floor":14,"turns":4},{"damage":0,"enemies":"Blue Slaver","floor":15,"turns":2},{"damage":24,"enemies":"DF_ARCHETYPE_STREAMLINE","floor":16,"turns":3}],"seed_played":"3367943775732484590","potions_obtained":[{"floor":6,"key":"Slimebound:SpawnSlimePotion"},{"floor":11,"key":"SpeedPotion"},{"floor":15,"key":"BlessingOfTheForge"}],"is_trial":false,"path_per_floor":["R","?","M","?","?","E","T","$","?","M","M","M","R","M","M","B"],"character_chosen":"SLIMEBOUND","items_purchased":["Slimebound:Recollect"],"campfire_rested":1,"item_purchase_floors":[8],"current_hp_per_floor":[47,52,47,47,47,34,34,39,39,38,32,14,35,16,20,0,0,0],"gold":255,"neow_bonus":"ONE_RARE_RELIC","is_daily":false,"chose_seed":false,"campfire_upgraded":1,"win_rate":0.0,"timestamp":1611772090,"path_taken":["R","?","M","?","?","E","T","$","?","M","?","M","R","M","M","BOSS"],"items_purchased_type":["Card"],"build_version":"2020-12-22","purchased_purges":1,"victory":false,"max_hp_per_floor":[65,70,70,70,70,70,70,70,70,70,70,70,70,70,70,70,70,70],"card_choices":[{"not_picked":["Slimebound:SamplingLick","Slimebound:Schlurp"],"picked":"Slimebound:RainOfGoop","floor":3},{"not_picked":["Slimebound:ProtectTheBoss","Slimebound:Schlurp"],"picked":"Slimebound:Dissolve","floor":6},{"not_picked":["Slimebound:FinishingTackle","Slimebound:SpikyOuterGoop"],"picked":"Slimebound:MegaLick","floor":8},{"not_picked":["Slimebound:PressTheAttack","Slimebound:SplitAcid"],"picked":"Slimebound:ForwardTackle","floor":10},{"not_picked":["Slimebound:ItLooksTasty","Slimebound:FirmFortitude"],"picked":"Slimebound:SplitLeeching","floor":11},{"not_picked":["Slimebound:SplitMire","Slimebound:RejuvenatingLick"],"picked":"Slimebound:SlimeSpikes","floor":12},{"not_picked":["Slimebound:GoopTackle","Slimebound:BestDefense"],"picked":"Slimebound:Schlurp","floor":14},{"not_picked":["Slimebound:RollThrough","Slimebound:DouseInSlime","Slimebound:GoopSpray"],"picked":"SKIP","floor":15}],"player_experience":623407,"relics_obtained":[{"floor":6,"key":"Sundial"},{"floor":7,"key":"Eternal Feather"}],"event_choices":[{"cards_removed":["Decay"],"damage_healed":0,"gold_gain":0,"player_choice":"Card Removal","damage_taken":0,"max_hp_gain":0,"max_hp_loss":0,"event_name":"The Cleric","floor":4,"gold_loss":0}],"is_beta":false,"boss_relics":[],"items_purged_floors":[8],"is_endless":false,"potions_floor_spawned":[6,11,15],"killed_by":"DF_ARCHETYPE_STREAMLINE","ascension_level":0}}