{"host":"va904f3s24glxxej","time":1611772636,"event":{"mods":["AchievementEnabler","BaseMod","Colored Powertips","Downfall","Hubris","Minty Spire (QoL Compilation)","Replay The Spire","StSLib","The Necromancer"],"gold_per_floor":[99,99,99,4,19,35,58,75,95,107,124,124,159,159,169,169,169,169],"floor_reached":16,"language":"ENG","playtime":788,"items_purged":[],"score":109,"play_id":"de8987f0-13db-4fd7-8253-65947dd81872","local_time":"20210127183716","is_ascension_mode":true,"campfire_choices":[{"data":"bronze:Replicate","floor":1,"key":"SMITH"},{"floor":12,"key":"REST"}],"circlet_count":0,"master_deck":["bronze:Strike","bronze:Strike","bronze:Strike","bronze:Strike","bronze:Defend","bronze:Defend","bronze:Defend","bronze:Defend","bronze:Replicate+1","bronze:Goto","bronze:DelayedGuard","bronze:DarkDash","bronze:WhirlingStrike","expansioncontent:PolyBeam","bronze:InfiniteBeams","bronze:Repair","bronze:CloningBeam","bronze:Constructor","bronze:BronzeOrb"],"relics":["bronze:BronzeCore","downfall:HeartsMalice","Bronze Scales","Replay:Ringing Soul"],"acts_visited":["Exordium"],"potions_floor_usage":[6,11],"damage_taken":[{"damage":0,"enemies":"Cultist","floor":2,"turns":1},{"damage":0,"enemies":"2 Louse","floor":3,"turns":1},{"damage":0,"enemies":"downfall:FleeingMerchant","floor":4,"turns":1},{"damage":6,"enemies":"Jaw Worm","floor":5,"turns":3},{"damage":18,"enemies":"Lots of Slimes","floor":6,"turns":2},{"damage":7,"enemies":"Blue Slaver","floor":8,"turns":3},{"damage":36,"enemies":"Gremlin Gang","floor":9,"turns":3},{"damage":8,"enemies":"2 Fungi Beasts","floor":10,"turns":4},{"damage":2,"enemies":"Exordium Thugs","floor":11,"turns":5},{"damage":19,"enemies":"3 Sentries","floor":13,"turns":9},{"damage":9,"enemies":"3 Louse","floor":15,"turns":2},{"damage":20,"enemies":"IC_STATUS_ARCHETYPE","floor":16,"turns":2}],"seed_played":"-7890906549984202295","potions_obtained":[{"floor":5,"key":"GamblersBrew"},{"floor":9,"key":"Cursed Concoction"},{"floor":10,"key":"Block Potion"},{"floor":15,"key":"SpeedPotion"}],"is_trial":false,"path_per_floor":["R","M","M","$","M","M","T","M","M","M","M","R","E","?","M","B"],"character_chosen":"THE_AUTOMATON","items_purchased":["expansioncontent:PolyBeam"],"campfire_rested":1,"item_purchase_floors":[4],"current_hp_per_floor":[70,70,70,70,64,46,46,39,3,2,7,28,19,19,13,0,0,0],"gold":169,"neow_bonus":"THREE_ENEMY_KILL","is_daily":false,"chose_seed":false,"campfire_upgraded":1,"win_rate":0.0,"timestamp":1611772636,"path_taken":["R","M","M","?","M","M","T","M","?","M","M","R","E","?","M","BOSS"],"items_purchased_type":["Card"],"build_version":"2020-12-22","purchased_purges":0,"victory":false,"max_hp_per_floor":[70,70,70,70,70,70,70,70,70,70,70,70,73,73,76,76,76,76],"card_choices":[{"not_picked":["bronze:Allocate","bronze:BugBarrage"],"picked":"bronze:DelayedGuard","floor":2},{"not_picked":["bronze:BitShift","bronze:DelayedGuard"],"picked":"bronze:DarkDash","floor":3},{"not_picked":["bronze:BitShift","bronze:Allocate"],"picked":"bronze:WhirlingStrike","floor":4},{"not_picked":["bronze:Deprecate","bronze:Frontload"],"picked":"bronze:InfiniteBeams","floor":5},{"not_picked":["bronze:Fortify","bronze:ClassDefault","bronze:WhirlingStrike"],"picked":"SKIP","floor":6},{"not_picked":["bronze:Overheat","bronze:ThunderWave","bronze:Deprecate"],"picked":"SKIP","floor":8},{"not_picked":["bronze:Return","bronze:WhirlingStrike"],"picked":"bronze:Repair","floor":9},{"not_picked":["bronze:Branch","bronze:Fortify","bronze:CutThrough"],"picked":"SKIP","floor":10},{"not_picked":["bronze:Overheat","bronze:BuggyMess"],"picked":"bronze:CloningBeam","floor":11},{"not_picked":["bronze:Iterate","bronze:Fortify"],"picked":"bronze:Constructor","floor":13},{"not_picked":["bronze:Backtrace","bronze:HyperBeam"],"picked":"bronze:BronzeOrb","floor":15}],"player_experience":768631,"relics_obtained":[{"floor":7,"key":"Bronze Scales"},{"floor":13,"key":"Replay:Ringing Soul"}],"event_choices":[{"damage_healed":0,"gold_gain":0,"player_choice":"Leave","damage_taken":0,"max_hp_gain":0,"max_hp_loss":0,"event_name":"FaceTrader","floor":14,"gold_loss":0}],"is_beta":false,"boss_relics":[],"items_purged_floors":[],"is_endless":false,"potions_floor_spawned":[5,9,10,15],"killed_by":"IC_STATUS_ARCHETYPE","ascension_level":1}}