{"host":"qxeepl7ydvsgmfdb","time":1611727236,"event":{"mods":["AchievementEnabler","BaseMod","Colored Powertips","Minty Spire (QoL Compilation)","Quick Restart","slay the spire mod where everything is the same but ironclad has a cowboy hat"],"gold_per_floor":[110,110,185,37,57,87,87,87,87,105,105,119,149,160,160,264,264,283,308,64,64,82,82,101,128,178,93,93,93,93,121,121,220,220,231,231,245,245,245,245,245],"floor_reached":40,"language":"ENG","playtime":1026,"items_purged":["Strike_G"],"score":747,"play_id":"5a9958cf-8a13-435e-aa6f-d3ea06f8c753","local_time":"20210127010036","is_ascension_mode":true,"campfire_choices":[{"floor":8.0,"key":"REST"},{"data":"Cloak And Dagger","floor":11.0,"key":"SMITH"},{"floor":15.0,"key":"REST"},{"data":"Venomology","floor":23.0,"key":"SMITH"},{"floor":28.0,"key":"REST"},{"data":"Deadly Poison","floor":30.0,"key":"SMITH"},{"data":"Neutralize","floor":32.0,"key":"SMITH"}],"circlet_count":0,"master_deck":["AscendersBane","Strike_G+1","Strike_G","Strike_G","Strike_G","Defend_G","Defend_G","Defend_G+1","Defend_G","Defend_G","Survivor","Cloak And Dagger+1","Blade Dance","Noxious Fumes+1","Corpse Explosion","Venomology+1","Cloak And Dagger","Deadly Poison+1","All Out Attack","Poisoned Stab","Poisoned Stab","Envenom+1","Blind","Deadly Poison+1"],"relics":["Ring of the Snake","NeowsBlessing","Vajra","Mercury Hourglass","Pantograph","Centennial Puzzle","Frozen Egg 2","Boot","MealTicket","Nunchaku","Ornamental Fan","Oddly Smooth Stone","Blood Vial","Bronze Scales","WristBlade"],"acts_visited":["Exordium","TheCity","TheBeyond"],"potions_floor_usage":[40],"damage_taken":[{"damage":0.0,"enemies":"Jaw Worm","floor":1.0,"turns":1.0},{"damage":0.0,"enemies":"2 Louse","floor":5.0,"turns":1.0},{"damage":0.0,"enemies":"Lagavulin","floor":6.0,"turns":1.0},{"damage":4.0,"enemies":"Small Slimes","floor":10.0,"turns":2.0},{"damage":0.0,"enemies":"Blue Slaver","floor":12.0,"turns":3.0},{"damage":12.0,"enemies":"Gremlin Nob","floor":13.0,"turns":3.0},{"damage":1.0,"enemies":"Red Slaver","floor":14.0,"turns":3.0},{"damage":24.0,"enemies":"Hexaghost","floor":16.0,"turns":8.0},{"damage":16.0,"enemies":"Chosen","floor":18.0,"turns":6.0},{"damage":0.0,"enemies":"3 Byrds","floor":22.0,"turns":2.0},{"damage":19.0,"enemies":"Snecko","floor":24.0,"turns":4.0},{"damage":0.0,"enemies":"Gremlin Leader","floor":25.0,"turns":7.0},{"damage":7.0,"enemies":"Slavers","floor":31.0,"turns":4.0},{"damage":57.0,"enemies":"Champ","floor":33.0,"turns":10.0},{"damage":30.0,"enemies":"3 Darklings","floor":35.0,"turns":3.0},{"damage":7.0,"enemies":"3 Shapes","floor":37.0,"turns":4.0},{"damage":0.0,"enemies":"Spire Growth","floor":39.0,"turns":1.0},{"damage":30,"enemies":"Nemesis","floor":40,"turns":2}],"seed_played":"-6495219130453857908","potions_obtained":[{"floor":6.0,"key":"Swift Potion"},{"floor":10.0,"key":"SkillPotion"},{"floor":13.0,"key":"PowerPotion"},{"floor":14.0,"key":"CunningPotion"},{"floor":22.0,"key":"SpeedPotion"},{"floor":24.0,"key":"SkillPotion"},{"floor":35.0,"key":"Explosive Potion"}],"is_trial":false,"path_per_floor":["M","?","?","$","M","E","?","R","T","M","R","M","E","M","R","B",null,"M","T","$","?","M","R","M","E","T","?","R","$","R","E","R","B",null,"M","?","M","?","M","E"],"character_chosen":"THE_SILENT","items_purchased":["Vajra","MealTicket","Deadly Poison"],"campfire_rested":3,"item_purchase_floors":[4,20,20],"current_hp_per_floor":[63,49,38,38,38,38,26,47,47,43,43,43,31,30,51,46,64,48,48,48,48,48,48,29,29,29,29,50,65,65,60,60,13,56,28,28,23,23,25,0,0],"gold":245,"neow_bonus":"THREE_ENEMY_KILL","is_daily":false,"chose_seed":false,"campfire_upgraded":4,"win_rate":0.0,"timestamp":1611727236,"path_taken":["M","?","?","?","M","E","?","R","T","?","R","M","E","M","R","BOSS","M","?","$","?","M","R","?","E","T","?","R","$","R","E","R","BOSS","M","?","M","?","M","E"],"items_purchased_type":["Relic","Relic","Card"],"build_version":"2020-12-22","purchased_purges":1,"victory":false,"max_hp_per_floor":[70,70,70,70,70,70,70,70,70,70,70,70,70,70,70,70,70,70,70,70,70,70,70,70,70,70,70,70,70,70,70,70,70,70,70,70,70,70,70,70,70],"card_choices":[{"not_picked":["Acrobatics","Prepared","Sucker Punch"],"picked":"SKIP","floor":1.0},{"not_picked":["Outmaneuver","Dagger Throw","Leg Sweep"],"picked":"SKIP","floor":5.0},{"not_picked":["Tools of the Trade","Poisoned Stab"],"picked":"Cloak And Dagger","floor":6.0},{"not_picked":["Prepared","Well Laid Plans","PiercingWail"],"picked":"SKIP","floor":10.0},{"not_picked":["Underhanded Strike","Prepared"],"picked":"Blade Dance","floor":12.0},{"not_picked":["Eviscerate","Riddle With Holes"],"picked":"Noxious Fumes+1","floor":13.0},{"not_picked":["Dagger Spray","All Out Attack"],"picked":"Corpse Explosion","floor":14.0},{"not_picked":["Storm of Steel","Doppelganger"],"picked":"Venomology","floor":16.0},{"not_picked":["Tactician","Calculated Gamble"],"picked":"Cloak And Dagger","floor":18.0},{"not_picked":["Flechettes+1","Underhanded Strike"],"picked":"All Out Attack","floor":22.0},{"not_picked":["Outmaneuver","Expertise"],"picked":"Poisoned Stab","floor":24.0},{"not_picked":["Wraith Form v2+1","Doppelganger"],"picked":"Poisoned Stab","floor":25.0},{"not_picked":["Sucker Punch","Quick Slash","A Thousand Cuts+1"],"picked":"SKIP","floor":31.0},{"not_picked":["Tools of the Trade+1","Night Terror"],"picked":"Envenom+1","floor":33.0},{"not_picked":["Terror","Prepared+1","Noxious Fumes+1"],"picked":"SKIP","floor":35.0},{"not_picked":["Thinking Ahead","Panacea"],"picked":"Blind","floor":36.0},{"not_picked":["Quick Slash+1","Sucker Punch"],"picked":"Deadly Poison+1","floor":37.0}],"player_experience":227543,"relics_obtained":[{"floor":6.0,"key":"Mercury Hourglass"},{"floor":9.0,"key":"Centennial Puzzle"},{"floor":13.0,"key":"Frozen Egg 2"},{"floor":19.0,"key":"Boot"},{"floor":25.0,"key":"Ornamental Fan"},{"floor":26.0,"key":"Oddly Smooth Stone"},{"floor":31.0,"key":"Bronze Scales"}],"event_choices":[{"damage_healed":0.0,"max_hp_gain":0.0,"max_hp_loss":0.0,"gold_gain":0.0,"event_name":"Shining Light","player_choice":"Entered Light","floor":2.0,"gold_loss":0.0,"damage_taken":14.0,"cards_upgraded":["Strike_G","Defend_G"]},{"damage_healed":0.0,"max_hp_gain":0.0,"max_hp_loss":0.0,"gold_gain":75.0,"event_name":"World of Goop","player_choice":"Gather Gold","floor":3.0,"gold_loss":0.0,"damage_taken":11.0},{"damage_healed":0.0,"max_hp_gain":0.0,"max_hp_loss":0.0,"gold_gain":0.0,"event_name":"Scrap Ooze","player_choice":"Success","floor":7.0,"gold_loss":0.0,"damage_taken":12.0,"relics_obtained":["Pantograph"]},{"damage_healed":0.0,"max_hp_gain":0.0,"max_hp_loss":0.0,"gold_gain":0.0,"event_name":"WeMeetAgain","player_choice":"Gave Potion","floor":21.0,"gold_loss":0.0,"damage_taken":0.0,"relics_obtained":["Nunchaku"]},{"damage_healed":0.0,"max_hp_gain":0.0,"max_hp_loss":0.0,"gold_gain":0.0,"event_name":"Addict","player_choice":"Obtained Relic","floor":27.0,"gold_loss":85.0,"damage_taken":0.0,"relics_obtained":["Blood Vial"]},{"damage_healed":0.0,"max_hp_gain":0.0,"max_hp_loss":0.0,"gold_gain":0.0,"event_name":"SensoryStone","player_choice":"Memory 1","floor":36.0,"gold_loss":0.0,"damage_taken":0.0},{"cards_removed":["Neutralize"],"damage_healed":0.0,"max_hp_gain":0.0,"max_hp_loss":0.0,"gold_gain":0.0,"event_name":"Falling","player_choice":"Removed Attack","floor":38.0,"gold_loss":0.0,"damage_taken":0.0}],"is_beta":false,"boss_relics":[{"not_picked":["Tiny House","Ectoplasm","Coffee Dripper"]},{"not_picked":["Black Star","Pandora\u0027s Box"],"picked":"WristBlade"}],"items_purged_floors":[20],"is_endless":false,"potions_floor_spawned":[6,10,13,14,22,24,25,35,39],"killed_by":"Nemesis","ascension_level":11}}