{"host":"uvmuduost5bzvojs","time":1611731025,"event":{"mods":["Aspiration","Bard","BaseMod","Better Match","Block Reminder","Conspire","Hermit","Highlight Path","Hubris","Infinite Spire","Jorbs\u0027s Wanderer Trilogy","Mad Scientist","Marisa????????","Mimic Mod","Minty Spire (QoL Compilation)","Potionbrewer","Replay The Spire","Robot Space Explorer","StSLib","The Blackbeard","The Construct","The Cursed","The Disciple","The Hayseed","The Hierophant","The Juggle","The Jungle","The Poker Player","The Runesmith","The Servant 0.9.4","The Spell Scribe","The Valiant","TheBandit"],"gold_per_floor":[111,111,111,167,167,167,202,202,202,245,307,340,391,316,316,465,465,552,552,827,975,668,708,708],"floor_reached":23,"language":"ENG","playtime":955,"items_purged":["hierophant:Strike_Hierophant","hierophant:Strike_Hierophant"],"score":264,"play_id":"964ac26e-881d-4f36-9640-ffb3b6b6ca98","local_time":"20210127020345","is_ascension_mode":false,"campfire_choices":[{"data":"ReplayTheSpireMod:Haul","floor":6,"key":"SMITH"},{"data":"hierophant:ConvertCurrency","floor":8,"key":"SMITH"}],"circlet_count":0,"master_deck":["hierophant:Embezzle","hierophant:Strike_Hierophant","hierophant:Punish","hierophant:Defend_Hierophant","hierophant:Defend_Hierophant","hierophant:Defend_Hierophant","hierophant:Defend_Hierophant","hierophant:ChurchCoffers","hierophant:Doubloon","hierophant:CoinFling","ReplayTheSpireMod:Haul+1","hierophant:Doubloon","hierophant:Remorse","hierophant:Doubloon","hierophant:ConvertCurrency+1","hierophant:SecretStash","hierophant:DivineIntervention+1","hierophant:BulkyChest+1","CurseOfTheBell","Regret","hierophant:OrnateBuckler","hierophant:RustyCrate+1","hierophant:Doubloon+1","hierophant:Doubloon+1","Impatience+1"],"relics":["hierophant:PropheticMaskRelic","aspiration:DSix","Runesmith:Nanobots","infinitespire:Midas Blood","Golden Idol","Golden Egg","Calling Bell","Gremlin Food","infinitespire:Eraser","WingedGreaves","Replay:Wax Seal"],"acts_visited":["Exordium","TheCity"],"potions_floor_usage":[10,16,16,23],"damage_taken":[{"damage":1,"enemies":"Jaw Worm","floor":1,"turns":3},{"damage":0,"enemies":"Small Slimes","floor":7,"turns":2},{"damage":0,"enemies":"Gremlin Nob","floor":10,"turns":2},{"damage":0,"enemies":"2 Louse","floor":11,"turns":2},{"damage":0,"enemies":"2 Fungi Beasts","floor":12,"turns":2},{"damage":12,"enemies":"3 Louse","floor":13,"turns":2},{"damage":41,"enemies":"Fading Forest","floor":16,"turns":11},{"damage":30,"enemies":"Spheric Guardian","floor":18,"turns":4},{"damage":32,"enemies":"3 Byrds","floor":21,"turns":3},{"damage":15,"enemies":"Slavers","floor":23,"turns":1}],"seed_played":"8851592712020507515","potions_obtained":[{"floor":7,"key":"Fire Potion"},{"floor":12,"key":"Elixir"},{"floor":13,"key":"Elixir"},{"floor":18,"key":"LifebloodPotion"}],"is_trial":false,"path_per_floor":["M","?","?","?","?","R","M","R","T","E","M","M","M","$","R","B",null,"M","?","?","M","$","E"],"character_chosen":"HIEROPHANT","items_purchased":["Replay:Wax Seal","hierophant:RustyCrate","Impatience"],"campfire_rested":0,"item_purchase_floors":[22,22,22],"current_hp_per_floor":[74,56,56,38,38,38,38,38,38,38,38,38,26,26,26,5,69,39,39,39,7,7,0,0],"gold":708,"neow_bonus":"DSIX","is_daily":false,"chose_seed":false,"campfire_upgraded":2,"win_rate":0.0,"timestamp":1611731025,"path_taken":["M","?","?","?","?","R","M","R","T","E","M","M","M","$","R","BOSS","M","?","?","M","$","E"],"items_purchased_type":["Relic","Card","Card"],"build_version":"2020-12-22","purchased_purges":2,"victory":false,"max_hp_per_floor":[75,75,75,75,69,69,69,69,69,69,69,69,69,69,69,69,69,69,69,69,69,69,69,69],"card_choices":[{"not_picked":["hierophant:Glossolalia","hierophant:DisplayOfPower"],"picked":"hierophant:CoinFling","floor":1},{"not_picked":["ReplayTheSpireMod:Echoes of Time","infinitespire:SevenWalls"],"picked":"ReplayTheSpireMod:Haul","floor":2},{"not_picked":["hierophant:HolyVerse","hierophant:DisplayOfPower"],"picked":"hierophant:Remorse","floor":4},{"not_picked":["hierophant:Smite","hierophant:OrnateBuckler"],"picked":"hierophant:ConvertCurrency","floor":7},{"not_picked":["hierophant:Purify","hierophant:Smite"],"picked":"hierophant:SecretStash","floor":10},{"not_picked":["hierophant:DisplayOfPower","hierophant:Purify","hierophant:Sermon"],"picked":"SKIP","floor":11},{"not_picked":["hierophant:Sermon","hierophant:SealAway","hierophant:HammerAndAnvil"],"picked":"SKIP","floor":12},{"not_picked":["hierophant:EyeForCoin","hierophant:Determination","hierophant:Purify"],"picked":"SKIP","floor":13},{"not_picked":["hierophant:MintersHammer","hierophant:Batter"],"picked":"hierophant:BulkyChest","floor":16},{"not_picked":["hierophant:DisplayOfPower","hierophant:HolyVerse+1","hierophant:SealAway"],"picked":"SKIP","floor":18},{"not_picked":["hierophant:Purify","hierophant:HammerAndAnvil"],"picked":"hierophant:OrnateBuckler","floor":21}],"player_experience":1845214,"relics_obtained":[{"floor":3,"key":"Runesmith:Nanobots"},{"floor":4,"key":"infinitespire:Midas Blood"},{"floor":10,"key":"Golden Egg"},{"floor":17,"key":"Gremlin Food"},{"floor":17,"key":"infinitespire:Eraser"},{"floor":17,"key":"WingedGreaves"}],"event_choices":[{"damage_healed":0,"gold_gain":0,"player_choice":"Lose Max HP","damage_taken":0,"relics_obtained":["Golden Idol"],"max_hp_gain":0,"max_hp_loss":6,"event_name":"Golden Idol","floor":5,"gold_loss":0},{"damage_healed":0,"gold_gain":275,"player_choice":"Desecrate","damage_taken":0,"max_hp_gain":0,"max_hp_loss":0,"event_name":"Golden Shrine","floor":20,"gold_loss":0,"cards_obtained":["Regret"]}],"is_beta":false,"boss_relics":[{"not_picked":["hubris:HollowSoul","Abe\u0027s Treasure"],"picked":"Calling Bell"}],"items_purged_floors":[14,22],"is_endless":false,"potions_floor_spawned":[7,12,13,18],"killed_by":"Slavers","ascension_level":0}}