{"host":"1s3zwrha01am7rbu","time":1611708231,"event":{"mods":["AchievementEnabler","BaseMod","Better Note","Block Reminder","Colored Map","Colored Powertips","Curses Come First","DeckTracker","Emptier Cage","Minty Spire (QoL Compilation)","Quick Restart","Rare Cards Sparkle","Relic Stats","StSLib","SuperFastMode","Uncapped","Unceasing Turn Reminder","everything is the same but u backflip on backflip"],"gold_per_floor":[118,136,152,171,190,190,365,365,365,365,380,405,355,375,375,480,480,490,490,501,334,349,349,364,364,364,364,389,389,402,327,327,425,425,440,440,64,83,103,128,144,144,170,170,170,170,170,2,2,2,2],"floor_reached":50,"language":"ENG","playtime":2230,"items_purged":["Strike_P","Strike_P+1","Parasite"],"score":482,"play_id":"fb823b04-4be5-4e53-a681-e2368919adea","local_time":"20210126194351","is_ascension_mode":false,"campfire_choices":[{"floor":6,"key":"REST"},{"floor":8,"key":"REST"},{"floor":10,"key":"REST"},{"data":"ForeignInfluence","floor":15,"key":"SMITH"},{"data":"DeceiveReality","floor":23,"key":"SMITH"},{"data":"DeusExMachina","floor":27,"key":"SMITH"},{"floor":29,"key":"REST"},{"data":"Eruption","floor":32,"key":"SMITH"},{"floor":42,"key":"REST"},{"floor":44,"key":"RECALL"},{"floor":47,"key":"REST"},{"data":"Establishment","floor":49,"key":"SMITH"}],"circlet_count":0,"master_deck":["Strike_P+1","Defend_P+1","Defend_P+1","Eruption+1","Vigilance+1","LessonLearned+1","ForeignInfluence+1","SandsOfTime+1","Establishment+1","DeceiveReality+1","SandsOfTime+1","ClearTheMind+1","DeusExMachina+1","Vault+1","MentalFortress+1","PathToVictory+1","DevaForm+1","Wireheading+1","Dramatic Entrance+1","Protect","FlyingSleeves+1","Establishment+1","Perseverance+1","FlyingSleeves+1","PathToVictory"],"relics":["PureWater","Mercury Hourglass","Odd Mushroom","SacredBark","GremlinMask","Molten Egg 2","Bottled Flame","Astrolabe","Membership Card","Bag of Marbles","Art of War","Strawberry","Bag of Preparation","Orrery"],"acts_visited":["Exordium","TheCity","TheBeyond"],"potions_floor_usage":[1,16,20,24,24,28,28,33,39,40],"damage_taken":[{"damage":7,"enemies":"Small Slimes","floor":1,"turns":6},{"damage":0,"enemies":"2 Louse","floor":2,"turns":3},{"damage":12,"enemies":"Jaw Worm","floor":3,"turns":10},{"damage":21,"enemies":"Large Slime","floor":4,"turns":7},{"damage":10,"enemies":"Lots of Slimes","floor":5,"turns":6},{"damage":5,"enemies":"Blue Slaver","floor":11,"turns":5},{"damage":16,"enemies":"The Mushroom Lair","floor":12,"turns":5},{"damage":6,"enemies":"Exordium Thugs","floor":14,"turns":4},{"damage":36,"enemies":"The Guardian","floor":16,"turns":10},{"damage":0,"enemies":"3 Byrds","floor":18,"turns":4},{"damage":1,"enemies":"2 Thieves","floor":20,"turns":4},{"damage":5,"enemies":"Snecko","floor":22,"turns":7},{"damage":2,"enemies":"Centurion and Healer","floor":24,"turns":5},{"damage":9,"enemies":"Book of Stabbing","floor":28,"turns":6},{"damage":14,"enemies":"3 Cultists","floor":30,"turns":4},{"damage":8,"enemies":"Automaton","floor":33,"turns":10},{"damage":8,"enemies":"3 Shapes","floor":35,"turns":4},{"damage":21,"enemies":"Orb Walker","floor":38,"turns":4},{"damage":17,"enemies":"Writhing Mass","floor":39,"turns":6},{"damage":47,"enemies":"Reptomancer","floor":40,"turns":8},{"damage":20,"enemies":"3 Darklings","floor":41,"turns":4},{"damage":82,"enemies":"Time Eater","floor":50,"turns":8}],"seed_played":"-2021747788745180221","potions_obtained":[{"floor":1,"key":"Fruit Juice"},{"floor":2,"key":"Explosive Potion"},{"floor":12,"key":"GamblersBrew"},{"floor":16,"key":"Fruit Juice"},{"floor":18,"key":"BlessingOfTheForge"},{"floor":20,"key":"EntropicBrew"},{"floor":22,"key":"Swift Potion"},{"floor":30,"key":"Fire Potion"},{"floor":39,"key":"ColorlessPotion"}],"is_trial":false,"path_per_floor":["M","M","M","M","M","R","?","R","T","R","M","?","?","M","R","B",null,"M","?","M","$","M","R","M","?","T","R","E","R","M","?","R","B",null,"M","?","$","M","M","E","M","R","T","R","?","?","R","$","R","B"],"character_chosen":"WATCHER","items_purchased":["SandsOfTime","ClearTheMind","Membership Card","Bag of Marbles","Art of War","Block Potion","Protect","Orrery"],"campfire_rested":6,"item_purchase_floors":[21,21,37,37,37,37,48,48],"current_hp_per_floor":[49,49,37,16,6,29,29,52,52,75,70,54,54,48,48,17,82,82,82,81,81,76,76,74,74,74,74,65,82,68,68,68,60,82,74,74,74,53,36,56,36,62,62,62,62,62,85,82,82,0,0],"gold":2,"neow_bonus":"THREE_RARE_CARDS","is_daily":false,"chose_seed":false,"campfire_upgraded":5,"win_rate":0.0,"timestamp":1611708231,"path_taken":["M","M","M","M","M","R","?","R","T","R","M","?","?","M","R","BOSS","M","?","?","$","M","R","M","?","T","R","E","R","M","?","R","BOSS","M","?","?","M","M","E","M","R","T","R","?","?","R","$","R","BOSS"],"items_purchased_type":["Card","Card","Relic","Relic","Relic","Potion","Card","Relic"],"build_version":"2020-12-22","purchased_purges":3,"victory":false,"max_hp_per_floor":[77,77,77,77,77,77,77,77,77,77,77,77,77,77,77,82,82,82,82,82,82,82,82,82,82,82,82,82,82,82,82,82,82,82,82,82,82,82,82,89,89,89,89,89,89,85,85,82,82,82,82],"relic_stats":{"counters":[22,129],"Astrolabe":["MentalFortress","PathToVictory","Weave"],"Art of War":[7],"Bag of Preparation":[2],"obtain_stats":[{"SacredBark":17,"Astrolabe":34,"GremlinMask":19,"Bag of Preparation":43,"Odd Mushroom":12,"Mercury Hourglass":9,"Bottled Flame":28,"Strawberry":40,"Orrery":48,"Molten Egg 2":26,"Bag of Marbles":37,"Art of War":37,"Membership Card":37,"PureWater":0},{"SacredBark":9,"Astrolabe":16,"GremlinMask":10,"Bag of Preparation":21,"Odd Mushroom":7,"Mercury Hourglass":5,"Bottled Flame":14,"Strawberry":20,"Orrery":21,"Molten Egg 2":13,"Bag of Marbles":17,"Art of War":17,"Membership Card":17,"PureWater":0},{"SacredBark":55,"Astrolabe":95,"GremlinMask":59,"Bag of Preparation":121,"Odd Mushroom":41,"Mercury Hourglass":32,"Bottled Flame":81,"Strawberry":117,"Orrery":121,"Molten Egg 2":75,"Bag of Marbles":99,"Art of War":99,"Membership Card":99,"PureWater":0}],"Mercury Hourglass":[409]},"card_choices":[{"not_picked":["SpiritShield","Devotion"],"picked":"LessonLearned","floor":0},{"not_picked":["Wallop","FlurryOfBlows","Nirvana"],"picked":"SKIP","floor":1},{"not_picked":["FollowUp","CutThroughFate"],"picked":"JustLucky","floor":2},{"not_picked":["Crescendo","SashWhip","Indignation"],"picked":"SKIP","floor":3},{"not_picked":["FlurryOfBlows","BowlingBash"],"picked":"ForeignInfluence","floor":4},{"not_picked":["FollowUp","Prostrate"],"picked":"SandsOfTime","floor":5},{"not_picked":["Pray","BattleHymn","Blasphemy"],"picked":"SKIP","floor":11},{"not_picked":["ThirdEye","Tantrum","Crescendo"],"picked":"SKIP","floor":14},{"not_picked":["DevaForm","Omniscience"],"picked":"Establishment","floor":16},{"not_picked":["Halt","Evaluate+1"],"picked":"DeceiveReality","floor":18},{"not_picked":["Adaptation","PathToVictory+1","Prostrate"],"picked":"SKIP","floor":20},{"not_picked":["Consecrate","MentalFortress","EmptyBody"],"picked":"SKIP","floor":22},{"not_picked":["Conclude","JustLucky+1"],"picked":"DeusExMachina","floor":24},{"not_picked":["Conclude+1","SignatureMove+1","TalkToTheHand+1"],"picked":"SKIP","floor":28},{"not_picked":["JustLucky+1","DeceiveReality","Fasting2"],"picked":"SKIP","floor":30},{"not_picked":["Blasphemy","Brilliance+1"],"picked":"Vault","floor":33},{"not_picked":["SashWhip+1","Evaluate+1","Adaptation"],"picked":"SKIP","floor":35},{"not_picked":["Weave+1","CrushJoints+1"],"picked":"Wireheading","floor":38},{"not_picked":["ClearTheMind+1","Sanctity+1","Prostrate+1"],"picked":"SKIP","floor":39},{"not_picked":["DeceiveReality","MasterReality","Evaluate"],"picked":"SKIP","floor":40},{"not_picked":["Vengeance","Indignation","BowlingBash+1"],"picked":"SKIP","floor":41},{"not_picked":["Vengeance","Indignation","BowlingBash+1"],"picked":"SKIP","floor":41},{"not_picked":["Master of Strategy","Thinking Ahead"],"picked":"Dramatic Entrance+1","floor":45},{"not_picked":["Consecrate+1","SignatureMove+1"],"picked":"FlyingSleeves+1","floor":48},{"not_picked":["Wallop+1","Crescendo"],"picked":"Establishment","floor":48},{"not_picked":["Tantrum+1","Evaluate"],"picked":"Perseverance+1","floor":48},{"not_picked":["FlurryOfBlows+1","BowlingBash+1"],"picked":"FlyingSleeves+1","floor":48},{"not_picked":["WaveOfTheHand+1","SashWhip+1"],"picked":"PathToVictory","floor":48}],"player_experience":195157,"relics_obtained":[{"floor":9,"key":"Mercury Hourglass"},{"floor":12,"key":"Odd Mushroom"},{"floor":26,"key":"Molten Egg 2"},{"floor":28,"key":"Bottled Flame"},{"floor":40,"key":"Strawberry"},{"floor":43,"key":"Bag of Preparation"}],"event_choices":[{"damage_healed":0,"gold_gain":175,"player_choice":"AGREE","damage_taken":0,"max_hp_gain":0,"max_hp_loss":0,"event_name":"Liars Game","floor":7,"gold_loss":0,"cards_obtained":["Doubt"]},{"damage_healed":0,"gold_gain":0,"player_choice":"Fought Mushrooms","damage_taken":0,"max_hp_gain":0,"max_hp_loss":0,"event_name":"Mushrooms","floor":12,"gold_loss":0},{"cards_removed":["Doubt"],"damage_healed":0,"gold_gain":0,"player_choice":"Card Removal","damage_taken":0,"max_hp_gain":0,"max_hp_loss":0,"event_name":"The Cleric","floor":13,"gold_loss":50},{"damage_healed":0,"gold_gain":0,"player_choice":"Trade","damage_taken":0,"relics_obtained":["GremlinMask"],"max_hp_gain":0,"max_hp_loss":0,"event_name":"FaceTrader","floor":19,"gold_loss":0},{"damage_healed":0,"gold_gain":0,"player_choice":"Ignored","damage_taken":0,"max_hp_gain":0,"max_hp_loss":0,"event_name":"betterNote:BetterNote","floor":25,"gold_loss":0,"cards_obtained":["Judgement"]},{"cards_removed":["Defend_P"],"damage_healed":0,"gold_gain":0,"player_choice":"Gave Gold","damage_taken":0,"max_hp_gain":0,"max_hp_loss":0,"event_name":"Beggar","floor":31,"gold_loss":75},{"damage_healed":0,"gold_gain":0,"cards_transformed":["Weave"],"player_choice":"Transformed","damage_taken":0,"max_hp_gain":0,"max_hp_loss":0,"event_name":"Transmorgrifier","floor":36,"gold_loss":0,"cards_obtained":["DevaForm"]},{"damage_healed":0,"gold_gain":0,"player_choice":"Memory 1","damage_taken":0,"max_hp_gain":0,"max_hp_loss":0,"event_name":"SensoryStone","floor":45,"gold_loss":0},{"damage_healed":0,"gold_gain":0,"player_choice":"Max HP","damage_taken":0,"max_hp_gain":0,"max_hp_loss":4,"event_name":"Winding Halls","floor":46,"gold_loss":0}],"is_beta":false,"boss_relics":[{"not_picked":["Velvet Choker","Coffee Dripper"],"picked":"SacredBark"},{"not_picked":["SlaversCollar","Calling Bell"],"picked":"Astrolabe"}],"items_purged_floors":[21,37,48],"is_endless":false,"potions_floor_spawned":[1,2,12,16,18,20,22,30,39],"killed_by":"Time Eater","ascension_level":0}}