{"host":"2eswhqk6sgfpt1j1","time":1611719089,"event":{"mods":["Act Like it!","BaseMod","Colored Powertips","Hallownest","Lobotomy","Minty Spire (QoL Compilation)","Replay The Spire","StSLib","The Bug Knight","The Cursed","The Hierophant","The Servant 0.9.4"],"gold_per_floor":[114,44,44,62,62,62,82,108,160,160,174,174,99,126,126,126,126],"floor_reached":16,"language":"ZHS","playtime":581,"items_purged":["HollowMod:NailStrikeStart"],"score":98,"play_id":"15c17dc3-7d72-451c-89e1-b22b0b637caa","local_time":"20210127114449","is_ascension_mode":false,"campfire_choices":[{"data":"HollowMod:VengefulVoid","floor":6,"key":"SMITH"},{"floor":15,"key":"DIG"}],"circlet_count":0,"master_deck":["HollowMod:NailStrikeStart","HollowMod:NailStrikeStart","HollowMod:QuickDashStart","HollowMod:QuickDashStart","HollowMod:QuickDashStart","HollowMod:QuickDashStart","HollowMod:PogoStrike","HollowMod:VengefulVoid+1","HollowMod:BlackTendrils","HollowMod:LordofShades"],"relics":["HollowMod:VesselMask","Pet Ghost","Hallownest:StagBellRelic1","Hallownest:DreamNailRelic","Replay:Wax Seal","HollowMod:KingsBrand","Divine Protection","Replay:Ringing Soul"],"acts_visited":["Hallownest:Greenpath"],"potions_floor_usage":[14,14,16],"damage_taken":[{"damage":1,"enemies":"Hallownest:2_MossCreeps","floor":1,"turns":5},{"damage":0,"enemies":"Hallownest:monsterHuskWarrior","floor":4,"turns":4},{"damage":0,"enemies":"2_ Uuma","floor":7,"turns":3},{"damage":2,"enemies":"Hallownest:monsterMossCharger","floor":11,"turns":2},{"damage":4,"enemies":"Hallownest:eliteCrystalGuardian","floor":14,"turns":5},{"damage":51,"enemies":"Hallownest:BossFalseKnight","floor":16,"turns":9}],"seed_played":"-4406389749275279558","potions_obtained":[{"floor":1,"key":"BlessingOfTheForge"},{"floor":4,"key":"ColorlessPotion"},{"floor":7,"key":"Swift Potion"}],"is_trial":false,"path_per_floor":["M","?","?","M","?","R","M","T","T","?","M","?","$","E","R","B"],"character_chosen":"THE_BUGKNIGHT","items_purchased":[],"campfire_rested":0,"item_purchase_floors":[],"current_hp_per_floor":[74,74,74,75,75,75,75,75,75,75,73,73,73,71,71,22,22],"gold":126,"neow_bonus":"RANDOM_COMMON_RELIC","is_daily":false,"chose_seed":false,"campfire_upgraded":1,"win_rate":0.0,"timestamp":1611719089,"path_taken":["M","?","?","M","?","R","?","?","T","?","M","?","?","E","R","BOSS"],"items_purchased_type":[],"build_version":"2020-12-22","purchased_purges":1,"victory":false,"max_hp_per_floor":[75,75,75,75,75,75,75,75,75,75,75,75,75,75,75,75,75],"card_choices":[{"not_picked":["HollowMod:SiblingsShadow","HollowMod:AbyssShriek"],"picked":"HollowMod:VengefulVoid","floor":1},{"not_picked":["HollowMod:ChannelNail","HollowMod:SoulStrike","HollowMod:SoulShaman"],"picked":"SKIP","floor":4},{"not_picked":["HollowMod:LifebloodCocoon","HollowMod:SoulEater","HollowMod:MonomonsArchive"],"picked":"SKIP","floor":7},{"not_picked":["HollowMod:SoulEater","HollowMod:FallenFury","HollowMod:RecoilStrike"],"picked":"SKIP","floor":11},{"not_picked":["HollowMod:DreamGate","HollowMod:AwokenDreamNail"],"picked":"HollowMod:LordofShades","floor":14}],"player_experience":414435,"relics_obtained":[{"floor":8,"key":"Replay:Wax Seal"},{"floor":9,"key":"HollowMod:KingsBrand"},{"floor":14,"key":"Divine Protection"},{"floor":15,"key":"Replay:Ringing Soul"}],"event_choices":[],"is_beta":false,"boss_relics":[],"items_purged_floors":[13],"is_endless":false,"potions_floor_spawned":[1,4,7],"killed_by":"Hallownest:BossFalseKnight","ascension_level":0}}