{"host":"2eswhqk6sgfpt1j1","time":1611713689,"event":{"mods":["Act Like it!","BaseMod","Colored Powertips","Hallownest","Lobotomy","Minty Spire (QoL Compilation)","StSLib","The Bug Knight","The Cursed","The Hierophant","The Servant 0.9.4"],"gold_per_floor":[119,137,62,79,4,4,31,31,110,125,151,151,176,101,101,203,203,213,253,253],"floor_reached":19,"language":"ZHS","playtime":1470,"items_purged":["HollowMod:QuickDashStart"],"score":200,"play_id":"bd6a7b30-321a-43f3-81fa-9281fb87e3d1","local_time":"20210127101449","is_ascension_mode":false,"campfire_choices":[{"data":"HollowMod:LifebloodCore","floor":6.0,"key":"SMITH"},{"data":"HollowMod:SoulMaster","floor":15.0,"key":"SMITH"}],"circlet_count":7,"master_deck":["HollowMod:NailStrikeStart","HollowMod:NailStrikeStart+1","HollowMod:NailStrikeStart+1","HollowMod:NailStrikeStart","HollowMod:QuickDashStart","HollowMod:QuickDashStart","HollowMod:QuickDashStart","HollowMod:FocusHealStart","HollowMod:PogoStrike+1","HollowMod:LifebloodCore+1","HollowMod:SoulVessel","HollowMod:MonarchWings","HollowMod:CycloneSlash+1","Madness+1","Madness+1","HollowMod:SoulMaster+1","HollowMod:MantisMark","Hallownest:skillGreenpathMap","HollowMod:AwokenDreamNail","HollowMod:HowlingWraiths"],"relics":["HollowMod:VesselMask","Hallownest:BankAccountRelic","Circlet","Hallownest:DreamNailRelic","HollowMod:KingsBrand","Whetstone","SlaversCollar"],"acts_visited":["Hallownest:Greenpath","Hallownest:CityofTears"],"potions_floor_usage":[],"damage_taken":[{"damage":5.0,"enemies":"Hallownest:2_Tiktiks_and_1_Crawlid","floor":1.0,"turns":5.0},{"damage":0.0,"enemies":"Hallownest:2_Baldur","floor":2.0,"turns":6.0},{"damage":0.0,"enemies":"Hallownest:2_MossCreeps","floor":4.0,"turns":1.0},{"damage":0.0,"enemies":"Hallownest:eliteMossKnight","floor":7.0,"turns":9.0},{"damage":1.0,"enemies":"Hallownest:1_Baldur_1_Crawlid_1_Warrior","floor":10.0,"turns":4.0},{"damage":3.0,"enemies":"Hallownest:eliteVengeflyKing","floor":13.0,"turns":7.0},{"damage":71.0,"enemies":"Hallownest:BossFalseKnight","floor":16.0,"turns":12.0},{"damage":20.0,"enemies":"Hallownest:Flukemon_and_Top","floor":18.0,"turns":5.0}],"seed_played":"-1887427087129563066","potions_obtained":[{"floor":1.0,"key":"EntropicBrew"},{"floor":7.0,"key":"Explosive Potion"},{"floor":10.0,"key":"FearPotion"},{"floor":16.0,"key":"Regen Potion"}],"is_trial":false,"path_per_floor":["M","M","$","M","?","R","E","?","T","M","T","?","E","?","R","B",null,"M","$"],"character_chosen":"THE_BUGKNIGHT","items_purchased":[],"campfire_rested":0,"item_purchase_floors":[],"current_hp_per_floor":[68,68,68,68,68,68,68,68,68,67,67,67,68,68,68,7,68,48,48,48],"gold":253,"neow_bonus":"THREE_RARE_CARDS","is_daily":false,"chose_seed":false,"campfire_upgraded":2,"win_rate":0.0,"timestamp":1611713689,"path_taken":["M","M","$","?","?","R","E","?","T","?","?","?","E","?","R","BOSS","M","$"],"items_purchased_type":[],"build_version":"2020-12-22","purchased_purges":1,"victory":false,"max_hp_per_floor":[68,68,68,68,68,68,68,68,68,68,68,68,68,68,68,68,68,68,68,68],"card_choices":[{"not_picked":["HollowMod:NewInfectedGuardian","HollowMod:HerrahsAnger"],"picked":"HollowMod:LifebloodCore","floor":0.0},{"not_picked":["HollowMod:ShadowDash","HollowMod:DescendingDark"],"picked":"HollowMod:SoulVessel","floor":1.0},{"not_picked":["HollowMod:ChannelNail","HollowMod:CrystalDash"],"picked":"HollowMod:MonarchWings","floor":2.0},{"not_picked":["HollowMod:LuriensSpire","HollowMod:HuntersJournal"],"picked":"HollowMod:CycloneSlash","floor":4.0},{"not_picked":["HollowMod:HowlingWraiths","HollowMod:GoodIntentions"],"picked":"HollowMod:SoulMaster","floor":7.0},{"not_picked":["HollowMod:ShadowDash","HollowMod:NewJinnsSoul"],"picked":"HollowMod:MantisMark","floor":10.0},{"not_picked":["HollowMod:BlackTendrils","HollowMod:VoidDash","HollowMod:DashSlash"],"picked":"SKIP","floor":13.0},{"not_picked":["HollowMod:theNailsmith","HollowMod:MidwifesHunger"],"picked":"HollowMod:AwokenDreamNail","floor":16.0},{"not_picked":["HollowMod:GreatSlash","HollowMod:VengefulSpirit"],"picked":"HollowMod:HowlingWraiths","floor":18.0}],"player_experience":409848,"relics_obtained":[{"floor":7.0,"key":"Grinning Jar"},{"floor":9.0,"key":"Replay:Bottled Eggs"},{"floor":11.0,"key":"HollowMod:KingsBrand"},{"floor":13.0,"key":"Whetstone"}],"event_choices":[],"is_beta":false,"boss_relics":[{"not_picked":["Runic Dome","Busted Crown"],"picked":"SlaversCollar"}],"items_purged_floors":[3],"is_endless":false,"potions_floor_spawned":[1,7,10,16],"ascension_level":0}}