{"host":"y7357sx8ps3jkgoj","time":1611783400,"event":{"mods":["BaseMod","Friendly Minions","Minty Spire (QoL Compilation)","Permanent Neow","Relic Stats","Shop Mod","StSLib","The Alterego","Uncapped","Unceasing Turn Reminder"],"gold_per_floor":[114,124,74,74,74,109,125,125,125,139,156,231,257,270,270,373,373,392,66,81,100,113,113,124,124,124,156,75,104,104,122,122,223,523,543,593,593,593,593,593,627,627,627,641,83,116,76,93,93,93,93,93,68,93,93],"floor_reached":56,"language":"ENG","playtime":4465,"items_purged":["alterego_mod:Strike"],"score":1280,"play_id":"bc94ecf0-6a23-4f06-894e-1e71e50b8935","local_time":"20210127153640","is_ascension_mode":false,"campfire_choices":[{"data":"alterego_mod:Venus","floor":15,"key":"SMITH"},{"data":"alterego_mod:TrashNCrash","floor":23,"key":"SMITH"},{"floor":25,"key":"REST"},{"data":"alterego_mod:Nekomimi","floor":32,"key":"SMITH"},{"floor":40,"key":"RECALL"},{"data":"alterego_mod:Belts","floor":42,"key":"SMITH"},{"data":"alterego_mod:Birthday","floor":49,"key":"SMITH"},{"data":"alterego_mod:BrynhildrsRune","floor":52,"key":"SMITH"}],"circlet_count":0,"master_deck":["alterego_mod:Strike","alterego_mod:Strike","alterego_mod:Strike","alterego_mod:Defend","alterego_mod:Defend","alterego_mod:Defend","alterego_mod:Impale","alterego_mod:BrynhildrsRune+1","alterego_mod:Undulate","alterego_mod:Rake","alterego_mod:TrashNCrash+1","alterego_mod:Venus+1","alterego_mod:Nekomimi+1","alterego_mod:RingBreak","alterego_mod:Birthday+1","alterego_mod:Cushion+1","Necronomicurse","CurseOfTheBell","alterego_mod:Table+1","Pain","alterego_mod:Belts+1","alterego_mod:GoddessCore+1","alterego_mod:Nekomimi+1","alterego_mod:PerceptionDisorder","alterego_mod:RocketPunch+1"],"relics":["alterego_mod:MasochisticConstitution","White Beast Statue","Mummified Hand","Boot","Philosopher\u0027s Stone","Matryoshka","Vajra","Nunchaku","Juzu Bracelet","Necronomicon","Calling Bell","Strawberry","Eternal Feather","Old Coin","Thread and Needle","WarpedTongs","Toy Ornithopter","Pen Nib","TungstenRod","Oddly Smooth Stone","Pear","Sling","Letter Opener","Pantograph"],"acts_visited":["Exordium","TheCity","TheBeyond","TheEnding"],"potions_floor_usage":[13,33,36,54,55],"damage_taken":[{"damage":10,"enemies":"Cultist","floor":1,"turns":5},{"damage":0,"enemies":"2 Louse","floor":2,"turns":6},{"damage":10,"enemies":"Gremlin Nob","floor":6,"turns":4},{"damage":0,"enemies":"Small Slimes","floor":7,"turns":5},{"damage":1,"enemies":"3 Louse","floor":10,"turns":5},{"damage":0,"enemies":"Large Slime","floor":11,"turns":5},{"damage":13,"enemies":"3 Sentries","floor":13,"turns":5},{"damage":4,"enemies":"Looter","floor":14,"turns":3},{"damage":19,"enemies":"The Guardian","floor":16,"turns":10},{"damage":21,"enemies":"Shell Parasite","floor":18,"turns":5},{"damage":13,"enemies":"3 Byrds","floor":20,"turns":5},{"damage":45,"enemies":"Snake Plant","floor":21,"turns":7},{"damage":28,"enemies":"Snecko","floor":22,"turns":6},{"damage":30,"enemies":"Cultist and Chosen","floor":24,"turns":8},{"damage":33,"enemies":"Gremlin Leader","floor":27,"turns":20},{"damage":45,"enemies":"Slavers","floor":29,"turns":6},{"damage":6,"enemies":"Shelled Parasite and Fungi","floor":31,"turns":2},{"damage":24,"enemies":"Automaton","floor":33,"turns":9},{"damage":11,"enemies":"3 Darklings","floor":35,"turns":11},{"damage":67,"enemies":"2 Orb Walkers","floor":36,"turns":6},{"damage":12,"enemies":"Reptomancer","floor":41,"turns":3},{"damage":0,"enemies":"3 Shapes","floor":44,"turns":10},{"damage":0,"enemies":"Giant Head","floor":46,"turns":8},{"damage":51,"enemies":"3 Darklings","floor":48,"turns":5},{"damage":57,"enemies":"Awakened One","floor":50,"turns":12},{"damage":6,"enemies":"Shield and Spear","floor":54,"turns":3},{"damage":36,"enemies":"The Heart","floor":55,"turns":12}],"seed_played":"-8929933512493515322","potions_obtained":[{"floor":2,"key":"Explosive Potion"},{"floor":7,"key":"BlessingOfTheForge"},{"floor":10,"key":"ColorlessPotion"},{"floor":13,"key":"SpeedPotion"},{"floor":18,"key":"EssenceOfSteel"},{"floor":20,"key":"DistilledChaos"},{"floor":27,"key":"LiquidMemories"},{"floor":29,"key":"PowerPotion"},{"floor":33,"key":"GamblersBrew"},{"floor":36,"key":"Explosive Potion"},{"floor":41,"key":"Energy Potion"},{"floor":54,"key":"GamblersBrew"}],"is_trial":false,"path_per_floor":["M","M","?","$","?","E","M","?","T","M","M","?","E","M","R","B",null,"M","$","M","M","M","R","M","R","T","E","$","E","?","M","R","B",null,"M","?","?","?","?","R","E","R","T","M","$","E","?","M","R","B",null,"R","$","E","B",null],"character_chosen":"The_Alterego","items_purchased":["Matryoshka","alterego_mod:SakuraLabyrinth","Oddly Smooth Stone","Pear","Sling","alterego_mod:PerceptionDisorder"],"campfire_rested":1,"item_purchase_floors":[19,28,45,45,45,53],"current_hp_per_floor":[61,75,75,75,80,71,78,71,71,92,92,81,83,87,87,76,95,82,82,84,47,27,27,12,42,42,101,101,71,55,52,52,45,111,103,46,46,46,46,58,77,89,89,105,115,124,124,97,109,70,126,126,126,127,107],"gold":93,"neow_bonus":"TWENTY_PERCENT_HP_BONUS","is_daily":false,"chose_seed":false,"campfire_upgraded":6,"win_rate":0.0,"timestamp":1611783400,"path_taken":["M","M","?","$","?","E","M","?","T","M","M","?","E","M","R","BOSS","M","$","M","M","M","R","M","R","T","E","$","E","?","M","R","BOSS","M","?","?","?","?","R","E","R","T","M","$","E","?","M","R","BOSS","R","$","E","BOSS"],"items_purchased_type":["Relic","Card","Relic","Relic","Relic","Card"],"build_version":"2020-12-22","purchased_purges":1,"victory":true,"max_hp_per_floor":[85,85,85,85,90,91,91,91,91,92,92,92,93,94,94,95,95,96,96,97,98,99,99,100,100,100,101,101,102,102,103,103,104,111,112,113,113,113,113,113,114,114,114,114,124,124,124,125,125,126,126,126,126,127,128],"relic_stats":{"counters":[27,186],"Eternal Feather":36,"Pen Nib":[8],"Juzu Bracelet":2,"Letter Opener":[35],"Boot":[103],"WarpedTongs":[46],"Nunchaku":[15],"Mummified Hand":[43],"Pantograph":0,"Necronomicon":[54],"obtain_stats":[{"alterego_mod:MasochisticConstitution":0,"Pear":45,"Vajra":26,"Oddly Smooth Stone":45,"Eternal Feather":34,"Thread and Needle":36,"Pen Nib":43,"Juzu Bracelet":29,"Letter Opener":46,"Boot":13,"Sling":45,"White Beast Statue":6,"Old Coin":34,"WarpedTongs":39,"Calling Bell":34,"Nunchaku":27,"Matryoshka":19,"Mummified Hand":9,"Strawberry":34,"Pantograph":54,"Philosopher\u0027s Stone":17,"Necronomicon":30,"Toy Ornithopter":41,"TungstenRod":43},{"alterego_mod:MasochisticConstitution":0,"Pear":22,"Vajra":14,"Oddly Smooth Stone":22,"Eternal Feather":18,"Thread and Needle":20,"Pen Nib":21,"Juzu Bracelet":16,"Letter Opener":23,"Boot":7,"Sling":22,"White Beast Statue":3,"Old Coin":18,"WarpedTongs":20,"Calling Bell":18,"Nunchaku":15,"Matryoshka":10,"Mummified Hand":4,"Strawberry":18,"Pantograph":26,"Philosopher\u0027s Stone":9,"Necronomicon":16,"Toy Ornithopter":21,"TungstenRod":21},{"alterego_mod:MasochisticConstitution":0,"Pear":146,"Vajra":79,"Oddly Smooth Stone":146,"Eternal Feather":116,"Thread and Needle":133,"Pen Nib":136,"Juzu Bracelet":105,"Letter Opener":154,"Boot":35,"Sling":146,"White Beast Statue":15,"Old Coin":116,"WarpedTongs":133,"Calling Bell":116,"Nunchaku":99,"Matryoshka":53,"Mummified Hand":20,"Strawberry":116,"Pantograph":174,"Philosopher\u0027s Stone":48,"Necronomicon":105,"Toy Ornithopter":136,"TungstenRod":136}],"Toy Ornithopter":8,"TungstenRod":82},"card_choices":[{"not_picked":["alterego_mod:DeftHands","alterego_mod:HighServant"],"picked":"alterego_mod:Undulate","floor":1},{"not_picked":["alterego_mod:MaintainEyeContact","alterego_mod:BeGentle","alterego_mod:Cooking"],"picked":"SKIP","floor":2},{"not_picked":["alterego_mod:RocketPunch","alterego_mod:Nekomimi"],"picked":"alterego_mod:Rake","floor":6},{"not_picked":["alterego_mod:Jiggle","alterego_mod:Cooking","alterego_mod:PerceptionDisorder"],"picked":"SKIP","floor":7},{"not_picked":["alterego_mod:Rip","alterego_mod:GoddessCore"],"picked":"alterego_mod:TrashNCrash","floor":10},{"not_picked":["alterego_mod:DiscoLights","alterego_mod:Complex"],"picked":"alterego_mod:Venus","floor":11},{"not_picked":["alterego_mod:1TonWallop","alterego_mod:PerceptionDisorder","alterego_mod:Support"],"picked":"SKIP","floor":13},{"not_picked":["alterego_mod:Skirt","alterego_mod:Rip"],"picked":"alterego_mod:Nekomimi","floor":14},{"not_picked":["alterego_mod:Lift","alterego_mod:InsideBaseball"],"picked":"alterego_mod:RingBreak","floor":16},{"not_picked":["alterego_mod:1TonWallop","alterego_mod:DeftHands","alterego_mod:Punishment"],"picked":"SKIP","floor":18},{"not_picked":["alterego_mod:GoddessCore","alterego_mod:TrashNCrash","alterego_mod:DiscoLights"],"picked":"SKIP","floor":20},{"not_picked":["alterego_mod:PerceptionDisorder","alterego_mod:GoddessCore+1","alterego_mod:Cycle"],"picked":"SKIP","floor":21},{"not_picked":["alterego_mod:Bounce","alterego_mod:Skirt","alterego_mod:Jiggle"],"picked":"SKIP","floor":22},{"not_picked":["alterego_mod:Bounce","alterego_mod:Collar"],"picked":"alterego_mod:Birthday","floor":24},{"not_picked":["alterego_mod:SideboobHour","alterego_mod:PresenceConcealment","alterego_mod:Punishment"],"picked":"SKIP","floor":27},{"not_picked":["alterego_mod:HighServant","alterego_mod:Crossover"],"picked":"alterego_mod:Cushion+1","floor":29},{"not_picked":["alterego_mod:DeftHands","alterego_mod:Bounce+1","alterego_mod:Pet"],"picked":"SKIP","floor":31},{"not_picked":["alterego_mod:HighServant+1","alterego_mod:Skirt"],"picked":"alterego_mod:Table+1","floor":35},{"not_picked":["alterego_mod:Complex+1","alterego_mod:Birthday"],"picked":"alterego_mod:Belts","floor":41},{"not_picked":["alterego_mod:Support+1","alterego_mod:BoobPocket"],"picked":"alterego_mod:GoddessCore+1","floor":44},{"not_picked":["alterego_mod:Birthday","alterego_mod:Skirt+1"],"picked":"alterego_mod:Nekomimi+1","floor":46},{"not_picked":["alterego_mod:Valkyrie","alterego_mod:PresenceConcealment","alterego_mod:Undulate"],"picked":"SKIP","floor":48},{"not_picked":["alterego_mod:Valentines","alterego_mod:HighServant"],"picked":"alterego_mod:RocketPunch+1","floor":54}],"player_experience":294207,"relics_obtained":[{"floor":6,"key":"White Beast Statue"},{"floor":9,"key":"Mummified Hand"},{"floor":13,"key":"Boot"},{"floor":26,"key":"Vajra"},{"floor":27,"key":"Nunchaku"},{"floor":29,"key":"Juzu Bracelet"},{"floor":30,"key":"Necronomicon"},{"floor":34,"key":"Strawberry"},{"floor":34,"key":"Eternal Feather"},{"floor":34,"key":"Old Coin"},{"floor":36,"key":"Thread and Needle"},{"floor":41,"key":"Toy Ornithopter"},{"floor":43,"key":"Pen Nib"},{"floor":43,"key":"TungstenRod"},{"floor":46,"key":"Letter Opener"},{"floor":54,"key":"Pantograph"}],"event_choices":[{"cards_removed":["alterego_mod:BigMeatyClaws"],"damage_healed":0,"gold_gain":0,"player_choice":"Card Removal","damage_taken":0,"max_hp_gain":0,"max_hp_loss":0,"event_name":"The Cleric","floor":3,"gold_loss":50},{"damage_healed":0,"gold_gain":0,"player_choice":"Donut","damage_taken":0,"max_hp_gain":5,"max_hp_loss":0,"event_name":"Big Fish","floor":5,"gold_loss":0},{"cards_removed":["alterego_mod:Defend"],"damage_healed":0,"gold_gain":0,"player_choice":"Card Removal","damage_taken":7,"max_hp_gain":0,"max_hp_loss":0,"event_name":"Golden Wing","floor":8,"gold_loss":0},{"damage_healed":0,"gold_gain":75,"player_choice":"Gather Gold","damage_taken":11,"max_hp_gain":0,"max_hp_loss":0,"event_name":"World of Goop","floor":12,"gold_loss":0},{"damage_healed":0,"gold_gain":0,"player_choice":"Obtained Book","damage_taken":16,"max_hp_gain":0,"max_hp_loss":0,"event_name":"Cursed Tome","floor":30,"gold_loss":0},{"damage_healed":0,"gold_gain":0,"player_choice":"Fight","damage_taken":0,"max_hp_gain":0,"max_hp_loss":0,"event_name":"Mysterious Sphere","floor":36,"gold_loss":0},{"damage_healed":0,"gold_gain":0,"player_choice":"Ignored","damage_taken":0,"max_hp_gain":0,"max_hp_loss":0,"event_name":"Tomb of Lord Red Mask","floor":37,"gold_loss":0},{"cards_removed":["alterego_mod:SakuraLabyrinth"],"damage_healed":0,"gold_gain":0,"player_choice":"Removed Skill","damage_taken":0,"max_hp_gain":0,"max_hp_loss":0,"event_name":"Falling","floor":38,"gold_loss":0},{"damage_healed":0,"gold_gain":0,"player_choice":"Rummage","damage_taken":0,"relics_obtained":["WarpedTongs"],"max_hp_gain":0,"max_hp_loss":0,"event_name":"Accursed Blacksmith","floor":39,"gold_loss":0,"cards_obtained":["Pain"]},{"damage_healed":0,"gold_gain":0,"player_choice":"Bought 3 Potions","damage_taken":0,"max_hp_gain":0,"max_hp_loss":0,"event_name":"The Woman in Blue","floor":47,"gold_loss":0}],"is_beta":false,"boss_relics":[{"not_picked":["Black Star","Empty Cage"],"picked":"Philosopher\u0027s Stone"},{"not_picked":["Snecko Eye","Busted Crown"],"picked":"Calling Bell"}],"items_purged_floors":[19],"is_endless":false,"potions_floor_spawned":[2,7,10,11,13,14,16,18,20,21,22,24,27,29,31,33,35,36,41,44,46,48,54],"ascension_level":0}}