{"host":"x3688v8yj57o2b0e","time":1611790421,"event":{"mods":["BaseMod","Minty Spire (QoL Compilation)"],"gold_per_floor":[109,121,81,91,110,141,141,167,167,167,192,192,206,41,41,138,138,155,165,8,21,38,38,53,53,53,66,18,50,50,70,70,170,170,189,203,7,19,19,19,45,64,64,64,80,130,130,57,57,57],"floor_reached":51,"language":"ENG","playtime":5153,"items_purged":["Strike_B","Melter"],"score":727,"play_id":"f03e5d88-4706-445e-9792-66cd009738aa","local_time":"20210127183341","is_ascension_mode":true,"campfire_choices":[{"data":"Streamline","floor":10,"key":"SMITH"},{"data":"Conserve Battery","floor":12,"key":"SMITH"},{"data":"Coolheaded","floor":15,"key":"SMITH"},{"data":"Darkness","floor":23,"key":"SMITH"},{"data":"Static Discharge","floor":30,"key":"SMITH"},{"data":"Reboot","floor":32,"key":"SMITH"},{"data":"Biased Cognition","floor":40,"key":"SMITH"},{"floor":44,"key":"REST"},{"data":"Electrodynamics","floor":47,"key":"SMITH"},{"data":"Defragment","floor":49,"key":"SMITH"}],"circlet_count":0,"master_deck":["Zap","Dualcast","Streamline+1","Chill","Loop+1","Stack","Stack","Conserve Battery+1","Reboot+1","Coolheaded+1","Capacitor","Compile Driver+1","Sunder+1","Darkness+1","FTL+1","Static Discharge+1","Sweeping Beam+1","Biased Cognition+1","Static Discharge","Skim","Coolheaded","Genetic Algorithm","Force Field","Electrodynamics+1","Sunder+1","Coolheaded","Coolheaded","Barrage+1","Reboot","Defragment+1"],"relics":["Busted Crown","Lantern","Dream Catcher","InkBottle","Molten Egg 2","Velvet Choker","ClockworkSouvenir","Eternal Feather","Darkstone Periapt","Pandora\u0027s Box","Kunai","FossilizedHelix"],"acts_visited":["Exordium","TheCity","TheBeyond"],"potions_floor_usage":[6,11,16,18,24,29,29,33,33,46,50],"damage_taken":[{"damage":0.0,"enemies":"2 Louse","floor":1.0,"turns":2.0},{"damage":1.0,"enemies":"Cultist","floor":2.0,"turns":3.0},{"damage":0.0,"enemies":"Small Slimes","floor":4.0,"turns":3.0},{"damage":0.0,"enemies":"Gremlin Gang","floor":5.0,"turns":6.0},{"damage":5,"enemies":"Lagavulin","floor":6,"turns":7},{"damage":27,"enemies":"Gremlin Nob","floor":8,"turns":5},{"damage":4,"enemies":"3 Sentries","floor":11,"turns":8},{"damage":0,"enemies":"Lots of Slimes","floor":13,"turns":5},{"damage":11,"enemies":"Hexaghost","floor":16,"turns":11},{"damage":17,"enemies":"Chosen","floor":18,"turns":7},{"damage":0,"enemies":"Shell Parasite","floor":19,"turns":5},{"damage":1,"enemies":"Snecko","floor":21,"turns":5},{"damage":1,"enemies":"Centurion and Healer","floor":22,"turns":5},{"damage":6,"enemies":"3 Cultists","floor":24,"turns":5},{"damage":0,"enemies":"Sentry and Sphere","floor":27,"turns":3},{"damage":41,"enemies":"Gremlin Leader","floor":29,"turns":6},{"damage":4,"enemies":"Snake Plant","floor":31,"turns":4},{"damage":56,"enemies":"Champ","floor":33,"turns":10},{"damage":0,"enemies":"3 Shapes","floor":35,"turns":4},{"damage":22,"enemies":"3 Darklings","floor":36,"turns":3},{"damage":29,"enemies":"Jaw Worm Horde","floor":38,"turns":2},{"damage":29,"enemies":"Giant Head","floor":41,"turns":11},{"damage":0,"enemies":"Writhing Mass","floor":42,"turns":5},{"damage":0,"enemies":"4 Shapes","floor":45,"turns":6},{"damage":0,"enemies":"Mind Bloom Boss Battle","floor":46,"turns":6},{"damage":14,"enemies":"Donu and Deca","floor":50,"turns":7}],"seed_played":"-7309971292536970315","potions_obtained":[{"floor":2.0,"key":"Ancient Potion"},{"floor":3.0,"key":"BlessingOfTheForge"},{"floor":3.0,"key":"EssenceOfSteel"},{"floor":8,"key":"BlessingOfTheForge"},{"floor":16,"key":"Regen Potion"},{"floor":18,"key":"SteroidPotion"},{"floor":24,"key":"PowerPotion"},{"floor":29,"key":"Energy Potion"},{"floor":31,"key":"LiquidBronze"},{"floor":38,"key":"Block Potion"},{"floor":45,"key":"DistilledChaos"}],"is_trial":false,"path_per_floor":["M","M","?","M","M","E","?","E","T","R","E","R","M","$","R","B",null,"M","M","$","M","M","R","M","?","T","M","$","E","R","M","R","B",null,"M","M","$","M","?","R","E","M","T","R","M","?","R","$","R","B",null],"character_chosen":"DEFECT","items_purchased":["Coolheaded","Capacitor","ClockworkSouvenir","BlessingOfTheForge","Coolheaded","FocusPotion","Defragment"],"campfire_rested":1,"item_purchase_floors":[14,14,20,28,37,37,48],"current_hp_per_floor":[75,74,74,74,74,69,69,42,42,42,38,38,38,38,38,27,75,63,63,63,62,61,61,55,85,85,85,85,44,56,52,67,11,85,85,63,63,34,34,49,20,20,20,60,60,60,75,75,85,71],"gold":57,"neow_bonus":"BOSS_RELIC","is_daily":false,"chose_seed":false,"campfire_upgraded":9,"win_rate":0.0,"timestamp":1611790421,"path_taken":["M","M","?","M","?","E","?","E","T","R","E","R","M","$","R","BOSS","M","?","$","M","?","R","M","?","T","?","$","E","R","M","R","BOSS","M","M","$","M","?","R","E","M","T","R","M","?","R","$","R","BOSS"],"items_purchased_type":["Card","Card","Relic","Potion","Card","Potion","Card"],"build_version":"2020-12-22","purchased_purges":2,"victory":true,"max_hp_per_floor":[75,75,75,75,75,75,75,75,75,75,75,75,75,75,75,75,75,75,75,75,75,75,75,75,85,85,85,85,85,85,85,85,85,85,85,85,85,85,85,85,85,85,85,85,85,85,85,85,85,85],"card_choices":[{"not_picked":[],"picked":"Streamline","floor":1.0},{"not_picked":[],"picked":"Chill","floor":2.0},{"not_picked":[],"picked":"Loop","floor":4.0},{"not_picked":[],"picked":"Stack","floor":5.0},{"not_picked":[],"picked":"Melter","floor":6},{"not_picked":[],"picked":"Stack","floor":8},{"not_picked":[],"picked":"Conserve Battery","floor":11},{"not_picked":[],"picked":"Reboot","floor":13},{"not_picked":[],"picked":"Thunder Strike+1","floor":16},{"not_picked":[],"picked":"Compile Driver+1","floor":18},{"not_picked":[],"picked":"Sunder+1","floor":19},{"not_picked":[],"picked":"Darkness","floor":21},{"not_picked":["Sunder+1"],"picked":"SKIP","floor":22},{"not_picked":["Fusion"],"picked":"SKIP","floor":24},{"not_picked":[],"picked":"FTL+1","floor":27},{"not_picked":[],"picked":"Static Discharge","floor":29},{"not_picked":[],"picked":"Sweeping Beam+1","floor":31},{"not_picked":[],"picked":"Biased Cognition","floor":33},{"not_picked":["Hello World+1"],"picked":"SKIP","floor":35},{"not_picked":[],"picked":"Sunder+1","floor":36},{"not_picked":["Streamline+1"],"picked":"SKIP","floor":38},{"not_picked":[],"picked":"Coolheaded","floor":41},{"not_picked":["Rebound+1"],"picked":"SKIP","floor":42},{"not_picked":[],"picked":"Barrage+1","floor":45},{"not_picked":[],"picked":"Reboot","floor":46}],"player_experience":149949,"relics_obtained":[{"floor":6,"key":"Lantern"},{"floor":8,"key":"Dream Catcher"},{"floor":9,"key":"InkBottle"},{"floor":11,"key":"Molten Egg 2"},{"floor":26,"key":"Eternal Feather"},{"floor":29,"key":"Darkstone Periapt"},{"floor":41,"key":"Kunai"},{"floor":46,"key":"FossilizedHelix"}],"event_choices":[{"damage_healed":0.0,"max_hp_gain":0.0,"max_hp_loss":0.0,"gold_gain":0.0,"event_name":"The Woman in Blue","player_choice":"Bought 3 Potions","floor":3.0,"gold_loss":0.0,"damage_taken":0.0},{"damage_healed":0,"gold_gain":0,"player_choice":"Forge","damage_taken":0,"max_hp_gain":0,"max_hp_loss":0,"event_name":"Accursed Blacksmith","floor":7,"gold_loss":0,"cards_upgraded":["Loop"]},{"cards_removed":["Thunder Strike"],"damage_healed":20,"gold_gain":0,"player_choice":"Offered Rare","damage_taken":0,"max_hp_gain":10,"max_hp_loss":0,"event_name":"Bonfire Elementals","floor":25,"gold_loss":0},{"cards_removed":["Redo"],"damage_healed":0,"gold_gain":0,"player_choice":"Removed Skill","damage_taken":0,"max_hp_gain":0,"max_hp_loss":0,"event_name":"Falling","floor":39,"gold_loss":0},{"damage_healed":0,"gold_gain":0,"player_choice":"Fight","damage_taken":0,"max_hp_gain":0,"max_hp_loss":0,"event_name":"MindBloom","floor":46,"gold_loss":0}],"is_beta":false,"boss_relics":[{"not_picked":["Calling Bell","Fusion Hammer"],"picked":"Velvet Choker"},{"not_picked":["SacredBark","Tiny House"],"picked":"Pandora\u0027s Box"}],"items_purged_floors":[14,37],"is_endless":false,"potions_floor_spawned":[2,8,16,18,24,29,31,38,41,45],"ascension_level":1}}