{"host":"pqdmw9ziw952p6hk","time":1611775395,"event":{"mods":["BaseMod","Block Reminder","Colored Map","Minty Spire (QoL Compilation)","Permanent Neow","Quick Restart"],"gold_per_floor":[112,112,112,131,145,145,174,174,174,124,38,49,49,66,66,171,171,191,191,203,218,21,21,39,39,39,39,65,84,115,127,127],"floor_reached":31,"language":"ENG","playtime":1626,"items_purged":[],"score":300,"play_id":"bd631f05-fff6-4218-aa5d-2372d27e6945","local_time":"20210127192315","is_ascension_mode":false,"campfire_choices":[{"data":"Bash","floor":6.0,"key":"SMITH"},{"data":"Clothesline","floor":15.0,"key":"SMITH"},{"data":"Demon Form","floor":23.0,"key":"SMITH"},{"data":"Inflame","floor":25.0,"key":"SMITH"},{"floor":27.0,"key":"REST"}],"circlet_count":0,"master_deck":["Strike_R","Strike_R","Strike_R","Strike_R","Defend_R","Defend_R","Defend_R","Defend_R","Bash+1","Cleave+1","Combust","Infernal Blade","Shrug It Off","Inflame+1","Flex","Clothesline+1","Barricade+1","Armaments+1","Shrug It Off","Demon Form+1","Seeing Red","Intimidate"],"relics":["Burning Blood","Unceasing Top","Mummified Hand","SlaversCollar","Pear","Matryoshka","MawBank"],"acts_visited":["Exordium","TheCity"],"potions_floor_usage":[29,29,31],"damage_taken":[{"damage":0.0,"enemies":"Small Slimes","floor":1.0,"turns":3.0},{"damage":0.0,"enemies":"2 Louse","floor":4.0,"turns":2.0},{"damage":4.0,"enemies":"Jaw Worm","floor":5.0,"turns":4.0},{"damage":14.0,"enemies":"Gremlin Nob","floor":7.0,"turns":3.0},{"damage":2.0,"enemies":"2 Fungi Beasts","floor":12.0,"turns":2.0},{"damage":9.0,"enemies":"Red Slaver","floor":14.0,"turns":3.0},{"damage":58.0,"enemies":"The Guardian","floor":16.0,"turns":13.0},{"damage":15.0,"enemies":"2 Thieves","floor":18.0,"turns":4.0},{"damage":43.0,"enemies":"Spheric Guardian","floor":20.0,"turns":6.0},{"damage":18.0,"enemies":"Centurion and Healer","floor":21.0,"turns":9.0},{"damage":7.0,"enemies":"Snecko","floor":24.0,"turns":6.0},{"damage":11.0,"enemies":"Book of Stabbing","floor":28.0,"turns":7.0},{"damage":24,"enemies":"Shelled Parasite and Fungi","floor":29,"turns":7},{"damage":13,"enemies":"Gremlin Leader","floor":30,"turns":7},{"damage":34,"enemies":"Cultist and Chosen","floor":31,"turns":6}],"seed_played":"4910729222758489859","potions_obtained":[{"floor":4.0,"key":"HeartOfIron"},{"floor":7.0,"key":"Swift Potion"},{"floor":12.0,"key":"Strength Potion"},{"floor":18.0,"key":"BlessingOfTheForge"},{"floor":28.0,"key":"Dexterity Potion"},{"floor":30,"key":"Explosive Potion"}],"is_trial":false,"path_per_floor":["M","?","?","M","M","R","E","$","T","?","$","M","?","M","R","B",null,"M","?","M","M","$","R","M","R","T","R","E","M","E","M"],"character_chosen":"IRONCLAD","items_purchased":["Inflame","Flex","Demon Form","Block Potion"],"campfire_rested":1,"item_purchase_floors":[11,11,22,22],"current_hp_per_floor":[80,80,80,80,80,80,72,72,72,72,72,76,81,78,78,26,85,76,76,39,27,27,27,26,26,36,64,59,41,34,0,0],"gold":127,"neow_bonus":"","is_daily":false,"chose_seed":false,"campfire_upgraded":4,"win_rate":0.0,"timestamp":1611775395,"path_taken":["M","?","?","M","M","R","E","?","T","?","$","M","?","M","R","BOSS","M","?","?","M","?","R","M","R","T","R","E","M","E","M"],"items_purchased_type":["Card","Card","Card","Potion"],"build_version":"2020-12-22","purchased_purges":0,"victory":false,"max_hp_per_floor":[80,80,80,80,80,80,80,80,80,80,80,80,85,85,85,85,85,85,85,85,85,85,85,85,85,95,95,95,95,95,95,95],"card_choices":[{"not_picked":["Shrug It Off","Burning Pact"],"picked":"Cleave","floor":1.0},{"not_picked":["Blood for Blood","Cleave"],"picked":"Combust","floor":4.0},{"not_picked":["Searing Blow","Headbutt"],"picked":"Infernal Blade","floor":5.0},{"not_picked":["Iron Wave","Sword Boomerang"],"picked":"Shrug It Off","floor":7.0},{"not_picked":["Flex","Bloodletting"],"picked":"Clothesline","floor":12.0},{"not_picked":["Flex","Hemokinesis","Iron Wave"],"picked":"SKIP","floor":14.0},{"not_picked":["Fiend Fire","Berserk"],"picked":"Barricade","floor":16.0},{"not_picked":["Iron Wave+1","Warcry"],"picked":"Armaments+1","floor":18.0},{"not_picked":["Carnage","Cleave"],"picked":"Shrug It Off","floor":20.0},{"not_picked":["Twin Strike","Perfected Strike","Armaments"],"picked":"SKIP","floor":21.0},{"not_picked":["Flex+1","Bludgeon","Armaments+1"],"picked":"SKIP","floor":24.0},{"not_picked":["True Grit","Armaments"],"picked":"Seeing Red","floor":28.0},{"not_picked":["Clash","Iron Wave+1","Flex"],"picked":"SKIP","floor":29},{"not_picked":["Infernal Blade","Reckless Charge+1"],"picked":"Intimidate","floor":30}],"player_experience":0,"relics_obtained":[{"floor":7.0,"key":"Unceasing Top"},{"floor":9.0,"key":"Mummified Hand"},{"floor":26.0,"key":"Pear"},{"floor":28.0,"key":"Matryoshka"},{"floor":30,"key":"MawBank"}],"event_choices":[{"damage_healed":0.0,"max_hp_gain":0.0,"max_hp_loss":0.0,"gold_gain":0.0,"event_name":"Golden Idol","player_choice":"Ignored","floor":2.0,"gold_loss":0.0,"damage_taken":0.0},{"damage_healed":0.0,"max_hp_gain":0.0,"max_hp_loss":0.0,"gold_gain":0.0,"event_name":"Living Wall","player_choice":"Grow","floor":3.0,"gold_loss":0.0,"damage_taken":0.0,"cards_upgraded":["Cleave"]},{"cards_removed":["Strike_R"],"damage_healed":0.0,"max_hp_gain":0.0,"max_hp_loss":0.0,"gold_gain":0.0,"event_name":"The Cleric","player_choice":"Card Removal","floor":10.0,"gold_loss":50.0,"damage_taken":0.0},{"damage_healed":0.0,"max_hp_gain":5.0,"max_hp_loss":0.0,"gold_gain":0.0,"event_name":"Big Fish","player_choice":"Donut","floor":13.0,"gold_loss":0.0,"damage_taken":0.0},{"damage_healed":0.0,"max_hp_gain":0.0,"max_hp_loss":0.0,"gold_gain":0.0,"event_name":"Accursed Blacksmith","player_choice":"Forge","floor":19.0,"gold_loss":0.0,"damage_taken":0.0,"cards_upgraded":["Barricade"]}],"is_beta":false,"boss_relics":[{"not_picked":["Black Star","SacredBark"],"picked":"SlaversCollar"}],"items_purged_floors":[],"is_endless":false,"potions_floor_spawned":[4,7,12,18,28,30],"killed_by":"Cultist and Chosen","ascension_level":0}}