{"host":"Mute","time":1611742240,"event":{"mods":["BaseMod","Colored Map","Downfall","Minty Spire (QoL Compilation)","StSLib"],"gold_per_floor":[99,112,127,144,162,178,250,260,260,292,307,318,318,350,365,470,470,470,488,438,348,361,378,378,378,378,378],"floor_reached":25,"language":"ENG","playtime":2110,"items_purged":["hexamod:Strike"],"score":244,"play_id":"2136fc9d-c488-43d6-90b1-4f20b0da7033","local_time":"20210127051040","is_ascension_mode":false,"campfire_choices":[{"data":"hexamod:Sear","floor":1,"key":"SMITH"},{"data":"hexamod:TurnItUp","floor":9,"key":"SMITH"},{"data":"hexamod:GhostOfSpirePresent","floor":18,"key":"SMITH"}],"circlet_count":0,"master_deck":["hexamod:Strike","hexamod:Strike","hexamod:Strike","hexamod:Defend","hexamod:Defend","hexamod:Defend","hexamod:Defend","hexamod:Sear+1","hexamod:Float","hexamod:Rewind","hexamod:HauntingEcho","hexamod:TurnItUp+1","hexamod:PhantomFireball","hexamod:PhantomFireball","hexamod:AdvancingGuard","hexamod:RadiantFlame","hexamod:GhostOfSpirePresent+1","hexamod:FastForward","hexamod:FastForward","hexamod:CatchUp"],"relics":["hexamod:SpiritBrand","Mercury Hourglass","Prayer Wheel","Toy Ornithopter","Black Star","Molten Egg 2"],"acts_visited":["Exordium","TheCity"],"potions_floor_usage":[10,10,12,14,16,16,25],"damage_taken":[{"damage":0,"enemies":"Cultist","floor":2,"turns":3},{"damage":0,"enemies":"Small Slimes","floor":3,"turns":3},{"damage":0,"enemies":"2 Louse","floor":4,"turns":2},{"damage":2,"enemies":"Blue Slaver","floor":5,"turns":3},{"damage":8,"enemies":"Exordium Wildlife","floor":6,"turns":4},{"damage":0,"enemies":"Red Slaver","floor":8,"turns":2},{"damage":0,"enemies":"3 Sentries","floor":10,"turns":4},{"damage":5,"enemies":"Exordium Thugs","floor":11,"turns":3},{"damage":4,"enemies":"2 Fungi Beasts","floor":12,"turns":2},{"damage":3,"enemies":"Lagavulin","floor":14,"turns":5},{"damage":0,"enemies":"Blue Slaver","floor":15,"turns":3},{"damage":38,"enemies":"WA_ARCHETYPE_RETAIN","floor":16,"turns":7},{"damage":14,"enemies":"Chosen","floor":19,"turns":6},{"damage":0,"enemies":"downfall:FleeingMerchant","floor":21,"turns":4},{"damage":12,"enemies":"Centurion and Healer","floor":22,"turns":6},{"damage":27,"enemies":"Shelled Parasite and Fungi","floor":23,"turns":7},{"damage":50,"enemies":"Gremlin Leader","floor":25,"turns":6}],"seed_played":"-8987398438217521378","potions_obtained":[{"floor":3,"key":"Fire Potion"},{"floor":4,"key":"champ:CounterPotion"},{"floor":6,"key":"Fire Potion"},{"floor":10,"key":"Guardian:BlockOnCardUsePotion"},{"floor":11,"key":"hexamod:SoulburnPotion"},{"floor":15,"key":"BlessingOfTheForge"},{"floor":23,"key":"BlessingOfTheForge"}],"is_trial":false,"path_per_floor":["R","M","M","M","M","M","T","M","R","E","M","M","?","E","M","B",null,"R","M","?","$","M","M","T","E"],"character_chosen":"THE_SPIRIT","items_purchased":[],"campfire_rested":0,"item_purchase_floors":[],"current_hp_per_floor":[77,77,77,77,75,67,67,67,67,67,62,58,63,60,60,32,82,82,68,82,82,70,43,43,0,0,0],"gold":378,"neow_bonus":"TEN_PERCENT_HP_BONUS","is_daily":false,"chose_seed":false,"campfire_upgraded":3,"win_rate":0.0,"timestamp":1611742240,"path_taken":["R","M","M","?","M","M","T","M","R","E","M","M","?","E","M","BOSS","R","M","?","$","M","M","T","E"],"items_purchased_type":[],"build_version":"2020-12-18","purchased_purges":1,"victory":false,"max_hp_per_floor":[77,77,77,77,77,77,77,77,77,77,77,77,82,82,82,82,82,82,82,82,82,82,82,82,82,82,82],"card_choices":[{"not_picked":["hexamod:SpectersWail","hexamod:FourthSeal","hexamod:GhostLash"],"picked":"SKIP","floor":2},{"not_picked":["hexamod:ShieldOfDarkness","hexamod:AdvancingGuard"],"picked":"hexamod:Rewind","floor":3},{"not_picked":["hexamod:ShieldOfDarkness","hexamod:HeatMetal"],"picked":"hexamod:HauntingEcho","floor":4},{"not_picked":["hexamod:GhostflameBarrier","hexamod:FlamesFromBeyond","hexamod:NightmareStrike"],"picked":"SKIP","floor":5},{"not_picked":["hexamod:Incineration","hexamod:NightmareGuise"],"picked":"hexamod:TurnItUp","floor":6},{"not_picked":["hexamod:SpectralAdrenaline","hexamod:SecondSeal"],"picked":"hexamod:PhantomFireball","floor":8},{"not_picked":["hexamod:FourthSeal","hexamod:InspiringFlames","hexamod:Firestarter"],"picked":"SKIP","floor":10},{"not_picked":["hexamod:FourthSeal","hexamod:InspiringFlames","hexamod:Firestarter"],"picked":"SKIP","floor":10},{"not_picked":["hexamod:BacktrackSmack","hexamod:NightmareStrike","hexamod:SpectersWail"],"picked":"SKIP","floor":11},{"not_picked":["hexamod:FourthSeal","hexamod:HeatShield","hexamod:EtherealExpedition"],"picked":"SKIP","floor":11},{"not_picked":["hexamod:Hexaguard","hexamod:SpectersWail"],"picked":"hexamod:PhantomFireball","floor":12},{"not_picked":["hexamod:NightmareGuise","hexamod:GhostLash","hexamod:HeatMetal"],"picked":"SKIP","floor":12},{"not_picked":["hexamod:InspiringFlames","hexamod:EtherealExpedition"],"picked":"hexamod:AdvancingGuard","floor":14},{"not_picked":["hexamod:UnlimitedPower","hexamod:BurningTouch"],"picked":"hexamod:RadiantFlame","floor":15},{"not_picked":["hexamod:SpectralAdrenaline","hexamod:Firestarter","hexamod:BacktrackSmack"],"picked":"SKIP","floor":15},{"not_picked":["hexamod:HexaLevel","hexamod:Toasty"],"picked":"hexamod:GhostOfSpirePresent","floor":16},{"not_picked":["hexamod:ThirdSeal","hexamod:Firestarter"],"picked":"hexamod:FastForward","floor":19},{"not_picked":["hexamod:ShieldOfDarkness","hexamod:HeatShield"],"picked":"hexamod:FastForward","floor":19},{"not_picked":["hexamod:Hexaguard","hexamod:ThirdSeal","hexamod:GhostShield+1"],"picked":"SKIP","floor":21},{"not_picked":["hexamod:FastForward+1","hexamod:SuperheatedStrike"],"picked":"hexamod:CatchUp","floor":22},{"not_picked":["hexamod:HeatCrush","hexamod:PhantomFireball","hexamod:Incineration"],"picked":"SKIP","floor":22},{"not_picked":["hexamod:FastForward","hexamod:SpectersWail+1","hexamod:HeatShield"],"picked":"SKIP","floor":23},{"not_picked":["hexamod:NightmareStrike","hexamod:SuperheatedStrike","hexamod:HauntingEcho+1"],"picked":"SKIP","floor":23}],"player_experience":504772,"relics_obtained":[{"floor":7,"key":"Mercury Hourglass"},{"floor":10,"key":"Prayer Wheel"},{"floor":14,"key":"Toy Ornithopter"},{"floor":24,"key":"Molten Egg 2"}],"event_choices":[{"damage_healed":0,"gold_gain":0,"player_choice":"Donut","damage_taken":0,"max_hp_gain":5,"max_hp_loss":0,"event_name":"Big Fish","floor":13,"gold_loss":0}],"is_beta":true,"boss_relics":[{"not_picked":["Cursed Key","Coffee Dripper"],"picked":"Black Star"}],"items_purged_floors":[21],"is_endless":false,"potions_floor_spawned":[3,4,6,10,11,15,23],"killed_by":"Gremlin Leader","ascension_level":0}}