{"host":"szp1d6dso4pv7ddl","time":1611729420,"event":{"mods":["AchievementEnabler","Alarm Clock","BaseMod","Bestiary","Block Reminder","Colored Map","Colored Powertips","Curses Come First","Dark Map","Displayed Cursed Tome","Highlight Path","Minty Spire (QoL Compilation)","Permanent Neow","Quick Restart","Relic Sorter","Relic Stats","StSLib","Synergy Search"],"gold_per_floor":[362,362,437,362,362,362,376,395,395,395,410,310,350,225,225,225,225],"floor_reached":16,"language":"ENG","playtime":329,"items_purged":["Strike_R","Defend_R","Defend_R"],"score":98,"play_id":"335eb77b-2d50-4631-b360-b74e6ff4ed77","local_time":"20210126223700","is_ascension_mode":false,"campfire_choices":[{"floor":6,"key":"REST"},{"data":"Rage","floor":10,"key":"SMITH"},{"floor":15,"key":"REST"}],"circlet_count":0,"master_deck":["Strike_R","Strike_R","Strike_R","Defend_R","Defend_R","Bash","Cleave","Rage+1"],"relics":["Burning Blood","Golden Idol","Pantograph","Dream Catcher"],"acts_visited":["Exordium"],"potions_floor_usage":[13,16],"damage_taken":[{"damage":2,"enemies":"Small Slimes","floor":1,"turns":4},{"damage":6,"enemies":"2 Louse","floor":7,"turns":3},{"damage":6,"enemies":"Cultist","floor":8,"turns":4},{"damage":1,"enemies":"2 Fungi Beasts","floor":11,"turns":3},{"damage":15,"enemies":"Gremlin Nob","floor":13,"turns":4},{"damage":62,"enemies":"Slime Boss","floor":16,"turns":10}],"seed_played":"-1626820148454085271","potions_obtained":[{"floor":1,"key":"HeartOfIron"},{"floor":11,"key":"SteroidPotion"}],"is_trial":false,"path_per_floor":["M","?","?","$","?","R","M","M","T","R","M","$","E","$","R","B"],"character_chosen":"IRONCLAD","items_purchased":[],"campfire_rested":2,"item_purchase_floors":[],"current_hp_per_floor":[60,40,29,29,29,53,53,53,53,53,58,58,49,49,73,18,18],"gold":225,"neow_bonus":"TWO_FIFTY_GOLD","is_daily":false,"chose_seed":false,"campfire_upgraded":1,"win_rate":0.0,"timestamp":1611729420,"path_taken":["M","?","?","$","?","R","M","M","T","R","M","$","E","?","R","BOSS"],"items_purchased_type":[],"build_version":"2020-12-22","purchased_purges":3,"victory":false,"max_hp_per_floor":[80,80,80,80,80,80,80,80,80,80,80,80,80,80,80,80,80],"relic_stats":{"Dream Catcher":1,"counters":[6,27],"Golden Idol":18,"Pantograph":7,"obtain_stats":[{"Dream Catcher":13,"Golden Idol":2,"Pantograph":9,"Burning Blood":0},{"Dream Catcher":5,"Golden Idol":1,"Pantograph":3,"Burning Blood":0},{"Dream Catcher":18,"Golden Idol":4,"Pantograph":11,"Burning Blood":0}],"Burning Blood":30},"card_choices":[{"not_picked":["Rampage","Shrug It Off","Headbutt"],"picked":"SKIP","floor":1},{"not_picked":["Sword Boomerang","Cleave","Sever Soul"],"picked":"SKIP","floor":7},{"not_picked":["True Grit","Iron Wave"],"picked":"Rage","floor":8},{"not_picked":["Thunderclap","Iron Wave","Evolve"],"picked":"SKIP","floor":11},{"not_picked":["Cleave","Headbutt","Havoc"],"picked":"SKIP","floor":13}],"player_experience":1294739,"relics_obtained":[{"floor":9,"key":"Pantograph"},{"floor":13,"key":"Dream Catcher"}],"event_choices":[{"damage_healed":0,"gold_gain":0,"player_choice":"Take Damage","damage_taken":20,"relics_obtained":["Golden Idol"],"max_hp_gain":0,"max_hp_loss":0,"event_name":"Golden Idol","floor":2,"gold_loss":0},{"damage_healed":0,"gold_gain":75,"player_choice":"Gather Gold","damage_taken":11,"max_hp_gain":0,"max_hp_loss":0,"event_name":"World of Goop","floor":3,"gold_loss":0},{"damage_healed":0,"gold_gain":0,"cards_transformed":["Strike_R"],"player_choice":"Change","damage_taken":0,"max_hp_gain":0,"max_hp_loss":0,"event_name":"Living Wall","floor":5,"gold_loss":0,"cards_obtained":["Cleave"]}],"is_beta":false,"boss_relics":[],"items_purged_floors":[4,12,14],"is_endless":false,"potions_floor_spawned":[1,11],"killed_by":"Slime Boss","ascension_level":0}}