{"host":"m4gb89kpcfic7v2a","time":1611732258,"event":{"mods":["BaseMod","BetterRewards","Minty Spire (QoL Compilation)","Reliquary","StS++","StSLib","The Servant 0.9.4"],"gold_per_floor":[119,133,150,166,181,181,191,191,217,248,248,268,288,322,322,420,420,375,375,375,375,375,375,375,218,218,218,218,218,218,218,218,218,218,218,218,218,218,218,218,218,218,218,218,218,218,218,168,168,168,168,168,22,22,22],"floor_reached":54,"language":"ENG","playtime":7385,"items_purged":["Ricochet+1"],"score":715,"play_id":"00add41e-32d3-4a07-8b24-f02913444f49","local_time":"20210127002418","is_ascension_mode":false,"campfire_choices":[{"data":"KidneyShot","floor":6,"key":"SMITH"},{"data":"BestPractice","floor":15,"key":"SMITH"},{"floor":23,"key":"REST"},{"floor":28,"key":"REST"},{"floor":32,"key":"REST"},{"floor":44,"key":"RECALL"},{"data":"Sunlight","floor":49,"key":"SMITH"},{"data":"FlawlessForm","floor":52,"key":"SMITH"}],"circlet_count":0,"master_deck":["Defend_S","Defend_S","Defend_S","Defend_S","KidneyShot+1","Exchange+1","Rearm+1","BestPractice+1","GearUp","Moonlight+1","Sunlight+1","SurpressingFire+1","Bite","Bite","Bite","Bite","Bite","FlawlessForm+1"],"relics":["Uniform","Whetstone","Potion Belt","reliquary:Buckler","Ectoplasm","Toy Ornithopter","Enchiridion","Busted Crown","Art of War","StSpp:BrokenTotem","Smiling Mask","Mango","Vajra"],"acts_visited":["Exordium","TheCity","TheBeyond","TheEnding"],"potions_floor_usage":[10,14,18,22,37,38,40,41,45,46,54],"damage_taken":[{"damage":5,"enemies":"Small Slimes","floor":1,"turns":4},{"damage":0,"enemies":"Jaw Worm","floor":2,"turns":4},{"damage":5,"enemies":"2 Louse","floor":3,"turns":3},{"damage":0,"enemies":"2 Fungi Beasts","floor":4,"turns":3},{"damage":6,"enemies":"3 Louse","floor":5,"turns":3},{"damage":8,"enemies":"Blue Slaver","floor":7,"turns":4},{"damage":18,"enemies":"Gremlin Nob","floor":10,"turns":4},{"damage":1,"enemies":"2 Fungi Beasts","floor":12,"turns":2},{"damage":2,"enemies":"Looter","floor":13,"turns":4},{"damage":14,"enemies":"3 Sentries","floor":14,"turns":6},{"damage":21,"enemies":"Slime Boss","floor":16,"turns":13},{"damage":15,"enemies":"2 Thieves","floor":18,"turns":3},{"damage":10,"enemies":"3 Byrds","floor":19,"turns":4},{"damage":23,"enemies":"Shelled Parasite and Fungi","floor":20,"turns":5},{"damage":9,"enemies":"Cultist and Chosen","floor":21,"turns":7},{"damage":9,"enemies":"Snecko","floor":22,"turns":5},{"damage":0,"enemies":"3 Cultists","floor":29,"turns":3},{"damage":36,"enemies":"Automaton","floor":33,"turns":10},{"damage":9,"enemies":"Orb Walker","floor":35,"turns":4},{"damage":9,"enemies":"3 Darklings","floor":37,"turns":4},{"damage":34,"enemies":"Jaw Worm Horde","floor":38,"turns":4},{"damage":18,"enemies":"Writhing Mass","floor":39,"turns":8},{"damage":40,"enemies":"Reptomancer","floor":40,"turns":7},{"damage":4,"enemies":"Transient","floor":41,"turns":5},{"damage":17,"enemies":"4 Shapes","floor":45,"turns":5},{"damage":34,"enemies":"Nemesis","floor":46,"turns":11},{"damage":0,"enemies":"Mind Bloom Boss Battle","floor":47,"turns":10},{"damage":75,"enemies":"Awakened One","floor":50,"turns":15},{"damage":87,"enemies":"Shield and Spear","floor":54,"turns":6}],"seed_played":"-1031419934905928927","potions_obtained":[{"floor":3,"key":"FairyPotion"},{"floor":4,"key":"SpeedPotion"},{"floor":5,"key":"Fire Potion"},{"floor":12,"key":"AttackPotion"},{"floor":16,"key":"Fruit Juice"},{"floor":19,"key":"ColorlessPotion"},{"floor":21,"key":"Explosive Potion"},{"floor":22,"key":"Block Potion"},{"floor":35,"key":"LiquidBronze"},{"floor":40,"key":"AttackPotion"},{"floor":41,"key":"SpeedPotion"},{"floor":47,"key":"PowerPotion"}],"is_trial":false,"path_per_floor":["M","M","M","M","M","R","M","?","T","E","?","M","M","E","R","B",null,"M","M","M","M","M","R","?","$","T","?","R","M","?","$","R","B",null,"M","?","M","M","M","E","M","?","T","R","M","E","?","$","R","B",null,"R","$","E"],"character_chosen":"THE_SERVANT","items_purchased":["Toy Ornithopter","Vajra"],"campfire_rested":3,"item_purchase_floors":[25,53],"current_hp_per_floor":[66,66,61,61,55,55,47,47,47,29,22,21,19,5,5,14,71,61,51,28,19,10,32,32,32,32,16,31,33,33,33,48,33,53,51,51,53,28,30,15,37,27,27,27,26,21,57,57,57,30,67,67,67,0,0],"gold":22,"neow_bonus":"TEN_PERCENT_HP_BONUS","is_daily":false,"chose_seed":false,"campfire_upgraded":4,"win_rate":0.0,"timestamp":1611732258,"path_taken":["M","M","M","M","M","R","M","?","T","E","?","M","M","E","R","BOSS","M","M","M","M","M","R","?","$","T","?","R","M","?","?","R","BOSS","M","?","M","M","M","E","M","?","T","R","M","E","?","$","R","BOSS","R","$","E"],"items_purchased_type":["Relic","Relic"],"build_version":"2020-12-22","purchased_purges":1,"victory":false,"max_hp_per_floor":[71,71,71,71,71,71,71,71,71,71,71,71,71,71,71,71,71,76,76,76,76,76,76,53,53,53,53,53,53,53,53,53,53,53,53,53,53,53,53,53,53,53,53,53,53,53,67,67,67,67,67,67,67,67,67],"card_choices":[{"not_picked":["TimeWarp","GearUp"],"picked":"Ricochet","floor":1},{"not_picked":["Revamp","FastForward","BottledTime"],"picked":"SKIP","floor":2},{"not_picked":["Desolation","Spin","Potential"],"picked":"SKIP","floor":3},{"not_picked":["GearUp","BottledTime","Alleviate"],"picked":"SKIP","floor":4},{"not_picked":["Alleviate","BottledTime"],"picked":"Rearm","floor":5},{"not_picked":["KillingDoll","Comet"],"picked":"BestPractice","floor":7},{"not_picked":["DoubleEdge","Deny","ShatteredReality"],"picked":"SKIP","floor":10},{"not_picked":["Reset","Spin"],"picked":"GearUp","floor":12},{"not_picked":["ShatteredReality","Spin"],"picked":"Moonlight","floor":13},{"not_picked":["LightFlow","MoonPhase","FastForward"],"picked":"SKIP","floor":14},{"not_picked":["LightFlow","Deny"],"picked":"Sunlight","floor":16},{"not_picked":["ShatteredReality","FanOfKnives+1","Starlight"],"picked":"SKIP","floor":18},{"not_picked":["Barrier","Rearm+1","Reset"],"picked":"SKIP","floor":19},{"not_picked":["Ricochet+1","Revamp"],"picked":"SurpressingFire+1","floor":20},{"not_picked":["Potential","Defy","Rewind"],"picked":"SKIP","floor":21},{"not_picked":["Collapse","Alleviate","BottledTime+1"],"picked":"SKIP","floor":22},{"not_picked":["Read","WasteNot","Snipe+1"],"picked":"SKIP","floor":29},{"not_picked":["SoulSculpture","Solidify"],"picked":"FlawlessForm","floor":33},{"not_picked":["Moonlight"],"picked":"SKIP","floor":35},{"not_picked":["Replace+1"],"picked":"SKIP","floor":37},{"not_picked":["RealityMarble+1"],"picked":"SKIP","floor":38},{"not_picked":["Ricochet+1"],"picked":"SKIP","floor":39},{"not_picked":["Starlight+1"],"picked":"SKIP","floor":40},{"not_picked":["Revamp"],"picked":"SKIP","floor":41},{"not_picked":["TimeWarp+1"],"picked":"SKIP","floor":45},{"not_picked":["BestPractice+1"],"picked":"SKIP","floor":46}],"player_experience":179190,"relics_obtained":[{"floor":9,"key":"Whetstone"},{"floor":10,"key":"Potion Belt"},{"floor":14,"key":"reliquary:Buckler"},{"floor":27,"key":"Enchiridion"},{"floor":40,"key":"Art of War"},{"floor":43,"key":"StSpp:BrokenTotem"},{"floor":46,"key":"Smiling Mask"},{"floor":47,"key":"Mango"}],"event_choices":[{"damage_healed":0,"gold_gain":0,"player_choice":"Grow","damage_taken":0,"max_hp_gain":0,"max_hp_loss":0,"event_name":"Living Wall","floor":8,"gold_loss":0,"cards_upgraded":["Rearm"]},{"cards_removed":["Strike_S"],"damage_healed":0,"gold_gain":0,"player_choice":"Card Removal","damage_taken":7,"max_hp_gain":0,"max_hp_loss":0,"event_name":"Golden Wing","floor":11,"gold_loss":0},{"damage_healed":0,"gold_gain":0,"player_choice":"Became a vampire","damage_taken":0,"max_hp_gain":0,"max_hp_loss":23,"event_name":"Vampires","floor":24,"gold_loss":0,"cards_obtained":["Bite","Bite","Bite","Bite","Bite"]},{"damage_healed":0,"gold_gain":0,"player_choice":"Obtained Book","damage_taken":16,"max_hp_gain":0,"max_hp_loss":0,"event_name":"Cursed Tome","floor":27,"gold_loss":0},{"damage_healed":0,"gold_gain":0,"player_choice":"Ignored","damage_taken":0,"max_hp_gain":0,"max_hp_loss":0,"event_name":"Ghosts","floor":30,"gold_loss":0},{"damage_healed":0,"gold_gain":0,"player_choice":"Ignored","damage_taken":0,"max_hp_gain":0,"max_hp_loss":0,"event_name":"Tomb of Lord Red Mask","floor":36,"gold_loss":0},{"damage_healed":0,"gold_gain":0,"player_choice":"Memory 3","damage_taken":10,"max_hp_gain":0,"max_hp_loss":0,"event_name":"SensoryStone","floor":42,"gold_loss":0},{"damage_healed":0,"gold_gain":0,"player_choice":"Fight","damage_taken":0,"max_hp_gain":0,"max_hp_loss":0,"event_name":"MindBloom","floor":47,"gold_loss":0}],"is_beta":false,"boss_relics":[{"not_picked":["Empty Cage","Sozu"],"picked":"Ectoplasm"},{"not_picked":["reliquary:KinkedSpring","Velvet Choker"],"picked":"Busted Crown"}],"items_purged_floors":[48],"is_endless":false,"potions_floor_spawned":[3,4,5,12,16,19,21,22,35,40,41,47],"killed_by":"Shield and Spear","ascension_level":0}}