{"host":"e1y4kviho5jwd7e6","time":1611763950,"event":{"mods":["Act Like it!","Aspiration","BaseMod","Better Altar","Better Match","Better Note","Better Skull","Better Synergies","Better Third Choice","BetterRewards","CCEM2","Colored Powertips","Communication Mod","Conjunction","Conspire","Downfall","Energized Spire","Exacting","GifTheSpireLib","Hubris","Hyrulean Relics","Minty Spire (QoL Compilation)","Quarter Circle Forward PUNCH!","Replay The Spire","Small Relic Pack","Spicy Shops","StSLib","Stuff the Spire","The Blue Laboratory","Transform Curses","Uncapped"],"gold_per_floor":[124,136,136,136,150,165,165,201,201,201,275,200,157,157,171,88,88,213,213,241,261,286,305,320,320,177,177,177,177,177,177,177,177,177,308,308,337,337,337,366,380,380,395,395,395,419,44,58,58,89,89,89,89],"floor_reached":52,"language":"ENG","playtime":1985,"items_purged":["Injury"],"score":446,"play_id":"c9487a86-adee-4847-8d89-3196c85a41b0","local_time":"20210127111230","is_ascension_mode":false,"campfire_choices":[{"data":"Iron Wave","floor":7.0,"key":"SMITH"},{"data":"Immolate","floor":14.0,"key":"SMITH"},{"data":"Cleave","floor":17.0,"key":"SMITH"},{"data":"Pommel Strike","floor":25.0,"key":"SMITH"},{"data":"hubris:StunningStrike","floor":27.0,"key":"SMITH"},{"data":"Bash","floor":30.0,"key":"SMITH"},{"data":"Noxious Fumes","floor":42.0,"key":"SMITH"},{"floor":51,"key":"REST"}],"circlet_count":0,"master_deck":["Bash+1","hubris:StunningStrike+1","Iron Wave+1","Havoc+1","Cleave+1","Immolate+1","True Grit+1","Demonic Infusion+1","Shrug It Off+1","Pommel Strike+1","Blood for Blood","Power Through+1","Sentinel+1","Brutality","Shrug It Off+1","Offering+1","StuffTheSpire:Rapture","Noxious Fumes+1","Backstab","Atom Bomb","Second Wind+1","Fire Breathing+1","Havoc+1"],"relics":["Black Blood","Golden Idol","Toxic Egg 2","aspiration:SeaSaltIceCream","hubris:Towel","betterThird:SlimedRelic","qcfpunch:Handcuffs","Replay:Grab Bag","Velvet Choker","Cursed Key","Pandora\u0027s Box","Membership Card","Bronze Scales","CCEMRelics:TeddyBear"],"acts_visited":["Exordium","TheCity","TheBeyond"],"potions_floor_usage":[50,52],"damage_taken":[{"damage":4.0,"enemies":"conspire:RoseBush","floor":1.0,"turns":3.0},{"damage":3.0,"enemies":"2 Louse","floor":2.0,"turns":3.0},{"damage":0.0,"enemies":"Small Slimes","floor":5.0,"turns":3.0},{"damage":11.0,"enemies":"Blue Slaver","floor":6.0,"turns":5.0},{"damage":5.0,"enemies":"Looter","floor":8.0,"turns":3.0},{"damage":0.0,"enemies":"Gremlin Gang","floor":15.0,"turns":2.0},{"damage":33.0,"enemies":"The Guardian","floor":18.0,"turns":9.0},{"damage":0.0,"enemies":"2 Thieves","floor":20.0,"turns":2.0},{"damage":5.0,"enemies":"Shell Parasite","floor":21.0,"turns":5.0},{"damage":3.0,"enemies":"Cultist and Chosen","floor":22.0,"turns":4.0},{"damage":3.0,"enemies":"conspire:HollyBat","floor":23.0,"turns":5.0},{"damage":26.0,"enemies":"Shelled Parasite and Fungi","floor":24.0,"turns":6.0},{"damage":36.0,"enemies":"hubris:MusketHawk","floor":35.0,"turns":9.0},{"damage":1.0,"enemies":"3 Shapes","floor":37.0,"turns":2.0},{"damage":36.0,"enemies":"3 Darklings","floor":40.0,"turns":5.0},{"damage":21.0,"enemies":"Spire Growth","floor":41.0,"turns":6.0},{"damage":24.0,"enemies":"Maw","floor":43.0,"turns":8.0},{"damage":23,"enemies":"Transient","floor":46,"turns":5},{"damage":16,"enemies":"Spire Growth","floor":48,"turns":6},{"damage":6,"enemies":"3 Darklings","floor":50,"turns":3},{"damage":58,"enemies":"Replay:Hell Engine","floor":52,"turns":7}],"seed_played":"-3715671521257583567","potions_obtained":[{"floor":5.0,"key":"Strength Potion"},{"floor":6.0,"key":"blueLaboratory:HorrorPotion"},{"floor":8.0,"key":"blueLaboratory:AbyssPotion"},{"floor":23.0,"key":"blueLaboratory:LimitlessPotion"},{"floor":34.0,"key":"Flashbang"},{"floor":35.0,"key":"Languid Potion"},{"floor":40.0,"key":"blueLaboratory:PhilterOfMotion"},{"floor":41.0,"key":"Energy Potion"},{"floor":46,"key":"Elixir"},{"floor":48,"key":"bronze:BurnAndBuffPotion"}],"is_trial":false,"path_per_floor":["M","M","?","?","M","M","R","M","PTL","PTL","T","$","?","R","M","$","R","B",null,"M","M","M","M","M","R","$","R","T","T","R","?","$","?","R","B",null,"M","?","?","M","M","R","M","?","T","M","$","M","?","M","R","B"],"character_chosen":"IRONCLAD","items_purchased":["qcfpunch:Handcuffs","Replay:Baseball","Membership Card","Bronze Scales","CCEMRelics:TeddyBear","DistilledChaos","Havoc+1"],"campfire_rested":1,"item_purchase_floors":[16,26,47,47,47,47,47],"current_hp_per_floor":[80,80,60,60,66,61,61,62,62,62,62,62,51,51,57,57,57,30,80,80,80,80,80,60,60,60,60,60,60,60,60,60,60,60,30,80,80,80,80,56,47,47,35,35,35,24,24,20,20,26,50,0,0],"gold":89,"neow_bonus":"ONE_RANDOM_RARE_CARD","is_daily":false,"chose_seed":false,"campfire_upgraded":7,"win_rate":0.0,"timestamp":1611763950,"path_taken":["M","M","?","?","M","M","R","M","PTL","PTL","T","$","?","R","M","?","R","BOSS","M","?","M","M","M","R","$","R","T","?","R","?","$","?","R","BOSS","M","?","?","M","?","R","M","?","T","M","$","M","?","M","R","BOSS"],"items_purchased_type":["Relic","Relic","Relic","Relic","Relic","Potion","Card"],"build_version":"2020-12-22","purchased_purges":1,"victory":false,"max_hp_per_floor":[80,80,80,80,80,80,80,80,80,80,80,80,80,80,80,80,80,80,80,80,80,80,80,80,80,80,80,80,80,80,80,80,80,80,80,80,80,80,80,80,80,80,80,80,80,80,80,80,80,80,80,80,80],"card_choices":[{"not_picked":["ReplayTheSpireMod:Strike From Hell","Thunderclap","Wild Strike"],"picked":"SKIP","floor":1.0},{"not_picked":["Intimidate","Dropkick"],"picked":"Iron Wave","floor":2.0},{"not_picked":["Bloodletting+1","Thunderclap"],"picked":"Havoc+1","floor":5.0},{"not_picked":["Havoc+1","Clothesline"],"picked":"Cleave","floor":5.0},{"not_picked":["StuffTheSpire:Incineration","Run Through"],"picked":"Immolate","floor":6.0},{"not_picked":["Iron Wave","Sword Boomerang"],"picked":"True Grit+1","floor":8.0},{"not_picked":["Warcry+1","Sword Boomerang","Armaments+1"],"picked":"SKIP","floor":15.0},{"not_picked":["Cleave","Headbutt","Run Through"],"picked":"SKIP","floor":15.0},{"not_picked":["Reaper","Eclipse+1"],"picked":"Demonic Infusion+1","floor":18.0},{"not_picked":["Uppercut","Body Slam"],"picked":"Shrug It Off+1","floor":20.0},{"not_picked":["hubris:SharpeningStone+1","Clothesline","Heavy Blade"],"picked":"SKIP","floor":21.0},{"not_picked":["Perfected Strike","ReplayTheSpireMod:LeadingStrike","Iron Wave"],"picked":"SKIP","floor":22.0},{"not_picked":["Shrug It Off+1","ReplayTheSpireMod:Strike From Hell","Anger"],"picked":"SKIP","floor":23.0},{"not_picked":["Rage+1","StuffTheSpire:RockThrow","Dropkick"],"picked":"SKIP","floor":24.0},{"not_picked":["Blood for Blood+1","Warcry+1","hubris:ReadiedAction+1"],"picked":"SKIP","floor":37.0},{"not_picked":["StuffTheSpire:Innocence","StuffTheSpire:Perfection"],"picked":"StuffTheSpire:Rapture","floor":38.0},{"not_picked":["Clash+1","conspire:ExplosiveBarrier+1","ReplayTheSpireMod:Strike From Hell+1"],"picked":"SKIP","floor":40.0},{"not_picked":["Combust+1","Abandon+1","Twin Strike"],"picked":"SKIP","floor":41.0},{"not_picked":["Perfected Strike","Defy Death+1"],"picked":"Second Wind+1","floor":43.0},{"not_picked":["Massacre","Limit Break+1"],"picked":"Fire Breathing+1","floor":46},{"not_picked":["ReplayTheSpireMod:LeadingStrike","Spot Weakness+1","Anger"],"picked":"SKIP","floor":48},{"not_picked":["True Grit+1","Heavy Blade+1","Run Through"],"picked":"SKIP","floor":50}],"player_experience":936934,"relics_obtained":[{"floor":11.0,"key":"aspiration:SeaSaltIceCream"}],"event_choices":[{"damage_healed":0.0,"max_hp_gain":0.0,"max_hp_loss":0.0,"gold_gain":0.0,"event_name":"Golden Idol","player_choice":"Take Damage","floor":3.0,"gold_loss":0.0,"damage_taken":20.0,"relics_obtained":["Golden Idol"]},{"damage_healed":0.0,"max_hp_gain":0.0,"max_hp_loss":0.0,"gold_gain":0.0,"event_name":"betterThird:BetterGoop","player_choice":"Slimed","floor":13.0,"gold_loss":43.0,"damage_taken":11.0},{"cards_removed":["Immolate"],"damage_healed":0.0,"max_hp_gain":0.0,"max_hp_loss":0.0,"gold_gain":0.0,"event_name":"betterNote:BetterNote","player_choice":"Take \u0026 Give","floor":31.0,"gold_loss":0.0,"damage_taken":0.0,"cards_obtained":["Offering"]},{"damage_healed":0.0,"max_hp_gain":0.0,"max_hp_loss":0.0,"gold_gain":0.0,"event_name":"Ghosts","player_choice":"Ignored","floor":33.0,"gold_loss":0.0,"damage_taken":0.0},{"damage_healed":0.0,"max_hp_gain":0.0,"max_hp_loss":0.0,"gold_gain":0.0,"event_name":"Tomb of Lord Red Mask","player_choice":"Ignored","floor":44.0,"gold_loss":0.0,"damage_taken":0.0}],"is_beta":false,"boss_relics":[{"not_picked":["hubris:Backtick","Abe\u0027s Treasure"],"picked":"Replay:Grab Bag"},{"not_picked":["Sozu","hubris:GrandSneckoEye"],"picked":"Velvet Choker"},{"not_picked":["qcfpunch:Crimson_Sash","conspire:SlowCooker"],"picked":"Cursed Key"},{"not_picked":["CCEMRelics:TransientCore","conspire:RunicOctahedron"],"picked":"Pandora\u0027s Box"},{"not_picked":["StuffTheSpire:Kangaroo","Runic Pyramid"],"picked":"Black Blood"}],"items_purged_floors":[12],"is_endless":false,"potions_floor_spawned":[5,6,8,23,35,40,41,46,48],"killed_by":"Replay:Hell Engine","ascension_level":0}}