{"host":"spdqkj9ykratwava","time":1611750899,"event":{"mods":["BaseMod","Block Reminder","Minty Spire (QoL Compilation)","Slay the Relics Exporter","StSLib"],"gold_per_floor":[114,129,140,158,158,158,175,191,218,218,232,251,251,268,268,268,268],"floor_reached":16,"language":"ENG","playtime":434,"items_purged":[],"score":98,"play_id":"057fdcb5-5f9f-4675-9d02-be95a72af4f0","local_time":"20210127043459","is_ascension_mode":false,"campfire_choices":[{"data":"Go for the Eyes","floor":6.0,"key":"SMITH"},{"data":"Beam Cell","floor":10,"key":"SMITH"},{"floor":13,"key":"REST"},{"data":"Hologram","floor":15,"key":"SMITH"}],"circlet_count":0,"master_deck":["Strike_B","Strike_B","Strike_B","Strike_B","Defend_B","Defend_B+1","Defend_B","Defend_B","Zap","Dualcast","Clumsy","Seek","Gash+1","Go for the Eyes+1","Beam Cell+1","Leap","Seek","Coolheaded","Hologram+1","Steam","Rebound"],"relics":["Cracked Core","Orichalcum"],"acts_visited":["Exordium"],"potions_floor_usage":[7,16],"damage_taken":[{"damage":1.0,"enemies":"2 Louse","floor":1.0,"turns":3.0},{"damage":6.0,"enemies":"Jaw Worm","floor":2.0,"turns":3.0},{"damage":4.0,"enemies":"Small Slimes","floor":3.0,"turns":3.0},{"damage":19.0,"enemies":"Exordium Thugs","floor":4.0,"turns":4.0},{"damage":0,"enemies":"3 Louse","floor":7,"turns":1},{"damage":0,"enemies":"Red Slaver","floor":8,"turns":3},{"damage":6,"enemies":"Exordium Thugs","floor":11,"turns":4},{"damage":2,"enemies":"Blue Slaver","floor":12,"turns":2},{"damage":0,"enemies":"Lots of Slimes","floor":14,"turns":3},{"damage":44,"enemies":"Slime Boss","floor":16,"turns":7}],"seed_played":"-7611932700220129121","potions_obtained":[{"floor":3.0,"key":"Explosive Potion"},{"floor":4.0,"key":"Dexterity Potion"},{"floor":7,"key":"SteroidPotion"},{"floor":12,"key":"Ancient Potion"}],"is_trial":false,"path_per_floor":["M","M","M","M","?","R","M","M","T","R","M","M","R","M","R","B"],"character_chosen":"DEFECT","items_purchased":[],"campfire_rested":1,"item_purchase_floors":[],"current_hp_per_floor":[74,68,64,45,30,30,30,30,30,30,24,22,44,44,44,0,0],"gold":268,"neow_bonus":"THREE_RARE_CARDS","is_daily":false,"chose_seed":false,"campfire_upgraded":3,"win_rate":0.0,"timestamp":1611750899,"path_taken":["M","M","M","M","?","R","M","M","T","R","M","M","R","M","R","BOSS"],"items_purchased_type":[],"build_version":"2020-12-22","purchased_purges":0,"victory":false,"max_hp_per_floor":[75,75,75,75,75,75,75,75,75,75,75,75,75,75,75,75,75],"card_choices":[{"not_picked":["Fission","Multi-Cast"],"picked":"Seek","floor":0.0},{"not_picked":["Glacier","Cold Snap"],"picked":"Gash","floor":1.0},{"not_picked":["Glacier","Stack"],"picked":"Go for the Eyes","floor":2.0},{"not_picked":["Barrage","Chaos"],"picked":"Beam Cell","floor":3.0},{"not_picked":["Turbo","Rebound"],"picked":"Leap","floor":4.0},{"not_picked":["Beam Cell","Gash"],"picked":"Seek","floor":7},{"not_picked":["Leap","Compile Driver"],"picked":"Coolheaded","floor":8},{"not_picked":["Conserve Battery","Aggregate"],"picked":"Hologram","floor":11},{"not_picked":["Darkness","Hologram"],"picked":"Steam","floor":12},{"not_picked":["Hello World","Lockon"],"picked":"Rebound","floor":14}],"player_experience":419703,"relics_obtained":[{"floor":9,"key":"Orichalcum"}],"event_choices":[{"damage_healed":0.0,"max_hp_gain":0.0,"max_hp_loss":0.0,"gold_gain":0.0,"event_name":"Shining Light","player_choice":"Entered Light","floor":5.0,"gold_loss":0.0,"damage_taken":15.0,"cards_upgraded":["Gash","Defend_B"]}],"is_beta":false,"boss_relics":[],"items_purged_floors":[],"is_endless":false,"potions_floor_spawned":[3,4,7,12],"killed_by":"Slime Boss","ascension_level":0}}