{"host":"vpcwwncyo54nsck6","time":1611721684,"event":{"mods":["BaseMod","Downfall","Minty Spire (QoL Compilation)","StSLib"],"gold_per_floor":[349,23,39,63,89,89,168,196,233,260,60,96,126,234,247,352,352,352,377,377,399,507,528,555,579,479,519,546,588,588,622,642,755,755,755,777,777,795,400,410,483,522,189,189,230,250,250,288,314,314,314,357,51,51,51,51],"floor_reached":57,"language":"ENG","playtime":11156,"items_purged":["hexamod:Defend+1"],"score":1543,"play_id":"176b7cce-ea6d-4e11-bfae-e5ceec24156d","local_time":"20210126202804","is_ascension_mode":true,"campfire_choices":[{"floor":1.0,"key":"RECALL"},{"data":"hexamod:Rewind","floor":6.0,"key":"SMITH"},{"data":"hexamod:EtherealExpedition","floor":11.0,"key":"SMITH"},{"data":"hexamod:Rewind","floor":18.0,"key":"SMITH"},{"data":"hexamod:Incineration","floor":26.0,"key":"SMITH"},{"data":"hexamod:Strike","floor":30.0,"key":"PURGE"},{"data":"hexamod:Defend","floor":35.0,"key":"PURGE"},{"data":"hexamod:Strike+1","floor":47.0,"key":"PURGE"},{"data":"hexamod:Strike+1","floor":54,"key":"PURGE"}],"circlet_count":0,"master_deck":["hexamod:Strike+1","hexamod:Float+1","hexamod:Rewind+1","hexamod:ThirdSeal","hexamod:TimeWarp+1","hexamod:SecondSeal","hexamod:BacktrackSmack+1","hexamod:Rewind+1","hexamod:NightmareGuise+1","hexamod:EtherealExpedition+1","hexamod:GiftsFromTheDead+1","hexamod:Hexaguard+1","hexamod:TimeOfNeed","hexamod:GhostOfSpirePast+1","hexamod:Hexaguard+1","hexamod:SpectralAdrenaline+1","hexamod:FourthSeal","hexamod:GiftsFromTheDead+1","hexamod:NightmareStrike+1","hexamod:WildfireWeapon+1","hexamod:SearingWound+1","hexamod:Incineration+1","hexamod:Hexaguard+1","hexamod:SixthSeal","hexamod:FastForward+1","hexamod:FastForward+1","hexamod:StepThrough+1","hexamod:ApocalypticArmor+1","hexamod:TimeOfNeed+1","hexamod:GhostflameInferno+1","hexamod:StepThrough+1","hexamod:HeatShield+1","Master of Strategy","hexamod:PowerFromBeyond+1","hexamod:Rewind+1","hexamod:SpectralAdrenaline+1","hexamod:SoulSteal+1","hexamod:ThermalTransfer+1","hexamod:StepThrough","hexamod:FastForward+1"],"relics":["hexamod:SpiritBrand","champ:Barbells","Bottled Flame","Guardian:GemstoneGun","downfall:HeartBlessingRed","downfall:HeartBlessingGreen","Bird Faced Urn","Odd Mushroom","Runic Pyramid","White Beast Statue","downfall:HeartBlessingBlue","Peace Pipe","Slimebound:PreparedRelic","Mango","hexamod:IceCube","Potion Belt","Medical Kit","Blue Candle","Oddly Smooth Stone","Sundial","Thread and Needle","Ornamental Fan","Toy Ornithopter","Guardian:PocketSentry","HandDrill"],"acts_visited":["Exordium","TheCity","TheBeyond","TheEnding"],"potions_floor_usage":[50,52,55,56],"damage_taken":[{"damage":0.0,"enemies":"downfall:FleeingMerchant","floor":2.0,"turns":4.0},{"damage":0.0,"enemies":"Small Slimes","floor":3.0,"turns":3.0},{"damage":0.0,"enemies":"2 Louse","floor":4.0,"turns":3.0},{"damage":1.0,"enemies":"Jaw Worm","floor":5.0,"turns":3.0},{"damage":0.0,"enemies":"Large Slime","floor":8.0,"turns":4.0},{"damage":8.0,"enemies":"3 Sentries","floor":9.0,"turns":7.0},{"damage":28.0,"enemies":"Gremlin Gang","floor":10.0,"turns":4.0},{"damage":1.0,"enemies":"Lagavulin","floor":12.0,"turns":4.0},{"damage":6.0,"enemies":"The Mushroom Lair","floor":13.0,"turns":3.0},{"damage":17.0,"enemies":"downfall:Heads","floor":14.0,"turns":5.0},{"damage":0.0,"enemies":"3 Louse","floor":15.0,"turns":2.0},{"damage":21.0,"enemies":"SI_SHIV_ARCHETYPE","floor":16.0,"turns":5.0},{"damage":18.0,"enemies":"Shell Parasite","floor":19.0,"turns":5.0},{"damage":5.0,"enemies":"Chosen","floor":21.0,"turns":4.0},{"damage":0.0,"enemies":"downfall:LadyInBlue","floor":22.0,"turns":6.0},{"damage":16.0,"enemies":"3 Cultists","floor":23.0,"turns":5.0},{"damage":5.0,"enemies":"Chosen and Byrds","floor":25.0,"turns":5.0},{"damage":20.0,"enemies":"Book of Stabbing","floor":27.0,"turns":4.0},{"damage":16.0,"enemies":"Centurion and Healer","floor":28.0,"turns":4.0},{"damage":22.0,"enemies":"Slavers","floor":29.0,"turns":3.0},{"damage":8.0,"enemies":"Book of Stabbing","floor":31.0,"turns":4.0},{"damage":0.0,"enemies":"Snake Plant","floor":32.0,"turns":3.0},{"damage":57.0,"enemies":"IC_MUSHROOM_ARCHETYPE","floor":33.0,"turns":6.0},{"damage":0.0,"enemies":"Orb Walker","floor":36.0,"turns":3.0},{"damage":4.0,"enemies":"3 Shapes","floor":38.0,"turns":4.0},{"damage":0.0,"enemies":"downfall:FleeingMerchant","floor":39.0,"turns":4.0},{"damage":6.0,"enemies":"Sphere and 2 Shapes","floor":40.0,"turns":4.0},{"damage":19.0,"enemies":"Reptomancer","floor":42.0,"turns":4.0},{"damage":0.0,"enemies":"Giant Head","floor":45.0,"turns":6.0},{"damage":25.0,"enemies":"3 Darklings","floor":46.0,"turns":4.0},{"damage":21.0,"enemies":"Reptomancer","floor":48.0,"turns":5.0},{"damage":0,"enemies":"Maw","floor":49,"turns":5},{"damage":38,"enemies":"DF_ARCHETYPE_ORBS","floor":50,"turns":7},{"damage":0,"enemies":"downfall:CharBossMerchant","floor":52,"turns":6},{"damage":18,"enemies":"downfall:NeowBoss","floor":55,"turns":10},{"damage":51,"enemies":"downfall:NeowBossFinal","floor":56,"turns":9}],"seed_played":"-690412638868701676","potions_obtained":[{"floor":3.0,"key":"Regen Potion"},{"floor":4.0,"key":"Dexterity Potion"},{"floor":8.0,"key":"SpeedPotion"},{"floor":15.0,"key":"CultistPotion"},{"floor":16.0,"key":"hexamod:InfernoChargePotion"},{"floor":16.0,"key":"Weak Potion"},{"floor":22.0,"key":"sneckomod:MuddlingPotion"},{"floor":22.0,"key":"SpeedPotion"},{"floor":22.0,"key":"Fire Potion"},{"floor":22.0,"key":"SteroidPotion"},{"floor":25.0,"key":"Fruit Juice"},{"floor":25.0,"key":"hexamod:EctoCoolerPotion"},{"floor":28.0,"key":"DistilledChaos"},{"floor":29.0,"key":"Explosive Potion"},{"floor":31.0,"key":"AttackPotion"},{"floor":31.0,"key":"Guardian:BlockOnCardUsePotion"},{"floor":39.0,"key":"Swift Potion"},{"floor":40.0,"key":"Explosive Potion"},{"floor":42.0,"key":"Fruit Juice"},{"floor":42.0,"key":"hexamod:DoubleChargePotion"},{"floor":45.0,"key":"DistilledChaos"},{"floor":45.0,"key":"SkillPotion"},{"floor":46.0,"key":"SpeedPotion"},{"floor":52,"key":"DistilledChaos"},{"floor":52,"key":"FairyPotion"}],"is_trial":false,"path_per_floor":["R","$","M","M","M","R","T","M","E","M","R","E","?","?","M","B",null,"R","M","?","M","?","M","T","M","R","E","M","E","R","E","M","B",null,"R","M","?","M","?","M","T","E","?","T","E","M","R","E","M","B",null,"E","$","R","B","B",null],"character_chosen":"THE_SPIRIT","items_purchased":["champ:Barbells","hexamod:ThirdSeal","hexamod:TimeWarp","Potion Belt","Medical Kit","PowerPotion","AttackPotion","EssenceOfSteel","Master of Strategy","Guardian:PocketSentry","HandDrill"],"campfire_rested":0,"item_purchase_floors":[2,2,2,39,39,39,39,39,39,53,53],"current_hp_per_floor":[63,63,63,63,62,62,62,62,54,26,26,25,34,27,29,18,63,63,57,57,63,63,59,59,68,78,66,62,52,52,74,86,45,92,92,92,92,92,92,90,90,83,104,104,109,98,98,93,109,77,109,109,109,109,105,66],"gold":51,"neow_bonus":"TWO_FIFTY_GOLD","is_daily":false,"chose_seed":false,"campfire_upgraded":4,"win_rate":0.0,"timestamp":1611721684,"path_taken":["R","$","M","M","M","R","T","M","E","M","R","E","?","?","M","BOSS","R","M","?","M","?","M","T","M","R","E","?","E","R","E","M","BOSS","R","M","?","?","?","M","T","E","?","?","E","M","R","E","M","BOSS","E","$","R","BOSS","BOSS"],"items_purchased_type":["Relic","Card","Card","Relic","Relic","Potion","Potion","Potion","Card","Relic","Relic"],"build_version":"2020-12-22","purchased_purges":1,"victory":true,"max_hp_per_floor":[63,63,63,63,63,63,63,63,63,63,63,63,63,63,63,63,63,63,63,63,63,63,63,63,68,78,78,78,78,78,92,92,92,92,92,92,92,92,92,92,92,92,104,104,109,109,109,109,109,109,109,109,109,109,109,109],"card_choices":[{"not_picked":["hexamod:NightmareGuise","hexamod:DynamicBlow"],"picked":"hexamod:Rewind","floor":2.0},{"not_picked":["hexamod:AdvancingGuard","hexamod:RetreatToShadows"],"picked":"hexamod:SecondSeal","floor":3.0},{"not_picked":["hexamod:RadiantFlame","hexamod:GhostLash"],"picked":"hexamod:BacktrackSmack","floor":3.0},{"not_picked":["hexamod:HeatMetal","hexamod:GhostOfSpirePresent"],"picked":"hexamod:Rewind","floor":4.0},{"not_picked":["hexamod:ThermalTransfer","hexamod:ExtraCrispy"],"picked":"hexamod:NightmareGuise","floor":4.0},{"not_picked":["hexamod:GhostShield","hexamod:BacktrackSmack"],"picked":"hexamod:EtherealExpedition","floor":5.0},{"not_picked":["hexamod:ThirdSeal","hexamod:FlamesFromBeyond","hexamod:EmpoweredFlame"],"picked":"SKIP","floor":5.0},{"not_picked":["hexamod:EmpoweredFlame","hexamod:InspiringFlames","hexamod:FlamesFromBeyond"],"picked":"SKIP","floor":8.0},{"not_picked":["hexamod:ThermalTransfer","hexamod:HeatMetal","hexamod:AdvancingGuard"],"picked":"SKIP","floor":8.0},{"not_picked":["hexamod:ThirdSeal","hexamod:FastForward"],"picked":"hexamod:GiftsFromTheDead","floor":9.0},{"not_picked":["hexamod:ThermalTransfer","hexamod:FlamesFromBeyond","hexamod:ThirdSeal"],"picked":"SKIP","floor":9.0},{"not_picked":["hexamod:SecondSeal","hexamod:RainOfEmbers"],"picked":"hexamod:Hexaguard","floor":10.0},{"not_picked":["hexamod:ChargedBarrage","hexamod:SkipABeat","hexamod:ShieldOfDarkness"],"picked":"SKIP","floor":10.0},{"not_picked":["hexamod:PhantomFireball","hexamod:GhostLash"],"picked":"hexamod:TimeOfNeed","floor":12.0},{"not_picked":["hexamod:AdvancingGuard","hexamod:GhostOfSpireFuture"],"picked":"hexamod:GhostOfSpirePast","floor":12.0},{"not_picked":["hexamod:GhostShield","hexamod:NightmareGuise"],"picked":"hexamod:Hexaguard","floor":13.0},{"not_picked":["hexamod:AdvancingGuard","hexamod:NecessarySacrifice"],"picked":"hexamod:FourthSeal","floor":14.0},{"not_picked":["hexamod:SwordOfDarkness","hexamod:FastForward"],"picked":"hexamod:GiftsFromTheDead","floor":14.0},{"not_picked":["hexamod:AdvancingGuard","hexamod:SuperheatedStrike"],"picked":"hexamod:NightmareStrike","floor":15.0},{"not_picked":["hexamod:GiftsFromTheDead","hexamod:GhostOfSpirePresent"],"picked":"hexamod:WildfireWeapon","floor":16.0},{"not_picked":["hexamod:UnlimitedPower","hexamod:GhostOfSpirePresent"],"picked":"hexamod:SearingWound","floor":16.0},{"not_picked":["hexamod:HeatMetal","hexamod:ShieldOfDarkness","hexamod:EmpoweredFlame"],"picked":"SKIP","floor":19.0},{"not_picked":["hexamod:PowerFromBeyond","hexamod:HeatShield","hexamod:ShieldOfDarkness+1"],"picked":"SKIP","floor":19.0},{"not_picked":["hexamod:RetreatToShadows","hexamod:GhostflameBarrier","hexamod:HeatCrush"],"picked":"SKIP","floor":21.0},{"not_picked":["hexamod:GhostShield","hexamod:ShieldOfDarkness+1","hexamod:InspiringFlames+1"],"picked":"SKIP","floor":21.0},{"not_picked":["hexamod:BurningTouch","hexamod:DynamicBlow"],"picked":"hexamod:Incineration","floor":22.0},{"not_picked":["hexamod:GhostShield+1","hexamod:BacktrackSmack"],"picked":"hexamod:Hexaguard","floor":23.0},{"not_picked":["hexamod:ThermalTransfer","hexamod:InspiringFlames"],"picked":"hexamod:SixthSeal","floor":23.0},{"not_picked":["hexamod:BacktrackSmack","hexamod:SpectersWail"],"picked":"hexamod:FastForward","floor":25.0},{"not_picked":["hexamod:GhostLash+1","hexamod:SoulSteal+1"],"picked":"hexamod:FastForward+1","floor":25.0},{"not_picked":["hexamod:BurningTouch","hexamod:Toasty","hexamod:RetreatToShadows"],"picked":"SKIP","floor":27.0},{"not_picked":["hexamod:SecondSeal","hexamod:InspiringFlames","hexamod:BacktrackSmack"],"picked":"SKIP","floor":27.0},{"not_picked":["hexamod:Haunt","hexamod:Rewind"],"picked":"hexamod:StepThrough","floor":28.0},{"not_picked":["hexamod:HauntingEcho","hexamod:GhostLash","hexamod:HeatMetal"],"picked":"SKIP","floor":28.0},{"not_picked":["hexamod:HeatMetal","hexamod:BurningTouch"],"picked":"hexamod:ApocalypticArmor","floor":29.0},{"not_picked":["hexamod:FourthSeal","hexamod:ThirdSeal","hexamod:PowerFromBeyond"],"picked":"SKIP","floor":31.0},{"not_picked":["hexamod:NightmareStrike","hexamod:FlamesFromBeyond+1","hexamod:HauntingEcho+1"],"picked":"SKIP","floor":31.0},{"not_picked":["hexamod:DynamicBlow","hexamod:SpectersWail","hexamod:ThermalTransfer"],"picked":"SKIP","floor":32.0},{"not_picked":["hexamod:UnleashSpirits","hexamod:SixthSeal"],"picked":"hexamod:TimeOfNeed","floor":33.0},{"not_picked":["hexamod:GhostOfSpirePresent","hexamod:HexaLevel"],"picked":"hexamod:GhostflameInferno","floor":33.0},{"not_picked":["hexamod:CatchUp","hexamod:SoulSteal"],"picked":"hexamod:StepThrough+1","floor":36.0},{"not_picked":["hexamod:Haunt","hexamod:HeatMetal+1","hexamod:NightmareGuise"],"picked":"SKIP","floor":38.0},{"not_picked":["hexamod:GhostShield","hexamod:FlamesFromBeyond+1","hexamod:GhostflameBarrier+1"],"picked":"SKIP","floor":38.0},{"not_picked":["hexamod:RadiantFlame","hexamod:HauntingEcho","hexamod:BurningTouch"],"picked":"SKIP","floor":39.0},{"not_picked":["hexamod:InspiringFlames+1","hexamod:ExtraCrispy+1","hexamod:SecondSeal"],"picked":"SKIP","floor":39.0},{"not_picked":["hexamod:GhostflameBarrier+1","hexamod:Hexaguard"],"picked":"hexamod:PowerFromBeyond+1","floor":40.0},{"not_picked":["hexamod:AdvancingGuard","hexamod:Firestarter"],"picked":"hexamod:Rewind","floor":40.0},{"not_picked":["hexamod:FlamesFromBeyond","hexamod:ChargedBarrage+1"],"picked":"hexamod:SpectralAdrenaline+1","floor":42.0},{"not_picked":["hexamod:FlameSwitch","hexamod:AdvancingGuard+1","hexamod:EmpoweredFlame"],"picked":"SKIP","floor":42.0},{"not_picked":["hexamod:SuperheatedStrike","hexamod:HauntingEcho+1"],"picked":"hexamod:SoulSteal+1","floor":45.0},{"not_picked":["hexamod:RainOfEmbers","hexamod:PhantomCloak+1"],"picked":"hexamod:ThermalTransfer+1","floor":45.0},{"not_picked":["hexamod:SpectersWail","hexamod:Firestarter+1","hexamod:ThermalTransfer+1"],"picked":"SKIP","floor":46.0},{"not_picked":["hexamod:HeatMetal","hexamod:ThermalTransfer","hexamod:Again+1"],"picked":"SKIP","floor":48.0},{"not_picked":["hexamod:GiftsFromTheDead","hexamod:ExtraCrispy+1","hexamod:SpectersWail+1"],"picked":"SKIP","floor":48.0},{"not_picked":["hexamod:ExtraCrispy","hexamod:GhostflameBarrier"],"picked":"hexamod:StepThrough","floor":49},{"not_picked":["hexamod:GhostLash","hexamod:ThermalTransfer+1","hexamod:HeatCrush+1"],"picked":"SKIP","floor":49},{"not_picked":["hexamod:GhostLash","hexamod:RainOfEmbers"],"picked":"hexamod:FastForward","floor":52},{"not_picked":["hexamod:FourthSeal","hexamod:InspiringFlames","hexamod:FlamesFromBeyond"],"picked":"SKIP","floor":52}],"player_experience":2487149,"relics_obtained":[{"floor":7.0,"key":"Bottled Flame"},{"floor":9.0,"key":"Guardian:GemstoneGun"},{"floor":12.0,"key":"Bird Faced Urn"},{"floor":13.0,"key":"Odd Mushroom"},{"floor":22.0,"key":"White Beast Statue"},{"floor":27.0,"key":"Peace Pipe"},{"floor":29.0,"key":"Slimebound:PreparedRelic"},{"floor":31.0,"key":"Mango"},{"floor":41.0,"key":"Blue Candle"},{"floor":42.0,"key":"Oddly Smooth Stone"},{"floor":44.0,"key":"Sundial"},{"floor":45.0,"key":"Thread and Needle"},{"floor":48.0,"key":"Ornamental Fan"},{"floor":52,"key":"Toy Ornithopter"}],"event_choices":[{"damage_healed":0.0,"max_hp_gain":0.0,"max_hp_loss":0.0,"gold_gain":0.0,"event_name":"Mushrooms","player_choice":"Fought Mushrooms","floor":13.0,"gold_loss":0.0,"damage_taken":0.0},{"damage_healed":0.0,"max_hp_gain":0.0,"max_hp_loss":0.0,"gold_gain":0.0,"event_name":"Vampires","player_choice":"Ignored","floor":20.0,"gold_loss":0.0,"damage_taken":0.0}],"is_beta":false,"boss_relics":[{"not_picked":["bronze:MakeshiftBattery","Philosopher\u0027s Stone"],"picked":"Runic Pyramid"},{"not_picked":["Empty Cage","Tiny House"],"picked":"hexamod:IceCube"}],"items_purged_floors":[39],"is_endless":false,"potions_floor_spawned":[3,4,8,12,15,16,22,23,25,27,28,29,31,32,33,36,38,39,40,42,45,46,48,49,52],"ascension_level":1}}