{"host":"t9zjxed0utvsfjwc","time":1611751652,"event":{"mods":["2.2 Compatiblity","Aspiration","BaseMod","Better Altar","Better Match","Better Note","Better Sensory Stone","Better Skull","Better Third Choice","Block Reminder","Colored Map","Colored Powertips","Custom Start","Downfall","Hermit","Highlight Path","Hubris","Infinite Spire","Minty Spire (QoL Compilation)","Quick Restart","Rare Cards Sparkle","Reliquary","Replay The Spire","StSLib","The Cursed","The Marked","The Runesmith","Unceasing Turn Reminder","everything is the same but u backflip on backflip"],"gold_per_floor":[99,117,132,42,317,335,335,350,364,19,19,36,36,486,503,605,605,605,605],"floor_reached":17,"language":"ENG","playtime":914,"items_purged":["champ:Taunt","Regret"],"score":174,"play_id":"06567718-9828-4490-9ac4-9f41a88166dd","local_time":"20210127124732","is_ascension_mode":false,"campfire_choices":[{"floor":1,"key":"RECALL"},{"data":"champ:Duel","floor":11,"key":"SMITH"}],"circlet_count":0,"master_deck":["champ:Strike+1","champ:Strike+1","champ:Strike+1","champ:Defend","champ:Defend","champ:Defend","champ:Execute+1","champ:Lariat","champ:Backstep","champ:GladiatorStyle","champ:PerfectedStrike+1","champ:Duel+1","champ:PerfectedStrike+1","champ:BladeFlurry+1","champ:FlashCut+1","downfall:Icky","downfall:Icky","downfall:Icky","champ:UltimateStance"],"relics":["Empty Cage","reliquary:TatteredRug","hubris:RunicObelisk"],"acts_visited":["Exordium","TheCity"],"potions_floor_usage":[9,10,10,12,12,15,15],"damage_taken":[{"damage":37,"enemies":"Jaw Worm","floor":2,"turns":6},{"damage":9,"enemies":"infinitespire:Voidling","floor":3,"turns":5},{"damage":25,"enemies":"downfall:FleeingMerchant","floor":4,"turns":4},{"damage":10,"enemies":"2 Louse","floor":6,"turns":2},{"damage":16,"enemies":"3 Louse","floor":8,"turns":4},{"damage":2,"enemies":"Blue Slaver","floor":9,"turns":2},{"damage":19,"enemies":"downfall:FleeingMerchant","floor":10,"turns":4},{"damage":10,"enemies":"Gremlin Gang","floor":12,"turns":2},{"damage":0,"enemies":"Lots of Slimes","floor":15,"turns":3},{"damage":20,"enemies":"WA_ARCHETYPE_RETAIN","floor":16,"turns":5}],"seed_played":"-2307564876988134078","potions_obtained":[{"floor":6,"key":"Death Potion"},{"floor":8,"key":"PowerPotion"},{"floor":9,"key":"Venom Potion"},{"floor":12,"key":"Adrenaline Potion"},{"floor":16,"key":"Explosive Potion"}],"is_trial":false,"path_per_floor":["R","M","M","$","?","M","T","M","M","$","R","M","?","?","M","B",null],"character_chosen":"THE_CHAMP","items_purchased":["champ:FlashCut","reliquary:TatteredRug","EntropicBrew"],"campfire_rested":0,"item_purchase_floors":[10,10,10],"current_hp_per_floor":[90,73,73,73,73,73,73,57,55,36,36,36,36,36,36,16,90,90,90],"gold":605,"neow_bonus":"BOSS_RELIC","is_daily":false,"chose_seed":false,"campfire_upgraded":1,"win_rate":0.0,"timestamp":1611751652,"path_taken":["R","M","M","$","?","M","T","?","M","$","R","?","?","?","M","BOSS"],"items_purchased_type":["Card","Relic","Potion"],"build_version":"2020-12-22","purchased_purges":2,"victory":false,"max_hp_per_floor":[90,90,90,90,90,90,90,90,90,90,90,90,90,90,90,90,90,90,90],"card_choices":[{"not_picked":["champ:Duel","champ:CrownThrow"],"picked":"champ:Lariat","floor":2},{"not_picked":["champ:BerserkersShout","champ:BringItOn"],"picked":"champ:Backstep","floor":3},{"not_picked":["champ:PreemptiveStrike","champ:Shatter"],"picked":"champ:GladiatorStyle","floor":4},{"not_picked":["champ:RapidStrikes","champ:Haymaker"],"picked":"champ:PerfectedStrike","floor":6},{"not_picked":["champ:PreemptiveStrike","champ:DefensiveShout"],"picked":"champ:Duel","floor":8},{"not_picked":["champ:BringItOn","champ:Shatter"],"picked":"champ:PerfectedStrike","floor":9},{"not_picked":["champ:SkillfulDodge","champ:PreciseThrust"],"picked":"champ:BladeFlurry","floor":10},{"not_picked":["champ:StanceDance","champ:BringItOn","champ:Shatter"],"picked":"SKIP","floor":12},{"not_picked":["champ:CalledShot","champ:Circumvent","champ:Shatter"],"picked":"SKIP","floor":15},{"not_picked":["champ:GladiatorForm","champ:IgnorePain"],"picked":"champ:UltimateStance","floor":16}],"player_experience":437276,"relics_obtained":[{"floor":7,"key":"Anchor"}],"event_choices":[],"is_beta":false,"boss_relics":[{"not_picked":["Replay:Drink Me","Astrolabe"],"picked":"hubris:RunicObelisk"}],"items_purged_floors":[4,10],"is_endless":false,"potions_floor_spawned":[6,8,9,12,16],"ascension_level":0}}