{"host":"8d3fefv2347kqkpz","time":1611771761,"event":{"mods":["AchievementEnabler","Act Like it!","Aspiration","BaseMod","Better Vampires","Colored Map","Colored Powertips","Conspire","GifTheSpireLib","Hermit","Highlight Path","Hubris","Marisa£®ÏF”Í°°ƒß¿Ì…≥£©","Mimic Mod","Minty Spire (QoL Compilation)","Quick Restart","Rare Cards Sparkle","Reimu£®≤©¿ˆ¡È√Œ£©","Relic Stats","Remilia£®¿Ÿ√◊¿Ú—«£©","Replay The Spire","Spicy Shops","StSLib","The Cursed","The Jungle","The Servant 0.9.4","Waifu the Spire","Youmu£®ªÍ∆«—˝√Œ£©"],"gold_per_floor":[112,112,129,11,11,42,42,42,92,92,122,122,140,168,168,267,267,279,59,77,77,109,143,143,172,226,226,226,243,243,256,256,355,355,369,387,387,387,387,387,402,437,484,501,501,501,501,46,46,46],"floor_reached":51,"language":"ZHS","playtime":1959,"items_purged":["Lust_TH","Strike_G"],"score":802,"play_id":"e4ff0053-c077-4864-8233-ce6f64197428","local_time":"20210128022241","is_ascension_mode":false,"campfire_choices":[{"data":"Noxious Fumes","floor":8.0,"key":"SMITH"},{"data":"Footwork","floor":10.0,"key":"SMITH"},{"floor":15.0,"key":"REST"},{"data":"Noxious Fumes","floor":24.0,"key":"SMITH"},{"floor":27.0,"key":"REST"},{"floor":32.0,"key":"REST"},{"floor":40.0,"key":"REST"},{"floor":45.0,"key":"REST"},{"floor":47.0,"key":"REST"},{"data":"ReplayUltimateDefense","floor":49.0,"key":"SMITH"}],"circlet_count":0,"master_deck":["Strike_G","Strike_G","Strike_G","Defend_G","Defend_G","Defend_G","Defend_G","Survivor","Neutralize","Noxious Fumes+1","Bullet Time+1","Dagger Spray","Footwork+1","Deadly Poison","ReplayTheSpireMod:Necrosis+1","Footwork+1","Noxious Fumes+1","Venomology+1","Caltrops","conspire:PoisonWeapons","Fluid Movement+1","Catalyst+1","Malaise","Caltrops","Backstab","Footwork","Fluid Movement+1","conspire:PoisonWeapons+1","ReplayUltimateDefense+1"],"relics":["Ring of the Snake","NeowsBlessing","Juzu Bracelet","Bag of Preparation","aspiration:FetidBarrel","Snack Pack","hubris:VirtuousBlindfold","Guide Book","HornCleat","Smiling Mask","Boot","Snake Skull","Blood Vial","BargainBundle","Lantern"],"acts_visited":["TheCity","TheBeyond"],"potions_floor_usage":[50,50],"damage_taken":[{"damage":0.0,"enemies":"Small Slimes","floor":1.0,"turns":1.0},{"damage":0.0,"enemies":"Cultist","floor":3.0,"turns":1.0},{"damage":0.0,"enemies":"Lagavulin","floor":6.0,"turns":1.0},{"damage":13.0,"enemies":"3 Sentries","floor":11.0,"turns":7.0},{"damage":0.0,"enemies":"2 Louse","floor":13.0,"turns":1.0},{"damage":0.0,"enemies":"Lagavulin","floor":14.0,"turns":10.0},{"damage":22.0,"enemies":"The Guardian","floor":16.0,"turns":9.0},{"damage":3.0,"enemies":"Shell Parasite","floor":18.0,"turns":5.0},{"damage":0.0,"enemies":"conspire:FuzzyDice","floor":20.0,"turns":5.0},{"damage":0.0,"enemies":"Cultist and Chosen","floor":22.0,"turns":7.0},{"damage":1.0,"enemies":"conspire:Head Lice","floor":23.0,"turns":6.0},{"damage":50.0,"enemies":"Gremlin Leader","floor":25.0,"turns":6.0},{"damage":0.0,"enemies":"Cultist and Chosen","floor":29.0,"turns":4.0},{"damage":0.0,"enemies":"Snake Plant","floor":31.0,"turns":3.0},{"damage":52.0,"enemies":"hubris:MusketHawk","floor":33.0,"turns":8.0},{"damage":24.0,"enemies":"3 Darklings","floor":35.0,"turns":6.0},{"damage":2.0,"enemies":"3 Shapes","floor":36.0,"turns":5.0},{"damage":8.0,"enemies":"Maw","floor":41.0,"turns":8.0},{"damage":17.0,"enemies":"Nemesis","floor":42.0,"turns":7.0},{"damage":20.0,"enemies":"4 Shapes","floor":44.0,"turns":4.0},{"damage":39,"enemies":"conspire:OrnateMirror","floor":50,"turns":8}],"seed_played":"4242901186700721595","potions_obtained":[{"floor":1.0,"key":"ZuzhouPotion:ReiMu"},{"floor":3.0,"key":"Death Potion"},{"floor":7.0,"key":"Reflective Coating"},{"floor":18.0,"key":"Poison Potion"},{"floor":23.0,"key":"Languid Potion"},{"floor":25.0,"key":"FearPotion"},{"floor":31.0,"key":"FearPotion"},{"floor":36.0,"key":"AttackPotion"}],"is_trial":false,"path_per_floor":["M","?","M","$","?","E","?","R","T","R","E","?","M","E","R","B",null,"M","$","M","?","MIM","E","R","E","T","R","?","M","$","M","R","B",null,"M","M","?","?","?","R","M","E","T","M","R","?","R","$","R","B",null],"character_chosen":"THE_SILENT","items_purchased":["Footwork","Deadly Poison","conspire:PoisonWeapons","Guide Book","BargainBundle","ReplayUltimateDefense","Lantern"],"campfire_rested":6,"item_purchase_floors":[4,4,19,19,48,48,48],"current_hp_per_floor":[70,70,70,70,70,70,70,70,70,70,57,57,57,57,70,50,70,69,69,69,56,58,59,59,11,11,33,33,33,33,33,55,3,75,51,49,49,49,49,71,67,50,50,32,54,54,71,71,71,32],"gold":46,"neow_bonus":"THREE_ENEMY_KILL","is_daily":false,"chose_seed":false,"campfire_upgraded":4,"win_rate":0.0,"timestamp":1611771761,"path_taken":["M","?","?","?","?","E","?","R","T","R","E","?","M","E","R","BOSS","M","$","M","?","?","E","R","E","T","R","?","M","?","M","R","BOSS","M","M","?","?","?","R","M","E","T","M","R","?","R","$","R","BOSS"],"items_purchased_type":["Card","Card","Card","Relic","Relic","Card","Relic"],"build_version":"2020-12-22","purchased_purges":2,"victory":true,"max_hp_per_floor":[70,70,70,70,70,70,70,70,70,70,70,70,70,70,70,70,70,70,70,70,75,75,75,75,75,75,75,75,75,75,75,75,75,75,75,75,75,75,75,75,75,75,75,75,75,71,71,71,71,71],"relic_stats":{"Blood Vial":2,"counters":[21,112],"Snake Skull":[173],"Juzu Bracelet":2,"Bag of Preparation":[36],"Smiling Mask":75,"Boot":[70],"obtain_stats":[{"BargainBundle":48,"Lantern":48,"NeowsBlessing":0,"aspiration:FetidBarrel":11,"Guide Book":19,"hubris:VirtuousBlindfold":17,"Snake Skull":26,"Juzu Bracelet":6,"Bag of Preparation":9,"Smiling Mask":23,"Boot":25,"Blood Vial":42,"HornCleat":22,"Snack Pack":14,"Ring of the Snake":0},{"BargainBundle":20,"Lantern":20,"NeowsBlessing":0,"aspiration:FetidBarrel":4,"Guide Book":8,"hubris:VirtuousBlindfold":7,"Snake Skull":12,"Juzu Bracelet":3,"Bag of Preparation":3,"Smiling Mask":11,"Boot":12,"Blood Vial":19,"HornCleat":10,"Snack Pack":6,"Ring of the Snake":0},{"BargainBundle":104,"Lantern":104,"NeowsBlessing":0,"aspiration:FetidBarrel":10,"Guide Book":35,"hubris:VirtuousBlindfold":30,"Snake Skull":59,"Juzu Bracelet":3,"Bag of Preparation":3,"Smiling Mask":53,"Boot":59,"Blood Vial":100,"HornCleat":47,"Snack Pack":21,"Ring of the Snake":0}],"Ring of the Snake":[42]},"card_choices":[{"not_picked":["Infinite Blades","Footwork"],"picked":"Noxious Fumes","floor":1.0},{"not_picked":["Backflip","Prepared"],"picked":"Dagger Spray","floor":3.0},{"not_picked":["Terror","Hidden Blade","Deadly Poison"],"picked":"SKIP","floor":6.0},{"not_picked":["ReplayTheSpireMod:Speed Training","hubris:Sniper"],"picked":"ReplayTheSpireMod:Necrosis","floor":11.0},{"not_picked":["ReplayTheSpireMod:Tripwire","Deadly Poison"],"picked":"Footwork","floor":13.0},{"not_picked":["hubris:Counter","Bane"],"picked":"Noxious Fumes","floor":14.0},{"not_picked":["A Thousand Cuts","After Image"],"picked":"Venomology","floor":16.0},{"not_picked":["Bane","Dodge and Roll"],"picked":"Caltrops","floor":18.0},{"not_picked":["Replay:Poison Smokescreen+1","Poisoned Stab"],"picked":"Fluid Movement+1","floor":20.0},{"not_picked":["Slice","Deadly Poison","ReplayTheSpireMod:Exploit Weakness+1"],"picked":"SKIP","floor":23.0},{"not_picked":["Eviscerate","Flying Knee"],"picked":"Catalyst","floor":25.0},{"not_picked":["hubris:SlightOfHand","Deflect","PiercingWail+1"],"picked":"SKIP","floor":29.0},{"not_picked":["Flechettes","Calculated Gamble+1","Outmaneuver"],"picked":"SKIP","floor":31.0},{"not_picked":["Storm of Steel","Corpse Explosion"],"picked":"Malaise","floor":33.0},{"not_picked":["Hidden Blade","Choke","Deflect"],"picked":"SKIP","floor":35.0},{"not_picked":["Hidden Blade+1","Poisoned Stab+1"],"picked":"Caltrops","floor":36.0},{"not_picked":["Distraction+1","Bane+1"],"picked":"Fluid Movement+1","floor":41.0},{"not_picked":["hubris:TrickCloak","Dagger Throw+1","Hidden Blade+1"],"picked":"SKIP","floor":42.0},{"not_picked":["Flying Knee","Cloak And Dagger"],"picked":"conspire:PoisonWeapons+1","floor":44.0}],"player_experience":212789,"relics_obtained":[{"floor":6.0,"key":"Juzu Bracelet"},{"floor":9.0,"key":"Bag of Preparation"},{"floor":11.0,"key":"aspiration:FetidBarrel"},{"floor":14.0,"key":"Snack Pack"},{"floor":22.0,"key":"HornCleat"},{"floor":23.0,"key":"Smiling Mask"},{"floor":25.0,"key":"Boot"},{"floor":26.0,"key":"Snake Skull"},{"floor":42.0,"key":"Blood Vial"}],"event_choices":[{"damage_healed":0.0,"max_hp_gain":0.0,"max_hp_loss":0.0,"gold_gain":0.0,"event_name":"Match and Keep!","player_choice":"1 cards matched","floor":2.0,"gold_loss":0.0,"damage_taken":0.0,"cards_obtained":["Bullet Time"]},{"damage_healed":0.0,"max_hp_gain":0.0,"max_hp_loss":0.0,"gold_gain":0.0,"event_name":"Lab","player_choice":"Got Potions","floor":7.0,"gold_loss":0.0,"damage_taken":0.0},{"damage_healed":0.0,"max_hp_gain":0.0,"max_hp_loss":0.0,"gold_gain":0.0,"event_name":"Upgrade Shrine","player_choice":"Upgraded","floor":12.0,"gold_loss":0.0,"damage_taken":0.0,"cards_upgraded":["ReplayTheSpireMod:Necrosis"]},{"damage_healed":0.0,"max_hp_gain":5.0,"max_hp_loss":0.0,"gold_gain":0.0,"event_name":"Forgotten Altar","player_choice":"Shed Blood","floor":21.0,"gold_loss":0.0,"damage_taken":18.0},{"damage_healed":0.0,"max_hp_gain":0.0,"max_hp_loss":0.0,"gold_gain":0.0,"cards_transformed":["Strike_G"],"event_name":"Transmorgrifier","player_choice":"Transformed","floor":37.0,"gold_loss":0.0,"damage_taken":0.0,"cards_obtained":["Backstab"]},{"cards_removed":["Defend_G"],"damage_healed":0.0,"max_hp_gain":0.0,"max_hp_loss":0.0,"gold_gain":0.0,"event_name":"Falling","player_choice":"Removed Skill","floor":38.0,"gold_loss":0.0,"damage_taken":0.0},{"damage_healed":0.0,"max_hp_gain":0.0,"max_hp_loss":4.0,"gold_gain":0.0,"event_name":"Winding Halls","player_choice":"Max HP","floor":46.0,"gold_loss":0.0,"damage_taken":0.0}],"is_beta":false,"boss_relics":[{"not_picked":["Cursed Key","hubris:BlackHole"],"picked":"hubris:VirtuousBlindfold"},{"not_picked":["Sozu","Snecko Heart","Replay:Bronze Core"]}],"items_purged_floors":[48,48],"is_endless":false,"potions_floor_spawned":[1,3,11,18,23,25,31,36,41],"ascension_level":0}}