{"host":"meib18gsulage5jw","time":1611748752,"event":{"mods":["AchievementEnabler","Aspiration","BaseMod","BetterRewards","Clockwork Mod","Colored Map","Colored Powertips","Conspire","Defuse TimeMaze Blight","Energized Spire","Halation","Highlight Path","Hubris","Infinite Spire","Minty Spire (QoL Compilation)","Permanent Neow","Quick Restart","Relic Sorter","Reliquary","Replay The Spire","Spikes Relics","StSLib","The Blue Laboratory","The Jungle","Uncapped"],"gold_per_floor":[114,130,80,91,91,91,110,140,140,140,140],"floor_reached":10,"language":"ENG","playtime":775,"items_purged":[],"score":93,"play_id":"2e17b751-0e75-403a-925f-90c9dfa88b89","local_time":"20210127215912","is_ascension_mode":false,"campfire_choices":[{"data":"infinitespire:SevenWalls","floor":6,"key":"SMITH"}],"circlet_count":0,"master_deck":["Clockwork:Strike","Clockwork:Strike","Clockwork:Strike","Clockwork:Strike","Clockwork:Shield","Clockwork:Shield","Clockwork:Shield","Clockwork:Tinker","Clockwork:WarmUp+1","Clockwork:CogBarrier","Clockwork:Improve","Clockwork:AeonShield","infinitespire:SevenWalls+1","Clockwork:ChargingShield"],"relics":["Clockwork:MomentumEngine","aspiration:StickyExplosives_weak","infinitespire:CheckeredPen"],"acts_visited":["Exordium"],"potions_floor_usage":[],"damage_taken":[{"damage":0,"enemies":"Jaw Worm","floor":1,"turns":8},{"damage":5,"enemies":"Small Slimes","floor":2,"turns":7},{"damage":5,"enemies":"2 Louse","floor":4,"turns":6},{"damage":10,"enemies":"2 Fungi Beasts","floor":7,"turns":5},{"damage":0,"enemies":"Lagavulin","floor":8,"turns":11},{"damage":6,"enemies":"Gremlin Nob","floor":10,"turns":4}],"seed_played":"-2912259354818907138","potions_obtained":[{"floor":2,"key":"PowerPotion"}],"is_trial":false,"path_per_floor":["M","M","?","M","?","R","M","E","T","E"],"character_chosen":"CLOCKWORK","items_purchased":[],"campfire_rested":0,"item_purchase_floors":[],"current_hp_per_floor":[85,80,80,75,55,55,45,45,45,39,39],"gold":140,"neow_bonus":"UPGRADE_CARD","is_daily":false,"chose_seed":false,"campfire_upgraded":1,"win_rate":0.0,"timestamp":1611748752,"path_taken":["M","M","?","M","?","R","M","E","T","E"],"items_purchased_type":[],"build_version":"2020-12-22","purchased_purges":0,"victory":false,"max_hp_per_floor":[85,85,85,85,85,85,85,85,85,85,85],"card_choices":[{"not_picked":["Clockwork:RitualDaggerMk0","Clockwork:CraftVarja"],"picked":"Clockwork:CogBarrier","floor":1},{"not_picked":["Clockwork:Clone","Clockwork:Friction"],"picked":"Clockwork:Improve","floor":2},{"not_picked":["Clockwork:SystemHardening","Clockwork:SystemScan"],"picked":"Clockwork:AeonShield","floor":4},{"not_picked":["ReplayTheSpireMod:Echoes of Time","infinitespire:Menacing"],"picked":"infinitespire:SevenWalls","floor":5},{"not_picked":["Clockwork:SnapKeep","Clockwork:SystemHardening","Clockwork:Redundancy"],"picked":"SKIP","floor":7},{"not_picked":["Clockwork:Improve","Clockwork:AdaptiveShield"],"picked":"Clockwork:ChargingShield","floor":8}],"player_experience":333762,"relics_obtained":[{"floor":8,"key":"aspiration:StickyExplosives_weak"},{"floor":9,"key":"infinitespire:CheckeredPen"}],"event_choices":[{"cards_removed":["Clockwork:Shield"],"damage_healed":0,"gold_gain":0,"player_choice":"Card Removal","damage_taken":0,"max_hp_gain":0,"max_hp_loss":0,"event_name":"The Cleric","floor":3,"gold_loss":50}],"is_beta":false,"boss_relics":[],"items_purged_floors":[],"is_endless":false,"potions_floor_spawned":[2],"killed_by":"Gremlin Nob","ascension_level":0}}