{"host":"gg","time":1611731183,"event":{"mods":["BaseMod","Colored Map","Googly Eyes","Minty Spire (QoL Compilation)","Permanent Neow","Relic Stats","The IronCluck"],"gold_per_floor":[111,33,47,122,122,155,181,221,260,294,306,318,356,403,415,502,502],"floor_reached":16,"language":"ENG","playtime":760,"items_purged":[],"score":490,"play_id":"b5cc4d5e-b440-4d8b-be8e-c6138baf405e","local_time":"20210126230623","is_ascension_mode":true,"campfire_choices":[{"data":"Eruption","floor":15.0,"key":"SMITH"}],"circlet_count":0,"master_deck":["AscendersBane","Strike_P","Strike_P","Strike_P","Strike_P","Defend_P","Defend_P","Defend_P","Defend_P","Eruption+1","Vigilance","CutThroughFate","FlurryOfBlows","Weave","EmptyFist","SashWhip","CutThroughFate","CutThroughFate"],"relics":["Velvet Choker","WarpedTongs","MawBank","Potion Belt","CeramicFish","Akabeko"],"acts_visited":["Exordium"],"potions_floor_usage":[],"damage_taken":[{"damage":0.0,"enemies":"Jaw Worm","floor":1.0,"turns":4.0},{"damage":0.0,"enemies":"Cultist","floor":3.0,"turns":2.0},{"damage":11.0,"enemies":"Lagavulin","floor":6.0,"turns":5.0},{"damage":1.0,"enemies":"Small Slimes","floor":7.0,"turns":3.0},{"damage":12.0,"enemies":"3 Sentries","floor":8.0,"turns":7.0},{"damage":22.0,"enemies":"Exordium Thugs","floor":10.0,"turns":3.0},{"damage":0.0,"enemies":"Exordium Wildlife","floor":13.0,"turns":2.0},{"damage":0.0,"enemies":"Gremlin Nob","floor":14.0,"turns":2.0},{"damage":0.0,"enemies":"Slime Boss","floor":16.0,"turns":3.0}],"seed_played":"4738500368658205155","potions_obtained":[{"floor":3.0,"key":"SkillPotion"},{"floor":6.0,"key":"ColorlessPotion"},{"floor":7.0,"key":"DuplicationPotion"},{"floor":14.0,"key":"SpeedPotion"}],"is_trial":false,"path_per_floor":["M","$","M","?","?","E","M","E","T","M","?","?","M","E","R","B"],"character_chosen":"WATCHER","items_purchased":["Brilliance"],"campfire_rested":0,"item_purchase_floors":[2],"current_hp_per_floor":[61,61,61,50,50,39,38,26,26,4,4,78,78,78,78,78,78],"gold":502,"neow_bonus":"BOSS_RELIC","is_daily":false,"chose_seed":false,"campfire_upgraded":1,"win_rate":0.0,"timestamp":1611731183,"path_taken":["M","$","M","?","?","E","M","E","T","?","?","?","M","E","R","BOSS","BOSS"],"items_purchased_type":["Card"],"build_version":"2020-12-18","purchased_purges":0,"victory":false,"max_hp_per_floor":[68,68,68,68,68,68,68,68,68,68,68,78,78,78,78,78,78],"relic_stats":{"counters":[9,31],"CeramicFish":18,"MawBank":120,"obtain_stats":[{"Potion Belt":8,"CeramicFish":9,"Velvet Choker":0,"PureWater":0,"MawBank":6,"Akabeko":14,"WarpedTongs":5},{"Potion Belt":5,"CeramicFish":5,"Velvet Choker":0,"PureWater":0,"MawBank":3,"Akabeko":8,"WarpedTongs":2},{"Potion Belt":21,"CeramicFish":21,"Velvet Choker":0,"PureWater":0,"MawBank":11,"Akabeko":28,"WarpedTongs":6}],"WarpedTongs":[25]},"card_choices":[{"not_picked":["Consecrate","Indignation"],"picked":"CutThroughFate","floor":1.0},{"not_picked":["Conclude","SandsOfTime"],"picked":"FlurryOfBlows","floor":3.0},{"not_picked":["Brilliance","Collect"],"picked":"Weave","floor":6.0},{"not_picked":["Conclude","Consecrate"],"picked":"EmptyFist","floor":7.0},{"not_picked":["Adaptation","SignatureMove"],"picked":"SashWhip","floor":8.0},{"not_picked":["EmptyBody","ReachHeaven"],"picked":"CutThroughFate","floor":10.0},{"not_picked":["Meditate","Worship"],"picked":"CutThroughFate","floor":13.0},{"not_picked":["Establishment","ThirdEye","CutThroughFate"],"picked":"SKIP","floor":14.0}],"player_experience":1285334,"relics_obtained":[{"floor":6.0,"key":"MawBank"},{"floor":8.0,"key":"Potion Belt"},{"floor":9.0,"key":"CeramicFish"},{"floor":14.0,"key":"Akabeko"}],"event_choices":[{"damage_healed":0.0,"max_hp_gain":0.0,"max_hp_loss":0.0,"gold_gain":75.0,"event_name":"World of Goop","player_choice":"Gather Gold","floor":4.0,"gold_loss":0.0,"damage_taken":11.0},{"damage_healed":0.0,"max_hp_gain":0.0,"max_hp_loss":0.0,"gold_gain":0.0,"event_name":"Accursed Blacksmith","player_choice":"Rummage","floor":5.0,"gold_loss":0.0,"damage_taken":0.0,"relics_obtained":["WarpedTongs"],"cards_obtained":["Pain"]},{"cards_removed":["Pain"],"damage_healed":0.0,"max_hp_gain":0.0,"max_hp_loss":0.0,"gold_gain":0.0,"event_name":"Living Wall","player_choice":"Forget","floor":11.0,"gold_loss":0.0,"damage_taken":0.0},{"cards_removed":["Brilliance"],"damage_healed":64.0,"max_hp_gain":10.0,"max_hp_loss":0.0,"gold_gain":0.0,"event_name":"Bonfire Elementals","player_choice":"Offered Rare","floor":12.0,"gold_loss":0.0,"damage_taken":0.0}],"is_beta":true,"boss_relics":[],"items_purged_floors":[],"is_endless":false,"potions_floor_spawned":[3,6,7,14],"killed_by":"Slime Boss","ascension_level":20}}