{"host":"vrsxkkch9ccrec7k","time":1611756267,"event":{"mods":["Act Like it!","BaseMod","Bestiary","Better Altar","Better Match","Better Note","Better Sensory Stone","Better Skull","Better Third Choice","Better Vampires","Downfall","Minty Spire (QoL Compilation)","Permanent Neow","Relic Stats","Spicy Shops","StSLib"],"gold_per_floor":[199,209,226,301,44,74,97,97,117,117,133,166,184,199,214,314,314,314,334,24,9,9,41,41,69,84,84,104,104,104,104,120,224,224,224,241,257,257,277,277,330,357,357,357,408,421,42,67,82,82],"floor_reached":51,"language":"ENG","playtime":4359,"items_purged":[],"score":1164,"play_id":"d30ef079-c17d-4129-8310-9fffa98d09d8","local_time":"20210127090427","is_ascension_mode":true,"campfire_choices":[{"data":"Slimebound:Split","floor":1,"key":"SMITH"},{"data":"Slimebound:CorrosiveSpit","floor":10,"key":"SMITH"},{"data":"Slimebound:TagTeam","floor":18,"key":"SMITH"},{"data":"Slimebound:SlimeSlap","floor":27,"key":"SMITH"},{"data":"Slimebound:LevelUp","floor":35,"key":"SMITH"},{"data":"Slimebound:SamplingLick","floor":40,"key":"SMITH"},{"data":"Slimebound:RallyTheTroops","floor":44,"key":"SMITH"}],"circlet_count":0,"master_deck":["Slimebound:Tackle","Slimebound:Defend_Slimebound","Slimebound:Defend_Slimebound","Slimebound:Defend_Slimebound","Slimebound:Split+1","Slimebound:CorrosiveSpit+1","Slimebound:LeechingTouch","Slimebound:RainOfGoop","Slimebound:SamplingLick+1","Slimebound:GoopSpray","Slimebound:SplitMire","Slimebound:Teamwork","Slimebound:Gluttony","Slimebound:AcidTongue","Slimebound:MassFeed","Slimebound:TagTeam+1","Slimebound:SplitSpecialist","Slimebound:SplitLeeching","Slimebound:SlimeSlap+1","Slimebound:SamplingLick+1","Slimebound:SpikyOuterGoop+1","Slimebound:MegaLick+1","Slimebound:LevelUp+1","Bite","Slimebound:RallyTheTroops+1","Slimebound:Prepare+1","Slimebound:Schlurp+1","Slimebound:Gluttony","Slimebound:SplitSpecialist+1","Slimebound:SamplingLick+1","Slimebound:SpikyOuterGoop","Slimebound:FormOfPuddle+1","Apotheosis+1","Slimebound:Recollect+1","Slimebound:WasteNot+1"],"relics":["Slimebound:AbsorbEndCombat","Mummified Hand","Slimebound:StickyStick","Orichalcum","Ancient Tea Set","Runic Pyramid","Bag of Preparation","Chemical X","Slimebound:MaxSlimesRelic","Meat on the Bone","Toxic Egg 2","Blood Vial","Sozu","Vajra","Blue Candle","Slimebound:SlimedTailRelic","Oddly Smooth Stone","Bronze Scales"],"acts_visited":["Exordium","TheCity","TheBeyond"],"potions_floor_usage":[12,12,20,23,23,45,50],"damage_taken":[{"damage":0,"enemies":"Cultist","floor":2,"turns":3},{"damage":0,"enemies":"Small Slimes","floor":3,"turns":3},{"damage":0,"enemies":"downfall:FleeingMerchant","floor":5,"turns":4},{"damage":28,"enemies":"3 Sentries","floor":6,"turns":7},{"damage":0,"enemies":"Jaw Worm","floor":9,"turns":4},{"damage":0,"enemies":"Blue Slaver","floor":11,"turns":3},{"damage":13,"enemies":"Gremlin Nob","floor":12,"turns":3},{"damage":1,"enemies":"3 Louse","floor":13,"turns":3},{"damage":0,"enemies":"Large Slime","floor":14,"turns":4},{"damage":7,"enemies":"Blue Slaver","floor":15,"turns":3},{"damage":30,"enemies":"WA_ARCHETYPE_RETAIN","floor":16,"turns":10},{"damage":0,"enemies":"Chosen","floor":19,"turns":4},{"damage":0,"enemies":"downfall:FleeingMerchant","floor":20,"turns":4},{"damage":0,"enemies":"downfall:FleeingMerchant","floor":21,"turns":4},{"damage":5,"enemies":"Book of Stabbing","floor":23,"turns":5},{"damage":33,"enemies":"Slavers","floor":25,"turns":5},{"damage":0,"enemies":"3 Byrds","floor":26,"turns":4},{"damage":0,"enemies":"Centurion and Healer","floor":28,"turns":5},{"damage":7,"enemies":"Shelled Parasite and Fungi","floor":32,"turns":4},{"damage":16,"enemies":"IC_MUSHROOM_ARCHETYPE","floor":33,"turns":7},{"damage":0,"enemies":"Orb Walker","floor":36,"turns":3},{"damage":0,"enemies":"3 Shapes","floor":37,"turns":3},{"damage":3,"enemies":"Jaw Worm Horde","floor":39,"turns":4},{"damage":5,"enemies":"Giant Head","floor":42,"turns":6},{"damage":20,"enemies":"2 Orb Walkers","floor":45,"turns":3},{"damage":0,"enemies":"Transient","floor":46,"turns":5},{"damage":0,"enemies":"downfall:FleeingMerchant","floor":47,"turns":4},{"damage":0,"enemies":"Nemesis","floor":48,"turns":7},{"damage":13,"enemies":"4 Shapes","floor":49,"turns":4},{"damage":18,"enemies":"SI_POISON_ARCHETYPE","floor":50,"turns":8}],"seed_played":"-1874486931157457497","potions_obtained":[{"floor":6,"key":"DistilledChaos"},{"floor":9,"key":"BlessingOfTheForge"},{"floor":11,"key":"Explosive Potion"},{"floor":14,"key":"DuplicationPotion"},{"floor":15,"key":"ColorlessPotion"},{"floor":28,"key":"EssenceOfSteel"},{"floor":33,"key":"PowerPotion"}],"is_trial":false,"path_per_floor":["R","M","M","?","$","E","T","?","M","R","M","E","M","M","M","B",null,"R","M","$","$","?","E","T","E","M","R","M","?","?","?","M","B",null,"R","M","M","?","M","R","T","E","?","R","?","M","$","E","M","B",null],"character_chosen":"SLIMEBOUND","items_purchased":["Mummified Hand","Bag of Preparation","Chemical X","Apotheosis+1","Oddly Smooth Stone"],"campfire_rested":0,"item_purchase_floors":[5,20,20,47,47],"current_hp_per_floor":[59,61,65,65,65,44,44,44,50,50,56,49,56,62,57,35,58,58,67,68,68,68,71,71,49,57,57,68,68,49,49,54,50,67,67,72,75,75,78,78,78,75,75,75,81,81,84,88,86,81],"gold":82,"neow_bonus":"HUNDRED_GOLD","is_daily":false,"chose_seed":false,"campfire_upgraded":7,"win_rate":0.0,"timestamp":1611756267,"path_taken":["R","M","M","?","$","E","T","?","?","R","M","E","M","M","M","BOSS","R","M","?","$","?","E","T","E","M","R","?","?","?","?","M","BOSS","R","M","M","?","M","R","T","E","?","R","?","M","$","E","M","BOSS"],"items_purchased_type":["Relic","Relic","Relic","Card","Relic"],"build_version":"2020-12-22","purchased_purges":0,"victory":true,"max_hp_per_floor":[65,65,65,65,65,65,65,65,65,65,65,65,65,65,65,65,65,65,68,68,68,68,71,71,74,74,74,77,72,72,72,72,72,72,72,72,75,75,78,78,78,78,78,78,81,81,84,88,92,92],"relic_stats":{"Blood Vial":10,"Sozu":4,"counters":[30,136],"Mummified Hand":[75],"Blue Candle":[0],"Bronze Scales":[21],"Bag of Preparation":[34],"Chemical X":[13],"Orichalcum":[24],"obtain_stats":[{"Blue Candle":42,"Vajra":41,"Oddly Smooth Stone":47,"Bag of Preparation":20,"Orichalcum":7,"Ancient Tea Set":12,"Blood Vial":30,"Sozu":34,"Slimebound:MaxSlimesRelic":23,"Mummified Hand":5,"Slimebound:StickyStick":6,"Bronze Scales":48,"Slimebound:AbsorbEndCombat":0,"Chemical X":20,"Toxic Egg 2":25,"Slimebound:SlimedTailRelic":45,"Runic Pyramid":17,"Meat on the Bone":24},{"Blue Candle":24,"Vajra":23,"Oddly Smooth Stone":27,"Bag of Preparation":13,"Orichalcum":4,"Ancient Tea Set":7,"Blood Vial":18,"Sozu":20,"Slimebound:MaxSlimesRelic":15,"Mummified Hand":3,"Slimebound:StickyStick":4,"Bronze Scales":28,"Slimebound:AbsorbEndCombat":0,"Chemical X":13,"Toxic Egg 2":16,"Slimebound:SlimedTailRelic":25,"Runic Pyramid":11,"Meat on the Bone":15},{"Blue Candle":105,"Vajra":99,"Oddly Smooth Stone":117,"Bag of Preparation":55,"Orichalcum":17,"Ancient Tea Set":27,"Blood Vial":78,"Sozu":89,"Slimebound:MaxSlimesRelic":64,"Mummified Hand":10,"Slimebound:StickyStick":17,"Bronze Scales":124,"Slimebound:AbsorbEndCombat":0,"Chemical X":55,"Toxic Egg 2":69,"Slimebound:SlimedTailRelic":108,"Runic Pyramid":47,"Meat on the Bone":64}],"Meat on the Bone":0},"card_choices":[{"not_picked":["Slimebound:GoopSpray","Slimebound:Schlurp"],"picked":"Slimebound:LeechingTouch","floor":2},{"not_picked":["Slimebound:GoopTackle","Slimebound:LeechingTouch"],"picked":"Slimebound:RainOfGoop","floor":3},{"not_picked":["Slimebound:SlimeTap","Slimebound:GoopTackle"],"picked":"Slimebound:SamplingLick","floor":5},{"not_picked":["Slimebound:LivingWall","Slimebound:LeechEnergy"],"picked":"Slimebound:GoopSpray","floor":6},{"not_picked":["Slimebound:GoopSpray","Slimebound:SamplingLick"],"picked":"Slimebound:SplitMire","floor":9},{"not_picked":["Slimebound:Schlurp","Slimebound:DivideAndConquer"],"picked":"Slimebound:Teamwork","floor":11},{"not_picked":["Slimebound:GoopSpray","Slimebound:HungryTackle"],"picked":"Slimebound:Gluttony","floor":12},{"not_picked":["Slimebound:LeechEnergy","Slimebound:LeechingTouch","Slimebound:GoopSpray"],"picked":"SKIP","floor":13},{"not_picked":["Slimebound:GoopTackle","Slimebound:ComboTackle"],"picked":"Slimebound:AcidTongue","floor":14},{"not_picked":["Slimebound:GoopTackle","Slimebound:ComboTackle"],"picked":"Slimebound:MassFeed","floor":15},{"not_picked":["Slimebound:CheckThePlaybook","Slimebound:LeechLife"],"picked":"Slimebound:TagTeam","floor":16},{"not_picked":["Slimebound:GoopTackle","Slimebound:Grow+1"],"picked":"Slimebound:SplitSpecialist","floor":19},{"not_picked":["Slimebound:LeechingTouch","Slimebound:TongueLash"],"picked":"Slimebound:SplitLeeching","floor":20},{"not_picked":["Slimebound:SlimeTap","Slimebound:GoopSpray"],"picked":"Slimebound:SlimeSlap","floor":21},{"not_picked":["Slimebound:SplitAcid","Slimebound:PressTheAttack+1"],"picked":"Slimebound:SamplingLick+1","floor":23},{"not_picked":["Slimebound:SlimeSpikes+1","Slimebound:Gluttony"],"picked":"Slimebound:SpikyOuterGoop+1","floor":25},{"not_picked":["Slimebound:Schlurp+1","Slimebound:GoopSpray+1"],"picked":"Slimebound:MegaLick+1","floor":26},{"not_picked":["Slimebound:LeechEnergy","Slimebound:GoopSpray+1"],"picked":"Slimebound:LevelUp","floor":28},{"not_picked":["Slimebound:PressTheAttack","Slimebound:LeechingTouch","Slimebound:RollThrough+1"],"picked":"SKIP","floor":32},{"not_picked":["Slimebound:LeechLife","Slimebound:CheckThePlaybook+1"],"picked":"Slimebound:RallyTheTroops","floor":33},{"not_picked":["Slimebound:RollThrough+1","Slimebound:SplitAcid+1"],"picked":"Slimebound:Prepare+1","floor":36},{"not_picked":["Slimebound:GoopTackle+1","Slimebound:PressTheAttack+1"],"picked":"Slimebound:Schlurp+1","floor":37},{"not_picked":["Slimebound:BestDefense+1","Slimebound:Schlurp+1"],"picked":"Slimebound:Gluttony","floor":39},{"not_picked":["Slimebound:Chomp","Slimebound:SlimeSlap"],"picked":"Slimebound:SplitSpecialist+1","floor":42},{"not_picked":["Slimebound:GoopSpray+1","Slimebound:DisruptingSlam"],"picked":"Slimebound:SamplingLick+1","floor":45},{"not_picked":["Slimebound:ItLooksTasty+1","Slimebound:SplitAcid+1"],"picked":"Slimebound:SpikyOuterGoop","floor":46},{"not_picked":["Slimebound:LeechEnergy+1","Slimebound:SplitMire+1"],"picked":"Slimebound:FormOfPuddle+1","floor":47},{"not_picked":["Slimebound:ComboTackle","Slimebound:SplitSpecialist+1"],"picked":"Slimebound:Recollect+1","floor":48},{"not_picked":["Slimebound:Equalize+1","Slimebound:Gluttony"],"picked":"Slimebound:WasteNot+1","floor":49}],"player_experience":1765753,"relics_obtained":[{"floor":6,"key":"Slimebound:StickyStick"},{"floor":7,"key":"Orichalcum"},{"floor":12,"key":"Ancient Tea Set"},{"floor":23,"key":"Slimebound:MaxSlimesRelic"},{"floor":24,"key":"Meat on the Bone"},{"floor":25,"key":"Toxic Egg 2"},{"floor":41,"key":"Vajra"},{"floor":42,"key":"Blue Candle"},{"floor":45,"key":"Slimebound:SlimedTailRelic"},{"floor":48,"key":"Bronze Scales"}],"event_choices":[{"cards_removed":["Slimebound:Strike_Slimebound"],"damage_healed":0,"gold_gain":0,"player_choice":"Card Removal","damage_taken":0,"max_hp_gain":0,"max_hp_loss":0,"event_name":"Wheel of Change","floor":8,"gold_loss":0},{"cards_removed":["Slimebound:Strike_Slimebound"],"damage_healed":0,"gold_gain":0,"player_choice":"Offered Basic","damage_taken":0,"max_hp_gain":0,"max_hp_loss":0,"event_name":"Bonfire Elementals","floor":22,"gold_loss":0},{"damage_healed":0,"gold_gain":0,"player_choice":"Became a vampire","damage_taken":0,"max_hp_gain":0,"max_hp_loss":5,"event_name":"Vampires","floor":29,"gold_loss":0,"cards_obtained":["Bite"]},{"damage_healed":0,"gold_gain":0,"player_choice":" Vial ","damage_taken":19,"relics_obtained":["Blood Vial"],"max_hp_gain":68,"max_hp_loss":49,"event_name":"betterAltar:BetterAltar","floor":30,"potions_obtained":[],"relics_lost":[],"gold_loss":0},{"cards_removed":["Slimebound:Defend_Slimebound"],"damage_healed":0,"gold_gain":0,"player_choice":"Removed Skill","damage_taken":0,"max_hp_gain":0,"max_hp_loss":0,"event_name":"Falling","floor":38,"gold_loss":0},{"damage_healed":0,"gold_gain":0,"player_choice":"Fight","damage_taken":0,"max_hp_gain":0,"max_hp_loss":0,"event_name":"Mysterious Sphere","floor":45,"gold_loss":0}],"is_beta":false,"boss_relics":[{"not_picked":["Pandora\u0027s Box","Coffee Dripper"],"picked":"Runic Pyramid"},{"not_picked":["Busted Crown","Tiny House"],"picked":"Sozu"}],"items_purged_floors":[],"is_endless":false,"potions_floor_spawned":[6,9,11,14,15,28,33,37,39,42,48],"ascension_level":7}}