{"host":"mgwrmgf4x3air4cr","time":1611762935,"event":{"mods":["ATMod(阿瑾Mod)","AchievementEnabler","Act Like it!","Arknights The Spire","Aspiration","BaseMod","CapriCore","Downfall","Friendly Minions","GungeonMod","HololiveMod","KinomotoSakuraMod(木之本樱)","Kiyohime（清姬）","KomeijiMod","Minty Spire (QoL Compilation)","MostiFishMod","RumiaBox-露米娅的神秘盒子","Shop Mod","StSLib","TestMod","The Alterego","The Immortal","The Servant 0.9.4","Waifu the Spire","WarShipGirlsR/战舰少女R mod","Youmu（魂魄妖梦）","noobMod","【功能Mod】混沌之环修复补丁","【遗物卡牌】REMEMod","篝火指南"],"gold_per_floor":[99,119,136,136,136,156,180,212,229,243,269,279,305,325,339,442,442,173,191,202,218,318,468,468,199,228,20,35,48,117,142,154,253,253,4,20,30,30,47,79,105,118,148,167,197,10,24,24,36,136,136,166,4,4,4,4],"floor_reached":57,"language":"ZHS","playtime":4490,"items_purged":["bronze:Strike","bronze:Defend+1","bronze:Strike+1","bronze:Strike+1","bronze:Strike+1"],"score":1910,"play_id":"3038b8e2-8b4b-49c8-bec6-9bdb059e5c2f","local_time":"20210127235535","is_ascension_mode":true,"campfire_choices":[{"floor":1.0,"key":"RECALL"},{"data":"bronze:Iterate","floor":54,"key":"SMITH"}],"circlet_count":0,"master_deck":["bronze:Defend+1","bronze:Defend+1","bronze:Defend+1","bronze:Replicate+1","bronze:Goto+1","KimairaNoYoku+1","AT_FamilyPortrait+1","bronze:Backtrace+1","bronze:Fortify+1","bronze:BronzeOrb+1","bronze:DelayedGuard+1","bronze:Shield+1","bronze:FindAndReplace+1","bronze:CutThrough+1","bronze:DelayedSlice+1","bronze:Invalidate+1","bronze:Iterate+1","bronze:ChildClass+1","bronze:Terminator+1","bronze:ChosenStrike+1","bronze:Branch+1","bronze:Boost+1","bronze:OilSpill+1","bronze:Assembly+1","bronze:Constructor+1","bronze:TinkerersToolbox+1","bronze:Return+1","bronze:Repair+1","bronze:Boost+1","bronze:InfiniteLoop+1","bronze:Deprecate+1","bronze:ChosenStrike+1","bronze:Constructor+1","bronze:Iterate+1","bronze:Separator+1","bronze:Overheat+1","bronze:HyperBeam+1","bronze:FollowUp+1","bronze:Separator+1","bronze:BronzeOrb+1","bronze:Overload+1","bronze:BitShift+1","bronze:Iterate+1","bronze:Turbo+1","bronze:Fortify+1","bronze:Flail+1"],"relics":["bronze:BronzeCore","testmod-TestBox","AT_ATBox","ice","DaveBox","REME_ComplimentaryCards","Omamori","DSteel32","testmod-EqualTreatment","DemoMod:GlassGuonStoneRelic","downfall:ShatteredFragment","Slimebound:StickyStick","Vajra","RhineCircuit","downfall:HeartBlessingRed","MerchantsRug","AT_Kusabimaru","aspiration:HatOfInfinitePower","PatriotShield","downfall:HeartBlessingGreen","downfall:HeartBlessingBlue","Smiling Mask","Nunchaku","hexamod:CandleOfCauterizing","Akabeko","testmod-BlackFramedGlasses","Dodecahedron","testmod-Fortitude","aspiration:HiddenCompartment","Bag of Marbles"],"acts_visited":["Exordium","TheCity","TheBeyond","TheEnding"],"potions_floor_usage":[11,11,16,21,39],"damage_taken":[{"damage":4.0,"enemies":"2 Louse","floor":2.0,"turns":2.0},{"damage":0,"enemies":"Jaw Worm","floor":3,"turns":2},{"damage":0,"enemies":"Small Slimes","floor":6,"turns":1},{"damage":0,"enemies":"Gremlin Nob","floor":8,"turns":3},{"damage":0,"enemies":"Red Slaver","floor":9,"turns":2},{"damage":0,"enemies":"Gremlin Gang","floor":10,"turns":1},{"damage":0,"enemies":"Lagavulin","floor":11,"turns":2},{"damage":0,"enemies":"Exordium Thugs","floor":12,"turns":2},{"damage":0,"enemies":"3 Sentries","floor":13,"turns":2},{"damage":0,"enemies":"Exordium Wildlife","floor":14,"turns":1},{"damage":0,"enemies":"Blue Slaver","floor":15,"turns":1},{"damage":0,"enemies":"WA_ARCHETYPE_RETAIN","floor":16,"turns":4},{"damage":0,"enemies":"Chosen","floor":19,"turns":3},{"damage":0,"enemies":"Shell Parasite","floor":20,"turns":2},{"damage":0,"enemies":"Snecko","floor":21,"turns":2},{"damage":1,"enemies":"Colosseum Nobs","floor":22,"turns":3},{"damage":0,"enemies":"REME_1_Revenger","floor":26,"turns":1},{"damage":0,"enemies":"downfall:FleeingMerchant","floor":27,"turns":4},{"damage":0,"enemies":"3 Cultists","floor":28,"turns":2},{"damage":0,"enemies":"Chosen and Byrds","floor":29,"turns":3},{"damage":0,"enemies":"downfall:FleeingMerchant","floor":30,"turns":1},{"damage":0,"enemies":"Gremlin Leader","floor":31,"turns":2},{"damage":0,"enemies":"Centurion and Healer","floor":32,"turns":3},{"damage":0,"enemies":"DF_ARCHETYPE_CLAW","floor":33,"turns":4},{"damage":0,"enemies":"Orb Walker","floor":36,"turns":2},{"damage":3,"enemies":"3 Shapes","floor":37,"turns":1},{"damage":1,"enemies":"Jaw Worm Horde","floor":39,"turns":2},{"damage":1,"enemies":"Giant Head","floor":40,"turns":2},{"damage":3,"enemies":"Transient","floor":42,"turns":3},{"damage":1,"enemies":"Nemesis","floor":43,"turns":1},{"damage":0,"enemies":"Sphere and 2 Shapes","floor":44,"turns":1},{"damage":1,"enemies":"Giant Head","floor":45,"turns":1},{"damage":1,"enemies":"4 Shapes","floor":47,"turns":4},{"damage":1,"enemies":"Writhing Mass","floor":49,"turns":2},{"damage":1,"enemies":"IC_BLOCK_ARCHETYPE","floor":50,"turns":3},{"damage":1,"enemies":"downfall:CharBossMerchant","floor":52,"turns":2},{"damage":0,"enemies":"downfall:NeowBoss","floor":55,"turns":6},{"damage":0,"enemies":"downfall:NeowBossFinal","floor":56,"turns":3}],"seed_played":"-6876183074779311894","potions_obtained":[{"floor":2.0,"key":"BlessingOfTheForge"},{"floor":3,"key":"Swift Potion"},{"floor":8,"key":"AttackPotion"},{"floor":14,"key":"LiquidBronze"},{"floor":16,"key":"Guardian:BlockOnCardUsePotion"},{"floor":20,"key":"Fire Potion"},{"floor":22,"key":"AttackPotion"},{"floor":28,"key":"CalmPotion"},{"floor":32,"key":"REME_GoldPotion"},{"floor":33,"key":"Dexterity Potion"},{"floor":39,"key":"testmod-SpacePotion"},{"floor":43,"key":"Fire Potion"},{"floor":44,"key":"SkillPotion"},{"floor":45,"key":"bronze:FreeFunctionsPotion"}],"is_trial":false,"path_per_floor":["R","M","M","?","?","M","T","E","M","M","E","M","E","M","M","B",null,"R","M","M","M","?","?","T","R","E","$","M","M","$","E","M","B",null,"R","M","M","?","M","E","T","M","E","M","E","R","M","?","M","B",null,"E","$","R","B","B",null],"character_chosen":"THE_AUTOMATON","items_purchased":["MerchantsRug","aspiration:HatOfInfinitePower","sneckomod:BlankCard","bronze:Deprecate","DemoMod:LamentConfigurum","Smiling Mask","testmod-BlackFramedGlasses","Dodecahedron","Bag of Marbles"],"campfire_rested":0,"item_purchase_floors":[18,25,27,27,30,35,46,46,53],"current_hp_per_floor":[70,66,66,66,45,45,45,45,45,45,45,45,45,45,45,45,70,70,70,70,70,69,69,69,69,69,69,69,69,69,69,69,69,70,80,80,77,77,76,75,75,79,78,78,77,77,80,80,80,79,80,80,80,80,80,80],"gold":4,"neow_bonus":"RANDOM_COMMON_RELIC","is_daily":false,"chose_seed":false,"campfire_upgraded":1,"win_rate":0.0,"timestamp":1611762935,"path_taken":["R","M","M","?","?","?","T","E","M","M","E","M","E","M","M","BOSS","R","M","M","M","?","?","T","R","E","$","?","?","?","E","M","BOSS","R","M","M","?","M","E","T","M","E","M","E","R","M","?","M","BOSS","E","$","R","BOSS","BOSS"],"items_purchased_type":["Relic","Relic","Relic","Card","Relic","Relic","Relic","Relic","Relic"],"build_version":"2020-12-22","purchased_purges":5,"victory":true,"max_hp_per_floor":[70,70,70,70,70,70,70,70,70,70,70,70,70,70,70,70,70,70,70,70,70,70,70,70,70,70,70,70,70,70,70,70,70,70,80,80,80,80,80,80,80,80,80,80,80,80,80,80,80,80,80,80,80,80,80,80],"card_choices":[{"not_picked":["bronze:FineTuning","bronze:ItsAFeature"],"picked":"bronze:Backtrace","floor":2.0},{"not_picked":["bronze:Overheat","bronze:DelayedGuard"],"picked":"bronze:Fortify","floor":3},{"not_picked":["bronze:Shield","bronze:Terminator"],"picked":"bronze:DelayedSlice","floor":6},{"not_picked":["bronze:CloningBeam","bronze:DelayedGuard"],"picked":"bronze:Invalidate","floor":8},{"not_picked":["bronze:WildBeam","bronze:DigitalCarnage"],"picked":"bronze:Iterate","floor":9},{"not_picked":["bronze:BronzeArmor","bronze:DelayedSlice"],"picked":"bronze:ChildClass","floor":10},{"not_picked":["bronze:BuggyMess","bronze:Shield"],"picked":"bronze:Terminator","floor":11},{"not_picked":["bronze:Deprecate","bronze:Shell"],"picked":"bronze:ChosenStrike","floor":12},{"not_picked":["bronze:Allocate","bronze:Refactor"],"picked":"bronze:Branch","floor":13},{"not_picked":["bronze:Philosophize","bronze:CleanCode"],"picked":"bronze:Boost","floor":14},{"not_picked":["bronze:ForceShield","bronze:Optimize"],"picked":"bronze:OilSpill","floor":15},{"not_picked":["bronze:ShipIt","bronze:Library"],"picked":"bronze:Assembly","floor":16},{"not_picked":["bronze:WildBeam","bronze:Shield"],"picked":"bronze:Constructor","floor":19},{"not_picked":["bronze:WildBeam+1","bronze:Allocate"],"picked":"bronze:TinkerersToolbox","floor":20},{"not_picked":["bronze:Allocate","bronze:Frontload"],"picked":"bronze:Return","floor":21},{"not_picked":["bronze:BugBarrage","bronze:WhirlingStrike"],"picked":"bronze:Repair","floor":22},{"not_picked":["bronze:DelayedSlice","bronze:Separator"],"picked":"bronze:Boost+1","floor":26},{"not_picked":["bronze:ForceShield","bronze:Constructor"],"picked":"bronze:InfiniteLoop","floor":27},{"not_picked":["bronze:WildBeam","bronze:BugBarrage"],"picked":"bronze:ChosenStrike+1","floor":28},{"not_picked":["bronze:Overheat","bronze:Frontload"],"picked":"bronze:Constructor+1","floor":29},{"not_picked":["bronze:Terminator","bronze:DelayedGuard"],"picked":"bronze:Iterate+1","floor":30},{"not_picked":["bronze:CloningBeam","bronze:Terminator"],"picked":"bronze:Separator+1","floor":31},{"not_picked":["bronze:DarkDash+1","bronze:MaxOutput"],"picked":"bronze:Overheat+1","floor":32},{"not_picked":["bronze:Hardcode","bronze:Virus"],"picked":"bronze:HyperBeam","floor":33},{"not_picked":["bronze:Shield","bronze:Optimize+1"],"picked":"bronze:FollowUp","floor":36},{"not_picked":["bronze:Shield","bronze:Frontload+1","bronze:CutThrough"],"picked":"SKIP","floor":37},{"not_picked":["bronze:Shield","bronze:FineTuning"],"picked":"bronze:Separator+1","floor":39},{"not_picked":["bronze:CleanCode","bronze:DelayedSlice+1"],"picked":"bronze:BronzeOrb+1","floor":40},{"not_picked":["bronze:Frontload+1","bronze:Invalidate+1"],"picked":"bronze:Overload","floor":42},{"not_picked":["bronze:Allocate","bronze:Boost"],"picked":"bronze:TinkerersToolbox","floor":43},{"not_picked":["bronze:ItsAFeature","bronze:NullPointer+1","bronze:Invalidate+1"],"picked":"SKIP","floor":44},{"not_picked":["bronze:ItsAFeature+1","bronze:Frontload+1"],"picked":"bronze:BitShift","floor":45},{"not_picked":["bronze:DarkDash+1","bronze:Frontload"],"picked":"bronze:Iterate","floor":47},{"not_picked":["bronze:BitShift+1","bronze:GetLatest+1"],"picked":"bronze:Turbo+1","floor":48},{"not_picked":["bronze:CutThrough","bronze:Boost"],"picked":"bronze:Fortify+1","floor":49},{"not_picked":["bronze:Safeguard+1","bronze:DelayedGuard"],"picked":"bronze:Flail","floor":52}],"player_experience":127763,"relics_obtained":[{"floor":7,"key":"War Paint"},{"floor":8,"key":"Slimebound:StickyStick"},{"floor":11,"key":"SynthV:C4"},{"floor":13,"key":"Vajra"},{"floor":22,"key":"AT_Kusabimaru"},{"floor":22,"key":"GodSword7"},{"floor":26,"key":"testmod-OneHitWonder"},{"floor":31,"key":"Meat on the Bone"},{"floor":40,"key":"OriginationStaff"},{"floor":41,"key":"Nunchaku"},{"floor":43,"key":"testmod-LifeArmor"},{"floor":45,"key":"Akabeko"},{"floor":48,"key":"testmod-Fortitude"},{"floor":52,"key":"aspiration:HiddenCompartment"}],"event_choices":[{"damage_healed":0,"gold_gain":0,"player_choice":"Swap Relic","damage_taken":0,"relics_obtained":["Juzu Bracelet"],"max_hp_gain":0,"max_hp_loss":0,"event_name":"给自己的盒子","floor":38,"relics_lost":["testmod-Hope"],"gold_loss":0}],"is_beta":false,"boss_relics":[{"not_picked":["aspiration:RunicSpoon","testmod-TimeTraveler"],"picked":"RhineCircuit"},{"not_picked":["bronze:PlatinumCore","Tiny House"],"picked":"PatriotShield"}],"items_purged_floors":[18,30,35,46,53],"is_endless":false,"potions_floor_spawned":[2,3,8,9,14,16,20,22,28,32,33,39,43,44,45],"ascension_level":1}}