{"host":"30nnj7p8788fovb1","time":1611786509,"event":{"mods":["2.2 Compatiblity","AchievementEnabler","Act Like it!","BaseMod","Better Altar","Better Match","Better Note","Better Skull","Better Third Choice","Better Vampires","BetterRewards","Block Reminder","CapriCore","Colored Map","Colored Powertips","Curses Come First","Dark Map","Defuse TimeMaze Blight","Displayed Cursed Tome","Downfall","Hallownest","Hermit","Luminous","Marisa????????","Minty Spire (QoL Compilation)","Permanent Neow","Quick Restart","RNG Fix","Rare Cards Sparkle","Reimu??????","Relic Stats","Replay The Spire","Shade Mod","StSLib","The Bladedancer","The Bug Knight","The Cursed","The Exalted","The Forsaken","The Marked","The Mystic","The Problem Sleuth","The Servant 0.9.4","The Vixen","Yakumo Yukari mod"],"gold_per_floor":[120,135,146,321,321,338,408,433,333,333,362,381,381,381,392,496,496,496,496,496,506,525,525,552,552,567,598,608,639,439,37,54,159,159,159,170,170,170,187,220,220,234,247,247,279,371,422,158,169,169,169,195,45,45,45,45],"floor_reached":57,"language":"ENG","playtime":13154,"items_purged":["Pride","Defend_purpleEX","Boundary_of_Extermination_purpleEX"],"score":1961,"play_id":"5c351572-d6e2-45ab-9c79-cd275f879fa4","local_time":"20210127182829","is_ascension_mode":true,"campfire_choices":[{"data":"Observe_purple_2","floor":1.0,"key":"SMITH"},{"floor":9.0,"key":"REST"},{"floor":13,"key":"REST"},{"floor":18,"key":"RECALL"},{"data":"SharpContractionReality_purple","floor":30,"key":"SMITH"},{"data":"OpenedBox_purple","floor":44,"key":"SMITH"},{"data":"EighthInstrument_OneDividesIntoTwo_purple","floor":54,"key":"SMITH"}],"circlet_count":0,"master_deck":["Defend_purpleEX","Defend_purpleEX","Observe_purple_1","Observe_purple_2+1","StateErode_purple","Worldmountain_purple","Line_surface_state_purple","WeekHit_purple","Fancifulhole_purple","Bite","Bite","SharpContractionReality_purple+1","MeetDecomposer_purple+1","Observe_purple_2+1","MeetDecomposer_purple+1","Line_surface_state_purple","AdvanceAttack_purple+1","Mirror_FourBoundary_purple+1","EighthInstrument_OneDividesIntoTwo_purple+1","Violence","Mirror_FormAndEmptin_purple","OpenedBox_purple+1","StateErode_purple","Parasite","StateErode_purple+1","WasteWire_Metro_purple+1","Charmbait_purple+1","Umbrella_purple+1","Bait_HighSpeedFlying_purple+1","WangLiang_OokamiKakushi_purple+1","Flash of Steel+1"],"relics":["Boundary_crack","Memoryfragments_purpleEX","downfall:ShatteredFragment","StoneCalendar","downfall:HeartBlessingBlue","Centennial Puzzle","Bromod:ArcaneEnergize","ReplayTheSpireMod:Ninjato","Spirit Poop","Dream Catcher","Akabeko","Parasol_purpleEX","downfall:HeartBlessingRed","downfall:HeartBlessingGreen","Membership Card","InkBottle","Sozu","Matryoshka","Quantum Egg","Molten Egg 2","Bromod:ArcaneDeflection","Gremlin Horn","Pantograph","CatCart","Guardian:PocketSentry","Strawberry","StrikeDummy","Lizard Tail"],"acts_visited":["Exordium","TheCity","TheBeyond","TheEnding"],"potions_floor_usage":[11,22,27,55,56,56],"damage_taken":[{"damage":2.0,"enemies":"Jaw Worm","floor":2.0,"turns":4.0},{"damage":2.0,"enemies":"Small Slimes","floor":3.0,"turns":4.0},{"damage":1.0,"enemies":"Cultist","floor":6.0,"turns":3.0},{"damage":36.0,"enemies":"3 Sentries","floor":8.0,"turns":9.0},{"damage":31,"enemies":"Lagavulin","floor":11,"turns":6},{"damage":0,"enemies":"Gremlin Gang","floor":12,"turns":3},{"damage":0,"enemies":"2 Fungi Beasts","floor":15,"turns":3},{"damage":11,"enemies":"IC_STATUS_ARCHETYPE","floor":16,"turns":7},{"damage":0,"enemies":"Shell Parasite","floor":21,"turns":2},{"damage":0,"enemies":"Centurion and Healer","floor":22,"turns":3},{"damage":3,"enemies":"Chosen and Byrds","floor":26,"turns":5},{"damage":20,"enemies":"Replay:Snechameleon","floor":27,"turns":5},{"damage":2,"enemies":"Snake Plant","floor":28,"turns":3},{"damage":20,"enemies":"Gremlin Leader","floor":29,"turns":6},{"damage":0,"enemies":"downfall:FleeingMerchant","floor":31,"turns":4},{"damage":0,"enemies":"Cultist and Chosen","floor":32,"turns":3},{"damage":0,"enemies":"SI_MIRROR_ARCHETYPE","floor":33,"turns":6},{"damage":0,"enemies":"3 Shapes","floor":36,"turns":2},{"damage":0,"enemies":"Orb Walker","floor":39,"turns":2},{"damage":0,"enemies":"R_Hoarder","floor":40,"turns":4},{"damage":0,"enemies":"Writhing Mass","floor":42,"turns":3},{"damage":0,"enemies":"4 Shapes","floor":43,"turns":3},{"damage":0,"enemies":"Reptomancer","floor":45,"turns":4},{"damage":0,"enemies":"downfall:FleeingMerchant","floor":46,"turns":2},{"damage":0,"enemies":"Orin","floor":47,"turns":3},{"damage":4,"enemies":"Spire Growth","floor":49,"turns":2},{"damage":0,"enemies":"WA_ARCHETYPE_DIVINITY","floor":50,"turns":3},{"damage":0,"enemies":"downfall:CharBossMerchant","floor":52,"turns":4},{"damage":11,"enemies":"downfall:NeowBoss","floor":55,"turns":12},{"damage":36,"enemies":"downfall:NeowBossFinal","floor":56,"turns":4}],"seed_played":"3918729003408929826","potions_obtained":[{"floor":2.0,"key":"CultistPotion"},{"floor":6.0,"key":"Energy Potion"},{"floor":11,"key":"RealmPotion"},{"floor":15,"key":"Adrenaline Potion"},{"floor":22,"key":"ColorlessPotion"},{"floor":28,"key":"Energy Potion"},{"floor":29,"key":"champ:CounterPotion"}],"is_trial":false,"path_per_floor":["R","M","M","?","?","M","T","E","R","?","E","M","R","?","M","B",null,"R","?","?","M","M","?","T","?","M","E","M","E","R","$","M","B",null,"R_BF","M","?","?","M","E","T","M","M","R","E","$","?","$","M","B",null,"E","$","R","B","B",null],"character_chosen":"Youkari","items_purchased":["Membership Card","Mirror_FourBoundary_purple","InkBottle","EighthInstrument_OneDividesIntoTwo_purple","Pantograph","Umbrella_purple+1","Bait_HighSpeedFlying_purple+1","Guardian:PocketSentry","Strawberry","Flash of Steel+1","Lizard Tail"],"campfire_rested":2,"item_purchase_floors":[31,31,31,31,46,46,46,48,48,48,53],"current_hp_per_floor":[49,52,55,55,40,41,41,10,44,44,18,21,45,45,50,43,80,80,65,65,65,65,65,65,65,62,50,57,49,49,62,65,65,65,65,65,65,65,65,65,65,65,65,65,65,65,65,72,71,72,72,72,72,72,63,38],"gold":45,"neow_bonus":"REMOVE_TWO","is_daily":false,"chose_seed":false,"campfire_upgraded":4,"win_rate":0.0,"timestamp":1611786509,"path_taken":["R","M","M","?","?","M","T","E","R","?","E","?","R","?","M","BOSS","R","?","?","M","?","?","T","?","M","E","M","E","R","$","M","BOSS","R_BF","M","?","?","M","E","T","?","?","R","E","$","?","$","M","BOSS","E","$","R","BOSS","BOSS"],"items_purchased_type":["Relic","Card","Relic","Card","Relic","Card","Card","Relic","Relic","Card","Relic"],"build_version":"2020-12-22","purchased_purges":3,"victory":true,"max_hp_per_floor":[70,70,70,70,70,70,70,70,80,80,80,80,80,80,80,80,80,80,65,65,65,65,65,65,65,65,65,65,65,65,65,65,65,65,65,65,65,65,65,65,65,65,65,65,65,65,65,72,72,72,72,72,72,72,72,72],"relic_stats":{"Sozu":4,"Centennial Puzzle":[18],"Dream Catcher":0,"Lizard Tail":0,"Gremlin Horn":[10,11],"counters":[30,124],"Pantograph":10,"StoneCalendar":[21],"obtain_stats":[{"Gremlin Horn":45,"Spirit Poop":23,"StoneCalendar":8,"downfall:HeartBlessingGreen":30,"Sozu":34,"Centennial Puzzle":11,"Dream Catcher":24,"Lizard Tail":53,"Matryoshka":37,"downfall:HeartBlessingBlue":9,"Pantograph":46,"Strawberry":48,"InkBottle":31,"downfall:ShatteredFragment":5,"ReplayTheSpireMod:Ninjato":20,"downfall:HeartBlessingRed":30,"Parasol_purpleEX":29,"Quantum Egg":40,"Guardian:PocketSentry":48,"Boundary_crack":0,"Akabeko":27,"Bromod:ArcaneDeflection":41,"Bromod:ArcaneEnergize":17,"Molten Egg 2":41,"Membership Card":31,"CatCart":47,"StrikeDummy":52,"Memoryfragments_purpleEX":0},{"Gremlin Horn":23,"Spirit Poop":10,"StoneCalendar":4,"downfall:HeartBlessingGreen":14,"Sozu":17,"Centennial Puzzle":5,"Dream Catcher":10,"Lizard Tail":28,"Matryoshka":18,"downfall:HeartBlessingBlue":4,"Pantograph":24,"Strawberry":25,"InkBottle":15,"downfall:ShatteredFragment":2,"ReplayTheSpireMod:Ninjato":8,"downfall:HeartBlessingRed":14,"Parasol_purpleEX":14,"Quantum Egg":20,"Guardian:PocketSentry":25,"Boundary_crack":0,"Akabeko":12,"Bromod:ArcaneDeflection":20,"Bromod:ArcaneEnergize":8,"Molten Egg 2":20,"Membership Card":15,"CatCart":25,"StrikeDummy":28,"Memoryfragments_purpleEX":0},{"Gremlin Horn":94,"Spirit Poop":44,"StoneCalendar":20,"downfall:HeartBlessingGreen":63,"Sozu":76,"Centennial Puzzle":26,"Dream Catcher":44,"Lizard Tail":108,"Matryoshka":78,"downfall:HeartBlessingBlue":20,"Pantograph":96,"Strawberry":99,"InkBottle":67,"downfall:ShatteredFragment":8,"ReplayTheSpireMod:Ninjato":39,"downfall:HeartBlessingRed":63,"Parasol_purpleEX":63,"Quantum Egg":84,"Guardian:PocketSentry":99,"Boundary_crack":0,"Akabeko":54,"Bromod:ArcaneDeflection":84,"Bromod:ArcaneEnergize":39,"Molten Egg 2":84,"Membership Card":67,"CatCart":99,"StrikeDummy":108,"Memoryfragments_purpleEX":0}],"InkBottle":[51]},"card_choices":[{"not_picked":["Realm_recovery_purpleEX","StateDuplicate_purple"],"picked":"Boundary_of_Extermination_purpleEX","floor":2.0},{"not_picked":["Photoelasticity_Doppler_Effect_purple","WatchEChange_purple"],"picked":"StateErode_purple","floor":3.0},{"not_picked":["StateDuplicate_purple","OpenedBox_purple"],"picked":"Worldmountain_purple","floor":6.0},{"not_picked":["Realm_recovery_purpleEX","Human_Monster_Realm_purple","PurpleNeedle_purple"],"picked":"SKIP","floor":8.0},{"not_picked":["RealityDreamConfluencek_purple","StateDuplicate_purple","StateErode_purple"],"picked":"SKIP","floor":11},{"not_picked":["Worldmountain_purple","Boundary_LightAndDark_purple"],"picked":"Line_surface_state_purple","floor":12},{"not_picked":["RealityDreamConfluencek_purple","Boundary_LightAndDark_purple"],"picked":"WeekHit_purple","floor":15},{"not_picked":["WangLiang_LineAndCurveDreams_purple","Know_ledgeAbilityRealm_purple"],"picked":"Fancifulhole_purple","floor":16},{"not_picked":["PurpleNeedle_purple","Fantasy_PerpetualMotionMachine_purple"],"picked":"SharpContractionReality_purple","floor":21},{"not_picked":["Shallow_ocean_purpleEX+1","Bait_Toxicbait_purple+1"],"picked":"MeetDecomposer_purple+1","floor":22},{"not_picked":["Boundary_DynamicStaticEquilibrium_purple+1","Shallow_ocean_purpleEX"],"picked":"MeetDecomposer_purple+1","floor":26},{"not_picked":["StateDuplicate_purple+1","ExternalForce_HighSpeedFlying_purple","ButterflyHabitatTemple_purple+1"],"picked":"SKIP","floor":27},{"not_picked":["RuleDissolution_purple","Worldmountain_purple"],"picked":"Line_surface_state_purple","floor":28},{"not_picked":["Mirror_Drifter_purple","MagicEyes_LaplaceDemon_purple","Boundary_ObjectiveBoundary_purple"],"picked":"SKIP","floor":29},{"not_picked":["Realm_recovery_purpleEX","ExistenceContinue_purple"],"picked":"AdvanceAttack_purple+1","floor":31},{"not_picked":["ExistenceContinue_purple","Mirror_Drifter_purple+1","MeetDecomposer_purple"],"picked":"SKIP","floor":32},{"not_picked":["EighthInstrument_OneDividesIntoTwo_purple+1","MeetDecomposer_purple+1"],"picked":"Mirror_FormAndEmptin_purple","floor":36},{"not_picked":["RuptureOfTimeAndSpace_purple+1","MeetDecomposer_purple"],"picked":"OpenedBox_purple","floor":39},{"not_picked":["StateDuplicate_purple+1","Mirror_WaveAndshot_purple+1"],"picked":"StateErode_purple","floor":40},{"not_picked":["Shallow_ocean_purpleEX+1","OmniscientAndOmnipotent_Monster_purple+1"],"picked":"StateErode_purple+1","floor":42},{"not_picked":["Mirror_FormAndEmptin_purple+1","Photoelasticity_Doppler_Effect_purple+1"],"picked":"WasteWire_Metro_purple+1","floor":43},{"not_picked":["ExternalForce_HighSpeedFlying_purple+1","WingOfChimera_purple+1"],"picked":"Charmbait_purple+1","floor":45},{"not_picked":["Line_surface_state_purple","RealityDreamConfluencek_purple+1","StateDuplicate_purple"],"picked":"SKIP","floor":46},{"not_picked":["SharpContractionReality_purple+1","OmniscientAndOmnipotent_Monster_purple+1"],"picked":"WangLiang_OokamiKakushi_purple+1","floor":47},{"not_picked":["Charmbait_purple+1","Yakumo_Ran_purple+1","MeetDecomposer_purple"],"picked":"SKIP","floor":49},{"not_picked":["Worldmountain_purple+1","MeetDecomposer_purple","PositiveMatter_Antimatter_Universe_purple+1"],"picked":"SKIP","floor":52}],"player_experience":916403,"relics_obtained":[{"floor":8.0,"key":"StoneCalendar"},{"floor":11,"key":"Centennial Puzzle"},{"floor":24,"key":"Dream Catcher"},{"floor":27,"key":"Akabeko"},{"floor":29,"key":"Parasol_purpleEX"},{"floor":37,"key":"Matryoshka"},{"floor":40,"key":"Quantum Egg"},{"floor":41,"key":"Molten Egg 2"},{"floor":41,"key":"Bromod:ArcaneDeflection"},{"floor":45,"key":"Gremlin Horn"},{"floor":47,"key":"CatCart"},{"floor":52,"key":"StrikeDummy"}],"event_choices":[{"damage_healed":0,"gold_gain":0,"player_choice":"Became a vampire","damage_taken":0,"max_hp_gain":0,"max_hp_loss":15,"event_name":"Vampires","floor":19,"gold_loss":0,"cards_obtained":["Bite","Bite","Bite"]},{"damage_healed":0,"gold_gain":0,"player_choice":"Stole Relic","damage_taken":0,"relics_obtained":["ReplayTheSpireMod:Ninjato"],"max_hp_gain":0,"max_hp_loss":0,"event_name":"Addict","floor":20,"gold_loss":0,"cards_obtained":["Pride"]},{"cards_removed":["Doubt"],"damage_healed":0,"gold_gain":0,"player_choice":"Offered Curse","damage_taken":0,"relics_obtained":["Spirit Poop"],"max_hp_gain":0,"max_hp_loss":0,"event_name":"Bonfire Elementals","floor":23,"gold_loss":0},{"damage_healed":0,"gold_gain":0,"player_choice":"Forge","damage_taken":0,"max_hp_gain":0,"max_hp_loss":0,"event_name":"Accursed Blacksmith","floor":38,"gold_loss":0,"cards_upgraded":["Mirror_FourBoundary_purple"]},{"damage_healed":0,"gold_gain":0,"player_choice":"Fight","damage_taken":0,"max_hp_gain":0,"max_hp_loss":0,"event_name":"OrinTheCat","floor":47,"gold_loss":0}],"is_beta":false,"boss_relics":[{"not_picked":["Ring of Chaos","RedLine:ReiMu"],"picked":"Bromod:ArcaneEnergize"},{"not_picked":["Calling Bell","SacredBark"],"picked":"Sozu"}],"items_purged_floors":[31,46,48],"is_endless":false,"potions_floor_spawned":[2,6,11,15,16,22,28,29,32,36,39,40,45,52],"ascension_level":1}}