{"host":"v0xbo920qxoewo3e","time":1611776147,"event":{"mods":["Act Like it!","Aspiration","Astrologer","BaseMod","Conspire","Downfall","Friendly Minions","GifTheSpireLib","Halation","Hermit","Hubris","Infinite Spire","Jedi Mod","Jorbs\u0027s Wanderer Trilogy","Koishi","Marisa????????","Minty Spire (QoL Compilation)","Potionbrewer","Rare Cards Sparkle","Reimu??????","Remilia??????","Replay The Spire","StSLib","Stuff the Spire","The Animator","The Blackbeard","The Bladedancer","The Bug Knight","The Construct","The Cursed","The Disciple","The Gatherer","The Jungle","The Problem Sleuth","The Runesmith","The Servant 0.9.4","TheBandit","Unceasing Turn Reminder"],"gold_per_floor":[110,124,299,318,170,170,170,170],"floor_reached":7,"language":"ENG","playtime":279,"items_purged":["Doubt"],"score":68,"play_id":"e1dffb63-037a-4f39-b6d7-9b06f06a1ef0","local_time":"20210127213547","is_ascension_mode":true,"campfire_choices":[{"data":"Bash","floor":6,"key":"SMITH"}],"circlet_count":0,"master_deck":["AscendersBane","Strike_R","Strike_R","Strike_R","Strike_R","Defend_R","Defend_R","Defend_R","Bash+1","Wild Strike","Inflame","ReplayTheSpireMod:Limb From Limb","StuffTheSpire:Resist"],"relics":["Burning Blood"],"acts_visited":["Exordium"],"potions_floor_usage":[7],"damage_taken":[{"damage":12,"enemies":"Jaw Worm","floor":1,"turns":4},{"damage":6,"enemies":"Cultist","floor":2,"turns":3},{"damage":22,"enemies":"infinitespire:Voidling","floor":4,"turns":5},{"damage":29,"enemies":"3 Sentries","floor":7,"turns":4}],"seed_played":"4357055114803697215","potions_obtained":[{"floor":2,"key":"champ:CounterPotion"}],"is_trial":false,"path_per_floor":["M","M","?","M","$","R","E"],"character_chosen":"IRONCLAD","items_purchased":["StuffTheSpire:Resist"],"campfire_rested":0,"item_purchase_floors":[5],"current_hp_per_floor":[45,45,45,29,29,29,0,0],"gold":170,"neow_bonus":"REMOVE_TWO","is_daily":false,"chose_seed":false,"campfire_upgraded":1,"win_rate":0.0,"timestamp":1611776147,"path_taken":["M","M","?","M","$","R","E"],"items_purchased_type":["Card"],"build_version":"2020-12-22","purchased_purges":1,"victory":false,"max_hp_per_floor":[80,80,80,80,80,80,80,80],"card_choices":[{"not_picked":["StuffTheSpire:Pyroclast","jedi:fear"],"picked":"Wild Strike","floor":1},{"not_picked":["Sword Boomerang","Twin Strike"],"picked":"Inflame","floor":2},{"not_picked":["StuffTheSpire:Pyroclast","Carnage"],"picked":"ReplayTheSpireMod:Limb From Limb","floor":4}],"player_experience":1426435,"relics_obtained":[],"event_choices":[{"damage_healed":0,"gold_gain":175,"player_choice":"AGREE","damage_taken":0,"max_hp_gain":0,"max_hp_loss":0,"event_name":"Liars Game","floor":3,"gold_loss":0,"cards_obtained":["Doubt"]}],"is_beta":false,"boss_relics":[],"items_purged_floors":[5],"is_endless":false,"potions_floor_spawned":[2],"killed_by":"3 Sentries","ascension_level":13}}