{"host":"k2mw1od0xoi9pcfj","time":1611751046,"event":{"mods":["100% Spire Juice","Act Like it!","Aspiration","BaseMod","Beaked The Cultist","Downfall","Energized Spire","Hermit","Highlight Path","Minty Spire (QoL Compilation)","Permanent Neow","Relic Stats","Replay The Spire","Retaliation","StSLib","TheHeartMod"],"gold_per_floor":[112,112,122,71,246,279,279,17,94,94,94,112,112,112,112,216,166,186,186,204,212,212],"floor_reached":21,"language":"ENG","playtime":1119,"items_purged":[],"score":175,"play_id":"84d18c73-d7b1-4366-82ef-ef3e4881dd71","local_time":"20210127063726","is_ascension_mode":false,"campfire_choices":[{"data":"beaked:MaddeningMurmurs","floor":7,"key":"SMITH"},{"data":"beaked:Ceremony","floor":10,"key":"SMITH"},{"data":"beaked:MimicMachine","floor":13,"key":"SMITH"},{"floor":15,"key":"RECALL"}],"circlet_count":0,"master_deck":["beaked:Strike_Y","beaked:Strike_Y","beaked:Strike_Y","beaked:Strike_Y","beaked:Defend_Y","beaked:Defend_Y","beaked:Defend_Y","beaked:Defend_Y","beaked:Ceremony","beaked:Ceremony","beaked:Ceremony+1","beaked:TuckingFeathers","beaked:Insight","Doubt","beaked:MaddeningMurmurs+1","beaked:BraceForImpact","beaked:ScreechingChant","beaked:Strike_Y","beaked:FullHouse","beaked:Cower","beaked:Evade"],"relics":["beaked:MendingPlumage","Guardian:PocketSentry","Pear","Replay:Bandana","energizedSpire:HugeHouse"],"acts_visited":["Exordium","TheCity"],"potions_floor_usage":[21],"damage_taken":[{"damage":6,"enemies":"Jaw Worm","floor":1,"turns":5},{"damage":13,"enemies":"Cultist","floor":3,"turns":4},{"damage":6,"enemies":"Lagavulin","floor":6,"turns":8},{"damage":0,"enemies":"Small Slimes","floor":12,"turns":5},{"damage":32,"enemies":"The Guardian","floor":16,"turns":12},{"damage":42,"enemies":"Spheric Guardian","floor":18,"turns":6},{"damage":28,"enemies":"3 Byrds","floor":20,"turns":8},{"damage":80,"enemies":"3 Cultists","floor":21,"turns":7}],"seed_played":"-2089367645912925877","potions_obtained":[{"floor":12,"key":"SneckoOil"},{"floor":16,"key":"Death Potion"},{"floor":18,"key":"Dexterity Potion"}],"is_trial":false,"path_per_floor":["M","?","M","$","?","E","R","$","T","R","?","M","R","?","R","B",null,"M","?","M","M"],"character_chosen":"BEAKED_THE_CULTIST","items_purchased":["beaked:Insight","Pear"],"campfire_rested":0,"item_purchase_floors":[4,8],"current_hp_per_floor":[55,55,47,47,47,55,55,65,65,65,58,65,65,53,53,65,60,34,34,41,0,0],"gold":212,"neow_bonus":"TEN_PERCENT_HP_BONUS","is_daily":false,"chose_seed":false,"campfire_upgraded":3,"win_rate":0.0,"timestamp":1611751046,"path_taken":["M","?","?","$","?","E","R","?","T","R","?","M","R","?","R","BOSS","M","?","M","M"],"items_purchased_type":["Card","Relic"],"build_version":"2020-12-22","purchased_purges":0,"victory":false,"max_hp_per_floor":[55,55,55,55,55,55,55,65,65,65,65,65,65,65,65,65,60,60,60,60,60,60],"relic_stats":{"counters":[8,55],"obtain_stats":[{"Replay:Bandana":14,"Pear":8,"Guardian:PocketSentry":6,"energizedSpire:HugeHouse":17,"beaked:MendingPlumage":0},{"Replay:Bandana":4,"Pear":3,"Guardian:PocketSentry":3,"energizedSpire:HugeHouse":5,"beaked:MendingPlumage":0},{"Replay:Bandana":22,"Pear":17,"Guardian:PocketSentry":17,"energizedSpire:HugeHouse":34,"beaked:MendingPlumage":0}]},"card_choices":[{"not_picked":["beaked:FeelMyPain","beaked:CursingBlood"],"picked":"beaked:TuckingFeathers","floor":1},{"not_picked":["beaked:WarriorSpirit","beaked:Flinch"],"picked":"beaked:MimicMachine","floor":3},{"not_picked":["beaked:Tradeoff","beaked:BloodRitual"],"picked":"beaked:MaddeningMurmurs","floor":6},{"not_picked":["beaked:CheekyTricks","beaked:SurvivalInstinct"],"picked":"beaked:BraceForImpact","floor":12},{"not_picked":["beaked:FakeOut","beaked:VolatileMisfortune"],"picked":"beaked:ScreechingChant","floor":16},{"not_picked":["beaked:Overexert","beaked:Resilience+1"],"picked":"beaked:Cower","floor":18},{"not_picked":["beaked:HuntressSpirit","beaked:Brace"],"picked":"beaked:Evade","floor":20}],"player_experience":819087,"relics_obtained":[{"floor":6,"key":"Guardian:PocketSentry"}],"event_choices":[{"cards_removed":["beaked:Strike_Y"],"damage_healed":0,"gold_gain":0,"player_choice":"Purged","damage_taken":0,"max_hp_gain":0,"max_hp_loss":0,"event_name":"Purifier","floor":2,"gold_loss":0},{"damage_healed":0,"gold_gain":175,"player_choice":"AGREE","damage_taken":0,"max_hp_gain":0,"max_hp_loss":0,"event_name":"Liars Game","floor":5,"gold_loss":0,"cards_obtained":["Doubt"]},{"cards_removed":["beaked:Strike_Y"],"damage_healed":0,"gold_gain":0,"player_choice":"Card Removal","damage_taken":7,"max_hp_gain":0,"max_hp_loss":0,"event_name":"Golden Wing","floor":11,"gold_loss":0},{"damage_healed":0,"gold_gain":0,"player_choice":"Success","damage_taken":12,"relics_obtained":["Replay:Bandana"],"max_hp_gain":0,"max_hp_loss":0,"event_name":"Scrap Ooze","floor":14,"gold_loss":0},{"damage_healed":0,"gold_gain":0,"player_choice":"Ignored","damage_taken":0,"max_hp_gain":0,"max_hp_loss":0,"event_name":"NoteForYourself","floor":19,"gold_loss":0}],"is_beta":false,"boss_relics":[{"not_picked":["energizedSpire:DeadBattery","beaked:BlessedCoat"],"picked":"energizedSpire:HugeHouse"}],"items_purged_floors":[],"is_endless":false,"potions_floor_spawned":[12,16,18],"killed_by":"3 Cultists","ascension_level":0}}