{"host":"9rmokdxh5r7c9fvy","time":1611742682,"event":{"mods":["AchievementEnabler","BaseMod","BetterRewards","Grow up Mod","Minty Spire (QoL Compilation)","Remove Card Discount Mod","StSLib","The Bug Knight"],"gold_per_floor":[10000016,9999120,9999136,9999136,9999136,9999164,9999181,9999195,9999195,9999206,9999236,9999252,9999252,9999252,9999252,9999351,9999351,9999362,9999376,9998777,9998790,9998243,9998243,9998243,9998243],"floor_reached":24,"language":"ENG","playtime":1415,"items_purged":["HollowMod:WraithStrike","HollowMod:QuickDashStart","HollowMod:QuickDashStart","HollowMod:QuickDashStart","HollowMod:QuickDashStart","HollowMod:FocusHealStart","HollowMod:HowlingWraiths+1","HollowMod:SoulSplash","HollowMod:NailStrikeStart","HollowMod:NailStrikeStart","HollowMod:DashSlash+1"],"score":475,"play_id":"80a98c47-64b0-460c-ae8d-9f87fe20a5de","local_time":"20210127101802","is_ascension_mode":true,"campfire_choices":[{"floor":13,"key":"RECALL"},{"data":"HollowMod:SoulVessel","floor":15,"key":"SMITH"},{"data":"HollowMod:CornifersMapStart","floor":23,"key":"SMITH"}],"circlet_count":0,"master_deck":["HollowMod:SoulStrike","HollowMod:SoulSplash","HollowMod:SoulStrike","HollowMod:SoulVessel+1","HollowMod:CycloneSlash","HollowMod:ElderbugsWisdom","HollowMod:CornifersMapStart+1","HollowMod:CornifersMapStart","HollowMod:GoodIntentions+1","HollowMod:InfectedAttack"],"relics":["HollowMod:VesselMask","Pocketwatch","Unceasing Top","Bird Faced Urn","Sling","Gremlin Horn","Question Card","Empty Cage","HollowMod:KingsBrand","White Beast Statue","Orrery","ClockworkSouvenir","Tiny Chest","Bottled Lightning"],"acts_visited":["Exordium","TheCity"],"potions_floor_usage":[],"damage_taken":[{"damage":2,"enemies":"Small Slimes","floor":1,"turns":4},{"damage":0,"enemies":"Cultist","floor":3,"turns":3},{"damage":0,"enemies":"HollowMod:MossKnight","floor":6,"turns":3},{"damage":0,"enemies":"2 Louse","floor":7,"turns":3},{"damage":0,"enemies":"HollowMod:HuskWarrior","floor":8,"turns":3},{"damage":0,"enemies":"Blue Slaver","floor":10,"turns":3},{"damage":0,"enemies":"Lagavulin","floor":11,"turns":3},{"damage":0,"enemies":"Looter","floor":12,"turns":3},{"damage":0,"enemies":"Hexaghost","floor":16,"turns":3},{"damage":0,"enemies":"2 Thieves","floor":18,"turns":3},{"damage":0,"enemies":"Spheric Guardian","floor":19,"turns":4},{"damage":0,"enemies":"Cultist and Chosen","floor":21,"turns":3},{"damage":0,"enemies":"Chosen and Byrds","floor":24,"turns":3}],"seed_played":"5895707794451171306","potions_obtained":[{"floor":3,"key":"PowerPotion"},{"floor":7,"key":"Block Potion"},{"floor":12,"key":"SteroidPotion"}],"is_trial":false,"path_per_floor":["M","$","M","?","?","E","M","M","T","M","E","M","R","?","R","B",null,"M","M","$","M","$","R","M"],"character_chosen":"THE_BUGKNIGHT","items_purchased":["Unceasing Top","Bird Faced Urn","Sling","Strength Potion","HollowMod:SoulSplash","HollowMod:SoulStrike","HollowMod:KingsBrand","HollowMod:CornifersMapStart","White Beast Statue","Orrery","ClockworkSouvenir","Tiny Chest","Bottled Lightning"],"campfire_rested":0,"item_purchase_floors":[2,2,2,2,2,2,20,20,20,20,22,22,22],"current_hp_per_floor":[95,105,115,125,135,145,155,165,175,185,195,205,215,225,235,245,255,265,275,285,295,305,315,315,315],"gold":9998243,"neow_bonus":"ONE_RARE_RELIC","is_daily":false,"chose_seed":false,"campfire_upgraded":2,"win_rate":0.0,"timestamp":1611742682,"path_taken":["M","$","M","?","?","E","M","M","T","M","E","M","R","?","R","BOSS","M","M","$","M","$","R","M"],"items_purchased_type":["Relic","Relic","Relic","Potion","Card","Card","Relic","Card","Relic","Relic","Relic","Relic","Relic"],"build_version":"2020-12-22","purchased_purges":11,"victory":false,"max_hp_per_floor":[95,105,115,125,135,145,155,165,175,185,195,205,215,225,235,245,255,265,275,285,295,305,315,315,315],"card_choices":[{"not_picked":["HollowMod:FallenFury","HollowMod:CloakDash"],"picked":"HollowMod:WraithStrike","floor":1},{"not_picked":["HollowMod:CycloneSlash","HollowMod:QuirrelsAssistance"],"picked":"HollowMod:WraithStrike","floor":3},{"not_picked":["HollowMod:PerfectDash","HollowMod:ShadowDash","HollowMod:SiblingsSouls"],"picked":"SKIP","floor":6},{"not_picked":["HollowMod:LordofShades","HollowMod:ChannelNail"],"picked":"HollowMod:SoulSplash","floor":7},{"not_picked":["HollowMod:VengefulSpirit","HollowMod:QuirrelsAssistance"],"picked":"HollowMod:SoulStrike","floor":8},{"not_picked":["HollowMod:DashSlash","HollowMod:DoubleDash"],"picked":"HollowMod:SoulVessel","floor":10},{"not_picked":["HollowMod:SoulShaman","HollowMod:WraithStrike","HollowMod:VengefulSpirit"],"picked":"SKIP","floor":11},{"not_picked":["HollowMod:SoulStrike","HollowMod:HuntersJournal","HollowMod:Grubsong"],"picked":"HollowMod:CycloneSlash","floor":12},{"not_picked":["HollowMod:HornetsHelp","HollowMod:Hiveblood","HollowMod:LifebloodCore"],"picked":"HollowMod:ElderbugsWisdom","floor":16},{"not_picked":["HollowMod:SiblingsSouls+1","HollowMod:CycloneSlash","HollowMod:ChannelNail"],"picked":"HollowMod:HowlingWraiths+1","floor":18},{"not_picked":["HollowMod:GrimmsGift+1","HollowMod:CoiledNail","HollowMod:SoulSplash"],"picked":"HollowMod:CornifersMapStart","floor":19},{"not_picked":["HollowMod:DescendingDark","HollowMod:RecoilStrike","HollowMod:FallenFury+1"],"picked":"HollowMod:GoodIntentions+1","floor":20},{"not_picked":["HollowMod:HeavyBlow+1","HollowMod:DoubleDash","HollowMod:GrimmsGift"],"picked":"HollowMod:InfectedAttack","floor":20},{"not_picked":["HollowMod:ShadowDash","HollowMod:NewJinnsSoul","HollowMod:MonarchWings"],"picked":"HollowMod:DashSlash+1","floor":21}],"player_experience":102890,"relics_obtained":[{"floor":6,"key":"Gremlin Horn"},{"floor":11,"key":"Question Card"}],"event_choices":[{"cards_removed":["HollowMod:WraithStrike"],"damage_healed":0,"gold_gain":0,"player_choice":"Card Removal","damage_taken":7,"max_hp_gain":0,"max_hp_loss":0,"event_name":"Golden Wing","floor":4,"gold_loss":0},{"cards_removed":["HollowMod:NailStrikeStart"],"damage_healed":0,"gold_gain":0,"player_choice":"Card Removal","damage_taken":0,"max_hp_gain":0,"max_hp_loss":0,"event_name":"Wheel of Change","floor":14,"gold_loss":0}],"is_beta":false,"boss_relics":[{"not_picked":["Fusion Hammer","Runic Pyramid"],"picked":"Empty Cage"}],"items_purged_floors":[2,2,2,2,2,2,20,20,20,22,22],"is_endless":false,"potions_floor_spawned":[3,7,12,19,21],"killed_by":"Chosen and Byrds","ascension_level":1}}