{"host":"95ip98gf8c4vrv08","time":1611744036,"event":{"mods":["ATMod(??Mod)","Arknights The Spire","BaseMod","Energized Spire","Lobotomy","LobotomyExtend","Luminous","Minty Spire (QoL Compilation)","Quick Restart","Reimu??????","Relic Stats","Spicy Shops","StSLib","??????REMEMod","????"],"gold_per_floor":[116,133,133,149,160,191,206,206,37,37,37],"floor_reached":4,"language":"ZHS","playtime":742,"items_purged":[],"score":40,"play_id":"84b9eeb4-29eb-416b-a79c-dded1f4aade9","local_time":"20210127184036","is_ascension_mode":false,"campfire_choices":[],"circlet_count":0,"master_deck":["Luminous:Light_Flash_Shower","Luminous:Light_Flash_Shower","Luminous:Light_Flash_Shower","Luminous:Dark_Abyssal_Drop","Luminous:Dark_Abyssal_Drop","Luminous:Defend_Luminous","Luminous:Defend_Luminous","Luminous:Defend_Luminous","Luminous:Defend_Luminous","Luminous:Switch_Luminous","LongBird","Luminous:Photic_Meditation_Luminous","Luminous:Dark_Pressure_Void","VoidDream","Luminous:Light_Wash_Luminous","OSAHOGD","Luminous:Sympathy_Luminous","Laetitia","Luminous:Dark_Pressure_Void","Mercenary","AT_FamilyPortrait","Mind Blast","Luminous:Light_Ray_of_Redemption","Wellcheers","Luminous:Light_Disperse","Luminous:Magic_Boost_Luminous","Luminous:Dark_Extract"],"relics":["Luminous:MirrorRelic","REME_ComplimentaryCards","AT_ATBox","CogitoBucket","Kunai","AT_GoldPhoenixTree","LetterFromLob","AdjustmentMirror","Membership Card"],"acts_visited":["Exordium"],"potions_floor_usage":[6],"damage_taken":[{"damage":6,"enemies":"Cultist","floor":1,"turns":4},{"damage":5,"enemies":"Jaw Worm","floor":2,"turns":3},{"damage":1,"enemies":"Small Slimes","floor":4,"turns":3},{"damage":23,"enemies":"3 Louse","floor":5,"turns":4},{"damage":35,"enemies":"Lagavulin","floor":6,"turns":11},{"damage":47,"enemies":"Small Slimes","floor":1,"turns":5},{"damage":33,"enemies":"Cultist","floor":4,"turns":4}],"seed_played":"2154574307386992567","potions_obtained":[{"floor":1,"key":"Block Potion"}],"is_trial":false,"path_per_floor":["M","M","T","M","M","E","M","M","?","$","M"],"character_chosen":"LuminousClass","items_purchased":["Membership Card","Luminous:Dark_Extract"],"campfire_rested":0,"item_purchase_floors":[3,3],"current_hp_per_floor":[69,64,64,63,46,17,28,28,28,0,0],"gold":37,"neow_bonus":"","is_daily":false,"chose_seed":false,"campfire_upgraded":0,"win_rate":0.0,"timestamp":1611744036,"path_taken":["M","?","?","M","M","E","M","M","?","?","M"],"items_purchased_type":["Relic","Card"],"build_version":"2020-12-22","purchased_purges":0,"victory":false,"max_hp_per_floor":[75,75,75,75,75,75,75,75,75,75,75],"relic_stats":{"counters":[8,35],"Kunai":[4],"obtain_stats":[{"CogitoBucket":0,"AT_ATBox":0,"AT_GoldPhoenixTree":6,"Luminous:MirrorRelic":0,"LetterFromLob":1,"Kunai":3,"Membership Card":3,"AdjustmentMirror":1,"REME_ComplimentaryCards":0},{"CogitoBucket":0,"AT_ATBox":0,"AT_GoldPhoenixTree":5,"Luminous:MirrorRelic":0,"LetterFromLob":1,"Kunai":2,"Membership Card":7,"AdjustmentMirror":7,"REME_ComplimentaryCards":0},{"CogitoBucket":0,"AT_ATBox":0,"AT_GoldPhoenixTree":25,"Luminous:MirrorRelic":0,"LetterFromLob":4,"Kunai":7,"Membership Card":31,"AdjustmentMirror":31,"REME_ComplimentaryCards":0}]},"card_choices":[{"not_picked":["CherryBlossoms","BeautyBeast"],"picked":"LongBird","floor":1},{"not_picked":["Luminous:Light_Disperse","Luminous:Concentrate_Luminous"],"picked":"Luminous:Photic_Meditation_Luminous","floor":1},{"not_picked":["Luminous:Blinding_Pillar_Luminous","Luminous:Accumulation_Luminous"],"picked":"Luminous:Dark_Pressure_Void","floor":2},{"not_picked":["MeatLantern","CrumblingArmor"],"picked":"VoidDream","floor":2},{"not_picked":["Luminous:Reverse_Spell_Luminous","Luminous:Light_Disperse"],"picked":"Luminous:Light_Wash_Luminous","floor":4},{"not_picked":["WhitesApple","ShyLook","FieryBird"],"picked":"Singing Bowl","floor":4},{"not_picked":["Variant","WallGazer"],"picked":"OSAHOGD","floor":4},{"not_picked":["Luminous:Dark_Pressure_Void","Luminous:Light_Reflection"],"picked":"Luminous:Sympathy_Luminous","floor":5},{"not_picked":["Woodsman","CherryBlossoms"],"picked":"Laetitia","floor":5},{"not_picked":["Luminous:Light_Disperse","Luminous:Chase_Spell_Luminous"],"picked":"Luminous:Dark_Pressure_Void","floor":6},{"not_picked":["Scorched","QueenBee"],"picked":"Mercenary","floor":6},{"not_picked":["Luminous:Light_Disperse","Luminous:Dark_Pressure_Void"],"picked":"Luminous:Light_Ray_of_Redemption","floor":1},{"not_picked":["Funeral","Murderer"],"picked":"Wellcheers","floor":1}],"player_experience":208366,"relics_obtained":[{"floor":1,"key":"LetterFromLob"},{"floor":3,"key":"Kunai"},{"floor":6,"key":"AT_GoldPhoenixTree"},{"floor":1,"key":"LetterFromLob"}],"event_choices":[{"damage_healed":0,"gold_gain":0,"player_choice":"2 cards matched","damage_taken":0,"max_hp_gain":0,"max_hp_loss":0,"event_name":"Match and Keep!","floor":2,"gold_loss":0,"cards_obtained":["Luminous:Light_Disperse","Luminous:Magic_Boost_Luminous"]}],"is_beta":false,"boss_relics":[],"items_purged_floors":[],"is_endless":false,"potions_floor_spawned":[1],"killed_by":"Cultist","ascension_level":0}}