{"host":"545ma68kbj6ggddn","time":1611791125,"event":{"mods":["BaseMod","Colored Map","Colored Powertips","Downfall","Minty Spire (QoL Compilation)","Permanent Neow","Quick Restart","StSLib","The Marked"],"gold_per_floor":[99,115,74,74,92,92,92,92,111,126,139,139,174,187,200,200,200],"floor_reached":16,"language":"ENG","playtime":782,"items_purged":[],"score":104,"play_id":"a7d2c6c8-197e-44c3-a173-e8509eb7c509","local_time":"20210127174525","is_ascension_mode":false,"campfire_choices":[{"data":"theMarked:BindingBlade","floor":1,"key":"SMITH"}],"circlet_count":0,"master_deck":["theMarked:Strike","theMarked:Strike","theMarked:Strike","theMarked:Strike","theMarked:Strike","theMarked:Defend","theMarked:Defend","theMarked:Defend","theMarked:Defend","theMarked:SoldierOfQuellstein","theMarked:BindingBlade+1","theMarked:Frustration","theMarked:EmpowerWeapon","theMarked:ChainLightning","theMarked:Heritage","theMarked:BanishingStrike","theMarked:Friction"],"relics":["theMarked:ArtifactOfAir","Centennial Puzzle"],"acts_visited":["Exordium"],"potions_floor_usage":[16],"damage_taken":[{"damage":7,"enemies":"Small Slimes","floor":2,"turns":3},{"damage":0,"enemies":"downfall:FleeingMerchant","floor":3,"turns":4},{"damage":6,"enemies":"Cultist","floor":5,"turns":3},{"damage":6,"enemies":"Jaw Worm","floor":9,"turns":2},{"damage":11,"enemies":"2 Fungi Beasts","floor":10,"turns":4},{"damage":7,"enemies":"Exordium Thugs","floor":11,"turns":5},{"damage":16,"enemies":"Lagavulin","floor":13,"turns":7},{"damage":9,"enemies":"Blue Slaver","floor":14,"turns":3},{"damage":6,"enemies":"Exordium Wildlife","floor":15,"turns":2},{"damage":55,"enemies":"DF_ARCHETYPE_STREAMLINE","floor":16,"turns":6}],"seed_played":"1250432970715454010","potions_obtained":[{"floor":5,"key":"BlessingOfTheForge"},{"floor":10,"key":"DuplicationPotion"},{"floor":11,"key":"Explosive Potion"},{"floor":13,"key":"Slimebound:ThreeZeroPotion"}],"is_trial":false,"path_per_floor":["R","M","$","?","M","?","T","?","M","M","M","?","E","M","M","B"],"character_chosen":"THE_DEFAULT","items_purchased":["theMarked:EmpowerWeapon"],"campfire_rested":0,"item_purchase_floors":[3],"current_hp_per_floor":[63,56,56,56,50,50,50,55,49,38,31,68,52,43,37,0,0],"gold":200,"neow_bonus":"THREE_RARE_CARDS","is_daily":false,"chose_seed":false,"campfire_upgraded":1,"win_rate":0.0,"timestamp":1611791125,"path_taken":["R","M","$","?","?","?","T","?","M","M","M","?","E","?","M","BOSS"],"items_purchased_type":["Card"],"build_version":"2020-12-22","purchased_purges":0,"victory":false,"max_hp_per_floor":[63,63,63,63,63,63,63,68,68,68,68,68,68,68,68,68,68],"card_choices":[{"not_picked":["theMarked:TurnInvisible","theMarked:FavorableWinds"],"picked":"theMarked:BindingBlade","floor":0},{"not_picked":["theMarked:Parkour","theMarked:TakeCover","theMarked:Aftermath"],"picked":"SKIP","floor":2},{"not_picked":["theMarked:Pokerface","theMarked:RepellingDischarge"],"picked":"theMarked:Frustration","floor":3},{"not_picked":["theMarked:ContemptForTheProud","theMarked:Electrocute"],"picked":"theMarked:ChainLightning","floor":5},{"not_picked":["theMarked:MuscleMemory","theMarked:Electrify"],"picked":"theMarked:Heritage","floor":9},{"not_picked":["theMarked:Parkour","theMarked:LightningStrikesTwice"],"picked":"theMarked:Overcharge","floor":10},{"not_picked":["theMarked:TheMission","theMarked:ResourceFulStrike"],"picked":"theMarked:BanishingStrike","floor":11},{"not_picked":["theMarked:Overcharge","theMarked:Parkour","theMarked:TakeOffHeels"],"picked":"SKIP","floor":13},{"not_picked":["theMarked:RogueSparks","theMarked:Improvise","theMarked:BanishingStrike"],"picked":"SKIP","floor":14},{"not_picked":["theMarked:Parkour","theMarked:WastefulAttack"],"picked":"theMarked:Friction","floor":15}],"player_experience":229849,"relics_obtained":[{"floor":13,"key":"Centennial Puzzle"}],"event_choices":[{"damage_healed":0,"gold_gain":0,"player_choice":"Ignored","damage_taken":0,"max_hp_gain":0,"max_hp_loss":0,"event_name":"NoteForYourself","floor":4,"gold_loss":0},{"damage_healed":0,"gold_gain":0,"player_choice":"Donut","damage_taken":0,"max_hp_gain":5,"max_hp_loss":0,"event_name":"Big Fish","floor":8,"gold_loss":0},{"cards_removed":["theMarked:Overcharge"],"damage_healed":37,"gold_gain":0,"player_choice":"Offered Uncommon","damage_taken":0,"max_hp_gain":0,"max_hp_loss":0,"event_name":"Bonfire Elementals","floor":12,"gold_loss":0}],"is_beta":false,"boss_relics":[],"items_purged_floors":[],"is_endless":false,"potions_floor_spawned":[5,10,11,13,15],"killed_by":"DF_ARCHETYPE_STREAMLINE","ascension_level":0}}