{"host":"kh6fvhxn285ncg0o","time":1611781188,"event":{"mods":["Act Like it!","BaseMod","Colored Map","Friendly Minions","Keyboard Shortcuts","Minty Spire (QoL Compilation)","Quick Restart","Relic Stats","StSLib","SuperFastMode","UnlockEverythingMod"],"gold_per_floor":[118,128,203,36,36,36,48,63,113,140,140,155,186,205,205,282,282,298,298,298,310,310,310,339,339,339,353,386,401,401,401,401,477,477,492,504,504,529,236,266,266,266,291,625,639,345,372,388,388,388,388,388,388,3,30,30],"floor_reached":57,"language":"KOR","playtime":2625,"items_purged":["Strike_R","Bash","Madness"],"score":3651,"play_id":"a3ae3e24-8db4-4e55-8992-bd52c13e577b","local_time":"20210128055948","is_ascension_mode":true,"campfire_choices":[{"floor":11,"key":"REST"},{"data":"Battle Trance","floor":15,"key":"SMITH"},{"data":"Pommel Strike","floor":23,"key":"SMITH"},{"data":"Body Slam","floor":25,"key":"SMITH"},{"data":"Dark Embrace","floor":30,"key":"SMITH"},{"data":"Power Through","floor":32,"key":"SMITH"},{"floor":49,"key":"RECALL"},{"data":"Rage","floor":53,"key":"SMITH"}],"circlet_count":0,"master_deck":["AscendersBane","Defend_R","Defend_R","Defend_R","Pummel+1","Pommel Strike+1","Armaments+1","Dark Embrace+1","Battle Trance+1","Body Slam+1","Power Through+1","Shrug It Off","Disarm","Feed+1","Rage+1","Offering","Madness","Warcry+1","Second Wind+1","Evolve","Dark Shackles+1","Sentinel+1"],"relics":["Burning Blood","Medical Kit","Regal Pillow","Dream Catcher","Torii","Coffee Dripper","Oddly Smooth Stone","Happy Flower","Paper Frog","Whetstone","Self Forming Clay","SlaversCollar","Calipers","Membership Card","Strawberry","Toxic Egg 2","Old Coin","Centennial Puzzle","Toy Ornithopter","Molten Egg 2","Bronze Scales","Lee\u0027s Waffle","Boot","White Beast Statue"],"acts_visited":["Exordium","TheCity","TheBeyond","TheEnding"],"potions_floor_usage":[13,16,28,35,47,48,55,56],"damage_taken":[{"damage":18.0,"enemies":"Jaw Worm","floor":1.0,"turns":6.0},{"damage":1.0,"enemies":"2 Louse","floor":2.0,"turns":4.0},{"damage":7.0,"enemies":"Small Slimes","floor":7.0,"turns":4.0},{"damage":0.0,"enemies":"2 Fungi Beasts","floor":8.0,"turns":4.0},{"damage":7,"enemies":"3 Sentries","floor":10,"turns":9},{"damage":4,"enemies":"Exordium Thugs","floor":12,"turns":4},{"damage":0,"enemies":"Lagavulin","floor":13,"turns":8},{"damage":0,"enemies":"Blue Slaver","floor":14,"turns":3},{"damage":60,"enemies":"Slime Boss","floor":16,"turns":17},{"damage":1,"enemies":"Shell Parasite","floor":18,"turns":9},{"damage":1,"enemies":"Spheric Guardian","floor":21,"turns":8},{"damage":2,"enemies":"Book of Stabbing","floor":24,"turns":6},{"damage":15,"enemies":"Cultist and Chosen","floor":27,"turns":6},{"damage":19,"enemies":"Gremlin Leader","floor":28,"turns":7},{"damage":0,"enemies":"Snecko","floor":29,"turns":6},{"damage":0,"enemies":"Champ","floor":33,"turns":11},{"damage":6,"enemies":"3 Darklings","floor":35,"turns":4},{"damage":6,"enemies":"Orb Walker","floor":36,"turns":2},{"damage":6,"enemies":"Mind Bloom Boss Battle","floor":38,"turns":5},{"damage":6,"enemies":"Reptomancer","floor":40,"turns":6},{"damage":0,"enemies":"Giant Head","floor":44,"turns":4},{"damage":17,"enemies":"4 Shapes","floor":45,"turns":5},{"damage":0,"enemies":"Nemesis","floor":47,"turns":5},{"damage":0,"enemies":"Maw","floor":48,"turns":8},{"damage":6,"enemies":"Time Eater","floor":50,"turns":6},{"damage":6,"enemies":"Awakened One","floor":51,"turns":5},{"damage":6,"enemies":"Shield and Spear","floor":55,"turns":6},{"damage":6,"enemies":"The Heart","floor":56,"turns":5}],"seed_played":"4671647594251130012","potions_obtained":[{"floor":2.0,"key":"Energy Potion"},{"floor":10,"key":"AttackPotion"},{"floor":12,"key":"ColorlessPotion"},{"floor":14,"key":"BloodPotion"},{"floor":27,"key":"LiquidMemories"},{"floor":28,"key":"PowerPotion"},{"floor":29,"key":"Fire Potion"},{"floor":36,"key":"PowerPotion"},{"floor":47,"key":"SteroidPotion"},{"floor":48,"key":"Energy Potion"}],"is_trial":false,"path_per_floor":["M","M","?","$","?","?","M","M","T","E","R","M","E","M","R","B",null,"M","?","?","M","?","R","E","R","T","M","E","M","R","T","R","B",null,"M","M","?","?","$","E","?","?","T","E","M","$","E","M","R","B","B",null,"R","$","E","B",null],"character_chosen":"IRONCLAD","items_purchased":["Medical Kit","Membership Card","Strawberry","Centennial Puzzle","Second Wind+1","Evolve","Toy Ornithopter","Bronze Scales","Lee\u0027s Waffle","Boot","Dark Shackles+1","PowerPotion"],"campfire_rested":1,"item_purchase_floors":[4,39,39,46,46,46,46,54,54,54,54,54],"current_hp_per_floor":[56,61,50,50,30,23,22,28,28,27,62,64,68,68,68,14,55,64,64,64,73,73,73,80,80,80,71,58,68,68,68,68,74,82,86,90,73,73,80,84,84,84,84,94,87,87,102,117,117,121,125,127,127,134,138,138],"gold":30,"neow_bonus":"TRANSFORM_TWO_CARDS","is_daily":false,"chose_seed":false,"campfire_upgraded":6,"win_rate":0.0,"timestamp":1611781188,"path_taken":["M","M","?","$","?","?","M","M","T","E","R","M","E","M","R","BOSS","M","?","?","?","?","R","E","R","T","?","E","M","R","?","R","BOSS","M","M","?","?","$","E","?","?","T","E","M","$","E","M","R","BOSS","BOSS","R","$","E","BOSS"],"items_purchased_type":["Relic","Relic","Relic","Relic","Card","Card","Relic","Relic","Relic","Relic","Card","Potion"],"build_version":"2020-12-22","purchased_purges":3,"victory":true,"max_hp_per_floor":[68,68,68,68,68,68,68,68,68,68,68,68,68,68,68,68,68,72,72,72,76,76,76,80,80,80,80,80,84,84,84,84,84,84,88,92,92,92,99,103,103,103,103,107,111,111,115,119,119,123,127,127,127,134,138,138],"relic_stats":{"Regal Pillow":15,"Lee\u0027s Waffle":7,"Torii":22,"Happy Flower":[30],"counters":[28,173],"Self Forming Clay":[30],"Whetstone":["Feed","Pummel"],"Medical Kit":[145],"Boot":[35],"Burning Blood":154,"Dream Catcher":1,"Centennial Puzzle":[12],"Bronze Scales":[63],"obtain_stats":[{"Regal Pillow":9,"Lee\u0027s Waffle":54,"Calipers":38,"Torii":13,"Happy Flower":24,"Self Forming Clay":31,"Oddly Smooth Stone":22,"Whetstone":28,"Medical Kit":4,"Boot":54,"Burning Blood":0,"White Beast Statue":55,"Old Coin":44,"SlaversCollar":34,"Dream Catcher":10,"Centennial Puzzle":46,"Strawberry":39,"Bronze Scales":54,"Molten Egg 2":47,"Coffee Dripper":17,"Membership Card":39,"Toxic Egg 2":40,"Toy Ornithopter":46,"Paper Frog":26},{"Regal Pillow":4,"Lee\u0027s Waffle":26,"Calipers":19,"Torii":7,"Happy Flower":12,"Self Forming Clay":15,"Oddly Smooth Stone":11,"Whetstone":14,"Medical Kit":2,"Boot":26,"Burning Blood":0,"White Beast Statue":27,"Old Coin":21,"SlaversCollar":16,"Dream Catcher":5,"Centennial Puzzle":22,"Strawberry":19,"Bronze Scales":26,"Molten Egg 2":23,"Coffee Dripper":9,"Membership Card":19,"Toxic Egg 2":20,"Toy Ornithopter":22,"Paper Frog":12},{"Regal Pillow":18,"Lee\u0027s Waffle":162,"Calipers":123,"Torii":39,"Happy Flower":82,"Self Forming Clay":101,"Oddly Smooth Stone":76,"Whetstone":95,"Medical Kit":10,"Boot":162,"Burning Blood":0,"White Beast Statue":168,"Old Coin":133,"SlaversCollar":112,"Dream Catcher":27,"Centennial Puzzle":138,"Strawberry":123,"Bronze Scales":162,"Molten Egg 2":143,"Coffee Dripper":59,"Membership Card":123,"Toxic Egg 2":129,"Toy Ornithopter":138,"Paper Frog":82}],"Toy Ornithopter":15},"card_choices":[{"not_picked":["Wild Strike","Burning Pact"],"picked":"Armaments","floor":1.0},{"not_picked":["True Grit","Armaments"],"picked":"Dark Embrace","floor":2.0},{"not_picked":["Havoc","Cleave"],"picked":"Battle Trance","floor":7.0},{"not_picked":["Headbutt","Havoc"],"picked":"Body Slam","floor":8.0},{"not_picked":["Battle Trance","Bloodletting","Sever Soul"],"picked":"SKIP","floor":10},{"not_picked":["Shrug It Off","Body Slam"],"picked":"Power Through","floor":11},{"not_picked":["Flame Barrier","Pommel Strike","Clash"],"picked":"SKIP","floor":12},{"not_picked":["Hemokinesis","Clothesline"],"picked":"Shrug It Off","floor":13},{"not_picked":["Infernal Blade","Whirlwind"],"picked":"Disarm","floor":14},{"not_picked":["Corruption","Double Tap"],"picked":"Feed","floor":16},{"not_picked":["Clothesline+1","True Grit","Cleave"],"picked":"SKIP","floor":18},{"not_picked":["Heavy Blade","Sentinel","Rage"],"picked":"SKIP","floor":21},{"not_picked":["Feed","Pommel Strike","Thunderclap"],"picked":"SKIP","floor":24},{"not_picked":["Thunderclap","Anger","Iron Wave+1"],"picked":"SKIP","floor":27},{"not_picked":["Battle Trance","Bloodletting","Hemokinesis"],"picked":"SKIP","floor":28},{"not_picked":["Intimidate","True Grit","Headbutt"],"picked":"SKIP","floor":29},{"not_picked":["Berserk","Immolate"],"picked":"Offering","floor":33},{"not_picked":["Searing Blow","True Grit","Pommel Strike+1"],"picked":"SKIP","floor":35},{"not_picked":["Dropkick+1","Sword Boomerang","Rampage"],"picked":"SKIP","floor":36},{"not_picked":["Dropkick+1","Sword Boomerang","Rampage"],"picked":"SKIP","floor":36},{"not_picked":["Disarm+1","Headbutt","Demon Form"],"picked":"SKIP","floor":40},{"not_picked":["Shockwave+1","Juggernaut"],"picked":"Warcry+1","floor":44},{"not_picked":["Headbutt","Warcry+1","Havoc+1"],"picked":"SKIP","floor":45},{"not_picked":["Cleave+1","Heavy Blade+1","True Grit+1"],"picked":"SKIP","floor":47},{"not_picked":["Clash+1","Body Slam+1","Shrug It Off+1"],"picked":"SKIP","floor":48},{"not_picked":["Evolve","Havoc+1"],"picked":"Sentinel+1","floor":55}],"player_experience":1293308,"relics_obtained":[{"floor":9.0,"key":"Regal Pillow"},{"floor":10,"key":"Dream Catcher"},{"floor":13,"key":"Torii"},{"floor":24,"key":"Happy Flower"},{"floor":26,"key":"Paper Frog"},{"floor":28,"key":"Whetstone"},{"floor":31,"key":"Self Forming Clay"},{"floor":38,"key":"Calipers"},{"floor":40,"key":"Toxic Egg 2"},{"floor":44,"key":"Old Coin"},{"floor":47,"key":"Molten Egg 2"},{"floor":55,"key":"White Beast Statue"}],"event_choices":[{"damage_healed":0.0,"max_hp_gain":0.0,"max_hp_loss":0.0,"gold_gain":75.0,"event_name":"World of Goop","player_choice":"Gather Gold","floor":3.0,"gold_loss":0.0,"damage_taken":11.0},{"damage_healed":0.0,"max_hp_gain":0.0,"max_hp_loss":0.0,"gold_gain":0.0,"event_name":"Shining Light","player_choice":"Entered Light","floor":5.0,"gold_loss":0.0,"damage_taken":20.0,"cards_upgraded":["Armaments","Defend_R"]},{"cards_removed":["Strike_R"],"damage_healed":0.0,"max_hp_gain":0.0,"max_hp_loss":0.0,"gold_gain":0.0,"event_name":"Golden Wing","player_choice":"Card Removal","floor":6.0,"gold_loss":0.0,"damage_taken":7.0},{"damage_healed":0,"gold_gain":0,"player_choice":"Read","damage_taken":0,"max_hp_gain":0,"max_hp_loss":0,"event_name":"The Library","floor":19,"gold_loss":0,"cards_obtained":["Rage"]},{"cards_removed":["Strike_R"],"damage_healed":0,"gold_gain":0,"player_choice":"Purged","damage_taken":0,"max_hp_gain":0,"max_hp_loss":0,"event_name":"Purifier","floor":20,"gold_loss":0},{"damage_healed":0,"gold_gain":0,"player_choice":"Gave Potion","damage_taken":0,"relics_obtained":["Oddly Smooth Stone"],"max_hp_gain":0,"max_hp_loss":0,"event_name":"WeMeetAgain","floor":22,"gold_loss":0},{"damage_healed":0,"gold_gain":0,"player_choice":"Embrace Madness","damage_taken":17,"max_hp_gain":0,"max_hp_loss":0,"event_name":"Winding Halls","floor":37,"gold_loss":0,"cards_obtained":["Madness","Madness"]},{"damage_healed":0,"gold_gain":0,"player_choice":"Fight","damage_taken":0,"max_hp_gain":0,"max_hp_loss":0,"event_name":"MindBloom","floor":38,"gold_loss":0},{"damage_healed":0,"gold_gain":0,"player_choice":"Ignored","damage_taken":0,"max_hp_gain":0,"max_hp_loss":0,"event_name":"Tomb of Lord Red Mask","floor":41,"gold_loss":0},{"cards_removed":["Defend_R"],"damage_healed":0,"gold_gain":0,"player_choice":"Removed Skill","damage_taken":0,"max_hp_gain":0,"max_hp_loss":0,"event_name":"Falling","floor":42,"gold_loss":0}],"is_beta":false,"boss_relics":[{"not_picked":["Tiny House","Calling Bell"],"picked":"Coffee Dripper"},{"not_picked":["Fusion Hammer","Sozu"],"picked":"SlaversCollar"}],"items_purged_floors":[39,46,54],"is_endless":false,"potions_floor_spawned":[2,10,12,14,27,28,29,36,45,47,48],"ascension_level":20}}