{"host":"gbsupkmj5cka9iw4","time":1611752894,"event":{"mods":["BaseMod","Better Note","BetterRewards","Minty Spire (QoL Compilation)","Say the Spire","Shop Mod","StSLib"],"gold_per_floor":[109,27,27,1,1,1,35,35,35,75,103,35,35,44,44,151,214,234,254,275,298,298,342,342,384,384,398,398,398],"floor_reached":28,"language":"ENG","playtime":1246,"items_purged":[],"score":475,"play_id":"dbdd07a4-c45f-4f00-b069-0371eb4a1c59","local_time":"20210127220814","is_ascension_mode":true,"campfire_choices":[{"data":"Streamline","floor":6.0,"key":"SMITH"},{"data":"Creative AI","floor":13.0,"key":"SMITH"},{"data":"Zap","floor":15.0,"key":"SMITH"},{"floor":24.0,"key":"REST"}],"circlet_count":0,"master_deck":["Zap+1","Dualcast","Ball Lightning","Capacitor","Ball Lightning","Streamline+1","Reboot","Creative AI+1","Loop","Capacitor","Heatsinks","Core Surge","Meteor Strike","Ball Lightning","Tempest","Conserve Battery","Echo Form","Creative AI","Chill","Steam","Hologram","Cold Snap","Capacitor","Biased Cognition","Auto Shields"],"relics":["Cracked Core","NeowsBlessing","Pocketwatch","Mummified Hand","CeramicFish","StrikeDummy","Bottled Flame","Pandora\u0027s Box","Matryoshka","MealTicket","Happy Flower","Singing Bowl","Dream Catcher"],"acts_visited":["Exordium","TheCity"],"potions_floor_usage":[27],"damage_taken":[{"damage":0.0,"enemies":"Cultist","floor":1.0,"turns":1.0},{"damage":0.0,"enemies":"Lagavulin","floor":7.0,"turns":1.0},{"damage":0.0,"enemies":"3 Sentries","floor":10.0,"turns":1.0},{"damage":7.0,"enemies":"Jaw Worm","floor":11.0,"turns":2.0},{"damage":26.0,"enemies":"The Guardian","floor":16.0,"turns":7.0},{"damage":9.0,"enemies":"Spheric Guardian","floor":18.0,"turns":3.0},{"damage":11.0,"enemies":"2 Thieves","floor":19.0,"turns":4.0},{"damage":23.0,"enemies":"Snake Plant","floor":20.0,"turns":3.0},{"damage":20.0,"enemies":"Shelled Parasite and Fungi","floor":21.0,"turns":4.0},{"damage":0.0,"enemies":"Book of Stabbing","floor":23.0,"turns":3.0},{"damage":22,"enemies":"Gremlin Leader","floor":25,"turns":5},{"damage":5,"enemies":"Chosen and Byrds","floor":27,"turns":4},{"damage":0,"enemies":"Snake Plant","floor":28,"turns":1}],"seed_played":"6060607891567412872","potions_obtained":[{"floor":1.0,"key":"Fire Potion"},{"floor":11.0,"key":"SkillPotion"},{"floor":18.0,"key":"PowerPotion"},{"floor":19.0,"key":"Fire Potion"},{"floor":23.0,"key":"Dexterity Potion"}],"is_trial":false,"path_per_floor":["M","$","?","$","?","R","E","?","T","E","M","$","R","?","R","B",null,"M","M","M","M","T","E","R","E","T","M","M"],"character_chosen":"DEFECT","items_purchased":["Capacitor","Ball Lightning","Streamline","Capacitor"],"campfire_rested":1,"item_purchase_floors":[2,2,4,12],"current_hp_per_floor":[68,68,73,73,66,66,66,66,66,66,59,59,59,59,59,33,68,59,48,25,5,5,5,29,7,7,4,4,4],"gold":398,"neow_bonus":"THREE_ENEMY_KILL","is_daily":false,"chose_seed":false,"campfire_upgraded":3,"win_rate":0.0,"timestamp":1611752894,"path_taken":["M","$","?","?","?","R","E","?","T","E","?","?","R","?","R","BOSS","M","?","M","M","?","E","R","E","T","M","M"],"items_purchased_type":["Card","Card","Card","Card"],"build_version":"2020-12-22","purchased_purges":0,"victory":false,"max_hp_per_floor":[75,75,80,80,80,80,80,80,80,80,80,80,80,80,80,80,80,80,80,80,80,80,80,80,80,80,82,82,82],"card_choices":[{"not_picked":["Chill","Auto Shields"],"picked":"Ball Lightning","floor":1.0},{"not_picked":["Compile Driver","Barrage"],"picked":"Reboot","floor":7.0},{"not_picked":["Steam Power","Ball Lightning"],"picked":"Creative AI","floor":10.0},{"not_picked":["Cold Snap","Auto Shields"],"picked":"Loop","floor":11.0},{"not_picked":["All For One","Creative AI"],"picked":"Core Surge","floor":16.0},{"not_picked":["Aggregate","Beam Cell"],"picked":"Steam","floor":18.0},{"not_picked":["Streamline","Blizzard"],"picked":"Hologram","floor":19.0},{"not_picked":["Ball Lightning","Barrage"],"picked":"Cold Snap","floor":20.0},{"not_picked":["Genetic Algorithm","Hologram"],"picked":"Capacitor","floor":21.0},{"not_picked":["Tempest+1","Reprogram"],"picked":"Biased Cognition","floor":23.0},{"not_picked":["Go for the Eyes","Redo+1"],"picked":"Auto Shields","floor":25},{"not_picked":["Ball Lightning","Barrage","Redo"],"picked":"Singing Bowl","floor":27}],"player_experience":766954,"relics_obtained":[{"floor":7.0,"key":"Mummified Hand"},{"floor":9.0,"key":"StrikeDummy"},{"floor":10.0,"key":"Bottled Flame"},{"floor":22.0,"key":"Matryoshka"},{"floor":23.0,"key":"MealTicket"},{"floor":25,"key":"Happy Flower"},{"floor":26,"key":"Singing Bowl"},{"floor":26,"key":"Dream Catcher"}],"event_choices":[{"damage_healed":0.0,"max_hp_gain":5.0,"max_hp_loss":0.0,"gold_gain":0.0,"event_name":"Big Fish","player_choice":"Donut","floor":3.0,"gold_loss":0.0,"damage_taken":0.0},{"damage_healed":0.0,"max_hp_gain":0.0,"max_hp_loss":0.0,"gold_gain":0.0,"event_name":"Scrap Ooze","player_choice":"Success","floor":5.0,"gold_loss":0.0,"damage_taken":7.0,"relics_obtained":["Pocketwatch"]},{"damage_healed":0.0,"max_hp_gain":0.0,"max_hp_loss":0.0,"gold_gain":0.0,"event_name":"Dead Adventurer","player_choice":"Searched \u00272\u0027 times","floor":8.0,"gold_loss":0.0,"damage_taken":0.0,"relics_obtained":["CeramicFish"]},{"damage_healed":0.0,"max_hp_gain":0.0,"max_hp_loss":0.0,"gold_gain":0.0,"cards_transformed":["Strike_B"],"event_name":"Transmorgrifier","player_choice":"Transformed","floor":14.0,"gold_loss":0.0,"damage_taken":0.0,"cards_obtained":["Heatsinks"]}],"is_beta":false,"boss_relics":[{"not_picked":["Fusion Hammer","SacredBark"],"picked":"Pandora\u0027s Box"}],"items_purged_floors":[],"is_endless":false,"potions_floor_spawned":[1,11,18,19,21,23],"killed_by":"Snake Plant","ascension_level":8}}