{"host":"0ueeacaatm8t6jyh","time":1611751087,"event":{"mods":["AchievementEnabler","BaseMod","Colored Powertips","Minty Spire (QoL Compilation)","Quick Restart","Rare Cards Sparkle","Shop Mod","StSLib"],"gold_per_floor":[111,111,124,124,49,59,59,59,90,10,10,81,81,81,81,81],"floor_reached":15,"language":"ZHS","playtime":769,"items_purged":["Strike_R"],"score":182,"play_id":"e95c91fb-68c1-41f5-a206-85c99013830b","local_time":"20210127203807","is_ascension_mode":true,"campfire_choices":[{"data":"Entrench","floor":8,"key":"SMITH"},{"floor":14,"key":"REST"}],"circlet_count":0,"master_deck":["AscendersBane","Strike_R","Strike_R","Strike_R+1","Strike_R","Defend_R","Defend_R+1","Defend_R","Defend_R","Bash","Entrench+1","Entrench+1","Armaments","Metallicize","Regret"],"relics":["Burning Blood","NeowsBlessing","Unceasing Top","Golden Idol","Pocketwatch","Frozen Egg 2","Ancient Tea Set"],"acts_visited":["Exordium"],"potions_floor_usage":[9,15],"damage_taken":[{"damage":0,"enemies":"Cultist","floor":1,"turns":1},{"damage":0,"enemies":"2 Louse","floor":3,"turns":1},{"damage":0,"enemies":"Small Slimes","floor":6,"turns":2},{"damage":52,"enemies":"Gremlin Nob","floor":9,"turns":5},{"damage":17,"enemies":"Lagavulin","floor":15,"turns":5}],"seed_played":"493477647602883376","potions_obtained":[{"floor":1,"key":"FearPotion"},{"floor":3,"key":"SteroidPotion"},{"floor":6,"key":"GamblersBrew"}],"is_trial":false,"path_per_floor":["M","?","M","?","$","M","?","R","E","$","T","T","?","R","E"],"character_chosen":"IRONCLAD","items_purchased":["Metallicize"],"campfire_rested":1,"item_purchase_floors":[10],"current_hp_per_floor":[74,51,57,52,52,58,58,58,12,12,12,12,12,32,15,15],"gold":81,"neow_bonus":"THREE_ENEMY_KILL","is_daily":false,"chose_seed":false,"campfire_upgraded":1,"win_rate":0.0,"timestamp":1611751087,"path_taken":["M","?","M","?","$","M","?","R","E","?","T","T","?","R","E"],"items_purchased_type":["Card"],"build_version":"2020-12-22","purchased_purges":1,"victory":false,"max_hp_per_floor":[75,75,75,75,75,75,68,68,68,68,68,68,68,68,68,68],"card_choices":[{"not_picked":["Flame Barrier","Sentinel"],"picked":"Entrench","floor":1},{"not_picked":["Flame Barrier","Sentinel"],"picked":"Entrench","floor":1},{"not_picked":["Rampage","Reckless Charge","Twin Strike"],"picked":"SKIP","floor":3},{"not_picked":["Pummel","Clash","Rage"],"picked":"SKIP","floor":6},{"not_picked":["Battle Trance","Sentinel"],"picked":"Armaments","floor":9}],"player_experience":474658,"relics_obtained":[{"floor":9,"key":"Pocketwatch"},{"floor":11,"key":"Frozen Egg 2"}],"event_choices":[{"damage_healed":0,"gold_gain":0,"player_choice":"Entered Light","damage_taken":23,"max_hp_gain":0,"max_hp_loss":0,"event_name":"Shining Light","floor":2,"gold_loss":0,"cards_upgraded":["Strike_R","Defend_R"]},{"damage_healed":0,"gold_gain":0,"player_choice":"Success","damage_taken":5,"relics_obtained":["Unceasing Top"],"max_hp_gain":0,"max_hp_loss":0,"event_name":"Scrap Ooze","floor":4,"gold_loss":0},{"damage_healed":0,"gold_gain":0,"player_choice":"Lose Max HP","damage_taken":0,"relics_obtained":["Golden Idol"],"max_hp_gain":0,"max_hp_loss":7,"event_name":"Golden Idol","floor":7,"gold_loss":0},{"damage_healed":0,"gold_gain":0,"player_choice":"Box","damage_taken":0,"relics_obtained":["Ancient Tea Set"],"max_hp_gain":0,"max_hp_loss":0,"event_name":"Big Fish","floor":13,"gold_loss":0,"cards_obtained":["Regret"]}],"is_beta":false,"boss_relics":[],"items_purged_floors":[5],"is_endless":false,"potions_floor_spawned":[1,3,6],"killed_by":"Lagavulin","ascension_level":20}}