{"host":"4cz9gr89nglr7k8k","time":1611770855,"event":{"mods":["BaseMod","Minty Spire (QoL Compilation)","Relic Stats","Slay-I"],"gold_per_floor":[110,110,28,39,62,62,96,34,60,74,74,88,115,29,29,104,104,120,94,144,156,156,156,181,181,228,240,340,340,73,108,108,182,182,193,30,30,55,55,55,86,97,151,151,151,151,169,183,183,183,183],"floor_reached":50,"language":"DEU","playtime":1360,"items_purged":[],"score":1079,"play_id":"21515de1-4796-4f0b-9b59-f9eceda6bce0","local_time":"20210127190735","is_ascension_mode":true,"campfire_choices":[{"floor":6,"key":"REST"},{"data":"Cleave","floor":11,"key":"SMITH"},{"floor":15,"key":"REST"},{"data":"Inflame","floor":23,"key":"SMITH"},{"floor":25,"key":"REST"},{"floor":32,"key":"REST"},{"floor":40,"key":"REST"},{"data":"Armaments","floor":44,"key":"SMITH"},{"data":"Heavy Blade","floor":49,"key":"SMITH"}],"circlet_count":0,"master_deck":["AscendersBane","Strike_R","Strike_R","Strike_R","Strike_R","Strike_R","Defend_R","Defend_R","Defend_R","Bash","Armaments+1","Pommel Strike","Armaments","Anger","Anger","Cleave+1","Perfected Strike","Inflame+1","Immolate","Rage","Clash","Power Through","Whirlwind","Heavy Blade+1","Anger","Inflame+1","Perfected Strike","Demon Form+1","Whirlwind","Madness","Rampage","Bludgeon","Second Wind","Armaments+1","Doubt","Headbutt+1","Flame Barrier"],"relics":["Black Blood","Bronze Scales","Mercury Hourglass","Bag of Marbles","Orichalcum","Nunchaku","MutagenicStrength","Pen Nib","Happy Flower","Incense Burner","Frozen Egg 2","Question Card","Red Skull","Ice Cream","Cursed Key","Strawberry","Du-Vu Doll","Kunai","Bag of Preparation"],"acts_visited":["Exordium","TheCity","TheBeyond"],"potions_floor_usage":[28,33,41,50],"damage_taken":[{"damage":7,"enemies":"Jaw Worm","floor":1,"turns":3},{"damage":6,"enemies":"Cultist","floor":4,"turns":3},{"damage":34,"enemies":"Gremlin Nob","floor":7,"turns":4},{"damage":2,"enemies":"2 Louse","floor":10,"turns":2},{"damage":9,"enemies":"Red Slaver","floor":12,"turns":2},{"damage":40,"enemies":"Slime Boss","floor":16,"turns":7},{"damage":5,"enemies":"3 Byrds","floor":18,"turns":2},{"damage":24,"enemies":"Shell Parasite","floor":21,"turns":2},{"damage":22,"enemies":"Slavers","floor":24,"turns":4},{"damage":21,"enemies":"Sentry and Sphere","floor":27,"turns":5},{"damage":0,"enemies":"Colosseum Slavers","floor":28,"turns":1},{"damage":11,"enemies":"Colosseum Nobs","floor":28,"turns":3},{"damage":50,"enemies":"Book of Stabbing","floor":31,"turns":4},{"damage":28,"enemies":"Collector","floor":33,"turns":6},{"damage":0,"enemies":"3 Shapes","floor":35,"turns":2},{"damage":42,"enemies":"Mind Bloom Boss Battle","floor":38,"turns":4},{"damage":24,"enemies":"Nemesis","floor":41,"turns":5},{"damage":0,"enemies":"3 Darklings","floor":42,"turns":2},{"damage":20,"enemies":"Transient","floor":47,"turns":6},{"damage":0,"enemies":"Spire Growth","floor":48,"turns":2},{"damage":122,"enemies":"Awakened One","floor":50,"turns":9}],"seed_played":"-4389275221095483157","potions_obtained":[{"floor":1,"key":"SteroidPotion"},{"floor":12,"key":"BloodPotion"},{"floor":28,"key":"Dexterity Potion"},{"floor":35,"key":"GamblersBrew"},{"floor":46,"key":"Strength Potion"}],"is_trial":false,"path_per_floor":["M","?","$","M","T","R","E","?","T","M","R","M","T","$","R","B",null,"M","$","?","M","?","R","E","R","T","M","?","T","$","E","R","B",null,"M","$","?","?","?","R","E","M","T","R","?","?","M","M","R","B"],"character_chosen":"IRONCLAD","items_purchased":["Pommel Strike","Armaments","Inflame","Clash","Red Skull","Inflame+1","Heavy Blade","Strawberry"],"campfire_rested":5,"item_purchase_floors":[3,3,14,19,30,30,30,36],"current_hp_per_floor":[63,63,63,63,63,89,61,61,61,65,65,62,62,62,88,54,80,87,87,87,75,75,75,65,89,89,80,89,89,89,51,77,61,82,89,96,96,66,66,94,82,94,94,94,94,94,86,96,96,0,0],"gold":183,"neow_bonus":"TWENTY_PERCENT_HP_BONUS","is_daily":false,"chose_seed":false,"campfire_upgraded":4,"win_rate":0.0,"timestamp":1611770855,"path_taken":["M","?","$","?","?","R","E","?","T","?","R","M","?","?","R","BOSS","M","$","?","M","?","R","E","R","T","M","?","?","?","E","R","BOSS","M","$","?","?","?","R","E","?","T","R","?","?","M","M","R","BOSS"],"items_purchased_type":["Card","Card","Card","Card","Relic","Card","Card","Relic"],"build_version":"2020-12-22","purchased_purges":0,"victory":false,"max_hp_per_floor":[89,89,89,89,89,89,89,89,89,89,89,89,89,89,89,89,89,89,89,89,89,89,89,89,89,89,89,89,89,89,89,89,89,89,89,96,96,96,96,96,96,96,96,96,96,96,96,96,96,96,96],"relic_stats":{"Happy Flower":[16],"counters":[21,75],"Black Blood":193,"Pen Nib":[10],"Bag of Preparation":[6],"Orichalcum":[186],"Question Card":9,"Cursed Key":1,"Mercury Hourglass":[283],"Nunchaku":[14],"Bronze Scales":[217],"Kunai":[7],"obtain_stats":[{"Ice Cream":31,"Happy Flower":26,"Black Blood":17,"Pen Nib":24,"Incense Burner":28,"Bag of Preparation":43,"Orichalcum":9,"Frozen Egg 2":28,"Question Card":29,"Cursed Key":34,"Burning Blood":0,"Mercury Hourglass":7,"Du-Vu Doll":38,"Nunchaku":13,"Bronze Scales":5,"MutagenicStrength":22,"Strawberry":36,"Bag of Marbles":8,"Kunai":41,"Red Skull":30},{"Ice Cream":13,"Happy Flower":9,"Black Blood":6,"Pen Nib":9,"Incense Burner":12,"Bag of Preparation":18,"Orichalcum":3,"Frozen Egg 2":12,"Question Card":12,"Cursed Key":14,"Burning Blood":0,"Mercury Hourglass":3,"Du-Vu Doll":16,"Nunchaku":5,"Bronze Scales":2,"MutagenicStrength":8,"Strawberry":15,"Bag of Marbles":3,"Kunai":17,"Red Skull":12},{"Ice Cream":40,"Happy Flower":28,"Black Blood":21,"Pen Nib":28,"Incense Burner":37,"Bag of Preparation":58,"Orichalcum":10,"Frozen Egg 2":37,"Question Card":37,"Cursed Key":46,"Burning Blood":0,"Mercury Hourglass":10,"Du-Vu Doll":51,"Nunchaku":14,"Bronze Scales":6,"MutagenicStrength":24,"Strawberry":48,"Bag of Marbles":10,"Kunai":56,"Red Skull":37}]},"card_choices":[{"not_picked":["Battle Trance","Sentinel"],"picked":"Armaments","floor":1},{"not_picked":["Uppercut","Rage"],"picked":"Anger","floor":4},{"not_picked":["Entrench","Armaments"],"picked":"Anger","floor":7},{"not_picked":["Sword Boomerang","Iron Wave"],"picked":"Cleave","floor":10},{"not_picked":["Uppercut","Clothesline"],"picked":"Perfected Strike","floor":12},{"not_picked":["Berserk","Barricade"],"picked":"Immolate","floor":16},{"not_picked":["Iron Wave","Shrug It Off"],"picked":"Rage","floor":18},{"not_picked":["Havoc","Sever Soul"],"picked":"Power Through","floor":21},{"not_picked":["Reckless Charge+1","Anger"],"picked":"Whirlwind","floor":24},{"not_picked":["Sentinel","Havoc"],"picked":"Heavy Blade","floor":27},{"not_picked":["Iron Wave","Twin Strike"],"picked":"Anger","floor":28},{"not_picked":["Body Slam","Brutality+1","Havoc"],"picked":"Perfected Strike","floor":31},{"not_picked":["Berserk+1","Juggernaut+1","Reaper"],"picked":"Demon Form+1","floor":33},{"not_picked":["Spot Weakness","Perfected Strike","Armaments"],"picked":"Whirlwind","floor":35},{"not_picked":["Panacea","Thinking Ahead","Secret Weapon"],"picked":"Madness","floor":37},{"not_picked":["Cleave","Iron Wave","Dual Wield"],"picked":"Rampage","floor":38},{"not_picked":["Body Slam","Rupture+1","Wild Strike+1"],"picked":"Second Wind","floor":41},{"not_picked":["Thunderclap","Clothesline","Twin Strike"],"picked":"Armaments+1","floor":42},{"not_picked":["Anger","Wild Strike","Whirlwind"],"picked":"Headbutt+1","floor":47},{"not_picked":["Thunderclap","Iron Wave","Second Wind"],"picked":"Flame Barrier","floor":48}],"player_experience":1527006,"relics_obtained":[{"floor":5,"key":"Bronze Scales"},{"floor":7,"key":"Mercury Hourglass"},{"floor":9,"key":"Orichalcum"},{"floor":13,"key":"Nunchaku"},{"floor":24,"key":"Pen Nib"},{"floor":26,"key":"Happy Flower"},{"floor":28,"key":"Incense Burner"},{"floor":28,"key":"Frozen Egg 2"},{"floor":29,"key":"Question Card"},{"floor":31,"key":"Ice Cream"},{"floor":38,"key":"Du-Vu Doll"},{"floor":41,"key":"Kunai"},{"floor":43,"key":"Bag of Preparation"}],"event_choices":[{"cards_removed":["Defend_R"],"damage_healed":0,"gold_gain":0,"player_choice":"Offered Basic","damage_taken":0,"max_hp_gain":0,"max_hp_loss":0,"event_name":"Bonfire Elementals","floor":2,"gold_loss":0},{"damage_healed":0,"gold_gain":0,"player_choice":"Paid Gold","damage_taken":0,"relics_obtained":["Bag of Marbles"],"max_hp_gain":0,"max_hp_loss":0,"event_name":"WeMeetAgain","floor":8,"gold_loss":62},{"damage_healed":0,"gold_gain":50,"player_choice":"Stole From Cult","damage_taken":0,"max_hp_gain":0,"max_hp_loss":0,"event_name":"Nest","floor":20,"gold_loss":0},{"damage_healed":0,"gold_gain":0,"player_choice":"Inject Mutagens","damage_taken":0,"relics_obtained":["MutagenicStrength"],"max_hp_gain":0,"max_hp_loss":0,"event_name":"Drug Dealer","floor":22,"gold_loss":0},{"damage_healed":0,"gold_gain":0,"player_choice":"Fight","damage_taken":0,"max_hp_gain":0,"max_hp_loss":0,"event_name":"Colosseum","floor":28,"gold_loss":0},{"damage_healed":0,"gold_gain":0,"player_choice":"Fought Nobs","damage_taken":0,"max_hp_gain":0,"max_hp_loss":0,"event_name":"Colosseum","floor":28,"gold_loss":0},{"damage_healed":0,"gold_gain":0,"player_choice":"Memory 1","damage_taken":0,"max_hp_gain":0,"max_hp_loss":0,"event_name":"SensoryStone","floor":37,"gold_loss":0},{"damage_healed":0,"gold_gain":0,"player_choice":"Fight","damage_taken":0,"max_hp_gain":0,"max_hp_loss":0,"event_name":"MindBloom","floor":38,"gold_loss":0},{"damage_healed":0,"gold_gain":0,"player_choice":"1 cards matched","damage_taken":0,"max_hp_gain":0,"max_hp_loss":0,"event_name":"Match and Keep!","floor":39,"gold_loss":0,"cards_obtained":["Bludgeon"]},{"cards_removed":["Heavy Blade"],"damage_healed":0,"gold_gain":0,"player_choice":"Removed Attack","damage_taken":0,"max_hp_gain":0,"max_hp_loss":0,"event_name":"Falling","floor":45,"gold_loss":0},{"damage_healed":0,"gold_gain":0,"player_choice":"Got Potions","damage_taken":0,"max_hp_gain":0,"max_hp_loss":0,"event_name":"Lab","floor":46,"gold_loss":0}],"is_beta":false,"boss_relics":[{"not_picked":["Ectoplasm","Runic Dome"],"picked":"Black Blood"},{"not_picked":["Astrolabe","Mark of Pain"],"picked":"Cursed Key"}],"items_purged_floors":[],"is_endless":false,"potions_floor_spawned":[1,12,28,28,31,35,48],"killed_by":"Awakened One","ascension_level":20}}