{"host":"mj8akmyfd5lo602f","time":1611762993,"event":{"mods":["2.2 Compatiblity","Act Like it!","BaseMod","Bestiary","BshForSts","Colored Map","Colored Powertips","DeckTracker","Downfall","Highlight Path","Minty Spire (QoL Compilation)","Relic Stats","StSLib"],"gold_per_floor":[99,99,99,99,112,146,146,246,246,246,265,295,295,314,328,328,328,328],"floor_reached":16,"language":"ENG","playtime":697,"items_purged":[],"score":108,"play_id":"d57ea689-8a68-47f0-8165-9f0898a49e94","local_time":"20210127155633","is_ascension_mode":false,"campfire_choices":[{"data":"Guardian:CurlUp","floor":1,"key":"SMITH"},{"data":"Guardian:PrismaticBeam","floor":9,"key":"SMITH"},{"floor":13,"key":"REST"}],"circlet_count":0,"master_deck":["Guardian:Strike_Guardian","Guardian:Strike_Guardian","Guardian:Strike_Guardian","Guardian:Strike_Guardian","Guardian:Defend_Guardian","Guardian:Defend_Guardian","Guardian:Defend_Guardian","Guardian:Defend_Guardian","Guardian:CurlUp+1","Guardian:TwinSlam","Guardian:PrismaticBeam+1","Guardian:ChargeCore","Guardian:GemFinder","Guardian:Gem_Purple"],"relics":["Guardian:ModeShifter","downfall:HeartsMalice","Bag of Marbles","The Courier","InkBottle"],"acts_visited":["Exordium"],"potions_floor_usage":[16],"damage_taken":[{"damage":0,"enemies":"Cultist","floor":2,"turns":1},{"damage":0,"enemies":"2 Louse","floor":3,"turns":1},{"damage":0,"enemies":"Jaw Worm","floor":4,"turns":1},{"damage":8,"enemies":"2 Fungi Beasts","floor":5,"turns":4},{"damage":31,"enemies":"Lagavulin","floor":6,"turns":11},{"damage":9,"enemies":"Lots of Slimes","floor":11,"turns":4},{"damage":21,"enemies":"3 Sentries","floor":12,"turns":12},{"damage":7,"enemies":"2 Fungi Beasts","floor":14,"turns":2},{"damage":6,"enemies":"Red Slaver","floor":15,"turns":2},{"damage":23,"enemies":"IC_STATUS_ARCHETYPE","floor":16,"turns":8}],"seed_played":"-715332724816751271","potions_obtained":[{"floor":6,"key":"hexamod:SoulburnPotion"},{"floor":12,"key":"FearPotion"},{"floor":14,"key":"Energy Potion"}],"is_trial":false,"path_per_floor":["R","M","M","M","M","E","T","?","R","?","M","E","R","M","M","B"],"character_chosen":"GUARDIAN","items_purchased":[],"campfire_rested":1,"item_purchase_floors":[],"current_hp_per_floor":[80,80,80,80,72,41,41,41,41,41,32,11,35,28,22,0,0,0],"gold":328,"neow_bonus":"THREE_ENEMY_KILL","is_daily":false,"chose_seed":false,"campfire_upgraded":2,"win_rate":0.0,"timestamp":1611762993,"path_taken":["R","M","M","M","M","E","T","?","R","?","M","E","R","M","M","BOSS"],"items_purchased_type":[],"build_version":"2020-12-22","purchased_purges":0,"victory":false,"max_hp_per_floor":[80,80,80,80,80,80,80,80,80,80,80,80,80,80,80,80,80,80],"relic_stats":{"counters":[10,43],"obtain_stats":[{"Guardian:ModeShifter":0,"downfall:HeartsMalice":0,"The Courier":7,"Bag of Marbles":6,"InkBottle":12},{"Guardian:ModeShifter":0,"downfall:HeartsMalice":0,"The Courier":5,"Bag of Marbles":5,"InkBottle":7},{"Guardian:ModeShifter":0,"downfall:HeartsMalice":0,"The Courier":15,"Bag of Marbles":15,"InkBottle":31}],"InkBottle":[5]},"card_choices":[{"not_picked":["Guardian:Reroute","Guardian:Suspension"],"picked":"Guardian:Gem_Lightblue","floor":2},{"not_picked":["Guardian:Gem_Lightblue","Guardian:PolyBeam"],"picked":"Guardian:PrismaticBeam","floor":3},{"not_picked":["Guardian:RollAttack","Guardian:ShieldCharger"],"picked":"Guardian:Gem_Red","floor":4},{"not_picked":["Guardian:Gem_Red","Guardian:RollAttack"],"picked":"Guardian:ChargeCore","floor":5},{"not_picked":["Guardian:Planning","Guardian:WalkerClaw"],"picked":"Guardian:Gem_Fragmented","floor":6},{"not_picked":["Guardian:Incinerate","Guardian:TemporalShield"],"picked":"Guardian:GemFinder","floor":11},{"not_picked":["Guardian:PolyBeam","Guardian:SpikerProtocol"],"picked":"Guardian:Gem_Fragmented","floor":12},{"not_picked":["Guardian:Gem_Red","Guardian:Gem_Lightblue"],"picked":"Guardian:Gem_Cyan","floor":12},{"not_picked":["Guardian:Clone","Guardian:Incinerate"],"picked":"Guardian:Gem_Purple","floor":14},{"not_picked":["Guardian:Gem_Cyan","Guardian:ChargeCore","Guardian:Gem_Lightblue"],"picked":"SKIP","floor":15}],"player_experience":446340,"relics_obtained":[{"floor":6,"key":"Bag of Marbles"},{"floor":7,"key":"The Courier"},{"floor":12,"key":"InkBottle"}],"event_choices":[],"is_beta":false,"boss_relics":[],"items_purged_floors":[],"is_endless":false,"potions_floor_spawned":[6,12,14],"killed_by":"IC_STATUS_ARCHETYPE","ascension_level":0}}