{"host":"vhvubw4jk4f204qs","time":1611709553,"event":{"mods":["AchievementEnabler","BaseMod","DeckTracker","GifTheSpireLib","Minty Spire (QoL Compilation)","Permanent Neow","Quick Restart","StSLib","SuperFastMode","The IronCluck","slay the spire mod where everything is the same but ironclad has a cowboy hat"],"gold_per_floor":[112,129,144,162,34,34,46,76,103,135,153,169,180,206,206,308,308,308,308],"floor_reached":18,"language":"ENG","playtime":902,"items_purged":[],"score":236,"play_id":"02e19292-ac84-4ed2-a740-b6e8c8212f28","local_time":"20210126200553","is_ascension_mode":false,"campfire_choices":[{"data":"Pommel Strike","floor":6,"key":"SMITH"},{"data":"Spot Weakness","floor":15,"key":"SMITH"}],"circlet_count":0,"master_deck":["Strike_R","Strike_R","Strike_R","Strike_R","Strike_R","Defend_R+1","Defend_R","Defend_R+1","Defend_R","Bash","CurseOfTheBell","Shrug It Off","Metallicize","Sentinel","Clothesline","Spot Weakness+1","Pommel Strike+1","Sword Boomerang","Feed","Twin Strike","Pummel","Sword Boomerang","Limit Break"],"relics":["Calling Bell","MealTicket","Letter Opener","CaptainsWheel","Centennial Puzzle","Red Skull","Lantern","War Paint","Runic Pyramid"],"acts_visited":["Exordium","TheCity"],"potions_floor_usage":[7,14,14,16],"damage_taken":[{"damage":1,"enemies":"2 Louse","floor":1,"turns":4},{"damage":0,"enemies":"Cultist","floor":2,"turns":4},{"damage":0,"enemies":"Jaw Worm","floor":3,"turns":4},{"damage":6,"enemies":"Blue Slaver","floor":4,"turns":5},{"damage":3,"enemies":"Red Slaver","floor":7,"turns":4},{"damage":15,"enemies":"Lagavulin","floor":8,"turns":5},{"damage":4,"enemies":"Gremlin Nob","floor":10,"turns":4},{"damage":9,"enemies":"2 Fungi Beasts","floor":11,"turns":3},{"damage":7,"enemies":"Lots of Slimes","floor":12,"turns":4},{"damage":8,"enemies":"3 Louse","floor":13,"turns":2},{"damage":4,"enemies":"Lagavulin","floor":14,"turns":6},{"damage":0,"enemies":"Slime Boss","floor":16,"turns":6},{"damage":2,"enemies":"Spheric Guardian","floor":18,"turns":4}],"seed_played":"7141563569610239314","potions_obtained":[{"floor":4,"key":"Energy Potion"},{"floor":7,"key":"Regen Potion"},{"floor":11,"key":"Energy Potion"},{"floor":12,"key":"EssenceOfSteel"},{"floor":14,"key":"BlessingOfTheForge"},{"floor":16,"key":"Block Potion"}],"is_trial":false,"path_per_floor":["M","M","M","M","$","R","M","E","T","E","M","M","M","E","R","B",null,"M"],"character_chosen":"IRONCLAD","items_purchased":["Spot Weakness","Pommel Strike"],"campfire_rested":0,"item_purchase_floors":[5,5],"current_hp_per_floor":[79,79,79,73,80,80,77,62,62,58,52,48,43,39,39,42,92,90,90],"gold":308,"neow_bonus":"BOSS_RELIC","is_daily":false,"chose_seed":false,"campfire_upgraded":2,"win_rate":0.0,"timestamp":1611709553,"path_taken":["M","M","M","M","$","R","M","E","T","E","M","M","M","E","R","BOSS","M"],"items_purchased_type":["Card","Card"],"build_version":"2020-12-22","purchased_purges":0,"victory":false,"max_hp_per_floor":[80,80,80,80,80,80,80,80,80,80,83,86,89,89,89,92,92,92,92],"card_choices":[{"not_picked":["Havoc","Perfected Strike"],"picked":"Shrug It Off","floor":1},{"not_picked":["Reckless Charge","True Grit"],"picked":"Metallicize","floor":2},{"not_picked":["Rupture","Warcry"],"picked":"Sentinel","floor":3},{"not_picked":["Bloodletting","Perfected Strike"],"picked":"Clothesline","floor":4},{"not_picked":["Clothesline","Impervious"],"picked":"Sword Boomerang","floor":7},{"not_picked":["Power Through","Body Slam","Anger"],"picked":"SKIP","floor":8},{"not_picked":["Anger","Body Slam"],"picked":"Feed","floor":10},{"not_picked":["Clothesline","Intimidate"],"picked":"Twin Strike","floor":11},{"not_picked":["True Grit","Anger"],"picked":"Pummel","floor":12},{"not_picked":["Heavy Blade","Havoc","Body Slam"],"picked":"SKIP","floor":13},{"not_picked":["Heavy Blade","Wild Strike"],"picked":"Sword Boomerang","floor":14},{"not_picked":["Demon Form","Reaper"],"picked":"Limit Break","floor":16}],"player_experience":727204,"relics_obtained":[{"floor":0,"key":"MealTicket"},{"floor":0,"key":"Letter Opener"},{"floor":0,"key":"CaptainsWheel"},{"floor":8,"key":"Centennial Puzzle"},{"floor":9,"key":"Red Skull"},{"floor":10,"key":"Lantern"},{"floor":14,"key":"War Paint"}],"event_choices":[],"is_beta":false,"boss_relics":[{"not_picked":["Snecko Eye","Cursed Key"],"picked":"Runic Pyramid"}],"items_purged_floors":[],"is_endless":false,"potions_floor_spawned":[4,7,11,12,14,16],"killed_by":"Spheric Guardian","ascension_level":0}}