{"host":"98zq812qbocdqs0d","time":1611771521,"event":{"mods":["BaseMod","GifTheSpireLib","Minty Spire (QoL Compilation)","Replay The Spire","StSLib","The Cursed","The Hierophant"],"gold_per_floor":[109,124,134,84,99,99,131,131,203,244,244,87,104,104,104,104,104],"floor_reached":16,"language":"ITA","playtime":912,"items_purged":[],"score":120,"play_id":"2cd6a46a-37e2-4199-9df7-cc22810994bb","local_time":"20210127191841","is_ascension_mode":true,"campfire_choices":[{"data":"Poisoned Stab","floor":6,"key":"SMITH"},{"floor":15,"key":"REST"}],"circlet_count":0,"master_deck":["Strike_G","Strike_G","Strike_G","Strike_G","Strike_G","Defend_G","Defend_G","Defend_G","Defend_G","Defend_G","Survivor+1","Neutralize","Deadly Poison","Poisoned Stab+1","Deadly Poison","PiercingWail","Poisoned Stab","PiercingWail","Bane","Bane","Toxin Wave"],"relics":["Ring of the Snake","NeowsBlessing","Vampiric Spirits","Boot","Pear","Potion Belt","Orrery"],"acts_visited":["Exordium"],"potions_floor_usage":[13],"damage_taken":[{"damage":0,"enemies":"Cultist","floor":1,"turns":1},{"damage":0,"enemies":"Small Slimes","floor":2,"turns":1},{"damage":0,"enemies":"Jaw Worm","floor":3,"turns":1},{"damage":4,"enemies":"Looter","floor":5,"turns":4},{"damage":30,"enemies":"Gremlin Nob","floor":7,"turns":4},{"damage":3,"enemies":"Blue Slaver","floor":13,"turns":3},{"damage":70,"enemies":"Fading Forest","floor":16,"turns":9}],"seed_played":"256608164780352233","potions_obtained":[{"floor":3,"key":"Elixir"},{"floor":10,"key":"Adrenaline Potion"}],"is_trial":false,"path_per_floor":["M","M","M","$","M","R","E","?","T","?","?","$","M","?","R","B"],"character_chosen":"THE_SILENT","items_purchased":["Deadly Poison","Orrery"],"campfire_rested":1,"item_purchase_floors":[4,12],"current_hp_per_floor":[70,70,70,70,66,66,36,24,34,2,2,2,1,1,25,0,0],"gold":104,"neow_bonus":"THREE_ENEMY_KILL","is_daily":false,"chose_seed":false,"campfire_upgraded":1,"win_rate":0.0,"timestamp":1611771521,"path_taken":["M","M","M","$","M","R","E","?","T","?","?","?","?","?","R","BOSS"],"items_purchased_type":["Card","Relic"],"build_version":"2020-12-22","purchased_purges":0,"victory":false,"max_hp_per_floor":[70,70,70,70,70,70,70,70,80,80,80,80,80,80,80,80,80],"card_choices":[{"not_picked":["Deflect","Backflip"],"picked":"Deadly Poison","floor":1},{"not_picked":["Hidden Blade","Leg Sweep"],"picked":"Poisoned Stab","floor":2},{"not_picked":["Dagger Throw","Sucker Punch","Expertise"],"picked":"SKIP","floor":3},{"not_picked":["Dagger Throw","Blur"],"picked":"PiercingWail","floor":5},{"not_picked":["Dodge and Roll","Deflect","Crippling Poison"],"picked":"SKIP","floor":7},{"not_picked":["ReplayTheSpireMod:From All Sides","Dagger Throw"],"picked":"Poisoned Stab","floor":10},{"not_picked":["Dagger Throw","Blade Dance"],"picked":"PiercingWail","floor":10},{"not_picked":["Dagger Spray","PiercingWail"],"picked":"Bane","floor":12},{"not_picked":["Sucker Punch","Flechettes"],"picked":"Bane","floor":12},{"not_picked":["Backflip","Dash"],"picked":"Toxin Wave","floor":13}],"player_experience":919564,"relics_obtained":[{"floor":7,"key":"Vampiric Spirits"},{"floor":9,"key":"Pear"},{"floor":10,"key":"Potion Belt"}],"event_choices":[{"damage_healed":0,"gold_gain":0,"player_choice":"Success","damage_taken":12,"relics_obtained":["Boot"],"max_hp_gain":0,"max_hp_loss":0,"event_name":"Scrap Ooze","floor":8,"gold_loss":0},{"damage_healed":0,"gold_gain":0,"player_choice":"Ignored","damage_taken":0,"max_hp_gain":0,"max_hp_loss":0,"event_name":"Golden Idol","floor":14,"gold_loss":0}],"is_beta":false,"boss_relics":[],"items_purged_floors":[],"is_endless":false,"potions_floor_spawned":[3],"killed_by":"Fading Forest","ascension_level":4}}