{"host":"lehz9p79pih88cc3","time":1611778661,"event":{"mods":["AchievementEnabler","Act Like it!","Ascension Reborn","Aspiration","BaseMod","CapriCore","Downfall","Emptier Cage","Halation","Infinite Spire","Marisa????????","Minty Spire (QoL Compilation)","Permanent Neow","Practice Mode","Quick Restart","Relic Stats","Replay The Spire","SacredBarkPlus","StSLib","The Bladedancer","The Construct","The Immortal","The Runesmith","The Servant 0.9.4","Transform Curses"],"gold_per_floor":[199,218,229,229,239,271,297,316,331,331,127,143,143,143,161,161,161,161],"floor_reached":16,"language":"ENG","playtime":798,"items_purged":["hexamod:Strike"],"score":104,"play_id":"b72ae9c8-8428-46a9-ac0a-bb5c8986a1a0","local_time":"20210127151741","is_ascension_mode":true,"campfire_choices":[],"circlet_count":0,"master_deck":["hexamod:Strike","hexamod:Strike","hexamod:Defend","hexamod:Defend","hexamod:Defend","hexamod:Sear","hexamod:Float","hexamod:Rewind","Pot Of Greed","hexamod:EmpoweredFlame","hexamod:Firestarter","hexamod:EmpoweredFlame","Pot Of Greed","hexamod:ThermalTransfer","hexamod:GhostOfSpirePast","hexamod:GhostOfSpirePast","hexamod:HauntingEcho","hexamod:PhantomCloak"],"relics":["hexamod:SpiritBrand","Grinning Jar","infinitespire:Beetle Shell","halation:EternalFortune","Replay:Bottled Steam"],"acts_visited":["Exordium"],"potions_floor_usage":[6,16,16],"damage_taken":[{"damage":2,"enemies":"Small Slimes","floor":2,"turns":4},{"damage":0,"enemies":"Cultist","floor":3,"turns":4},{"damage":6,"enemies":"Jaw Worm","floor":5,"turns":3},{"damage":22,"enemies":"Lagavulin","floor":6,"turns":8},{"damage":2,"enemies":"Blue Slaver","floor":8,"turns":4},{"damage":6,"enemies":"Large Slime","floor":9,"turns":3},{"damage":0,"enemies":"downfall:FleeingMerchant","floor":11,"turns":4},{"damage":12,"enemies":"Exordium Thugs","floor":12,"turns":4},{"damage":18,"enemies":"3 Louse","floor":15,"turns":4},{"damage":11,"enemies":"SI_SHIV_ARCHETYPE","floor":16,"turns":8}],"seed_played":"1661905788578513158","potions_obtained":[{"floor":3,"key":"LifebloodPotion"},{"floor":5,"key":"Dexterity Potion"},{"floor":8,"key":"FearPotion"},{"floor":15,"key":"LifebloodPotion"}],"is_trial":false,"path_per_floor":["R","M","M","?","M","E","T","M","M","?","$","M","?","T","M","B"],"character_chosen":"THE_SPIRIT","items_purchased":["hexamod:GhostOfSpirePast","hexamod:HauntingEcho"],"campfire_rested":0,"item_purchase_floors":[11,11],"current_hp_per_floor":[70,68,68,68,62,40,40,38,32,35,35,23,23,23,5,0,0,0],"gold":161,"neow_bonus":"HUNDRED_GOLD","is_daily":false,"chose_seed":false,"campfire_upgraded":0,"win_rate":0.0,"timestamp":1611778661,"path_taken":["R","M","M","?","M","E","T","M","?","?","$","M","?","?","M","BOSS"],"items_purchased_type":["Card","Card"],"build_version":"2020-12-22","purchased_purges":1,"victory":false,"max_hp_per_floor":[70,70,70,70,70,70,70,70,70,73,73,73,73,73,73,73,73,73],"relic_stats":{"counters":[10,46],"obtain_stats":[{"halation:EternalFortune":10,"infinitespire:Beetle Shell":7,"Grinning Jar":6,"hexamod:SpiritBrand":0,"Replay:Bottled Steam":14},{"halation:EternalFortune":6,"infinitespire:Beetle Shell":4,"Grinning Jar":4,"hexamod:SpiritBrand":0,"Replay:Bottled Steam":8},{"halation:EternalFortune":26,"infinitespire:Beetle Shell":19,"Grinning Jar":19,"hexamod:SpiritBrand":0,"Replay:Bottled Steam":34}]},"card_choices":[{"not_picked":["hexamod:ShieldOfDarkness","hexamod:CatchUp","hexamod:Hexaguard"],"picked":"SKIP","floor":2},{"not_picked":["hexamod:BacktrackSmack","hexamod:ShieldOfDarkness","hexamod:EtherealExpedition"],"picked":"SKIP","floor":3},{"not_picked":["hexamod:ChargedBarrage","hexamod:ExtraCrispy","hexamod:SwordOfDarkness"],"picked":"SKIP","floor":5},{"not_picked":["hexamod:Haunt","hexamod:UnleashSpirits"],"picked":"hexamod:EmpoweredFlame","floor":6},{"not_picked":["hexamod:ShieldOfDarkness","hexamod:RecurringNightmare"],"picked":"hexamod:Firestarter","floor":8},{"not_picked":["hexamod:HauntingEcho","hexamod:RecurringNightmare"],"picked":"hexamod:EmpoweredFlame","floor":9},{"not_picked":["hexamod:PhantomFireball","hexamod:HauntingEcho"],"picked":"hexamod:ThermalTransfer","floor":11},{"not_picked":["hexamod:SoulSteal","hexamod:CatchUp"],"picked":"hexamod:PhantomCloak","floor":12},{"not_picked":["hexamod:NightmareGuise","hexamod:HeatMetal","hexamod:InspiringFlames"],"picked":"SKIP","floor":15}],"player_experience":209397,"relics_obtained":[{"floor":6,"key":"Grinning Jar"},{"floor":7,"key":"infinitespire:Beetle Shell"},{"floor":14,"key":"Replay:Bottled Steam"}],"event_choices":[{"cards_removed":["hexamod:Defend"],"damage_healed":0,"gold_gain":0,"player_choice":"Offered Basic","damage_taken":0,"max_hp_gain":0,"max_hp_loss":0,"event_name":"Bonfire Elementals","floor":4,"gold_loss":0},{"damage_healed":0,"gold_gain":0,"player_choice":"Fled","damage_taken":0,"max_hp_gain":0,"max_hp_loss":0,"event_name":"Scrap Ooze","floor":13,"gold_loss":0}],"is_beta":false,"boss_relics":[],"items_purged_floors":[11],"is_endless":false,"potions_floor_spawned":[3,5,8,15],"killed_by":"SI_SHIV_ARCHETYPE","ascension_level":0}}