{"host":"c1oza4x7xlyuasvd","time":1611769573,"event":{"mods":["ATMod(阿瑾Mod)","Arknights The Spire","BaseMod","Better Vampires","Colored Powertips","Marisa（F雨　魔理沙）","Minty Spire (QoL Compilation)","MostiFishMod","StSLib","TestMod","Waifu the Spire","【遗物卡牌】REMEMod"],"gold_per_floor":[116,116,184,30,80,80,130,158,226,226,253,6,41,55,55,159,159,170,185,195,245,245,245],"floor_reached":22,"language":"ZHS","playtime":905,"items_purged":["ats:Strike G"],"score":212,"play_id":"75390df4-e0fd-4ede-86e1-7bc6e7614033","local_time":"20210128014613","is_ascension_mode":true,"campfire_choices":[{"data":"ats:Emotion Absorption","floor":6.0,"key":"SMITH"},{"data":"AT_Desolate","floor":10.0,"key":"SMITH"},{"data":"ats:Ambush","floor":15.0,"key":"SMITH"}],"circlet_count":0,"master_deck":["ats:Strike S","ats:Strike V","ats:Armor Crushing Shot","ats:Defend","ats:Defend","ats:Defend","ats:Defend","ats:Emotion Absorption+1","AT_Desolate+1","Wraith Form v2","MostiFishMod:Kaleido","ats:Shadow Assault","ats:Ambush+1","REME_MawOfCthun","ats:Calcification","ats:Dogmatic Field","ats:Red Shift","ats:Overload"],"relics":["ats:Sanity","testmod-TestBox","AT_ATBox","DaveBox","REME_ComplimentaryCards","testmod-TurbochargingSystem","SynthV:C4","SynthV:TestCard","SsserpentHead","ats:Assault","ats:Originium","CaptainsWheel","AT_ForceNature","AT_SpeedBoots","ats:Spiritual Recovery","testmod-PortableAltar","ImprovedEquipment"],"acts_visited":["Exordium","TheCity"],"potions_floor_usage":[],"damage_taken":[{"damage":1.0,"enemies":"Jaw Worm","floor":1.0,"turns":3.0},{"damage":0.0,"enemies":"Cultist","floor":3.0,"turns":3.0},{"damage":13.0,"enemies":"3 Sentries","floor":8.0,"turns":3.0},{"damage":11.0,"enemies":"Lagavulin","floor":11.0,"turns":4.0},{"damage":9.0,"enemies":"3 Sentries","floor":13.0,"turns":2.0},{"damage":0.0,"enemies":"Small Slimes","floor":14.0,"turns":3.0},{"damage":26,"enemies":"Slime Boss","floor":16,"turns":8},{"damage":10,"enemies":"3 Byrds","floor":18,"turns":6},{"damage":4,"enemies":"Spheric Guardian","floor":19,"turns":3},{"damage":27,"enemies":"Snake Plant","floor":20,"turns":5},{"damage":11,"enemies":"Centurion and Healer","floor":22,"turns":3}],"seed_played":"6128738068698688022","potions_obtained":[{"floor":3.0,"key":"SpeedPotion"},{"floor":14.0,"key":"SpeedPotion"},{"floor":16,"key":"AttackPotion"},{"floor":19,"key":"Energy Potion"}],"is_trial":false,"path_per_floor":["M","?","M","$","?","R","?","E","T","R","E","$","E","M","R","B",null,"M","M","M","?","M"],"character_chosen":"DOCTOR_CLASS","items_purchased":["ats:Assault","REME_MawOfCthun"],"campfire_rested":0,"item_purchase_floors":[4,12],"current_hp_per_floor":[64,64,64,64,64,64,64,51,51,51,40,40,31,32,32,9,65,57,54,29,29,18,18],"gold":245,"neow_bonus":"RANDOM_COLORLESS_2","is_daily":false,"chose_seed":false,"campfire_upgraded":3,"win_rate":0.0,"timestamp":1611769573,"path_taken":["M","?","?","$","?","R","?","E","T","R","E","$","E","M","R","BOSS","M","M","M","?","M"],"items_purchased_type":["Relic","Card"],"build_version":"2020-12-22","purchased_purges":1,"victory":false,"max_hp_per_floor":[65,65,65,65,65,65,65,65,65,65,65,65,65,65,65,65,65,64,63,62,61,60,60],"card_choices":[{"not_picked":["testmod-Superconductor","Transmutation"],"picked":"MostiFishMod:Kaleido","floor":0.0},{"not_picked":["ats:Very Hot Blade","ats:Explosion Area Strengthen","ats:Blood Oath"],"picked":"SKIP","floor":1.0},{"not_picked":["ats:Curse Doll","ats:Poison Spread","ats:Closed Bolt Burst Fire","ats:Ignite","ats:Encircling Forest"],"picked":"SKIP","floor":3.0},{"not_picked":["ats:Song Of Battle","ats:Shell Defense","ats:Blood Oath","ats:Nebulous Foxfire"],"picked":"ats:Ambush","floor":8.0},{"not_picked":["ats:Absolute Focus","ats:Powerful Strike","ats:Curse Doll","ats:Blood Oath","ats:Counter Healing Mode"],"picked":"SKIP","floor":11.0},{"not_picked":["ats:Blood Oath","ats:Guard Mode","ats:Revitalization","ats:Absolute Focus"],"picked":"ats:Calcification","floor":13.0},{"not_picked":["ats:Curse Doll","ats:Absolute Focus","ats:Apocalypse","ats:Magnetic Hammer","ats:Explosion Area Strengthen"],"picked":"SKIP","floor":14.0},{"not_picked":["ats:Ambush","ats:Calcification","ats:True Silver Slash","ats:Soul Rend"],"picked":"ats:Dogmatic Field","floor":16},{"not_picked":["ats:Absolute Focus","ats:Flame Of Heaven+1","ats:Leaping Hammer","ats:Ignite"],"picked":"ats:Red Shift","floor":18},{"not_picked":["ats:Explosion Area Strengthen","ats:Leaping Hammer","ats:Consecutive Shot Auto","ats:Shell Defense"],"picked":"ats:Overload","floor":19},{"not_picked":["ats:Flexible Camouflage","ats:Cat Scratch+1","ats:Hammer On+1","ats:Absolute Focus","ats:Blood Oath+1"],"picked":"SKIP","floor":20}],"player_experience":205873,"relics_obtained":[{"floor":1.0,"key":"SynthV:TestCard"},{"floor":8.0,"key":"ats:Originium"},{"floor":8.0,"key":"CaptainsWheel"},{"floor":9.0,"key":"AT_ForceNature"},{"floor":11.0,"key":"ats:Originium"},{"floor":11.0,"key":"AT_SpeedBoots"},{"floor":13.0,"key":"ats:Originium"},{"floor":13.0,"key":"ats:Spiritual Recovery"}],"event_choices":[{"damage_healed":0.0,"max_hp_gain":0.0,"max_hp_loss":0.0,"gold_gain":0.0,"event_name":"FaceTrader","player_choice":"Trade","floor":2.0,"gold_loss":0.0,"damage_taken":0.0,"relics_obtained":["SsserpentHead"]},{"damage_healed":0.0,"max_hp_gain":0.0,"max_hp_loss":0.0,"gold_gain":0.0,"event_name":"给自己的盒子","player_choice":"Ignored","floor":5.0,"gold_loss":0.0,"damage_taken":0.0},{"damage_healed":0.0,"max_hp_gain":0.0,"max_hp_loss":0.0,"gold_gain":0.0,"cards_transformed":["ats:Strike C"],"event_name":"Living Wall","player_choice":"Change","floor":7.0,"gold_loss":0.0,"damage_taken":0.0,"cards_obtained":["ats:Shadow Assault"]},{"damage_healed":0,"gold_gain":0,"player_choice":"Gave Potion","damage_taken":0,"relics_obtained":["ImprovedEquipment"],"max_hp_gain":0,"max_hp_loss":0,"event_name":"WeMeetAgain","floor":21,"gold_loss":0}],"is_beta":false,"boss_relics":[{"not_picked":["REME_DemonsWealth","testmod-Nine"],"picked":"testmod-PortableAltar"}],"items_purged_floors":[12],"is_endless":false,"potions_floor_spawned":[3,14,16,18,19],"killed_by":"Centurion and Healer","ascension_level":1}}