{"host":"00z1c2b3ygquf4t5","time":1611785002,"event":{"mods":["AchievementEnabler","Aspiration","BaseMod","Better Altar","Better Match","Better Skull","Better Third Choice","Displayed Cursed Tome","Hubris","Minty Spire (QoL Compilation)","Replay The Spire","Spicy Shops","StSLib"],"gold_per_floor":[114,129,144,219,219,219,249,249,249,264,294,294,309,309,309,309,309],"floor_reached":16,"language":"ENG","playtime":1027,"items_purged":[],"score":135,"play_id":"b0ed76bb-0f38-4eb0-82c1-70444c0c1c92","local_time":"20210127220322","daily_mods":["Heirloom","Blue Cards","Elite Swarm"],"is_ascension_mode":false,"campfire_choices":[{"data":"White Noise","floor":6,"key":"SMITH"},{"data":"Shrug It Off","floor":8,"key":"SMITH"},{"data":"Immolate","floor":15,"key":"SMITH"}],"circlet_count":0,"master_deck":["Strike_R","Strike_R","Strike_R","Strike_R+1","Strike_R","Defend_R","Defend_R","Defend_R","Defend_R","Bash","White Noise+1","Shrug It Off+1","Cleave","Immolate+1","Injury","Sword Boomerang"],"relics":["Burning Blood","hubris:AstralHammer","aspiration:StickyExplosives_weak","aspiration:FrozenJewel","Pen Nib","hubris:Teleporter","Frozen Egg 2"],"acts_visited":["Exordium"],"potions_floor_usage":[13],"damage_taken":[{"damage":5,"enemies":"2 Louse","floor":1,"turns":3},{"damage":6,"enemies":"Cultist","floor":2,"turns":3},{"damage":0,"enemies":"Small Slimes","floor":3,"turns":3},{"damage":19,"enemies":"Lagavulin","floor":7,"turns":6},{"damage":6,"enemies":"Red Slaver","floor":10,"turns":4},{"damage":0,"enemies":"Replay:BlueRogue","floor":11,"turns":5},{"damage":0,"enemies":"Large Slime","floor":13,"turns":4},{"damage":0,"enemies":"Fading Forest","floor":16,"turns":1}],"seed_played":"-8653540479942029245","potions_obtained":[{"floor":1,"key":"Explosive Potion"},{"floor":2,"key":"Flashbang"},{"floor":3,"key":"PowerPotion"}],"is_trial":false,"path_per_floor":["M","M","M","?","?","R","E","R","T","M","E","?","M","?","R","B"],"character_chosen":"IRONCLAD","items_purchased":[],"campfire_rested":0,"item_purchase_floors":[],"current_hp_per_floor":[80,80,80,69,69,69,56,56,56,56,62,62,68,68,68,68,68],"gold":309,"neow_bonus":"","is_daily":true,"chose_seed":false,"campfire_upgraded":3,"win_rate":0.0,"timestamp":1611785002,"path_taken":["M","M","M","?","?","R","E","R","T","?","E","?","M","?","R","BOSS"],"items_purchased_type":[],"build_version":"2020-12-22","purchased_purges":0,"victory":false,"max_hp_per_floor":[80,80,80,80,80,80,80,80,80,80,80,80,80,80,80,80,80],"card_choices":[{"not_picked":["Rupture","ReplayTheSpireMod:GoodbyeWorld"],"picked":"White Noise","floor":1},{"not_picked":["Hologram","Pommel Strike"],"picked":"Shrug It Off","floor":2},{"not_picked":["Second Wind","Undo"],"picked":"Cleave","floor":3},{"not_picked":["Berserk","Core Surge","Reboot"],"picked":"SKIP","floor":7},{"not_picked":["BasicCrystalCard","Sweeping Beam","True Grit"],"picked":"SKIP","floor":10},{"not_picked":["Corruption","All For One"],"picked":"Immolate","floor":11},{"not_picked":["ReplayTheSpireMod:Repulse","Darkness"],"picked":"Sword Boomerang","floor":13}],"player_experience":375430,"relics_obtained":[{"floor":7,"key":"aspiration:FrozenJewel"},{"floor":9,"key":"Pen Nib"},{"floor":11,"key":"hubris:Teleporter"}],"event_choices":[{"damage_healed":0,"gold_gain":75,"player_choice":"Gold","damage_taken":11,"max_hp_gain":0,"max_hp_loss":0,"event_name":"betterThird:BetterGoop","floor":4,"gold_loss":0},{"damage_healed":0,"gold_gain":0,"player_choice":"Gave Potion","damage_taken":0,"relics_obtained":["aspiration:StickyExplosives_weak"],"max_hp_gain":0,"max_hp_loss":0,"event_name":"WeMeetAgain","floor":5,"gold_loss":0}],"is_beta":false,"boss_relics":[],"items_purged_floors":[],"is_endless":false,"potions_floor_spawned":[1,2,3],"killed_by":"Fading Forest","ascension_level":0}}