{"host":"eeeqmyc7a1933jos","time":1611749051,"event":{"mods":["2.2 Compatiblity","Act Like it!","BaseMod","CapriCore","Colored Powertips","Conspire","Downfall","Elementarium","Friendly Minions","Gensokyo","GifTheSpireLib","Gremlin Mod","Hallownest","Hermit","Hubris","Infinite Spire","Jorbs\u0027s Wanderer Trilogy","Marisa????????","Mimic Mod","Minty Spire (QoL Compilation)","Pale of the Ancients","Random Character Button","Random Character Mod","Rare Cards Sparkle","Reimu??????","Relic Sorter","Relic Stats","SIMod","StSLib","The Administrix","The Bug Knight","The Disciple","The Dragon Tamer","The Hierophant","The Immortal","The Marked","The Mystic","The Runesmith","The Senshi","The Servant 0.9.4","The Vixen","TheFirefly","Wandering Minibosses"],"gold_per_floor":[117,117,117,135,147,147,147,147],"floor_reached":7,"language":"ENG","playtime":439,"items_purged":[],"score":45,"play_id":"f31c18f6-4c99-4dad-8e8a-854ea418ad30","local_time":"20210127130411","is_ascension_mode":true,"campfire_choices":[{"data":"LockedPlans","floor":6,"key":"SMITH"}],"circlet_count":0,"master_deck":["Strike_Br","Strike_Br","Strike_Br","Strike_Br","Defend_Br","Defend_Br","Defend_Br","Defend_Br","SecondHand","PatternShift","LockedTornado","hubris:NaturalOne","Echoward","LockedPlans+1"],"relics":["Chronometer","hubris:Icosahedron","Letter Opener"],"acts_visited":["Exordium"],"potions_floor_usage":[],"damage_taken":[{"damage":6,"enemies":"Small Slimes","floor":1,"turns":6},{"damage":0,"enemies":"conspire:RoseBush","floor":4,"turns":4},{"damage":4,"enemies":"2 Louse","floor":5,"turns":4},{"damage":27,"enemies":"Gremlin Nob","floor":7,"turns":4}],"seed_played":"2492498998879841864","potions_obtained":[],"is_trial":false,"path_per_floor":["M","?","?","M","M","R","E"],"character_chosen":"CHRONO_CLASS","items_purchased":[],"campfire_rested":0,"item_purchase_floors":[],"current_hp_per_floor":[65,65,65,65,61,61,34,34],"gold":147,"neow_bonus":"TEN_PERCENT_HP_BONUS","is_daily":false,"chose_seed":false,"campfire_upgraded":1,"win_rate":0.0,"timestamp":1611749051,"path_taken":["M","?","?","M","M","R","E"],"items_purchased_type":[],"build_version":"2020-12-22","purchased_purges":0,"victory":false,"max_hp_per_floor":[71,71,71,71,71,71,71,71],"relic_stats":{"counters":[4,18],"Letter Opener":[10],"obtain_stats":[{"hubris:Icosahedron":3,"Chronometer":0,"Letter Opener":2},{"hubris:Icosahedron":1,"Chronometer":0,"Letter Opener":1},{"hubris:Icosahedron":6,"Chronometer":0,"Letter Opener":6}]},"card_choices":[{"not_picked":["Tempo","Engulf"],"picked":"LockedTornado","floor":1},{"not_picked":["PrimeTime","Parity"],"picked":"Echoward","floor":4},{"not_picked":["Cuckoo","LockedUrn"],"picked":"LockedPlans","floor":5}],"player_experience":1626464,"relics_obtained":[{"floor":2,"key":"Letter Opener"}],"event_choices":[],"is_beta":false,"boss_relics":[],"items_purged_floors":[],"is_endless":false,"potions_floor_spawned":[],"killed_by":"Gremlin Nob","ascension_level":2}}