{"host":"f7i018611qt1bmao","time":1611728258,"event":{"mods":["ATMod(阿瑾Mod)","Act Like it!","BaseMod","Chen","Hallownest","KinomotoSakuraMod(木之本樱)","Koishi","LagranYue(拉格朗・月)","Marisa（F雨　魔理沙）","Minty Spire (QoL Compilation)","Nova Terra(诺娃・泰拉)","Remilia（蕾米莉亚）","Replay The Spire","StSLib","The Administrix","The Alterego","The Animator","The Gatherer","The Mystic","The Poker Player","The Senshi","The Servant 0.9.4","TheWitcher","WarShipGirlsR/战舰少女R mod","Yakumo Yukari mod","Youmu（魂魄妖梦）","Yuri Mod","Yuyuko","【遗物卡牌】REMEMod"],"gold_per_floor":[114,127,326,345,54,87,130,130,130],"floor_reached":8,"language":"ZHS","playtime":524,"items_purged":[],"score":83,"play_id":"48e05542-ccc7-49ed-a4ad-ff1f6609b094","local_time":"20210127141738","is_ascension_mode":false,"campfire_choices":[],"circlet_count":0,"master_deck":["yuri:yuriStrike","yuri:yuriStrike","yuri:yuriStrike","yuri:yuriStrike","yuri:yuriStrike","yuri:yuriDefend","yuri:yuriDefend","yuri:yuriDefend","yuri:yuriDefend","yuri:yuriDefend","yuri:Oolong","yuri:yuriStab","AT_CaressingTears","yuri:WickedSlash","yuri:RecklessStrike","yuri:ThrowingKnives","yuri:UntestedCode","yuri:RemoveSafetyChecks"],"relics":["yuri:yuriKnife","AT_ATBox","REME_ComplimentaryCards","LagranYue:RandomDrawCardRelic","NeowsBlessing","Counterbalance","AT_BellDemon","AT_ChloranthyRing"],"acts_visited":["Hallownest:Greenpath"],"potions_floor_usage":[],"damage_taken":[{"damage":0.0,"enemies":"Hallownest:monsterHuskGuard","floor":1.0,"turns":1.0},{"damage":0.0,"enemies":"Hallownest:monsterHuskWarrior","floor":2.0,"turns":1.0},{"damage":0.0,"enemies":"Hallownest:2_MossCreeps","floor":4.0,"turns":1.0},{"damage":8.0,"enemies":"Hallownest:eliteMossKnight","floor":6.0,"turns":3.0},{"damage":16.0,"enemies":"Hallownest:1_Ooma_and_2_Uuma","floor":7.0,"turns":3.0},{"damage":69,"enemies":"Hallownest:eliteCrystalGuardian","floor":8,"turns":5}],"seed_played":"1303846094574970124","potions_obtained":[{"floor":1.0,"key":"LifebloodPotion"},{"floor":4.0,"key":"Weak Potion"},{"floor":6.0,"key":"REME_GoldPotion"},{"floor":7.0,"key":"Ancient Potion"}],"is_trial":false,"path_per_floor":["M","M","?","M","$","E","M","E"],"character_chosen":"YURI","items_purchased":["Counterbalance"],"campfire_rested":0,"item_purchase_floors":[5],"current_hp_per_floor":[80,80,80,80,80,76,63,0,0],"gold":130,"neow_bonus":"THREE_ENEMY_KILL","is_daily":false,"chose_seed":false,"campfire_upgraded":0,"win_rate":0.0,"timestamp":1611728258,"path_taken":["M","M","?","?","$","E","M","E"],"items_purchased_type":["Relic"],"build_version":"2020-12-22","purchased_purges":0,"victory":false,"max_hp_per_floor":[80,80,80,80,80,80,80,80,80],"card_choices":[{"not_picked":["yuri:CalmingAura","yuri:TPose"],"picked":"yuri:WickedSlash","floor":1.0},{"not_picked":["yuri:DebugCard","yuri:Skip","yuri:GlitchedStrike"],"picked":"SKIP","floor":2.0},{"not_picked":["yuri:GrowingInsanity","yuri:AdaptiveAI"],"picked":"yuri:RecklessStrike","floor":3.0},{"not_picked":["yuri:RecklessStrike","yuri:BrokenCode"],"picked":"yuri:ThrowingKnives","floor":4.0},{"not_picked":["yuri:RecklessStrike","yuri:yuriHeavyStrike"],"picked":"yuri:UntestedCode","floor":6.0},{"not_picked":["yuri:yuriHeavyStrike","yuri:HeavierStrike"],"picked":"yuri:RemoveSafetyChecks","floor":7.0}],"player_experience":27108,"relics_obtained":[{"floor":6.0,"key":"AT_BellDemon"},{"floor":7.0,"key":"AT_ChloranthyRing"}],"event_choices":[],"is_beta":false,"boss_relics":[],"items_purged_floors":[],"is_endless":false,"potions_floor_spawned":[1,4,6,7],"killed_by":"Hallownest:eliteCrystalGuardian","ascension_level":0}}