{"host":"ELF","time":1611729909,"event":{"mods":["BaseMod","Bestiary","Minty Spire (QoL Compilation)","Relic Stats","Slay the Relics Exporter"],"gold_per_floor":[111,123,141,154,429,429,462,10,36,55,5,5,5,18,18,95,95,109,52,52,67,67,67],"floor_reached":22,"language":"ENG","playtime":830,"items_purged":["Regret"],"score":363,"play_id":"3f00f335-dde7-4e7a-b3dc-0e117f71cc79","local_time":"20210127004509","is_ascension_mode":true,"campfire_choices":[{"data":"Armaments","floor":6,"key":"SMITH"},{"floor":12,"key":"REST"},{"data":"Shrug It Off","floor":15,"key":"SMITH"}],"circlet_count":0,"master_deck":["AscendersBane","Strike_R","Strike_R","Strike_R","Defend_R","Defend_R","Defend_R","Bash","Armaments+1","Dark Embrace","Sword Boomerang","Flame Barrier","Uppercut","Feel No Pain","Seeing Red","Shrug It Off+1","Limit Break","Feel No Pain+1","Intimidate+1","Cleave+1","Iron Wave+1","True Grit","Inflame"],"relics":["Burning Blood","Bronze Scales","Pen Nib","OrangePellets","Red Skull","Nunchaku","Astrolabe"],"acts_visited":["Exordium","TheCity"],"potions_floor_usage":[7,21,22],"damage_taken":[{"damage":6.0,"enemies":"Cultist","floor":1.0,"turns":4.0},{"damage":2.0,"enemies":"2 Louse","floor":2.0,"turns":4.0},{"damage":7.0,"enemies":"Small Slimes","floor":3.0,"turns":4.0},{"damage":8.0,"enemies":"Blue Slaver","floor":4.0,"turns":4.0},{"damage":56,"enemies":"3 Sentries","floor":7,"turns":9},{"damage":9,"enemies":"Red Slaver","floor":10,"turns":2},{"damage":5,"enemies":"2 Fungi Beasts","floor":14,"turns":2},{"damage":38,"enemies":"Hexaghost","floor":16,"turns":9},{"damage":33,"enemies":"Spheric Guardian","floor":18,"turns":6},{"damage":33,"enemies":"2 Thieves","floor":21,"turns":4},{"damage":56,"enemies":"3 Cultists","floor":22,"turns":5}],"seed_played":"4237808634454992647","potions_obtained":[{"floor":2.0,"key":"Strength Potion"},{"floor":3.0,"key":"Strength Potion"},{"floor":16,"key":"ElixirPotion"},{"floor":18,"key":"AttackPotion"},{"floor":21,"key":"SkillPotion"}],"is_trial":false,"path_per_floor":["M","M","M","M","?","R","E","$","T","M","?","R","$","M","R","B",null,"M","$","?","M","M"],"character_chosen":"IRONCLAD","items_purchased":["OrangePellets","Feel No Pain","Red Skull","True Grit"],"campfire_rested":1,"item_purchase_floors":[8,8,8,19],"current_hp_per_floor":[68,72,71,69,69,69,19,19,19,16,16,38,38,39,39,7,58,31,31,75,48,0,0],"gold":67,"neow_bonus":"RANDOM_COMMON_RELIC","is_daily":false,"chose_seed":false,"campfire_upgraded":2,"win_rate":0.0,"timestamp":1611729909,"path_taken":["M","?","M","M","?","R","E","$","T","?","?","R","$","M","R","BOSS","M","$","?","M","M"],"items_purchased_type":["Relic","Card","Relic","Card"],"build_version":"2020-12-18","purchased_purges":1,"victory":false,"max_hp_per_floor":[75,75,75,75,75,75,75,75,75,75,75,75,75,75,75,75,75,75,75,75,75,75,75],"relic_stats":{"OrangePellets":[0],"Nunchaku":[4],"counters":[11,53],"Bronze Scales":[156],"Astrolabe":["Feel No Pain","Intimidate","Cleave"],"Pen Nib":[4],"obtain_stats":[{"OrangePellets":8,"Nunchaku":9,"Bronze Scales":0,"Astrolabe":17,"Pen Nib":7,"Burning Blood":0,"Red Skull":8},{"OrangePellets":5,"Nunchaku":5,"Bronze Scales":0,"Astrolabe":8,"Pen Nib":5,"Burning Blood":0,"Red Skull":5},{"OrangePellets":25,"Nunchaku":25,"Bronze Scales":0,"Astrolabe":38,"Pen Nib":25,"Burning Blood":0,"Red Skull":25}],"Burning Blood":60},"card_choices":[{"not_picked":["Cleave","Warcry"],"picked":"Armaments","floor":1.0},{"not_picked":["Havoc","Sentinel"],"picked":"Dark Embrace","floor":2.0},{"not_picked":["Dark Embrace","Anger"],"picked":"Sword Boomerang","floor":3.0},{"not_picked":["Sever Soul","Clash"],"picked":"Flame Barrier","floor":4.0},{"not_picked":["Hemokinesis","Warcry"],"picked":"Uppercut","floor":7},{"not_picked":["Clash","Brutality"],"picked":"Seeing Red","floor":10},{"not_picked":["Perfected Strike","Twin Strike"],"picked":"Shrug It Off","floor":14},{"not_picked":["Double Tap","Reaper"],"picked":"Limit Break","floor":16},{"not_picked":["Clothesline","Pommel Strike"],"picked":"Iron Wave+1","floor":18},{"not_picked":["Second Wind","Havoc"],"picked":"Inflame","floor":21}],"player_experience":3325688,"relics_obtained":[{"floor":7,"key":"Pen Nib"},{"floor":9,"key":"Nunchaku"}],"event_choices":[{"damage_healed":0,"gold_gain":275,"player_choice":"Desecrate","damage_taken":0,"max_hp_gain":0,"max_hp_loss":0,"event_name":"Golden Shrine","floor":5,"gold_loss":0,"cards_obtained":["Regret"]},{"damage_healed":0,"gold_gain":0,"player_choice":"Left Gold","damage_taken":0,"max_hp_gain":0,"max_hp_loss":0,"event_name":"World of Goop","floor":11,"gold_loss":50},{"damage_healed":44,"gold_gain":0,"player_choice":"Full Heal","damage_taken":0,"max_hp_gain":0,"max_hp_loss":0,"event_name":"Wheel of Change","floor":20,"gold_loss":0}],"is_beta":true,"boss_relics":[{"not_picked":["Runic Cube","SacredBark"],"picked":"Astrolabe"}],"items_purged_floors":[8],"is_endless":false,"potions_floor_spawned":[2,3,16,18,21],"killed_by":"3 Cultists","ascension_level":19}}