{"host":"ut3qe46kys7sl3ey","time":1611740936,"event":{"mods":["2.2 Compatiblity","AchievementEnabler","Bard","BaseMod","Bestiary","Better Altar","Better Match","Better Note","Better Sensory Stone","Better Skull","Better Third Choice","BetterRewards","Block Reminder","Colored Map","Colored Powertips","Curses Come First","DeckTracker","Downfall","Energized Spire","Friendly Minions","Highlight Path","Hubris","Infinite Spire","Minty Spire (QoL Compilation)","Permanent Neow","Quick Restart","Random Character Button","Relic Sorter","Relic Stats","Reliquary","Replay The Spire","StSLib","The Blue Laboratory","The Bug Knight","The Construct","The Cursed","The Jungle","The Mystic","The Spell Scribe","Unceasing Turn Reminder","Unknown Chances","Wandering Minibosses"],"gold_per_floor":[116,133,148,161,336,369,369,66,66,66,85,85,85,85,85,190,190,200,200,200,215,233,233,243,261,288,304,319,337,337,352,352,454,454,467,483,483,483,483,483,70,89,89,100,100,100,100],"floor_reached":46,"language":"ENG","playtime":6647,"items_purged":["Doubt"],"score":426,"play_id":"115b11e9-0570-4c16-b6c7-98ac43413c0d","local_time":"20210127114856","is_ascension_mode":false,"campfire_choices":[{"floor":7,"key":"REST"},{"data":"HollowMod:FocusHealStart","floor":10,"key":"SMITH"},{"data":"HollowMod:BlackTendrils","floor":12,"key":"SMITH"},{"floor":15,"key":"REST"},{"data":"HollowMod:SlysStrikes","floor":23,"key":"SMITH"},{"floor":30,"key":"REST"},{"data":"HollowMod:SoulMaster","floor":40,"key":"SMITH"},{"floor":45,"key":"REST"}],"circlet_count":0,"master_deck":["HollowMod:NailStrikeStart","HollowMod:NailStrikeStart","HollowMod:NailStrikeStart","HollowMod:QuickDashStart","HollowMod:QuickDashStart","HollowMod:QuickDashStart","HollowMod:QuickDashStart","HollowMod:FocusHealStart+1","HollowMod:PogoStrike","HollowMod:DescendingDark","HollowMod:WraithStrike","HollowMod:WraithStrike","HollowMod:PerfectDash","HollowMod:BlackTendrils+1","Apotheosis+1","HollowMod:SlysStrikes+1","ReplayTheSpireMod:Chaos Vortex+1","HollowMod:WraithStrike","HollowMod:SoulMaster+1","HollowMod:InfectedAttack+1","HollowMod:SharpenedShadows","hubris:NaturalOne","HollowMod:HuntersJournal","HollowMod:ShadowDash","HollowMod:SoulMaster","HollowMod:MantisMark+1","HollowMod:InfectedCysts","HollowMod:MothsMistake","Midas Touch","Replay:BasicMightCard","Parasite"],"relics":["Ring of Chaos","hubris:Icosahedron","Strange Spoon","reliquary:RedPaperclip","infinitespire:PuzzleCube","Empty Cage","Chemical X","reliquary:Stiletto","reliquary:HotPoker"],"acts_visited":["Exordium","TheCity","TheBeyond"],"potions_floor_usage":[6,16,16,18,29,33,42,46],"damage_taken":[{"damage":0,"enemies":"2 Louse","floor":1,"turns":4},{"damage":0,"enemies":"Small Slimes","floor":2,"turns":1},{"damage":22,"enemies":"Jaw Worm","floor":3,"turns":5},{"damage":14,"enemies":"Exordium Thugs","floor":4,"turns":4},{"damage":23,"enemies":"Gremlin Nob","floor":6,"turns":5},{"damage":11,"enemies":"Gremlin Gang","floor":11,"turns":5},{"damage":40,"enemies":"HollowMod:FalseKnight","floor":16,"turns":11},{"damage":21,"enemies":"Spheric Guardian","floor":18,"turns":5},{"damage":6,"enemies":"Shell Parasite","floor":21,"turns":6},{"damage":2,"enemies":"Cultist and Chosen","floor":22,"turns":6},{"damage":6,"enemies":"Snake Plant","floor":24,"turns":5},{"damage":13,"enemies":"Snecko","floor":25,"turns":5},{"damage":31,"enemies":"Sentry and Sphere","floor":27,"turns":4},{"damage":9,"enemies":"Centurion and Healer","floor":28,"turns":9},{"damage":52,"enemies":"Snake Plant","floor":29,"turns":7},{"damage":20,"enemies":"Snecko","floor":31,"turns":6},{"damage":65,"enemies":"hubris:MusketHawk","floor":33,"turns":11},{"damage":23,"enemies":"3 Shapes","floor":35,"turns":7},{"damage":4,"enemies":"3 Darklings","floor":36,"turns":7},{"damage":51,"enemies":"Writhing Mass","floor":42,"turns":6},{"damage":23,"enemies":"Jaw Worm Horde","floor":44,"turns":4},{"damage":51,"enemies":"Transient","floor":46,"turns":5}],"seed_played":"-437167064386625207","potions_obtained":[{"floor":2,"key":"Cursed Concoction"},{"floor":3,"key":"SkillPotion"},{"floor":4,"key":"blueLaboratory:FruitPunch"},{"floor":21,"key":"blueLaboratory:ArtificerPotion"},{"floor":24,"key":"Weak Potion"},{"floor":27,"key":"Dexterity Potion"},{"floor":28,"key":"blueLaboratory:NullPotion"},{"floor":36,"key":"LiquidMemories"},{"floor":42,"key":"SpeedPotion"}],"is_trial":false,"path_per_floor":["M","M","M","M","?","E","R","$","T","R","M","R","?","?","R","B",null,"M","AVR","?","M","M","R","M","M","T","M","M","M","R","M","R_BF","B",null,"M","M","AVR","?","?","R","$","M","T","M","R","M"],"character_chosen":"THE_BUGKNIGHT","items_purchased":["HollowMod:BlackTendrils","Strange Spoon","Midas Touch","Replay:BasicMightCard","reliquary:Stiletto"],"campfire_rested":4,"item_purchase_floors":[8,8,41,41,41],"current_hp_per_floor":[75,75,53,39,39,18,41,41,41,41,36,36,36,36,59,36,77,62,62,62,73,77,77,77,64,64,39,49,18,41,27,50,6,77,62,77,77,77,77,77,77,26,26,16,39,0,0],"gold":100,"neow_bonus":"BOSS_RELIC","is_daily":false,"chose_seed":false,"campfire_upgraded":4,"win_rate":0.0,"timestamp":1611740936,"path_taken":["M","M","M","M","?","E","R","$","T","R","M","R","?","?","R","BOSS","M","AVR","?","M","M","R","M","M","T","M","M","M","R","?","R_BF","BOSS","M","M","AVR","?","?","R","$","M","T","M","R","M"],"items_purchased_type":["Card","Relic","Card","Card","Relic"],"build_version":"2020-12-22","purchased_purges":1,"victory":false,"max_hp_per_floor":[75,75,75,75,75,77,77,77,77,77,77,77,77,77,77,77,77,77,77,77,77,77,77,77,77,77,77,77,77,77,77,77,77,77,77,77,77,77,77,77,77,77,77,77,77,77,77],"relic_stats":{"Strange Spoon":[43],"counters":[22,128],"Chemical X":[2],"obtain_stats":[{"Strange Spoon":8,"reliquary:HotPoker":43,"hubris:Icosahedron":14,"reliquary:RedPaperclip":17,"HollowMod:VesselMask":0,"Ring of Chaos":0,"Iron Hammer":9,"reliquary:Stiletto":41,"Chemical X":37,"hubris:MysteriousPyramids":6,"Empty Cage":34,"infinitespire:PuzzleCube":26},{"Strange Spoon":5,"reliquary:HotPoker":20,"hubris:Icosahedron":6,"reliquary:RedPaperclip":7,"HollowMod:VesselMask":0,"Ring of Chaos":0,"Iron Hammer":5,"reliquary:Stiletto":19,"Chemical X":19,"hubris:MysteriousPyramids":5,"Empty Cage":17,"infinitespire:PuzzleCube":12},{"Strange Spoon":19,"reliquary:HotPoker":119,"hubris:Icosahedron":24,"reliquary:RedPaperclip":35,"HollowMod:VesselMask":0,"Ring of Chaos":0,"Iron Hammer":19,"reliquary:Stiletto":113,"Chemical X":113,"hubris:MysteriousPyramids":19,"Empty Cage":99,"infinitespire:PuzzleCube":62}]},"card_choices":[{"not_picked":["HollowMod:PureNailStrike","HollowMod:InfectedCysts"],"picked":"HollowMod:DescendingDark","floor":1},{"not_picked":["HollowMod:ChannelNail","HollowMod:MawleksShell"],"picked":"HollowMod:WraithStrike","floor":2},{"not_picked":["HollowMod:InfectedCysts","HollowMod:ChannelNail"],"picked":"HollowMod:WraithStrike","floor":3},{"not_picked":["HollowMod:NewJinnsSoul","HollowMod:NewLittleFool"],"picked":"HollowMod:PerfectDash","floor":4},{"not_picked":["HollowMod:LifebloodCocoon","HollowMod:SoulSplash"],"picked":"HollowMod:Grubsong","floor":6},{"not_picked":["HollowMod:CoiledNail","HollowMod:ChannelNail","HollowMod:SoulEater"],"picked":"SKIP","floor":11},{"not_picked":["HollowMod:ZotesMagnificence","HollowMod:NewInfectedGuardian"],"picked":"HollowMod:SlysStrikes","floor":16},{"not_picked":["HollowMod:LifebloodCocoon","HollowMod:NewJinnsSoul","HollowMod:SoulShaman"],"picked":"SKIP","floor":18},{"not_picked":["HollowMod:DoubleDash+1","HollowMod:VengefulVoid"],"picked":"HollowMod:WraithStrike","floor":21},{"not_picked":["HollowMod:CloakDash+1","HollowMod:InfectedAttack+1"],"picked":"HollowMod:GoodIntentions","floor":22},{"not_picked":["HollowMod:HowlingWraiths+1","HollowMod:InfectedCysts"],"picked":"HollowMod:SoulMaster","floor":24},{"not_picked":["HollowMod:NewLittleFool+1","HollowMod:SoulSplash+1"],"picked":"HollowMod:InfectedAttack+1","floor":25},{"not_picked":["HollowMod:CrystalDash","HollowMod:CoiledNail"],"picked":"HollowMod:SharpenedShadows","floor":27},{"not_picked":["HollowMod:HeavyBlow","HollowMod:LifebloodCocoon"],"picked":"HollowMod:HuntersJournal","floor":28},{"not_picked":["HollowMod:CloakDash","HollowMod:Hiveblood"],"picked":"HollowMod:ShadowDash","floor":29},{"not_picked":["HollowMod:HuntersJournal","HollowMod:FastStrike","HollowMod:MawleksShell"],"picked":"SKIP","floor":31},{"not_picked":["HollowMod:theNailsmith","HollowMod:SlysStrikes"],"picked":"HollowMod:SoulMaster","floor":33},{"not_picked":["HollowMod:FallenFury","HollowMod:NewGlowingWomb"],"picked":"HollowMod:MantisMark+1","floor":35},{"not_picked":["HollowMod:GoodIntentions","HollowMod:QuirrelsAssistance+1"],"picked":"HollowMod:InfectedCysts","floor":36},{"not_picked":["HollowMod:HowlingWraiths+1","HollowMod:BaldurShell","HollowMod:SharpenedNail"],"picked":"SKIP","floor":42},{"not_picked":["HollowMod:NewJinnsSoul+1","HollowMod:InfectionAssault","HollowMod:SoulShaman+1"],"picked":"SKIP","floor":44},{"not_picked":["HollowMod:NewJinnsSoul+1","HollowMod:InfectionAssault","HollowMod:SoulShaman+1"],"picked":"SKIP","floor":44}],"player_experience":160604,"relics_obtained":[{"floor":6,"key":"hubris:MysteriousPyramids"},{"floor":9,"key":"Iron Hammer"},{"floor":26,"key":"infinitespire:PuzzleCube"},{"floor":43,"key":"reliquary:HotPoker"}],"event_choices":[{"damage_healed":0,"gold_gain":175,"player_choice":"AGREE","damage_taken":161,"max_hp_gain":0,"max_hp_loss":0,"event_name":"betterThird:BetterSerpent","floor":5,"gold_loss":0},{"damage_healed":36,"gold_gain":0,"player_choice":"Embrace","damage_taken":0,"max_hp_gain":0,"max_hp_loss":77,"event_name":"betterThird:BetterShining","floor":13,"gold_loss":0},{"cards_removed":["Apotheosis"],"damage_healed":0,"gold_gain":0,"player_choice":"Give","damage_taken":0,"max_hp_gain":0,"max_hp_loss":0,"event_name":"betterNote:BetterNote","floor":20,"gold_loss":0,"cards_obtained":["None"]},{"damage_healed":0,"gold_gain":0,"cards_transformed":["HollowMod:NailStrikeStart"],"player_choice":"Transformed","damage_taken":0,"max_hp_gain":0,"max_hp_loss":0,"event_name":"Transmorgrifier","floor":39,"gold_loss":0,"cards_obtained":["HollowMod:MothsMistake"]}],"is_beta":false,"boss_relics":[{"not_picked":["Honey Jar","construct:ClawGrip"],"picked":"reliquary:RedPaperclip"},{"not_picked":["Pandora\u0027s Box","Busted Crown"],"picked":"Empty Cage"}],"items_purged_floors":[8],"is_endless":false,"potions_floor_spawned":[2,3,4,21,24,27,28,36,42],"killed_by":"Transient","ascension_level":0}}