{"host":"uvmuduost5bzvojs","time":1611786748,"event":{"mods":["Aspiration","Bard","BaseMod","Better Match","Block Reminder","Conspire","Hermit","Highlight Path","Hubris","Infinite Spire","Jorbs\u0027s Wanderer Trilogy","Mad Scientist","Marisa????????","Mimic Mod","Minty Spire (QoL Compilation)","Potionbrewer","Replay The Spire","Robot Space Explorer","StSLib","The Blackbeard","The Construct","The Cursed","The Disciple","The Hayseed","The Hierophant","The Juggle","The Jungle","The Poker Player","The Runesmith","The Servant 0.9.4","The Spell Scribe","The Valiant","TheBandit"],"gold_per_floor":[117,133,144,156,156,191,191,226,226,226,75,85,99,99,99,198,198,209,226,226,226,226,226,226],"floor_reached":22,"language":"ENG","playtime":9437,"items_purged":["wariomod:Strike","wariomod:Strike"],"score":221,"play_id":"d5219fd5-cbbd-4660-8e73-f907549223a3","local_time":"20210127173228","is_ascension_mode":false,"campfire_choices":[{"data":"wariomod:Step","floor":7,"key":"SMITH"},{"data":"wariomod:WhirlwindBurst","floor":10,"key":"SMITH"},{"data":"wariomod:DonateDraw","floor":15,"key":"SMITH"}],"circlet_count":0,"master_deck":["wariomod:Strike","wariomod:Strike","wariomod:Defend","wariomod:Defend","wariomod:Defend","wariomod:Defend","wariomod:Step+1","wariomod:Leap","wariomod:DisarmingMoves","wariomod:EndlessBlast","wariomod:WhirlwindBurst+1","wariomod:RacingSpeed+1","wariomod:DanceDash","wariomod:DonateDraw+1","wariomod:EnergizedBombs","wariomod:SilenceBombs","wariomod:PoisonBombs","wariomod:BoomBoom","wariomod:SilenceBombs","wariomod:DeadlyDash","wariomod:WhirlwindBurst","wariomod:HappyHit"],"relics":["wariomod:TheHat","Mercury Hourglass","Lantern","aspiration:HiddenCompartment","aspiration:ScribeSkillbook","aspiration:RunicSpoon","Orrery"],"acts_visited":["Exordium","TheCity"],"potions_floor_usage":[16,16],"damage_taken":[{"damage":7,"enemies":"Cultist","floor":1,"turns":3},{"damage":3,"enemies":"Jaw Worm","floor":2,"turns":3},{"damage":10,"enemies":"Small Slimes","floor":3,"turns":3},{"damage":6,"enemies":"Exordium Wildlife","floor":4,"turns":3},{"damage":19,"enemies":"Gremlin Nob","floor":6,"turns":4},{"damage":0,"enemies":"Replay:BlueRogue","floor":8,"turns":6},{"damage":9,"enemies":"Lots of Slimes","floor":12,"turns":2},{"damage":3,"enemies":"3 Louse","floor":13,"turns":2},{"damage":15,"enemies":"Fading Forest","floor":16,"turns":11},{"damage":16,"enemies":"Chosen","floor":18,"turns":6},{"damage":24,"enemies":"Shell Parasite","floor":19,"turns":5},{"damage":0,"enemies":"Snake Plant","floor":22,"turns":1}],"seed_played":"-7043537252321403495","potions_obtained":[{"floor":1,"key":"SteroidPotion"},{"floor":12,"key":"Swift Potion"},{"floor":18,"key":"potionbrewer:BarricadePotion"},{"floor":19,"key":"Elixir"},{"floor":20,"key":"potionbrewer:HastePotion"}],"is_trial":false,"path_per_floor":["M","M","M","M","?","E","R","E","T","R","$","M","M","$","R","B",null,"M","M","?","AVR","M"],"character_chosen":"THE_BANDIT","items_purchased":["wariomod:DonateDraw"],"campfire_rested":0,"item_purchase_floors":[11],"current_hp_per_floor":[81,78,68,62,62,43,43,43,43,43,43,34,31,31,31,26,88,72,48,48,48,48,48,48],"gold":226,"neow_bonus":"TEN_PERCENT_HP_BONUS","is_daily":false,"chose_seed":false,"campfire_upgraded":3,"win_rate":0.0,"timestamp":1611786748,"path_taken":["M","M","?","M","?","E","R","E","T","R","$","?","M","?","R","BOSS","M","M","?","AVR","M"],"items_purchased_type":["Card"],"build_version":"2020-12-22","purchased_purges":2,"victory":false,"max_hp_per_floor":[88,88,88,88,88,88,88,88,88,88,88,88,88,88,88,88,88,88,88,88,88,88,88,88],"card_choices":[{"not_picked":["wariomod:EmptyMind","wariomod:ThatsNotAll"],"picked":"wariomod:DisarmingMoves","floor":1},{"not_picked":["wariomod:Leapslam","wariomod:GreaterGuard"],"picked":"wariomod:EndlessBlast","floor":2},{"not_picked":["wariomod:BumRush","wariomod:Hopshield"],"picked":"wariomod:WhirlwindBurst","floor":3},{"not_picked":["wariomod:HappyHit","wariomod:Boomsmack"],"picked":"wariomod:RacingSpeed","floor":4},{"not_picked":["wariomod:DisarmingMoves","wariomod:ThatsNotAll"],"picked":"wariomod:DanceDash","floor":6},{"not_picked":["wariomod:SpikeSlash","wariomod:CursedSpaces","wariomod:BodyBlock"],"picked":"SKIP","floor":8},{"not_picked":["wariomod:DamnedStrength","wariomod:TrekTime"],"picked":"wariomod:EnergizedBombs","floor":12},{"not_picked":["wariomod:Boomsmack","wariomod:ChargeForth"],"picked":"wariomod:SilenceBombs","floor":13},{"not_picked":["wariomod:DeadlyDash","wariomod:MassiveParty"],"picked":"wariomod:PoisonBombs","floor":16},{"not_picked":["theScribe:ToxicSpellstone+1","theScribe:FrostvenomToxin+1","theScribe:MagicMissiles"],"picked":"wariomod:BoomBoom","floor":18},{"not_picked":["theScribe:Incendio","theScribe:MirrorImage","wariomod:WhirlwindBurst"],"picked":"wariomod:SilenceBombs","floor":19},{"not_picked":["wariomod:TreasureDig+1","theScribe:EnchantedStrike","theScribe:GatherComponents+1"],"picked":"wariomod:DeadlyDash","floor":21},{"not_picked":["theScribe:WeirdShield","theScribe:GatherComponents+1","wariomod:SimpleShield+1"],"picked":"wariomod:WhirlwindBurst","floor":21},{"not_picked":["theScribe:Focused+1","theScribe:CapacitanceScroll","theScribe:Frost"],"picked":"wariomod:HappyHit","floor":21}],"player_experience":1849078,"relics_obtained":[{"floor":6,"key":"Mercury Hourglass"},{"floor":8,"key":"Lantern"},{"floor":9,"key":"aspiration:HiddenCompartment"}],"event_choices":[{"damage_healed":0,"gold_gain":0,"player_choice":"Forge","damage_taken":0,"max_hp_gain":0,"max_hp_loss":0,"event_name":"Accursed Blacksmith","floor":5,"gold_loss":0,"cards_upgraded":["wariomod:RacingSpeed"]},{"damage_healed":0,"gold_gain":0,"player_choice":"Got Potions","damage_taken":0,"max_hp_gain":0,"max_hp_loss":0,"event_name":"Lab","floor":20,"gold_loss":0}],"is_beta":false,"boss_relics":[{"not_picked":["wariomod:DoomHat","Replay:Ancient Bell"],"picked":"aspiration:ScribeSkillbook"}],"items_purged_floors":[11,21],"is_endless":false,"potions_floor_spawned":[1,12,18,19],"killed_by":"Snake Plant","ascension_level":0}}