{"host":"8dhn6p16jorj0i1s","time":1611786119,"event":{"mods":["AchievementEnabler","BaseMod","Colored Map","DeckTracker","Highlight Path","Minty Spire (QoL Compilation)","Permanent Neow","Quick Restart"],"gold_per_floor":[109,34,50,69,244,244,264,264,287,287,321,321,321,334,334,437,437,447,447,172,172,82,82,110,127,151,186,25,43,61,61,61,156,156,174,174,185,235,146,178,178,205,205,223,238,267,267,282,282,282,282],"floor_reached":50,"language":"ENG","playtime":7133,"items_purged":["Defend_G","Defend_G","Survivor","Flechettes","Neutralize"],"score":801,"play_id":"67030243-dec9-4e2d-8525-191f8d6c7f71","local_time":"20210127232159","is_ascension_mode":true,"campfire_choices":[{"data":"Glass Knife","floor":6.0,"key":"SMITH"},{"data":"Predator","floor":8.0,"key":"SMITH"},{"data":"Flying Knee","floor":10.0,"key":"SMITH"},{"data":"Outmaneuver","floor":15.0,"key":"SMITH"},{"data":"Skewer","floor":23.0,"key":"SMITH"},{"data":"Choke","floor":32.0,"key":"SMITH"},{"data":"Concentrate","floor":41.0,"key":"SMITH"},{"data":"Burst","floor":47.0,"key":"SMITH"},{"floor":49,"key":"RECALL"}],"circlet_count":0,"master_deck":["Defend_G+1","Glass Knife+1","Crippling Poison+1","Predator+1","Flying Knee+1","Backflip+1","Outmaneuver+1","Outmaneuver+1","Adrenaline","Terror+1","Leg Sweep+1","Backflip+1","Concentrate+1","Skewer+1","Dash","Dagger Throw+1","Choke+1","Dash+1","Burst+1","CurseOfTheBell","Choke","Night Terror"],"relics":["Ring of the Snake","Smiling Mask","Juzu Bracelet","Astrolabe","Membership Card","War Paint","Pantograph","Centennial Puzzle","InkBottle","Oddly Smooth Stone","Calling Bell","Akabeko","Meat on the Bone","Gambling Chip","WingedGreaves","MealTicket","Torii","Boot"],"acts_visited":["Exordium","TheCity","TheBeyond"],"potions_floor_usage":[50],"damage_taken":[{"damage":0.0,"enemies":"Jaw Worm","floor":1.0,"turns":3.0},{"damage":5.0,"enemies":"Small Slimes","floor":3.0,"turns":3.0},{"damage":0.0,"enemies":"Cultist","floor":4.0,"turns":3.0},{"damage":10.0,"enemies":"Red Slaver","floor":7.0,"turns":5.0},{"damage":0.0,"enemies":"Gremlin Nob","floor":11.0,"turns":2.0},{"damage":7.0,"enemies":"Exordium Wildlife","floor":14.0,"turns":4.0},{"damage":22.0,"enemies":"The Guardian","floor":16.0,"turns":14.0},{"damage":0.0,"enemies":"2 Thieves","floor":18.0,"turns":2.0},{"damage":2.0,"enemies":"Book of Stabbing","floor":24.0,"turns":3.0},{"damage":0.0,"enemies":"Spheric Guardian","floor":25.0,"turns":2.0},{"damage":4.0,"enemies":"Gremlin Leader","floor":27.0,"turns":3.0},{"damage":0.0,"enemies":"Snecko","floor":29.0,"turns":2.0},{"damage":0.0,"enemies":"3 Cultists","floor":30.0,"turns":3.0},{"damage":25.0,"enemies":"Champ","floor":33.0,"turns":7.0},{"damage":12.0,"enemies":"3 Shapes","floor":35.0,"turns":3.0},{"damage":1.0,"enemies":"3 Darklings","floor":37.0,"turns":5.0},{"damage":9.0,"enemies":"Mind Bloom Boss Battle","floor":38.0,"turns":3.0},{"damage":20.0,"enemies":"Reptomancer","floor":40.0,"turns":5.0},{"damage":11.0,"enemies":"Nemesis","floor":42.0,"turns":9.0},{"damage":15.0,"enemies":"Sphere and 2 Shapes","floor":44.0,"turns":4.0},{"damage":6.0,"enemies":"Writhing Mass","floor":45.0,"turns":2.0},{"damage":23.0,"enemies":"Giant Head","floor":46.0,"turns":8.0},{"damage":0,"enemies":"Maw","floor":48,"turns":4},{"damage":76,"enemies":"Time Eater","floor":50,"turns":10}],"seed_played":"4893525915035190140","potions_obtained":[{"floor":3.0,"key":"Weak Potion"},{"floor":4.0,"key":"Regen Potion"},{"floor":7.0,"key":"DuplicationPotion"},{"floor":16.0,"key":"DistilledChaos"},{"floor":18.0,"key":"PowerPotion"},{"floor":29.0,"key":"BlessingOfTheForge"},{"floor":30.0,"key":"SneckoOil"},{"floor":35.0,"key":"AttackPotion"},{"floor":38.0,"key":"Dexterity Potion"},{"floor":42.0,"key":"Block Potion"},{"floor":46.0,"key":"DuplicationPotion"}],"is_trial":false,"path_per_floor":["M","$","M","M","?","R","M","R","T","R","E","?","?","M","R","B",null,"M","?","$","?","$","R","E","M","T","E","$","M","M","?","R","B",null,"M","?","M","?","$","E","R","E","T","M","M","E","R","M","R","B"],"character_chosen":"THE_SILENT","items_purchased":["Membership Card","War Paint","Skewer","DistilledChaos","Oddly Smooth Stone","Choke"],"campfire_rested":0,"item_purchase_floors":[20,20,22,28,28,39],"current_hp_per_floor":[63,63,58,58,58,58,48,48,48,48,48,35,35,28,28,6,49,49,49,49,49,49,49,47,47,47,43,43,43,43,43,43,38,57,45,45,44,54,54,48,48,37,37,34,40,29,29,41,41,0,0],"gold":282,"neow_bonus":"TRANSFORM_TWO_CARDS","is_daily":false,"chose_seed":false,"campfire_upgraded":8,"win_rate":0.0,"timestamp":1611786119,"path_taken":["M","$","M","M","?","R","M","R","T","R","E","?","?","M","R","BOSS","M","?","$","?","$","R","E","M","T","E","?","M","M","?","R","BOSS","M","?","M","?","$","E","R","E","T","M","M","E","R","M","R","BOSS"],"items_purchased_type":["Relic","Relic","Card","Potion","Relic","Card"],"build_version":"2020-12-22","purchased_purges":5,"victory":false,"max_hp_per_floor":[63,63,63,63,63,63,63,63,63,63,63,63,63,63,63,63,63,63,63,63,63,63,63,63,63,63,63,63,63,63,63,63,63,63,63,63,63,63,63,63,63,63,63,63,63,63,63,63,63,63,63],"card_choices":[{"not_picked":["Prepared","Leg Sweep"],"picked":"Predator","floor":1.0},{"not_picked":["Blade Dance","Dodge and Roll","Bane"],"picked":"SKIP","floor":3.0},{"not_picked":["Distraction","Deflect"],"picked":"Flying Knee","floor":4.0},{"not_picked":["Blur","Poisoned Stab"],"picked":"Backflip","floor":7.0},{"not_picked":["Escape Plan","Slice"],"picked":"Outmaneuver","floor":11.0},{"not_picked":["Leg Sweep","Dagger Throw"],"picked":"Outmaneuver","floor":14.0},{"not_picked":["Storm of Steel","Venomology"],"picked":"Adrenaline","floor":16.0},{"not_picked":["Dagger Throw","Dagger Spray"],"picked":"Backflip","floor":18.0},{"not_picked":["Flechettes","Deflect","Masterful Stab+1"],"picked":"SKIP","floor":24.0},{"not_picked":["Corpse Explosion","Dodge and Roll"],"picked":"Dash","floor":25.0},{"not_picked":["Dodge and Roll+1","Dagger Spray"],"picked":"Dagger Throw+1","floor":27.0},{"not_picked":["Terror","Slice+1"],"picked":"Choke","floor":29.0},{"not_picked":["Blade Dance","Quick Slash"],"picked":"Dash+1","floor":30.0},{"not_picked":["After Image","Grand Finale"],"picked":"Burst","floor":33.0},{"not_picked":["Outmaneuver","Dagger Throw","All Out Attack+1"],"picked":"SKIP","floor":35.0},{"not_picked":["Sucker Punch","Masterful Stab","Dodge and Roll+1"],"picked":"SKIP","floor":37.0},{"not_picked":["Blade Dance+1","Dodge and Roll+1","Poisoned Stab+1"],"picked":"SKIP","floor":40.0},{"not_picked":["Quick Slash","Catalyst+1"],"picked":"Night Terror","floor":42.0},{"not_picked":["Dagger Throw+1","Setup","Underhanded Strike+1"],"picked":"SKIP","floor":44.0},{"not_picked":["Terror+1","Infinite Blades","Flying Knee"],"picked":"SKIP","floor":45.0},{"not_picked":["Terror+1","Infinite Blades","Flying Knee"],"picked":"SKIP","floor":45.0},{"not_picked":["Underhanded Strike+1","Riddle With Holes","Bane"],"picked":"SKIP","floor":46.0},{"not_picked":["Dagger Throw+1","Blade Dance","Slice"],"picked":"SKIP","floor":48}],"player_experience":477382,"relics_obtained":[{"floor":9.0,"key":"Smiling Mask"},{"floor":11.0,"key":"Juzu Bracelet"},{"floor":24.0,"key":"Pantograph"},{"floor":26.0,"key":"Centennial Puzzle"},{"floor":27.0,"key":"InkBottle"},{"floor":34.0,"key":"Akabeko"},{"floor":34.0,"key":"Meat on the Bone"},{"floor":34.0,"key":"Gambling Chip"},{"floor":38.0,"key":"WingedGreaves"},{"floor":40.0,"key":"MealTicket"},{"floor":42.0,"key":"Torii"},{"floor":46.0,"key":"Boot"}],"event_choices":[{"damage_healed":0.0,"max_hp_gain":0.0,"max_hp_loss":0.0,"gold_gain":175.0,"event_name":"Liars Game","player_choice":"AGREE","floor":5.0,"gold_loss":0.0,"damage_taken":0.0,"cards_obtained":["Doubt"]},{"damage_healed":0.0,"max_hp_gain":0.0,"max_hp_loss":0.0,"gold_gain":0.0,"event_name":"Shining Light","player_choice":"Entered Light","floor":12.0,"gold_loss":0.0,"damage_taken":13.0,"cards_upgraded":["Outmaneuver","Defend_G"]},{"cards_removed":["Doubt"],"damage_healed":0.0,"max_hp_gain":0.0,"max_hp_loss":0.0,"gold_gain":0.0,"event_name":"Fountain of Cleansing","player_choice":"Removed Curses","floor":13.0,"gold_loss":0.0,"damage_taken":0.0},{"damage_healed":0.0,"max_hp_gain":0.0,"max_hp_loss":0.0,"gold_gain":0.0,"event_name":"Upgrade Shrine","player_choice":"Upgraded","floor":19.0,"gold_loss":0.0,"damage_taken":0.0,"cards_upgraded":["Backflip"]},{"damage_healed":0.0,"max_hp_gain":0.0,"max_hp_loss":0.0,"gold_gain":0.0,"cards_transformed":["Defend_G","Strike_G"],"event_name":"Drug Dealer","player_choice":"Became Test Subject","floor":21.0,"gold_loss":0.0,"damage_taken":0.0,"cards_obtained":["Concentrate","Flechettes"]},{"damage_healed":0.0,"max_hp_gain":0.0,"max_hp_loss":0.0,"gold_gain":0.0,"event_name":"Lab","player_choice":"Got Potions","floor":31.0,"gold_loss":0.0,"damage_taken":0.0},{"cards_removed":["All Out Attack"],"damage_healed":0.0,"max_hp_gain":0.0,"max_hp_loss":0.0,"gold_gain":0.0,"event_name":"Purifier","player_choice":"Purged","floor":36.0,"gold_loss":0.0,"damage_taken":0.0},{"damage_healed":0.0,"max_hp_gain":0.0,"max_hp_loss":0.0,"gold_gain":0.0,"event_name":"MindBloom","player_choice":"Fight","floor":38.0,"gold_loss":0.0,"damage_taken":0.0}],"is_beta":false,"boss_relics":[{"not_picked":["Velvet Choker","Fusion Hammer"],"picked":"Astrolabe"},{"not_picked":["Ring of the Serpent","Tiny House"],"picked":"Calling Bell"}],"items_purged_floors":[2,20,22,28,39],"is_endless":false,"potions_floor_spawned":[3,4,7,16,18,29,30,35,38,42,46],"killed_by":"Time Eater","ascension_level":7}}