{"host":"36mulxq349byzoa2","time":1611784213,"event":{"mods":["AchievementEnabler","BaseMod","Block Reminder","Colored Map","Colored Powertips","Minty Spire (QoL Compilation)","Rare Cards Sparkle","StSLib","SuperFastMode"],"gold_per_floor":[118,135,135,213,213,239,252,252,252,264,264,297,297,65,65,65,65],"floor_reached":16,"language":"ENG","playtime":405,"items_purged":["Strike_B"],"score":205,"play_id":"b9bebd59-4163-4129-95c2-98f0d5bcbbd2","local_time":"20210127165013","is_ascension_mode":true,"campfire_choices":[{"data":"Strike_B","floor":8,"key":"PURGE"},{"floor":11,"key":"REST"},{"data":"Strike_B","floor":15,"key":"PURGE"}],"circlet_count":0,"master_deck":["AscendersBane","Strike_B","Defend_B","Defend_B","Defend_B","Defend_B","Ball Lightning+1","Ball Lightning","Compile Driver","Go for the Eyes","Thunder Strike"],"relics":["Empty Cage","Shuriken","Peace Pipe","Mango"],"acts_visited":["Exordium"],"potions_floor_usage":[10],"damage_taken":[{"damage":23,"enemies":"Cultist","floor":1,"turns":5},{"damage":9,"enemies":"Jaw Worm","floor":2,"turns":4},{"damage":25,"enemies":"Lagavulin","floor":6,"turns":5},{"damage":1,"enemies":"2 Louse","floor":7,"turns":3},{"damage":12,"enemies":"Exordium Thugs","floor":10,"turns":3},{"damage":8,"enemies":"Gremlin Nob","floor":12,"turns":3},{"damage":46,"enemies":"Slime Boss","floor":16,"turns":7}],"seed_played":"-8677934233608206263","potions_obtained":[{"floor":7,"key":"PowerPotion"},{"floor":12,"key":"FearPotion"}],"is_trial":false,"path_per_floor":["M","M","?","T","?","E","M","R","T","M","R","E","?","$","R","B"],"character_chosen":"DEFECT","items_purchased":["Thunder Strike"],"campfire_rested":1,"item_purchase_floors":[14],"current_hp_per_floor":[41,32,55,55,55,30,29,29,29,17,38,44,44,44,44,0,0],"gold":65,"neow_bonus":"BOSS_RELIC","is_daily":false,"chose_seed":false,"campfire_upgraded":0,"win_rate":0.0,"timestamp":1611784213,"path_taken":["M","M","?","?","?","E","?","R","T","M","R","E","?","$","R","BOSS"],"items_purchased_type":["Card"],"build_version":"2020-12-22","purchased_purges":1,"victory":false,"max_hp_per_floor":[71,71,71,71,71,71,71,71,71,71,71,85,85,85,85,85,85],"card_choices":[{"not_picked":["Barrage","Turbo"],"picked":"Ball Lightning","floor":1},{"not_picked":["Sunder","Rip and Tear"],"picked":"Ball Lightning","floor":2},{"not_picked":["Darkness","Multi-Cast"],"picked":"Compile Driver","floor":6},{"not_picked":["Recycle","Redo","Chaos"],"picked":"SKIP","floor":7},{"not_picked":["Consume","Turbo"],"picked":"Go for the Eyes","floor":10},{"not_picked":["Double Energy","Gash","Streamline"],"picked":"SKIP","floor":12}],"player_experience":1039298,"relics_obtained":[{"floor":4,"key":"Shuriken"},{"floor":6,"key":"Peace Pipe"},{"floor":12,"key":"Mango"}],"event_choices":[{"damage_healed":23,"gold_gain":0,"player_choice":"Banana","damage_taken":0,"max_hp_gain":0,"max_hp_loss":0,"event_name":"Big Fish","floor":3,"gold_loss":0},{"damage_healed":0,"gold_gain":0,"player_choice":"Upgraded","damage_taken":0,"max_hp_gain":0,"max_hp_loss":0,"event_name":"Upgrade Shrine","floor":5,"gold_loss":0,"cards_upgraded":["Ball Lightning"]},{"damage_healed":0,"gold_gain":0,"player_choice":"Ignored","damage_taken":0,"max_hp_gain":0,"max_hp_loss":0,"event_name":"Liars Game","floor":13,"gold_loss":0}],"is_beta":false,"boss_relics":[],"items_purged_floors":[14],"is_endless":false,"potions_floor_spawned":[7,12],"killed_by":"Slime Boss","ascension_level":18}}