{"host":"hka8b3f4pkvnp4ei","time":1611746707,"event":{"mods":["BaseMod","Minty Spire (QoL Compilation)","Quick Restart","Replay The Spire","StSLib"],"gold_per_floor":[110,165,115,115,128,128,157,157,157,184,21,52,71,82,82,184,184,228,228,272,272,51,107,107,31,31,71,144,202,287,320,320,458,458,521,126,126,51,102,198,292,367,367,447,34,34,134,201,201,267,267,267,18,81,91],"floor_reached":56,"language":"ZHS","playtime":3189,"items_purged":["Strike_P","Strike_P","Strike_P+1"],"score":1870,"play_id":"32fb4d05-1da1-427d-a47a-7cf0c77c0673","local_time":"20210127192507","is_ascension_mode":true,"campfire_choices":[{"data":"Eruption","floor":6.0,"key":"SMITH"},{"data":"Tantrum","floor":8.0,"key":"SMITH"},{"data":"Replay:ManipulateFuture","floor":15.0,"key":"SMITH"},{"data":"Vault","floor":24.0,"key":"SMITH"},{"data":"CrushJoints","floor":32.0,"key":"SMITH"},{"floor":46.0,"key":"REST"},{"floor":49,"key":"RECALL"},{"data":"Vault","floor":52,"key":"SMITH"}],"circlet_count":0,"master_deck":["Defend_P","Defend_P","Defend_P","Eruption+1","Vigilance","Tantrum+1","Replay:ManipulateFuture+1","CrushJoints+1","Vault+1","Replay:BluntJabs","Wish+1","Replay:Vibes+1","Purity","Vault+1","FlurryOfBlows","Brilliance","Crescendo+1","Study+1","Devotion+1","Wallop","Omniscience+1","Adaptation+1","FearNoEvil"],"relics":["HolyWater","NeowsBlessing","Pantograph","Replay:Ringing Soul","Kunai","Replay:Bottled Snecko","Matryoshka","ReplayTheSpireMod:DimensionalGlitch","Golden Egg","Regal Pillow","Replay:Bandana","Thread and Needle","ReplayTheSpireMod:Shallot","OrangePellets","Simple Rune","HornCleat","Bag of Preparation","Garlic","Turnip","Bottled Lightning","Pocketwatch"],"acts_visited":["Exordium","TheCity","TheBeyond","TheEnding"],"potions_floor_usage":[55,55],"damage_taken":[{"damage":0.0,"enemies":"Jaw Worm","floor":1.0,"turns":1.0},{"damage":0.0,"enemies":"Small Slimes","floor":5.0,"turns":1.0},{"damage":0.0,"enemies":"3 Sentries","floor":7.0,"turns":2.0},{"damage":32.0,"enemies":"Gremlin Nob","floor":10.0,"turns":3.0},{"damage":5.0,"enemies":"Lagavulin","floor":12.0,"turns":4.0},{"damage":0.0,"enemies":"2 Louse","floor":13.0,"turns":2.0},{"damage":2.0,"enemies":"Lots of Slimes","floor":14.0,"turns":5.0},{"damage":56.0,"enemies":"Hexaghost","floor":16.0,"turns":8.0},{"damage":6.0,"enemies":"3 Byrds","floor":18.0,"turns":5.0},{"damage":12.0,"enemies":"2 Thieves","floor":20.0,"turns":4.0},{"damage":17.0,"enemies":"Slavers","floor":23.0,"turns":6.0},{"damage":0.0,"enemies":"Snake Plant","floor":27.0,"turns":4.0},{"damage":16.0,"enemies":"Book of Stabbing","floor":28.0,"turns":6.0},{"damage":0.0,"enemies":"Snecko","floor":29.0,"turns":5.0},{"damage":0.0,"enemies":"Gremlin Leader","floor":30.0,"turns":5.0},{"damage":7.0,"enemies":"Chosen and Byrds","floor":31.0,"turns":5.0},{"damage":7.0,"enemies":"Champ","floor":33.0,"turns":7.0},{"damage":0.0,"enemies":"Orb Walker","floor":35.0,"turns":4.0},{"damage":8.0,"enemies":"3 Darklings","floor":39.0,"turns":6.0},{"damage":6.0,"enemies":"Giant Head","floor":40.0,"turns":5.0},{"damage":0.0,"enemies":"Transient","floor":41.0,"turns":7.0},{"damage":21.0,"enemies":"R_Hoarder","floor":42.0,"turns":8.0},{"damage":29.0,"enemies":"Nemesis","floor":44.0,"turns":9.0},{"damage":0,"enemies":"Jaw Worm Horde","floor":48,"turns":6},{"damage":30,"enemies":"Awakened One","floor":50,"turns":7},{"damage":0,"enemies":"Shield and Spear","floor":54,"turns":5},{"damage":19,"enemies":"The Heart","floor":55,"turns":7}],"seed_played":"3609305922549604806","potions_obtained":[{"floor":2.0,"key":"Fruit Juice"},{"floor":5.0,"key":"Elixir"},{"floor":13.0,"key":"EssenceOfSteel"},{"floor":18.0,"key":"Elixir"},{"floor":28.0,"key":"FearPotion"},{"floor":29.0,"key":"Reflective Coating"},{"floor":31.0,"key":"Elixir"},{"floor":35.0,"key":"Ancient Potion"},{"floor":42.0,"key":"LiquidMemories"}],"is_trial":false,"path_per_floor":["M","?","?","?","M","R","E","R","T","E","$","E","M","M","R","B",null,"M","?","M","?","$","E","R","$","T","M","E","M","E","M","R","B",null,"M","$","?","$","M","E","M","E","T","E","$","R","?","M","R","B",null,"R","$","E","B",null],"character_chosen":"WATCHER","items_purchased":["Vault","Brilliance","Study","OrangePellets","Omniscience","Adaptation","Turnip","Bottled Lightning"],"campfire_rested":1,"item_purchase_floors":[11,22,25,36,36,38,45,53],"current_hp_per_floor":[65,65,65,58,58,58,61,61,61,32,35,30,33,36,36,8,71,65,65,56,59,62,48,48,51,51,54,41,41,41,34,34,40,95,95,98,98,101,93,87,87,66,66,37,37,87,87,90,90,73,110,110,110,110,103],"gold":91,"neow_bonus":"THREE_ENEMY_KILL","is_daily":false,"chose_seed":false,"campfire_upgraded":6,"win_rate":0.0,"timestamp":1611746707,"path_taken":["M","?","?","?","M","R","E","R","T","E","$","E","?","M","R","BOSS","M","?","?","?","$","E","R","$","T","M","E","M","E","M","R","BOSS","M","$","?","?","?","E","M","E","T","E","$","R","?","?","R","BOSS","R","$","E","BOSS"],"items_purchased_type":["Card","Card","Card","Relic","Card","Card","Relic","Relic"],"build_version":"2020-12-22","purchased_purges":3,"victory":true,"max_hp_per_floor":[72,72,72,72,72,72,75,75,75,78,81,81,84,89,89,92,92,92,92,95,98,101,104,104,107,107,110,113,113,113,113,113,113,113,113,116,116,119,119,119,119,119,119,119,119,119,119,122,122,122,122,122,122,122,122],"card_choices":[{"not_picked":["FlurryOfBlows","WreathOfFlame","ThirdEye"],"picked":"SKIP","floor":1.0},{"not_picked":["PathToVictory","Consecrate"],"picked":"Tantrum","floor":2.0},{"not_picked":["EmptyBody","FlyingSleeves","EmptyFist"],"picked":"SKIP","floor":5.0},{"not_picked":["ClearTheMind","Replay:LoomingThreat"],"picked":"Replay:ManipulateFuture","floor":7.0},{"not_picked":["Collect","FollowUp"],"picked":"CrushJoints","floor":10.0},{"not_picked":["Evaluate","Meditate","ThirdEye"],"picked":"SKIP","floor":12.0},{"not_picked":["PathToVictory","Replay:ManipulateFuture"],"picked":"Replay:BluntJabs","floor":13.0},{"not_picked":["PathToVictory","Vengeance","EmptyBody"],"picked":"SKIP","floor":14.0},{"not_picked":["PathToVictory","Vengeance","EmptyBody"],"picked":"SKIP","floor":14.0},{"not_picked":["Vault","Ragnarok"],"picked":"Wish","floor":16.0},{"not_picked":["WindmillStrike","Protect","PathToVictory"],"picked":"SKIP","floor":18.0},{"not_picked":["PathToVictory","MentalFortress"],"picked":"Replay:Vibes+1","floor":20.0},{"not_picked":["EmptyBody+1","WindmillStrike"],"picked":"Crescendo+1","floor":23.0},{"not_picked":["Collect","Replay:AtTheReady"],"picked":"Devotion","floor":27.0},{"not_picked":["EmptyBody","Replay:ManipulateFuture"],"picked":"Wallop","floor":28.0},{"not_picked":["Worship","BowlingBash","ThirdEye"],"picked":"SKIP","floor":29.0},{"not_picked":["SashWhip","PathToVictory","WaveOfTheHand+1"],"picked":"SKIP","floor":30.0},{"not_picked":["SashWhip","Halt","FollowUp"],"picked":"SKIP","floor":31.0},{"not_picked":["EmptyFist","FlyingSleeves+1","FlurryOfBlows+1"],"picked":"SKIP","floor":35.0},{"not_picked":["Worship+1","Evaluate+1","CutThroughFate+1"],"picked":"SKIP","floor":39.0},{"not_picked":["Replay:BluntJabs","ClearTheMind","Halt+1"],"picked":"SKIP","floor":40.0},{"not_picked":["ForeignInfluence+1","Crescendo+1","Replay:BluntJabs+1"],"picked":"SKIP","floor":41.0},{"not_picked":["Replay:Anticipation+1","FlurryOfBlows+1","Study"],"picked":"SKIP","floor":42.0},{"not_picked":["Replay:AllIn","Blasphemy","PathToVictory"],"picked":"SKIP","floor":44.0},{"not_picked":["Prostrate","SashWhip+1"],"picked":"FearNoEvil","floor":48},{"not_picked":["FlyingSleeves","BowlingBash+1","Replay:AtTheReady"],"picked":"SKIP","floor":54}],"player_experience":1284690,"relics_obtained":[{"floor":2.0,"key":"Pantograph"},{"floor":7.0,"key":"Replay:Ringing Soul"},{"floor":9.0,"key":"Kunai"},{"floor":10.0,"key":"Replay:Bottled Snecko"},{"floor":12.0,"key":"Matryoshka"},{"floor":23.0,"key":"Golden Egg"},{"floor":26.0,"key":"Regal Pillow"},{"floor":26.0,"key":"Replay:Bandana"},{"floor":28.0,"key":"Thread and Needle"},{"floor":30.0,"key":"ReplayTheSpireMod:Shallot"},{"floor":40.0,"key":"Simple Rune"},{"floor":42.0,"key":"HornCleat"},{"floor":43.0,"key":"Bag of Preparation"},{"floor":44.0,"key":"Garlic"},{"floor":54,"key":"Pocketwatch"}],"event_choices":[{"cards_removed":["Defend_P"],"damage_healed":0.0,"max_hp_gain":0.0,"max_hp_loss":0.0,"gold_gain":0.0,"event_name":"The Cleric","player_choice":"Card Removal","floor":3.0,"gold_loss":50.0,"damage_taken":0.0},{"cards_removed":["Strike_P"],"damage_healed":0.0,"max_hp_gain":0.0,"max_hp_loss":0.0,"gold_gain":0.0,"event_name":"Golden Wing","player_choice":"Card Removal","floor":4.0,"gold_loss":0.0,"damage_taken":7.0},{"damage_healed":0.0,"max_hp_gain":0.0,"max_hp_loss":0.0,"gold_gain":0.0,"event_name":"Accursed Blacksmith","player_choice":"Forge","floor":19.0,"gold_loss":0.0,"damage_taken":0.0,"cards_upgraded":["Wish"]},{"damage_healed":0.0,"max_hp_gain":0.0,"max_hp_loss":0.0,"gold_gain":0.0,"event_name":"Match and Keep!","player_choice":"3 cards matched","floor":21.0,"gold_loss":0.0,"damage_taken":0.0,"cards_obtained":["Purity","Vault","FlurryOfBlows"]},{"damage_healed":0.0,"max_hp_gain":0.0,"max_hp_loss":0.0,"gold_gain":0.0,"event_name":"Match and Keep!","player_choice":"0 cards matched","floor":37.0,"gold_loss":0.0,"damage_taken":0.0,"cards_obtained":[]},{"damage_healed":0.0,"max_hp_gain":0.0,"max_hp_loss":0.0,"gold_gain":100.0,"event_name":"Golden Shrine","player_choice":"Pray","floor":47.0,"gold_loss":0.0,"damage_taken":0.0}],"is_beta":false,"boss_relics":[{"not_picked":["Cursed Key","Runic Pyramid"],"picked":"ReplayTheSpireMod:DimensionalGlitch"},{"not_picked":["Velvet Choker","Abe\u0027s Treasure"],"picked":"HolyWater"}],"items_purged_floors":[22,36,45],"is_endless":false,"potions_floor_spawned":[5,13,18,28,29,31,35,41,42],"ascension_level":8}}