{"host":"i4eavuqabbk5mi94","time":1611775096,"event":{"mods":["BaseMod","Googly Eyes","Minty Spire (QoL Compilation)"],"gold_per_floor":[114,114,127,127,137,167,167,222,274,105,135,135,165,182,182,277,277,290,12,30,30,30],"floor_reached":21,"language":"ENG","playtime":940,"items_purged":["Defend_B","Strike_B"],"score":256,"play_id":"f7e36226-a832-408a-ae48-ed4c03132870","local_time":"20210127191816","is_ascension_mode":true,"campfire_choices":[{"floor":7,"key":"REST"},{"floor":12,"key":"REST"},{"floor":15,"key":"REST"}],"circlet_count":0,"master_deck":["Strike_B","Strike_B","Strike_B","Defend_B","Defend_B","Defend_B","Zap","Dualcast","Beam Cell","Cold Snap","Coolheaded","Glacier","Self Repair","Leap","Double Energy","BootSequence","Electrodynamics","Conserve Battery","Consume","Echo Form","Mayhem"],"relics":["Cracked Core","NeowsBlessing","Omamori","Dream Catcher","Shuriken","Strawberry","Potion Belt","Boot","Snecko Eye"],"acts_visited":["Exordium","TheCity"],"potions_floor_usage":[11,13,16,18,20],"damage_taken":[{"damage":0,"enemies":"Small Slimes","floor":1,"turns":1},{"damage":0,"enemies":"Jaw Worm","floor":3,"turns":1},{"damage":0,"enemies":"Cultist","floor":5,"turns":1},{"damage":22,"enemies":"Lagavulin","floor":6,"turns":6},{"damage":43,"enemies":"Lagavulin Event","floor":8,"turns":8},{"damage":16,"enemies":"Gremlin Nob","floor":11,"turns":5},{"damage":26,"enemies":"3 Sentries","floor":13,"turns":10},{"damage":0,"enemies":"3 Louse","floor":14,"turns":3},{"damage":25,"enemies":"The Guardian","floor":16,"turns":15},{"damage":29,"enemies":"2 Thieves","floor":18,"turns":3},{"damage":40,"enemies":"Spheric Guardian","floor":20,"turns":8},{"damage":10,"enemies":"Cultist and Chosen","floor":21,"turns":4}],"seed_played":"-5879548655938564779","potions_obtained":[{"floor":6,"key":"LiquidBronze"},{"floor":8,"key":"DistilledChaos"},{"floor":13,"key":"FearPotion"},{"floor":14,"key":"BlessingOfTheForge"},{"floor":16,"key":"Explosive Potion"},{"floor":18,"key":"FearPotion"}],"is_trial":false,"path_per_floor":["M","?","M","?","M","E","R","?","T","$","E","R","E","M","R","B",null,"M","$","M","M"],"character_chosen":"DEFECT","items_purchased":["Self Repair","Leap","Mayhem"],"campfire_rested":3,"item_purchase_floors":[10,10,19],"current_hp_per_floor":[68,43,43,68,68,46,68,25,32,32,23,47,28,35,59,41,72,43,43,10,0,0],"gold":30,"neow_bonus":"THREE_ENEMY_KILL","is_daily":false,"chose_seed":false,"campfire_upgraded":0,"win_rate":0.0,"timestamp":1611775096,"path_taken":["M","?","M","?","M","E","R","?","T","?","E","R","E","M","R","BOSS","M","$","M","M"],"items_purchased_type":["Card","Card","Card"],"build_version":"2020-12-22","purchased_purges":2,"victory":false,"max_hp_per_floor":[75,75,75,75,75,75,75,75,82,82,82,82,82,82,82,82,82,82,82,82,82,82],"card_choices":[{"not_picked":["Stack","Leap"],"picked":"Beam Cell","floor":1},{"not_picked":["Steam Power","Steam","Stack"],"picked":"SKIP","floor":3},{"not_picked":["Sunder","Consume"],"picked":"Cold Snap","floor":5},{"not_picked":["Cold Snap","Fusion","Machine Learning"],"picked":"SKIP","floor":6},{"not_picked":["FTL","Heatsinks"],"picked":"Coolheaded","floor":7},{"not_picked":["Lockon","Redo"],"picked":"Glacier","floor":8},{"not_picked":["Ball Lightning","Gash"],"picked":"Double Energy","floor":11},{"not_picked":["Storm","Aggregate"],"picked":"BootSequence","floor":12},{"not_picked":["Compile Driver","Rebound"],"picked":"Electrodynamics","floor":13},{"not_picked":["Leap","Turbo"],"picked":"Conserve Battery","floor":14},{"not_picked":["Streamline","Scrape"],"picked":"Consume","floor":15},{"not_picked":["Reboot","Thunder Strike"],"picked":"Echo Form","floor":16},{"not_picked":["Streamline","Sweeping Beam","Rebound"],"picked":"SKIP","floor":18},{"not_picked":["Rebound","Recycle","Heatsinks"],"picked":"SKIP","floor":20}],"player_experience":402293,"relics_obtained":[{"floor":6,"key":"Dream Catcher"},{"floor":9,"key":"Strawberry"},{"floor":11,"key":"Potion Belt"},{"floor":13,"key":"Boot"}],"event_choices":[{"damage_healed":0,"gold_gain":0,"player_choice":"Success","damage_taken":25,"relics_obtained":["Omamori"],"max_hp_gain":0,"max_hp_loss":0,"event_name":"Scrap Ooze","floor":2,"gold_loss":0},{"damage_healed":25,"gold_gain":0,"player_choice":"Banana","damage_taken":0,"max_hp_gain":0,"max_hp_loss":0,"event_name":"Big Fish","floor":4,"gold_loss":0},{"damage_healed":0,"gold_gain":30,"player_choice":"Searched \u00273\u0027 times","damage_taken":0,"relics_obtained":["Shuriken"],"max_hp_gain":0,"max_hp_loss":0,"event_name":"Dead Adventurer","floor":8,"gold_loss":0}],"is_beta":false,"boss_relics":[{"not_picked":["Pandora\u0027s Box","Astrolabe"],"picked":"Snecko Eye"}],"items_purged_floors":[10,19],"is_endless":false,"potions_floor_spawned":[6,8,13,14,16,18],"killed_by":"Cultist and Chosen","ascension_level":6}}