{"host":"s21r9c1cdih2g0le","time":1611748444,"event":{"mods":["Aspiration","BaseMod","BetterRewards","Colored Map","Conspire","Downfall","Energized Spire","Friendly Minions","GifTheSpireLib","Hubris","Infinite Spire","Ironclad Rager","Jorbs\u0027s Wanderer Trilogy","Mimic Mod","Minty Spire (QoL Compilation)","Replay The Spire","Shade Mod","StSLib","Stuff the Spire","SuperFastMode","The Mystic","Wandering Minibosses"],"gold_per_floor":[99,115,115,127,145,170,170,70,81,66,66,77,77,92,111,218,218,18,29,49,49,66,96,96,116,134,134,151,169,169,205,218,322,322,322,342,361,361,267,293,293,293,293],"floor_reached":41,"language":"ENG","playtime":2149,"items_purged":[],"score":474,"play_id":"be56d059-841c-47f8-a882-aca100124425","local_time":"20210127125404","is_ascension_mode":false,"campfire_choices":[{"floor":1,"key":"RECALL"},{"data":"bronze:BuggyMess","floor":8,"key":"SMITH"},{"data":"bronze:Iterate","floor":11,"key":"SMITH"},{"data":"bronze:DelayedSlice","floor":13,"key":"SMITH"},{"data":"bronze:RecursiveStrike","floor":18,"key":"SMITH"},{"floor":30,"key":"REST"},{"data":"bronze:Verify","floor":35,"key":"SMITH"}],"circlet_count":0,"master_deck":["bronze:Strike","bronze:Strike","bronze:Strike","bronze:Strike","bronze:Defend","bronze:Defend","bronze:Defend","bronze:Defend","bronze:Replicate","bronze:Goto","bronze:Repair","bronze:Iterate+1","bronze:ChosenStrike","bronze:BuggyMess+1","bronze:ChosenStrike","bronze:DelayedSlice+1","bronze:Return","bronze:ChosenStrike","bronze:Shield","bronze:RecursiveStrike+1","bronze:CloningBeam+1","bronze:Overheat+1","bronze:BuggyMess+1","bronze:Iterate","Writhe","bronze:Overheat","bronze:FineTuning+1","bronze:Verify+1","bronze:Repulsor+1","bronze:BuggyMess+1","bronze:ItsAFeature","bronze:WhirlingStrike+1"],"relics":["bronze:BronzeCore","aspiration:TomeofQuesting","Bag of Preparation","downfall:HeartBlessingRed","energizedSpire:DeadBattery","downfall:HeartBlessingGreen","downfall:HeartBlessingBlue","hubris:ToyBattleship","hubris:DeckOfHolding","infinitespire:Lucky Rock","hubris:SlimyHat","aspiration:RitualDagger","Regal Pillow"],"acts_visited":["Exordium","TheCity","TheBeyond"],"potions_floor_usage":[6,23,31,33,33],"damage_taken":[{"damage":1,"enemies":"2 Louse","floor":2,"turns":3},{"damage":8,"enemies":"Jaw Worm","floor":4,"turns":5},{"damage":1,"enemies":"Small Slimes","floor":5,"turns":4},{"damage":31,"enemies":"Replay:BlueRogue","floor":6,"turns":5},{"damage":1,"enemies":"3 Louse","floor":9,"turns":3},{"damage":5,"enemies":"downfall:FleeingMerchant","floor":10,"turns":4},{"damage":0,"enemies":"2 Fungi Beasts","floor":12,"turns":2},{"damage":1,"enemies":"Exordium Thugs","floor":14,"turns":3},{"damage":3,"enemies":"Exordium Wildlife","floor":15,"turns":2},{"damage":64,"enemies":"SI_SHIV_ARCHETYPE","floor":16,"turns":9},{"damage":0,"enemies":"Chosen","floor":19,"turns":2},{"damage":0,"enemies":"Spheric Guardian","floor":20,"turns":3},{"damage":21,"enemies":"Snecko","floor":22,"turns":5},{"damage":9,"enemies":"Slavers","floor":23,"turns":3},{"damage":0,"enemies":"Centurion and Healer","floor":25,"turns":3},{"damage":0,"enemies":"Sentry and Sphere","floor":26,"turns":3},{"damage":9,"enemies":"Snake Plant","floor":28,"turns":2},{"damage":1,"enemies":"3 Cultists","floor":29,"turns":4},{"damage":31,"enemies":"conspire:MimicChest","floor":31,"turns":5},{"damage":0,"enemies":"Chosen and Byrds","floor":32,"turns":4},{"damage":46,"enemies":"IC_MUSHROOM_ARCHETYPE","floor":33,"turns":5},{"damage":3,"enemies":"Orb Walker","floor":36,"turns":1},{"damage":13,"enemies":"3 Shapes","floor":37,"turns":4},{"damage":90,"enemies":"downfall:FleeingMerchant","floor":39,"turns":7},{"damage":105,"enemies":"R_Hoarder","floor":40,"turns":9},{"damage":26,"enemies":"Maw","floor":41,"turns":5}],"seed_played":"-202454293453682699","potions_obtained":[{"floor":4,"key":"DuplicationPotion"},{"floor":6,"key":"Venom Potion"},{"floor":14,"key":"Guardian:BlockOnCardUsePotion"},{"floor":15,"key":"Adrenaline Potion"},{"floor":23,"key":"Reflective Coating"},{"floor":29,"key":"Explosive Potion"},{"floor":31,"key":"Weak Potion"},{"floor":36,"key":"Strength Potion"},{"floor":40,"key":"bronze:FreeFunctionsPotion"}],"is_trial":false,"path_per_floor":["R","M","?","M","M","E","T","R","M","$","R","M","R","M","M","B",null,"R","M","M","?","M","E","T","M","M","?","M","M","R","?","M","B",null,"R","M","M","?","$","E","MIM"],"character_chosen":"THE_AUTOMATON","items_purchased":["bronze:ItsAFeature"],"campfire_rested":1,"item_purchase_floors":[39],"current_hp_per_floor":[77,76,76,75,76,52,52,52,58,60,60,67,67,73,74,17,77,87,87,87,87,66,57,57,57,64,64,55,61,87,63,70,31,87,87,84,77,77,1,12,0,0,0],"gold":293,"neow_bonus":"TEN_PERCENT_HP_BONUS","is_daily":false,"chose_seed":false,"campfire_upgraded":5,"win_rate":0.0,"timestamp":1611748444,"path_taken":["R","M","?","M","M","E","T","R","M","$","R","M","R","M","M","BOSS","R","M","M","?","M","E","T","M","M","?","M","M","R","?","M","BOSS","R","M","M","?","?","E","MIM"],"items_purchased_type":["Card"],"build_version":"2020-12-22","purchased_purges":0,"victory":false,"max_hp_per_floor":[77,77,77,77,77,77,77,77,77,77,77,77,77,77,77,77,77,87,87,87,87,87,87,87,87,87,87,87,87,87,87,87,87,87,87,87,87,87,87,87,87,87,87],"card_choices":[{"not_picked":["bronze:BronzeOrb","bronze:Shell"],"picked":"bronze:Repair","floor":2},{"not_picked":["bronze:Shield","bronze:DigitalCarnage"],"picked":"bronze:Iterate","floor":4},{"not_picked":["bronze:WildBeam","bronze:BitShift"],"picked":"bronze:ChosenStrike","floor":5},{"not_picked":["bronze:FollowUp","bronze:Philosophize"],"picked":"bronze:BuggyMess","floor":6},{"not_picked":["bronze:Flail","bronze:BronzeOrb"],"picked":"bronze:ChosenStrike","floor":9},{"not_picked":["bronze:Allocate","bronze:Flail"],"picked":"bronze:DelayedSlice","floor":10},{"not_picked":["bronze:OilSpill","bronze:Deprecate"],"picked":"bronze:Return","floor":12},{"not_picked":["bronze:FineTuning","bronze:BuggyMess"],"picked":"bronze:ChosenStrike","floor":14},{"not_picked":["bronze:Shell","bronze:DarkDash"],"picked":"bronze:Shield","floor":15},{"not_picked":["bronze:FindAndReplace","bronze:BurnOut"],"picked":"bronze:RecursiveStrike","floor":16},{"not_picked":["bronze:WhirlingStrike+1","bronze:OilSpill"],"picked":"bronze:CloningBeam","floor":19},{"not_picked":["bronze:Deprecate","bronze:DelayedGuard"],"picked":"bronze:Overheat+1","floor":20},{"not_picked":["bronze:Deprecate","bronze:Branch"],"picked":"bronze:BuggyMess+1","floor":22},{"not_picked":["bronze:BugBarrage","bronze:Turbo","bronze:Invalidate"],"picked":"SKIP","floor":23},{"not_picked":["bronze:DelayedSlice","bronze:BugBarrage"],"picked":"bronze:Iterate","floor":25},{"not_picked":["bronze:Frontload+1","bronze:Invalidate+1","bronze:WildBeam"],"picked":"SKIP","floor":26},{"not_picked":["bronze:GetLatest","bronze:Invalidate","bronze:MaxOutput"],"picked":"SKIP","floor":28},{"not_picked":["bronze:Overload","bronze:BuggyMess"],"picked":"bronze:Overheat","floor":29},{"not_picked":["bronze:Turbo","bronze:Flail+1"],"picked":"bronze:FineTuning+1","floor":31},{"not_picked":["bronze:Iterate","bronze:Deprecate+1","bronze:Turbo"],"picked":"SKIP","floor":32},{"not_picked":["bronze:Virus","bronze:HyperBeam"],"picked":"bronze:Verify","floor":33},{"not_picked":["bronze:Deprecate","bronze:Frontload+1"],"picked":"bronze:Repulsor+1","floor":36},{"not_picked":["bronze:NullPointer","bronze:FollowUp+1","bronze:Shield"],"picked":"SKIP","floor":37},{"not_picked":["bronze:Philosophize","bronze:Turbo"],"picked":"bronze:BuggyMess+1","floor":39},{"not_picked":["bronze:Branch+1","bronze:BuggyMess+1"],"picked":"bronze:WhirlingStrike+1","floor":40}],"player_experience":330762,"relics_obtained":[{"floor":3,"key":"aspiration:TomeofQuesting"},{"floor":6,"key":"Bag of Preparation"},{"floor":23,"key":"hubris:ToyBattleship"},{"floor":24,"key":"hubris:DeckOfHolding"},{"floor":31,"key":"hubris:SlimyHat"},{"floor":40,"key":"Regal Pillow"}],"event_choices":[{"damage_healed":0,"gold_gain":0,"player_choice":"Ignored","damage_taken":0,"max_hp_gain":0,"max_hp_loss":0,"event_name":"NoteForYourself","floor":38,"gold_loss":0}],"is_beta":false,"boss_relics":[{"not_picked":["hubris:TerracottaHorce","energizedSpire:SpiderWeb"],"picked":"energizedSpire:DeadBattery"},{"not_picked":["Tiny House","StuffTheSpire:Kangaroo"],"picked":"aspiration:RitualDagger"}],"items_purged_floors":[],"is_endless":false,"potions_floor_spawned":[4,6,14,15,16,19,20,23,29,31,36,40],"killed_by":"Maw","ascension_level":0}}