{"host":"eqoc4xtxwtie1mw2","time":1611786439,"event":{"mods":["2.2 Compatiblity","AchievementEnabler","Act Like it!","BaseMod","Bestiary","Better Altar","Better Match","Better Note","Better Sensory Stone","Better Skull","Better Third Choice","BetterRewards","Block Reminder","Colored Map","Colored Powertips","Downfall","Hallownest","Hubris","Infinite Spire","Minty Spire (QoL Compilation)","Rare Cards Sparkle","Relic Stats","Replay The Spire","Spicy Shops","StSLib","The Bug Knight"],"gold_per_floor":[99,109,109,126,126,126,126,153,35,35,35,35,35,35,60,157,157,157,179,179,179,179,179],"floor_reached":21,"language":"ENG","playtime":3352,"items_purged":[],"score":165,"play_id":"fdfc5a2e-e2b2-4cfc-ad1e-f34c384a8c3a","local_time":"20210127162719","is_ascension_mode":false,"campfire_choices":[{"floor":1,"key":"RECALL"},{"data":"hexamod:SearingWound","floor":10,"key":"SMITH"},{"data":"hexamod:HexaLevel","floor":18,"key":"SMITH"}],"circlet_count":0,"master_deck":["hexamod:Strike","hexamod:Strike","hexamod:Strike","hexamod:Strike","hexamod:Defend","hexamod:Defend","hexamod:Defend","hexamod:Defend","hexamod:Sear","hexamod:Float","hexamod:ShieldOfDarkness","hexamod:SecondSeal","Regret","hexamod:FastForward","hexamod:TimeWarp","hexamod:SearingWound+1","hexamod:ExtraCrispy","hexamod:NightmareGuise+1","Hallucinations","Dramatic Entrance","Pot Of Greed","Pot Of Greed","hexamod:BurningTouch","hexamod:HexaLevel+1","hexamod:SpectersWail+1"],"relics":["hexamod:SpiritBrand","hubris:CrystalStatue","Garlic","Ring of Panic","ReplayTheSpireMod:Ring of Collecting","Grinning Jar","Ring of Chaos","downfall:KnowingSkull"],"acts_visited":["Exordium","TheCity"],"potions_floor_usage":[8,19,19],"damage_taken":[{"damage":2,"enemies":"2 Louse","floor":2,"turns":3},{"damage":0,"enemies":"Jaw Worm","floor":4,"turns":6},{"damage":0,"enemies":"Cultist","floor":6,"turns":1},{"damage":9,"enemies":"Exordium Thugs","floor":8,"turns":5},{"damage":2,"enemies":"downfall:FleeingMerchant","floor":9,"turns":4},{"damage":4,"enemies":"Exordium Wildlife","floor":15,"turns":4},{"damage":26,"enemies":"SI_SHIV_ARCHETYPE","floor":16,"turns":6},{"damage":19,"enemies":"Spheric Guardian","floor":19,"turns":6},{"damage":3,"enemies":"downfall:FleeingMerchant","floor":21,"turns":3}],"seed_played":"7455098374982628088","potions_obtained":[{"floor":2,"key":"Explosive Potion"},{"floor":8,"key":"Strength Potion"},{"floor":16,"key":"ColorlessPotion"},{"floor":19,"key":"PowerPotion"}],"is_trial":false,"path_per_floor":["R","M","?","M","?","M","T","M","$","R","T","?","?","?","M","B",null,"R","M","?","$"],"character_chosen":"THE_SPIRIT","items_purchased":["hexamod:ExtraCrispy","hexamod:NightmareGuise+1"],"campfire_rested":0,"item_purchase_floors":[9,9],"current_hp_per_floor":[77,75,75,75,75,75,75,66,64,64,64,64,64,39,35,9,77,77,58,51,48,48,48],"gold":179,"neow_bonus":"TEN_PERCENT_HP_BONUS","is_daily":false,"chose_seed":false,"campfire_upgraded":2,"win_rate":0.0,"timestamp":1611786439,"path_taken":["R","M","?","M","?","M","T","?","?","R","?","?","?","?","M","BOSS","R","M","?","?"],"items_purchased_type":["Card","Card"],"build_version":"2020-12-22","purchased_purges":0,"victory":false,"max_hp_per_floor":[77,77,77,77,77,77,77,77,77,77,77,77,77,77,77,77,77,77,77,77,77,77,77],"relic_stats":{"counters":[9,38],"obtain_stats":[{"downfall:BrokenWingStatue":3,"hubris:CrystalStatue":5,"ReplayTheSpireMod:Ring of Collecting":12,"downfall:KnowingSkull":20,"Ring of Chaos":17,"Garlic":11,"Ring of Panic":12,"Grinning Jar":14,"hexamod:SpiritBrand":0},{"downfall:BrokenWingStatue":1,"hubris:CrystalStatue":2,"ReplayTheSpireMod:Ring of Collecting":5,"downfall:KnowingSkull":8,"Ring of Chaos":7,"Garlic":5,"Ring of Panic":5,"Grinning Jar":5,"hexamod:SpiritBrand":0},{"downfall:BrokenWingStatue":3,"hubris:CrystalStatue":9,"ReplayTheSpireMod:Ring of Collecting":19,"downfall:KnowingSkull":35,"Ring of Chaos":29,"Garlic":19,"Ring of Panic":19,"Grinning Jar":19,"hexamod:SpiritBrand":0}]},"card_choices":[{"not_picked":["hexamod:PhantomCloak","hexamod:Firestarter"],"picked":"hexamod:ShieldOfDarkness","floor":2},{"not_picked":["hexamod:Firestarter","hexamod:RecurringNightmare"],"picked":"hexamod:SecondSeal","floor":4},{"not_picked":["hexamod:HeatCrush","hexamod:Hexaguard"],"picked":"hexamod:FastForward","floor":6},{"not_picked":["hexamod:PhantomFireball","hexamod:BacktrackSmack"],"picked":"hexamod:TimeWarp","floor":8},{"not_picked":["hexamod:ChargedBarrage","hexamod:PhantomCloak"],"picked":"hexamod:SearingWound","floor":9},{"not_picked":["Swift Strike","PanicButton"],"picked":"Dramatic Entrance","floor":13},{"not_picked":["hexamod:RecurringNightmare","hexamod:Incineration"],"picked":"hexamod:BurningTouch","floor":15},{"not_picked":["hexamod:TurnItUp","hexamod:SearingWound"],"picked":"hexamod:HexaLevel","floor":16},{"not_picked":["hexamod:ShieldOfDarkness","hexamod:HeatMetal"],"picked":"hexamod:SpectersWail+1","floor":19}],"player_experience":256179,"relics_obtained":[{"floor":11,"key":"Garlic"},{"floor":12,"key":"Ring of Panic"},{"floor":12,"key":"ReplayTheSpireMod:Ring of Collecting"}],"event_choices":[{"damage_healed":0,"gold_gain":0,"player_choice":"Box","damage_taken":0,"relics_obtained":["hubris:CrystalStatue"],"max_hp_gain":0,"max_hp_loss":0,"event_name":"Big Fish","floor":5,"gold_loss":0,"cards_obtained":["Regret"]},{"damage_healed":0,"gold_gain":1,"player_choice":"1","damage_taken":0,"max_hp_gain":0,"max_hp_loss":0,"event_name":"betterStone:BetterStone","floor":13,"gold_loss":0},{"damage_healed":0,"gold_gain":1,"player_choice":"Relic ","damage_taken":25,"max_hp_gain":0,"max_hp_loss":0,"event_name":"betterThird:BetterScrap","floor":14,"gold_loss":0,"cards_obtained":["WaveOfTheHand"]}],"is_beta":false,"boss_relics":[{"not_picked":["SlaversCollar","infinitespire:Cupcake"],"picked":"Ring of Chaos"}],"items_purged_floors":[],"is_endless":false,"potions_floor_spawned":[2,8,16,19],"killed_by":"downfall:FleeingMerchant","ascension_level":0}}