{"host":"640uue19m79c7wbt","time":1611708200,"event":{"mods":["BaseMod","Colored Map","Googly Eyes","Highlight Path","Minty Spire (QoL Compilation)","Quick Restart","StSLib"],"gold_per_floor":[114,114,52,72,122,191,191,116,116,116,151,55,73,107,107,179,179,197,209,259,277,406,406,406],"floor_reached":23,"language":"ENG","playtime":795,"items_purged":["Strike_G"],"score":368,"play_id":"7b9289bc-8a1c-4f52-abe2-d6febefb44a8","local_time":"20210126194320","is_ascension_mode":true,"campfire_choices":[{"data":"Phantasmal Killer","floor":7,"key":"SMITH"},{"data":"Underhanded Strike","floor":10,"key":"SMITH"},{"floor":15,"key":"REST"}],"circlet_count":0,"master_deck":["AscendersBane","Survivor","Neutralize","Underhanded Strike+1","Well Laid Plans","Dagger Throw","Phantasmal Killer+1","Finisher","Discovery","Riddle With Holes","Calculated Gamble","Burst","Reflex","Expertise","Bouncing Flask","Night Terror","Footwork","Backflip","Tactician","Die Die Die","Cloak And Dagger","Backflip+1","Leg Sweep"],"relics":["Ring of the Snake","NeowsBlessing","SsserpentHead","Shovel","Shuriken","Bag of Preparation","Pandora\u0027s Box","Question Card"],"acts_visited":["Exordium","TheCity"],"potions_floor_usage":[13,14,19,21],"damage_taken":[{"damage":0,"enemies":"2 Louse","floor":1,"turns":1},{"damage":0,"enemies":"Cultist","floor":4,"turns":1},{"damage":0,"enemies":"Small Slimes","floor":6,"turns":1},{"damage":27,"enemies":"3 Sentries","floor":11,"turns":9},{"damage":10,"enemies":"Exordium Thugs","floor":13,"turns":4},{"damage":19,"enemies":"Lagavulin","floor":14,"turns":5},{"damage":16,"enemies":"Hexaghost","floor":16,"turns":6},{"damage":0,"enemies":"Spheric Guardian","floor":18,"turns":2},{"damage":7,"enemies":"3 Byrds","floor":19,"turns":4},{"damage":20,"enemies":"Shelled Parasite and Fungi","floor":21,"turns":3},{"damage":26,"enemies":"Gremlin Leader","floor":23,"turns":2}],"seed_played":"-7995003837254526647","potions_obtained":[{"floor":6,"key":"Poison Potion"},{"floor":11,"key":"SkillPotion"},{"floor":16,"key":"SkillPotion"},{"floor":19,"key":"SkillPotion"}],"is_trial":false,"path_per_floor":["M","?","$","M","?","M","R","$","T","R","E","$","M","E","R","B",null,"M","M","?","M","T","E"],"character_chosen":"THE_SILENT","items_purchased":["Well Laid Plans","Dagger Throw","Discovery"],"campfire_rested":1,"item_purchase_floors":[3,3,12],"current_hp_per_floor":[59,59,59,59,59,59,59,59,59,59,32,32,22,3,22,6,51,51,44,44,24,24,0,0],"gold":406,"neow_bonus":"THREE_ENEMY_KILL","is_daily":false,"chose_seed":false,"campfire_upgraded":2,"win_rate":0.0,"timestamp":1611708200,"path_taken":["M","?","?","M","?","?","R","$","T","R","E","$","M","E","R","BOSS","M","M","?","M","?","E"],"items_purchased_type":["Card","Card","Card"],"build_version":"2020-12-22","purchased_purges":1,"victory":false,"max_hp_per_floor":[66,66,66,66,66,66,66,66,66,66,66,66,66,66,66,66,66,66,66,66,66,66,66,66],"card_choices":[{"not_picked":["Backflip","Quick Slash"],"picked":"Underhanded Strike","floor":1},{"not_picked":["Dagger Spray","Backflip"],"picked":"Phantasmal Killer","floor":4},{"not_picked":["Dodge and Roll","Poisoned Stab"],"picked":"Finisher","floor":6},{"not_picked":["Poisoned Stab","Quick Slash","Dodge and Roll"],"picked":"SKIP","floor":11},{"not_picked":["Acrobatics","Deflect"],"picked":"Riddle With Holes","floor":13},{"not_picked":["Slice","Dagger Throw"],"picked":"Calculated Gamble","floor":14},{"not_picked":["Glass Knife","Wraith Form v2"],"picked":"Burst","floor":16},{"not_picked":["Acrobatics","Concentrate"],"picked":"Cloak And Dagger","floor":18},{"not_picked":["Dagger Throw","Outmaneuver"],"picked":"Backflip+1","floor":19},{"not_picked":["Blade Dance","Predator"],"picked":"Leg Sweep","floor":21}],"player_experience":637093,"relics_obtained":[{"floor":9,"key":"Shovel"},{"floor":11,"key":"Shuriken"},{"floor":14,"key":"Bag of Preparation"},{"floor":22,"key":"Question Card"}],"event_choices":[{"damage_healed":0,"gold_gain":0,"player_choice":"Trade","damage_taken":0,"relics_obtained":["SsserpentHead"],"max_hp_gain":0,"max_hp_loss":0,"event_name":"FaceTrader","floor":2,"gold_loss":0},{"cards_removed":["Strike_G"],"damage_healed":0,"gold_gain":0,"player_choice":"Offered Basic","damage_taken":0,"max_hp_gain":0,"max_hp_loss":0,"event_name":"Bonfire Elementals","floor":5,"gold_loss":0},{"damage_healed":0,"gold_gain":0,"player_choice":"Ignored","damage_taken":0,"max_hp_gain":0,"max_hp_loss":0,"event_name":"Vampires","floor":20,"gold_loss":0}],"is_beta":false,"boss_relics":[{"not_picked":["Cursed Key","Empty Cage"],"picked":"Pandora\u0027s Box"}],"items_purged_floors":[8],"is_endless":false,"potions_floor_spawned":[6,11,16,19],"killed_by":"Gremlin Leader","ascension_level":17}}