{"host":"4u66lrbz4v7cei5p","time":1611772259,"event":{"mods":["BaseMod","Colored Map","Hermit","Minty Spire (QoL Compilation)","Permanent Neow","StSLib","The Marked"],"gold_per_floor":[117,134,134,144,159,187,187,203,252,177,205,205,215,244,244,244,244],"floor_reached":16,"language":"ENG","playtime":1095,"items_purged":["theMarked:Strike"],"score":147,"play_id":"817d0e88-567b-4d7d-946b-569d570759bf","local_time":"20210127103059","is_ascension_mode":false,"campfire_choices":[{"data":"theMarked:BanishingWave","floor":7,"key":"SMITH"},{"data":"theMarked:Vacuum","floor":12,"key":"SMITH"},{"data":"theMarked:Memento","floor":15,"key":"SMITH"}],"circlet_count":0,"master_deck":["theMarked:Strike","theMarked:Strike","theMarked:Strike+1","theMarked:Defend","theMarked:Defend","theMarked:Defend","theMarked:Defend","theMarked:SoldierOfQuellstein","theMarked:ElectricStrings+1","theMarked:Convert","theMarked:BanishingWave+1","theMarked:Memento+1","theMarked:EnhanceMovement","theMarked:OneWithTheBlade","theMarked:Memento","theMarked:Vacuum+1"],"relics":["theMarked:ArtifactOfAir","Question Card","Whetstone","Gremlin Horn","Dream Catcher"],"acts_visited":["Exordium"],"potions_floor_usage":[14],"damage_taken":[{"damage":5,"enemies":"2 Louse","floor":1,"turns":2},{"damage":4,"enemies":"Cultist","floor":2,"turns":3},{"damage":3,"enemies":"Small Slimes","floor":4,"turns":3},{"damage":0,"enemies":"Exordium Wildlife","floor":5,"turns":1},{"damage":41,"enemies":"Lagavulin","floor":6,"turns":8},{"damage":0,"enemies":"Gremlin Gang","floor":8,"turns":1},{"damage":0,"enemies":"Gremlin Nob","floor":11,"turns":2},{"damage":0,"enemies":"3 Louse","floor":13,"turns":1},{"damage":8,"enemies":"Lagavulin","floor":14,"turns":4},{"damage":11,"enemies":"Hexaghost","floor":16,"turns":9}],"seed_played":"7703208668445420355","potions_obtained":[{"floor":1,"key":"Energy Potion"},{"floor":8,"key":"Dexterity Potion"},{"floor":11,"key":"Strength Potion"}],"is_trial":false,"path_per_floor":["M","M","?","M","M","E","R","M","T","$","E","R","M","E","R","B"],"character_chosen":"THE_DEFAULT","items_purchased":[],"campfire_rested":0,"item_purchase_floors":[],"current_hp_per_floor":[65,61,61,58,58,17,17,17,17,17,17,17,17,9,9,0,0],"gold":244,"neow_bonus":"THREE_CARDS","is_daily":false,"chose_seed":false,"campfire_upgraded":3,"win_rate":0.0,"timestamp":1611772259,"path_taken":["M","M","?","M","M","E","R","M","T","?","E","R","M","E","R","BOSS"],"items_purchased_type":[],"build_version":"2020-12-22","purchased_purges":1,"victory":false,"max_hp_per_floor":[70,70,70,70,70,70,70,70,70,70,70,70,70,70,70,70,70],"card_choices":[{"not_picked":["theMarked:RepellingDischarge","theMarked:Aftermath"],"picked":"theMarked:ElectricStrings","floor":0},{"not_picked":["theMarked:Frustration","theMarked:WastefulAttack"],"picked":"theMarked:Convert","floor":1},{"not_picked":["theMarked:Aftermath","theMarked:CreepingChasm"],"picked":"theMarked:BanishingWave","floor":2},{"not_picked":["theMarked:ElectricStrings","theMarked:TakeCover"],"picked":"theMarked:Memento","floor":4},{"not_picked":["theMarked:Static","theMarked:TheMission"],"picked":"theMarked:EnhanceMovement","floor":5},{"not_picked":["theMarked:ParalyzingBlade","theMarked:EmpowerWeapon"],"picked":"theMarked:OneWithTheBlade","floor":6},{"not_picked":["theMarked:SwordAndMagic","theMarked:EmpowerWeapon","theMarked:Reabsorb"],"picked":"theMarked:Memento","floor":8},{"not_picked":["theMarked:Electrify","theMarked:Improvise","theMarked:EmpowerWeapon"],"picked":"theMarked:Vacuum","floor":11},{"not_picked":["theMarked:SwordAndMagic","theMarked:Memento","theMarked:ElectricStrings","theMarked:TakeCover"],"picked":"SKIP","floor":13},{"not_picked":["theMarked:StartUp","theMarked:Electrocute","theMarked:ChannelForce","theMarked:GodGivenPower"],"picked":"SKIP","floor":14}],"player_experience":85865,"relics_obtained":[{"floor":6,"key":"Question Card"},{"floor":9,"key":"Whetstone"},{"floor":11,"key":"Gremlin Horn"},{"floor":14,"key":"Dream Catcher"}],"event_choices":[{"cards_removed":["theMarked:Strike"],"damage_healed":0,"gold_gain":0,"player_choice":"Purged","damage_taken":0,"max_hp_gain":0,"max_hp_loss":0,"event_name":"Purifier","floor":3,"gold_loss":0}],"is_beta":false,"boss_relics":[],"items_purged_floors":[10],"is_endless":false,"potions_floor_spawned":[1,8,11],"killed_by":"Hexaghost","ascension_level":0}}