{"host":"dcluas0589pmvbjs","time":1611742596,"event":{"mods":["BaseMod","BetterRewards","Downfall","Infinite Spire","Marisa????????","Minty Spire (QoL Compilation)","StSLib","The Servant 0.9.4"],"gold_per_floor":[115,115,129,54,54,89,124,124,147,25,25,25,37,37,37,134,134,154,37,119,119,119,149,179,133,133,133,133,58,58,75,75,170,170,183,183,183,183,183,215,241,241,241,288,301,351,351,451,451,470,470,484,484,484,498,507,507,507,509,509,531,547,497,497,497,497,589,589,599,599,626,638,638,638,638,638,638,659,659,460,477,482,482,575,575,584,617,617,398,398,398,411,425,425,487,509,521,533,565,577,697,709,732,622,676,683,761,761,761,761,761,843,843,849,849,494,494,611,611,645,645,645,672,672,672,703,703,727,727,776,776,786,658,658,777,777,807,807,888,912,978,978,978,1278,1278,1278,1354,1354,1400,1443,1443,1569,1569,1569,1441,1488,1550],"floor_reached":158,"language":"ENG","playtime":6200,"items_purged":["Strike_MRS","TreasureHunter","PulseMagic+1","UpSweep","ManaConvection+1","MysteriousBeam+1","MysteriousBeam","WitchOfGreed+1"],"score":4483,"play_id":"c1fd9cbb-ca86-417f-b3d4-2b0a245e3e79","local_time":"20210127154636","daily_mods":["Heirloom","Time Dilation","Flight","downfall:ChampStances"],"is_ascension_mode":false,"campfire_choices":[{"floor":8.0,"key":"REST"},{"data":"BlazeAway","floor":15.0,"key":"SMITH"},{"floor":27.0,"key":"REST"},{"data":"infinitespire:Collect","floor":28.0,"key":"SMITH"},{"data":"OortCloud","floor":32.0,"key":"SMITH"},{"floor":42.0,"key":"REST"},{"data":"CollectingQuirk","floor":47.0,"key":"SMITH"},{"floor":49.0,"key":"REST"},{"data":"MysteriousBeam","floor":57,"key":"SMITH"},{"data":"infinitespire:Menacing","floor":66,"key":"SMITH"},{"data":"infinitespire:FutureSight","floor":74,"key":"SMITH"},{"data":"infinitespire:FutureSight","floor":75,"key":"SMITH"},{"data":"MillisecondPulsars","floor":79,"key":"SMITH"},{"data":"CollectingQuirk","floor":83,"key":"SMITH"},{"data":"WitchOfGreed","floor":91,"key":"SMITH"},{"data":"UltimateShortwave","floor":97,"key":"SMITH"},{"data":"EnergyFlow","floor":100,"key":"SMITH"},{"data":"OortCloud","floor":108,"key":"SMITH"},{"data":"OortCloud","floor":110,"key":"SMITH"},{"data":"MasterSpark","floor":113,"key":"SMITH"},{"data":"infinitespire:Starlight","floor":117,"key":"SMITH"},{"data":"DeepEcoloBomb","floor":125,"key":"SMITH"},{"data":"Finesse","floor":127,"key":"SMITH"},{"data":"PropBag","floor":129,"key":"SMITH"},{"data":"WitchOfGreed","floor":134,"key":"SMITH"},{"floor":146,"key":"DIG"},{"floor":151,"key":"DIG"},{"floor":154,"key":"DIG"}],"circlet_count":0,"master_deck":["MasterSpark+1","BlazeAway+1","WitchLeyline+1","DeepEcoloBomb+1","OortCloud+1","infinitespire:Collect+1","AsteroidBelt","OortCloud+1","CollectingQuirk+1","EnergyRecoil+1","Acceleration+1","infinitespire:Fortify","Finesse+1","OortCloud+1","CollectingQuirk+1","infinitespire:Starlight+1","EnergyFlow+1","infinitespire:Menacing+1","infinitespire:FutureSight+1","Necronomicurse","PropBag+1","infinitespire:FutureSight+1","MillisecondPulsars+1","CollectingQuirk+1","CollectingQuirk+1","CurseOfTheBell","WitchOfGreed+1","UltimateShortwave+1","BlazeAway+1","Parasite","Parasite","infinitespire:Gouge+1","infinitespire:Menacing+1","infinitespire:TheBestDefense","EnergyFlow","CollectingQuirk+1"],"relics":["MiniHakkero","champ:ChampStancesModRelic","FossilizedHelix","Toy Ornithopter","Nunchaku","Akabeko","Tiny Chest","Black Star","infinitespire:FocusingShard","Boot","Smiling Mask","hexamod:BolsterEngine","Lizard Tail","champ:DeflectingBracers","Ice Cream","Pantograph","Torii","Astrolabe","Slimebound:PreparedRelic","infinitespire:Satchel","hexamod:CandleOfCauterizing","Bag of Preparation","Bottled Flame","infinitespire:Lucky Rock","Ginger","Thread and Needle","Molten Egg 2","sneckomod:SneckoTalon","champ:ChampStancesModRelic","infinitespire:PuzzleCube","infinitespire:Eraser","Centennial Puzzle","infinitespire:BottledMercury","Kunai","PreservedInsect","OrangePellets","Philosopher\u0027s Stone","Necronomicon","Guardian:PocketSentry","SproutingBranch","hexamod:Sixitude","Singing Bowl","Gremlin Horn","sneckomod:BlankCard","Letter Opener","Blood Vial","Calling Bell","Regal Pillow","Sundial","Incense Burner","Turnip","Membership Card","Strawberry","HornCleat","MealTicket","MawBank","Oddly Smooth Stone","infinitespire:CheckeredPen","ShroomBag","Bronze Scales","Coffee Dripper","champ:ChampStancesModRelic","Omamori","Slimebound:StickyStick","Eternal Feather","Orichalcum","infinitespire:Beetle Shell","infinitespire:ShieldingShard","Vajra","Bottled Tornado","ClockworkSouvenir","Prayer Wheel","Pen Nib","Darkstone Periapt","MagicBroom","Dream Catcher","Happy Flower","Art of War","Bird Faced Urn","Juzu Bracelet","RampagingMagicTools","Blue Candle","CatCart","Vajra","Shovel","Old Coin","Pear","Lantern","Meat on the Bone","infinitespire:EmpoweringShard","bronze:BronzeIdol","Ancient Tea Set","Anchor","Whetstone","Sozu","Toxic Egg 2","Potion Belt","Shuriken","Bag of Marbles"],"acts_visited":["Exordium","TheCity","TheBeyond","Exordium","TheCity","TheBeyond","Exordium","TheCity","TheBeyond","TheEnding"],"potions_floor_usage":[152],"damage_taken":[{"damage":0.0,"enemies":"Small Slimes","floor":1.0,"turns":2.0},{"damage":0.0,"enemies":"Jaw Worm","floor":3.0,"turns":2.0},{"damage":11.0,"enemies":"Lagavulin","floor":6.0,"turns":5.0},{"damage":37.0,"enemies":"3 Sentries","floor":7.0,"turns":5.0},{"damage":5.0,"enemies":"2 Louse","floor":13.0,"turns":1.0},{"damage":0.0,"enemies":"Slime Boss","floor":16.0,"turns":5.0},{"damage":0.0,"enemies":"Spheric Guardian","floor":18.0,"turns":2.0},{"damage":9.0,"enemies":"Book of Stabbing","floor":23.0,"turns":3.0},{"damage":38.0,"enemies":"Nightmare","floor":24.0,"turns":9.0},{"damage":0.0,"enemies":"Shell Parasite","floor":31.0,"turns":3.0},{"damage":0.0,"enemies":"Automaton","floor":33.0,"turns":7.0},{"damage":22.0,"enemies":"Orb Walker","floor":35.0,"turns":2.0},{"damage":33.0,"enemies":"Nemesis","floor":40.0,"turns":5.0},{"damage":39.0,"enemies":"Giant Head","floor":41.0,"turns":8.0},{"damage":0.0,"enemies":"3 Shapes","floor":45.0,"turns":1.0},{"damage":9.0,"enemies":"Mind Bloom Boss Battle","floor":46.0,"turns":3.0},{"damage":0.0,"enemies":"infinitespire:Three Voidlings","floor":48.0,"turns":1.0},{"damage":28.0,"enemies":"Nightmare_Alpha","floor":48.0,"turns":9.0},{"damage":0.0,"enemies":"Donu and Deca","floor":50.0,"turns":8.0},{"damage":0,"enemies":"Cultist","floor":52,"turns":1},{"damage":0,"enemies":"Jaw Worm","floor":55,"turns":1},{"damage":5,"enemies":"Small Slimes","floor":56,"turns":1},{"damage":0,"enemies":"Exordium Wildlife","floor":59,"turns":2},{"damage":0,"enemies":"Nightmare","floor":61,"turns":1},{"damage":0,"enemies":"Gremlin Nob","floor":62,"turns":2},{"damage":0,"enemies":"Slime Boss","floor":67,"turns":2},{"damage":0,"enemies":"Shell Parasite","floor":69,"turns":1},{"damage":10,"enemies":"Spheric Guardian","floor":72,"turns":1},{"damage":25,"enemies":"Nightmare","floor":78,"turns":1},{"damage":20,"enemies":"Gremlin Leader","floor":81,"turns":2},{"damage":0,"enemies":"Chosen and Byrds","floor":82,"turns":2},{"damage":20,"enemies":"Champ","floor":84,"turns":1},{"damage":20,"enemies":"Orb Walker","floor":86,"turns":1},{"damage":30,"enemies":"2 Orb Walkers","floor":87,"turns":2},{"damage":0,"enemies":"3 Shapes","floor":92,"turns":2},{"damage":0,"enemies":"Giant Head","floor":93,"turns":2},{"damage":20,"enemies":"Nightmare","floor":95,"turns":1},{"damage":5,"enemies":"Maw","floor":96,"turns":1},{"damage":35,"enemies":"Nemesis","floor":99,"turns":1},{"damage":20,"enemies":"Awakened One","floor":101,"turns":2},{"damage":0,"enemies":"Small Slimes","floor":103,"turns":1},{"damage":0,"enemies":"Jaw Worm","floor":106,"turns":1},{"damage":0,"enemies":"2 Louse","floor":114,"turns":1},{"damage":30,"enemies":"The Guardian","floor":118,"turns":2},{"damage":0,"enemies":"Chosen","floor":120,"turns":2},{"damage":0,"enemies":"Slavers","floor":126,"turns":1},{"damage":0,"enemies":"Book of Stabbing","floor":130,"turns":1},{"damage":0,"enemies":"2 Thieves","floor":132,"turns":1},{"damage":0,"enemies":"Collector","floor":135,"turns":1},{"damage":0,"enemies":"3 Darklings","floor":137,"turns":2},{"damage":0,"enemies":"Orin","floor":139,"turns":2},{"damage":46,"enemies":"2 Orb Walkers","floor":141,"turns":1},{"damage":0,"enemies":"Nemesis","floor":149,"turns":1},{"damage":1,"enemies":"Nightmare","floor":150,"turns":2},{"damage":40,"enemies":"infinitespire:LordOfFortification","floor":152,"turns":2},{"damage":0,"enemies":"Shield and Spear","floor":156,"turns":1},{"damage":49,"enemies":"The Heart","floor":157,"turns":6}],"seed_played":"9056097937193876320","potions_obtained":[{"floor":1.0,"key":"Fire Potion"},{"floor":13.0,"key":"SneckoOil"},{"floor":23.0,"key":"SpeedPotion"},{"floor":24.0,"key":"Block Potion"},{"floor":40.0,"key":"Guardian:BlockOnCardUsePotion"},{"floor":45.0,"key":"sneckomod:MuddlingPotion"},{"floor":52,"key":"CultistPotion"},{"floor":62,"key":"Fire Potion"},{"floor":67,"key":"FearPotion"},{"floor":95,"key":"FairyPotion"},{"floor":101,"key":"Energy Potion"},{"floor":139,"key":"Swift Potion"},{"floor":152,"key":"FairyPotion"}],"is_trial":true,"path_per_floor":["M","?","M","$","?","E","E","R","T","$","?","?","M","$","R","B",null,"M","$","T","AVR","?","E","NM","$","T","R","R","?","T","M","R","B",null,"M","?","AVR","?","?","E","E","R","T","T","M","?","R","?","R","B",null,"M","?","?","M","M","R","T","M","T","NM","E","?","AVR","?","R","B",null,"M","?","T","M","AVR","R","R","?","T","NM","R","$","E","M","R","B",null,"M","?","AVR","$","T","R","M","E","T","NM","M","R","?","E","R","B",null,"M","$","T","M","T","R","?","R","T","T","R","M","AVR","$","R","B",null,"M","?","?","T","?","R","E","R","T","R","E","AVR","M","$","R","B",null,"M","?","?","T","?","?","?","T","T","R","T","?","E","NM","R","B",null,"R","$","E","B",null],"character_chosen":"MARISA","items_purchased":["BlazeAway","WitchLeyline","OortCloud","MysteriousBeam","AsteroidBelt","sneckomod:BlankCard","Membership Card","WitchOfGreed","Omamori","Bottled Tornado","ClockworkSouvenir","Prayer Wheel","Juzu Bracelet","Potion Belt"],"campfire_rested":4,"item_purchase_floors":[10,10,19,19,25,80,89,89,104,116,116,116,133,155],"current_hp_per_floor":[75,68,68,68,68,62,45,67,67,67,64,64,69,69,69,74,75,75,75,75,75,75,66,43,43,43,65,65,65,65,65,65,75,75,68,68,68,63,63,40,31,53,53,53,53,66,66,38,60,75,75,75,60,60,60,60,60,60,75,75,75,75,75,75,75,75,75,75,75,59,59,64,64,64,64,50,50,65,65,65,80,82,82,82,82,84,86,86,86,93,93,95,95,95,99,101,101,101,103,103,105,105,107,107,107,109,109,109,97,109,109,109,109,111,111,111,111,113,113,117,117,117,117,117,117,119,119,119,119,121,121,123,123,123,125,125,129,124,131,131,133,135,135,135,145,145,145,145,147,146,147,147,147,147,147,149,145],"gold":1550,"neow_bonus":"","is_daily":false,"chose_seed":false,"campfire_upgraded":21,"win_rate":0.0,"timestamp":1611742596,"path_taken":["M","?","M","$","?","E","E","R","T","$","?","?","?","?","R","BOSS","M","$","?","AVR","?","E","NM","?","T","R","R","?","?","M","R","BOSS","M","?","AVR","?","?","E","E","R","T","?","?","?","R","?","R","BOSS","M","?","?","M","?","R","?","M","T","NM","E","?","AVR","?","R","BOSS","M","?","?","?","AVR","R","R","?","T","NM","R","$","E","M","R","BOSS","M","?","AVR","$","?","R","?","E","T","NM","M","R","?","E","R","BOSS","M","?","?","?","?","R","?","R","T","?","R","?","AVR","$","R","BOSS","M","?","?","?","?","R","E","R","T","R","E","AVR","M","$","R","BOSS","M","?","?","?","?","?","?","?","T","R","?","?","E","NM","R","BOSS","R","$","E","BOSS"],"items_purchased_type":["Card","Card","Card","Card","Card","Relic","Relic","Card","Relic","Relic","Relic","Relic","Relic","Relic"],"build_version":"2020-12-22","purchased_purges":8,"victory":true,"max_hp_per_floor":[75,75,75,75,75,75,75,75,75,75,75,75,75,75,75,75,75,75,75,75,75,75,75,75,75,75,75,75,75,75,75,75,75,75,75,75,75,75,75,75,75,75,75,75,75,75,75,75,75,75,75,75,75,75,75,75,75,75,75,75,75,75,75,75,75,75,75,75,75,75,75,75,75,75,75,80,80,80,80,80,80,82,82,82,82,84,86,86,86,93,93,95,95,95,99,101,101,101,103,103,105,105,107,107,107,109,109,109,109,109,109,109,109,111,111,111,111,113,113,117,117,117,117,117,117,119,119,119,119,121,121,123,123,123,125,125,129,129,131,131,133,135,135,135,145,145,145,145,147,147,147,147,147,147,147,149,151],"card_choices":[{"not_picked":["DarkSpark","WitchLeyline"],"picked":"MysteriousBeam","floor":1.0},{"not_picked":["EnergyRecoil","DragonMeteor"],"picked":"6A","floor":3.0},{"not_picked":["EnergyFlow","EventHorizon"],"picked":"Orbital","floor":6.0},{"not_picked":["CollectingQuirk","ShootTheMoon","MagicChant"],"picked":"SKIP","floor":7.0},{"not_picked":["GravityBeat","WitchOfGreed","NonDirectionalLaser"],"picked":"SKIP","floor":13.0},{"not_picked":["BlazingStar","CollectingQuirk"],"picked":"TreasureHunter","floor":16.0},{"not_picked":["NonDirectionalLaser+1","MachineGunSpark"],"picked":"DeepEcoloBomb","floor":18.0},{"not_picked":["GrandCross","MilkyWay+1","GravityBeat"],"picked":"SKIP","floor":23.0},{"not_picked":["BinaryStars","GrandCross"],"picked":"AsteroidBelt","floor":24.0},{"not_picked":["SporeBomb+1","ChargingUp"],"picked":"OortCloud","floor":31.0},{"not_picked":["JA","SuperNova"],"picked":"CollectingQuirk","floor":33.0},{"not_picked":["GravityBeat+1","OneTimeOff","Acceleration+1"],"picked":"SKIP","floor":35.0},{"not_picked":["Trip","Apotheosis"],"picked":"Finesse","floor":38.0},{"not_picked":["ChargingUp+1","Acceleration+1"],"picked":"OortCloud","floor":40.0},{"not_picked":["WitchOfGreed+1","NonDirectionalLaser"],"picked":"CollectingQuirk","floor":41.0},{"not_picked":["6A+1","GalacticHalo","AsteroidBelt+1"],"picked":"SKIP","floor":45.0},{"not_picked":["infinitespire:NeuralNetwork","infinitespire:Collect"],"picked":"infinitespire:Starlight","floor":48.0},{"not_picked":["DoubleSpark+1","IllusionStar","MilkyWay"],"picked":"SKIP","floor":52},{"not_picked":["Orbital","GalacticHalo","GrandCross+1"],"picked":"SKIP","floor":55},{"not_picked":["6A+1","AsteroidBelt","GasGiant"],"picked":"SKIP","floor":56},{"not_picked":["DarkSpark+1","ShootingEcho+1","Singularity"],"picked":"SKIP","floor":59},{"not_picked":["DarkSpark+1","Singularity"],"picked":"EnergyFlow","floor":61},{"not_picked":["GrandCross+1","MeteoricShower+1","PowerUp"],"picked":"SKIP","floor":62},{"not_picked":["infinitespire:Collect","infinitespire:FinalStrike"],"picked":"infinitespire:FutureSight","floor":67},{"not_picked":["DoubleSpark+1","6A+1"],"picked":"PulseMagic+1","floor":69},{"not_picked":["AsteroidBelt","6A+1"],"picked":"PropBag","floor":72},{"not_picked":["DC+1","DeepEcoloBomb+1"],"picked":"MillisecondPulsars","floor":78},{"not_picked":["WitchLeyline+1","Acceleration"],"picked":"CollectingQuirk+1","floor":81},{"not_picked":["UnstableBomb+1","GravityBeat+1","SporeBomb"],"picked":"Singing Bowl","floor":82},{"not_picked":["MillisecondPulsars","SuperNova"],"picked":"CollectingQuirk+1","floor":84},{"not_picked":["MilkyWay+1","IllusionStar","Orbital+1"],"picked":"Singing Bowl","floor":86},{"not_picked":["Orbital+1","OneTimeOff+1","LuminesStrike+1"],"picked":"Singing Bowl","floor":87},{"not_picked":["Occultation+1","RefractionSpark+1","MeteoricShower+1"],"picked":"Singing Bowl","floor":92},{"not_picked":["StarBarrage+1","MysteriousBeam+1"],"picked":"UltimateShortwave","floor":93},{"not_picked":["infinitespire:Oblivion","infinitespire:Fortify","infinitespire:Gouge"],"picked":"Singing Bowl","floor":95},{"not_picked":["LuminesStrike+1","OpenUniverse","DarkSpark+1"],"picked":"Singing Bowl","floor":95},{"not_picked":["DeepEcoloBomb+1","AlicesGift+1","UnstableBomb+1"],"picked":"Singing Bowl","floor":96},{"not_picked":["GravityBeat+1","MachineGunSpark+1","PowerUp+1"],"picked":"Singing Bowl","floor":99},{"not_picked":["MaximisePower","BinaryStars","BlazingStar+1"],"picked":"Singing Bowl","floor":101},{"not_picked":["NonDirectionalLaser+1","DC+1","GravityBeat+1"],"picked":"Singing Bowl","floor":103},{"not_picked":["GravityBeat+1","Acceleration","MaximisePower"],"picked":"Singing Bowl","floor":106},{"not_picked":["LuminesStrike+1","IllusionStar","DragonMeteor+1"],"picked":"Singing Bowl","floor":114},{"not_picked":["AbsoluteMagnitude+1","BlazingStar+1","JA+1"],"picked":"Singing Bowl","floor":118},{"not_picked":["WitchLeyline+1","MilkyWay","OpenUniverse"],"picked":"Singing Bowl","floor":120},{"not_picked":["EarthLightRay","Orbital","OneTimeOff+1"],"picked":"Singing Bowl","floor":120},{"not_picked":["Robbery+1","SatelliteIllusion","MilkyWay"],"picked":"Singing Bowl","floor":126},{"not_picked":["IllusionStar","6A+1","ShootTheMoon+1"],"picked":"Singing Bowl","floor":130},{"not_picked":["DC+1","MilkyWay+1","StarlightTyphoon"],"picked":"Singing Bowl","floor":132},{"not_picked":["EnergyRecoil","LuminesStrike+1"],"picked":"WitchOfGreed","floor":132},{"not_picked":["ManaRampage","EscapeVelocity","FinalSpark+1"],"picked":"Singing Bowl","floor":135},{"not_picked":["NonDirectionalLaser+1","MysteriousBeam+1","6A+1"],"picked":"Singing Bowl","floor":137},{"not_picked":["PowerUp","GalacticHalo","SprinkleStarSeal"],"picked":"Singing Bowl","floor":137},{"not_picked":["Robbery+1","IllusionStar+1","Acceleration+1"],"picked":"Singing Bowl","floor":139},{"not_picked":["BlazeAway","GravityBeat+1","6A+1"],"picked":"Singing Bowl","floor":141},{"not_picked":["Jack Of All Trades","Trip","Good Instincts"],"picked":"Singing Bowl","floor":142},{"not_picked":["OneTimeOff","DoubleSpark+1","TreasureHunter+1"],"picked":"Singing Bowl","floor":149},{"not_picked":["infinitespire:DeathsTouch","infinitespire:FinalStrike"],"picked":"infinitespire:TheBestDefense","floor":150},{"not_picked":["MysteriousBeam+1","Acceleration"],"picked":"EnergyFlow","floor":150},{"not_picked":["ManaRampage","EscapeVelocity"],"picked":"CollectingQuirk+1","floor":152},{"not_picked":["DarkSpark+1","MysteriousBeam+1","UnstableBomb+1"],"picked":"Singing Bowl","floor":156},{"not_picked":["BigCrunch+1","JA+1","SuperNova"],"picked":"Singing Bowl","floor":157}],"player_experience":92342,"relics_obtained":[{"floor":6.0,"key":"Toy Ornithopter"},{"floor":7.0,"key":"Nunchaku"},{"floor":9.0,"key":"Akabeko"},{"floor":20.0,"key":"infinitespire:FocusingShard"},{"floor":23.0,"key":"Boot"},{"floor":23.0,"key":"Smiling Mask"},{"floor":24.0,"key":"hexamod:BolsterEngine"},{"floor":24.0,"key":"Lizard Tail"},{"floor":24.0,"key":"champ:DeflectingBracers"},{"floor":26.0,"key":"Ice Cream"},{"floor":30.0,"key":"Pantograph"},{"floor":33.0,"key":"Torii"},{"floor":40.0,"key":"Slimebound:PreparedRelic"},{"floor":40.0,"key":"infinitespire:Satchel"},{"floor":41.0,"key":"hexamod:CandleOfCauterizing"},{"floor":41.0,"key":"Bag of Preparation"},{"floor":43.0,"key":"Bottled Flame"},{"floor":44.0,"key":"infinitespire:Lucky Rock"},{"floor":46.0,"key":"Ginger"},{"floor":48.0,"key":"Thread and Needle"},{"floor":48.0,"key":"Molten Egg 2"},{"floor":58,"key":"infinitespire:PuzzleCube"},{"floor":60,"key":"infinitespire:Eraser"},{"floor":61,"key":"Centennial Puzzle"},{"floor":61,"key":"infinitespire:BottledMercury"},{"floor":62,"key":"Kunai"},{"floor":62,"key":"PreservedInsect"},{"floor":70,"key":"Necronomicon"},{"floor":71,"key":"Guardian:PocketSentry"},{"floor":77,"key":"hexamod:Sixitude"},{"floor":78,"key":"Singing Bowl"},{"floor":78,"key":"Gremlin Horn"},{"floor":81,"key":"Letter Opener"},{"floor":81,"key":"Blood Vial"},{"floor":85,"key":"Regal Pillow"},{"floor":85,"key":"Sundial"},{"floor":85,"key":"Incense Burner"},{"floor":87,"key":"Turnip"},{"floor":90,"key":"Strawberry"},{"floor":93,"key":"HornCleat"},{"floor":93,"key":"MealTicket"},{"floor":94,"key":"MawBank"},{"floor":95,"key":"Oddly Smooth Stone"},{"floor":95,"key":"infinitespire:CheckeredPen"},{"floor":99,"key":"ShroomBag"},{"floor":99,"key":"Bronze Scales"},{"floor":105,"key":"Slimebound:StickyStick"},{"floor":107,"key":"Eternal Feather"},{"floor":111,"key":"infinitespire:Beetle Shell"},{"floor":112,"key":"infinitespire:ShieldingShard"},{"floor":123,"key":"Pen Nib"},{"floor":126,"key":"Darkstone Periapt"},{"floor":126,"key":"MagicBroom"},{"floor":128,"key":"Dream Catcher"},{"floor":130,"key":"Happy Flower"},{"floor":130,"key":"Art of War"},{"floor":139,"key":"CatCart"},{"floor":140,"key":"Vajra"},{"floor":141,"key":"Shovel"},{"floor":144,"key":"Old Coin"},{"floor":145,"key":"Pear"},{"floor":146,"key":"Lantern"},{"floor":147,"key":"Meat on the Bone"},{"floor":149,"key":"infinitespire:EmpoweringShard"},{"floor":149,"key":"bronze:BronzeIdol"},{"floor":150,"key":"Ancient Tea Set"},{"floor":150,"key":"Anchor"},{"floor":151,"key":"Whetstone"},{"floor":154,"key":"Toxic Egg 2"},{"floor":156,"key":"Shuriken"},{"floor":156,"key":"Bag of Marbles"}],"event_choices":[{"cards_removed":["Strike_MRS"],"damage_healed":0.0,"max_hp_gain":0.0,"max_hp_loss":0.0,"gold_gain":0.0,"event_name":"Golden Wing","player_choice":"Card Removal","floor":2.0,"gold_loss":0.0,"damage_taken":7.0},{"damage_healed":0.0,"max_hp_gain":0.0,"max_hp_loss":0.0,"gold_gain":0.0,"cards_transformed":["Strike_MRS"],"event_name":"Living Wall","player_choice":"Change","floor":5.0,"gold_loss":0.0,"damage_taken":0.0,"cards_obtained":["ManaConvection"]},{"damage_healed":0.0,"max_hp_gain":0.0,"max_hp_loss":0.0,"gold_gain":0.0,"event_name":"Scrap Ooze","player_choice":"Success","floor":11.0,"gold_loss":0.0,"damage_taken":3.0,"relics_obtained":["Tiny Chest"]},{"damage_healed":0.0,"max_hp_gain":0.0,"max_hp_loss":0.0,"gold_gain":0.0,"event_name":"NoteForYourself","player_choice":"Ignored","floor":12.0,"gold_loss":0.0,"damage_taken":0.0},{"cards_removed":["Defend_MRS"],"damage_healed":0.0,"max_hp_gain":0.0,"max_hp_loss":0.0,"gold_gain":0.0,"event_name":"Beggar","player_choice":"Gave Gold","floor":29.0,"gold_loss":75.0,"damage_taken":0.0},{"damage_healed":0.0,"max_hp_gain":0.0,"max_hp_loss":0.0,"gold_gain":0.0,"event_name":"Tomb of Lord Red Mask","player_choice":"Ignored","floor":36.0,"gold_loss":0.0,"damage_taken":0.0},{"damage_healed":0.0,"max_hp_gain":0.0,"max_hp_loss":0.0,"gold_gain":0.0,"event_name":"SensoryStone","player_choice":"Memory 2","floor":38.0,"gold_loss":0.0,"damage_taken":5.0},{"cards_removed":["Defend_MRS"],"damage_healed":0.0,"max_hp_gain":0.0,"max_hp_loss":0.0,"gold_gain":0.0,"event_name":"Purifier","player_choice":"Purged","floor":39.0,"gold_loss":0.0,"damage_taken":0.0},{"damage_healed":0.0,"max_hp_gain":0.0,"max_hp_loss":0.0,"gold_gain":0.0,"event_name":"MindBloom","player_choice":"Fight","floor":46.0,"gold_loss":0.0,"damage_taken":0.0},{"damage_healed":0,"gold_gain":0,"player_choice":"Entered Light","damage_taken":15,"max_hp_gain":0,"max_hp_loss":0,"event_name":"Shining Light","floor":53,"gold_loss":0,"cards_upgraded":["WitchLeyline","ManaConvection"]},{"cards_removed":["6A"],"damage_healed":0,"gold_gain":0,"player_choice":"Purged","damage_taken":0,"max_hp_gain":0,"max_hp_loss":0,"event_name":"Purifier","floor":54,"gold_loss":0},{"cards_removed":["Orbital"],"damage_healed":0,"gold_gain":0,"player_choice":"Card Removal","damage_taken":0,"max_hp_gain":0,"max_hp_loss":0,"event_name":"The Cleric","floor":63,"gold_loss":50},{"cards_removed":["MilkyWay"],"damage_healed":5,"gold_gain":0,"player_choice":"Offered Common","damage_taken":0,"max_hp_gain":0,"max_hp_loss":0,"event_name":"Bonfire Elementals","floor":65,"gold_loss":0},{"cards_removed":["MilkyWay"],"damage_healed":5,"gold_gain":0,"player_choice":"Offered Special","damage_taken":0,"max_hp_gain":0,"max_hp_loss":0,"event_name":"Bonfire Elementals","floor":65,"gold_loss":0},{"damage_healed":0,"gold_gain":0,"player_choice":"Obtained Book","damage_taken":16,"max_hp_gain":0,"max_hp_loss":0,"event_name":"Cursed Tome","floor":70,"gold_loss":0},{"damage_healed":0,"gold_gain":0,"player_choice":"Shed Blood","damage_taken":19,"max_hp_gain":5,"max_hp_loss":0,"event_name":"Forgotten Altar","floor":76,"gold_loss":0},{"damage_healed":0,"gold_gain":0,"player_choice":"Fight","damage_taken":0,"max_hp_gain":0,"max_hp_loss":0,"event_name":"Mysterious Sphere","floor":87,"gold_loss":0},{"damage_healed":0,"gold_gain":0,"player_choice":"Copied","damage_taken":0,"max_hp_gain":0,"max_hp_loss":0,"event_name":"Duplicator","floor":98,"gold_loss":0,"cards_obtained":["BlazeAway"]},{"damage_healed":0,"gold_gain":0,"player_choice":"Success","damage_taken":12,"relics_obtained":["Orichalcum"],"max_hp_gain":0,"max_hp_loss":0,"event_name":"Scrap Ooze","floor":109,"gold_loss":0},{"damage_healed":0,"gold_gain":0,"player_choice":"Copied","damage_taken":0,"max_hp_gain":0,"max_hp_loss":0,"event_name":"Duplicator","floor":122,"gold_loss":0,"cards_obtained":["infinitespire:Menacing"]},{"damage_healed":0,"gold_gain":0,"player_choice":"Fight","damage_taken":0,"max_hp_gain":0,"max_hp_loss":0,"event_name":"OrinTheCat","floor":139,"gold_loss":0},{"damage_healed":0,"gold_gain":0,"player_choice":"Fight","damage_taken":0,"max_hp_gain":0,"max_hp_loss":0,"event_name":"Mysterious Sphere","floor":141,"gold_loss":0},{"damage_healed":0,"gold_gain":0,"player_choice":"Memory 1","damage_taken":0,"max_hp_gain":0,"max_hp_loss":0,"event_name":"SensoryStone","floor":142,"gold_loss":0},{"cards_removed":["AsteroidBelt"],"damage_healed":0,"gold_gain":0,"player_choice":"Removed Skill","damage_taken":0,"max_hp_gain":0,"max_hp_loss":0,"event_name":"Falling","floor":143,"gold_loss":0},{"damage_healed":0,"gold_gain":0,"player_choice":"Bought 0 Potions","damage_taken":0,"max_hp_gain":0,"max_hp_loss":0,"event_name":"The Woman in Blue","floor":148,"gold_loss":0}],"is_beta":false,"boss_relics":[{"not_picked":["SlaversCollar","Velvet Choker"],"picked":"Black Star"},{"not_picked":["SacredBark","Calling Bell"],"picked":"Astrolabe"},{"not_picked":["Empty Cage","Busted Crown"],"picked":"sneckomod:SneckoTalon"},{"not_picked":["SlaversCollar","Fusion Hammer"],"picked":"Philosopher\u0027s Stone"},{"not_picked":["infinitespire:Cupcake","Runic Dome"],"picked":"Calling Bell"},{"not_picked":["Tiny House","Velvet Choker"],"picked":"Coffee Dripper"},{"not_picked":["Pandora\u0027s Box","Snecko Eye","bronze:MakeshiftBattery"]},{"not_picked":["SacredBark","ExperimentalFamiliar"],"picked":"RampagingMagicTools"},{"not_picked":["Runic Dome","Runic Pyramid"],"picked":"Sozu"}],"items_purged_floors":[4,80,89,104,115,131,133,155],"is_endless":true,"potions_floor_spawned":[1,13,23,24,31,40,45,52,62,67,69,81,93,99,101,106,114,126,135,141,150,152,157],"ascension_level":0}}