{"host":"5p9hybygolzp0efr","time":1611751793,"event":{"mods":["AchievementEnabler","BaseMod","Bestiary","Colored Map","Minty Spire (QoL Compilation)","Relic Stats"],"gold_per_floor":[115,135,135,150,162,190,190,208,255,255,274,274,17,58,58,183,183,198,198,123,138,116,116,154,154,154,154,154],"floor_reached":27,"language":"ENG","playtime":1476,"items_purged":[],"score":337,"play_id":"9e870f84-5950-4866-810d-5131f78acefe","local_time":"20210127204953","is_ascension_mode":true,"campfire_choices":[{"data":"Shrug It Off","floor":7.0,"key":"SMITH"},{"data":"Whirlwind","floor":10.0,"key":"SMITH"},{"floor":15.0,"key":"REST"},{"floor":23.0,"key":"REST"},{"floor":25,"key":"REST"}],"circlet_count":0,"master_deck":["Strike_R+1","Strike_R+1","Strike_R+1","Strike_R+1","Defend_R+1","Defend_R+1","Defend_R+1","Defend_R+1","Bash+1","Shrug It Off+1","Battle Trance","Headbutt","Whirlwind+1","Carnage","Reaper","True Grit","Uppercut"],"relics":["Burning Blood","Mercury Hourglass","Boot","Golden Idol","Gremlin Horn","Bottled Lightning","SacredBark","Orichalcum","CeramicFish"],"acts_visited":["Exordium","TheCity"],"potions_floor_usage":[],"damage_taken":[{"damage":1.0,"enemies":"Small Slimes","floor":1.0,"turns":4.0},{"damage":6.0,"enemies":"Cultist","floor":2.0,"turns":5.0},{"damage":7.0,"enemies":"Jaw Worm","floor":4.0,"turns":3.0},{"damage":14.0,"enemies":"Looter","floor":5.0,"turns":3.0},{"damage":43.0,"enemies":"Lagavulin","floor":6.0,"turns":8.0},{"damage":8.0,"enemies":"Large Slime","floor":8.0,"turns":7.0},{"damage":6.0,"enemies":"Blue Slaver","floor":11.0,"turns":3.0},{"damage":20.0,"enemies":"Gremlin Nob","floor":14.0,"turns":4.0},{"damage":1.0,"enemies":"Slime Boss","floor":16.0,"turns":7.0},{"damage":42.0,"enemies":"Shell Parasite","floor":18.0,"turns":9.0},{"damage":5.0,"enemies":"Chosen","floor":21.0,"turns":5.0},{"damage":57,"enemies":"Gremlin Leader","floor":24,"turns":6},{"damage":82,"enemies":"Slavers","floor":27,"turns":4}],"seed_played":"-3352984430467039714","potions_obtained":[{"floor":1.0,"key":"SteroidPotion"},{"floor":8.0,"key":"Strength Potion"},{"floor":14.0,"key":"Dexterity Potion"},{"floor":18.0,"key":"Dexterity Potion"}],"is_trial":false,"path_per_floor":["M","M","?","M","M","E","R","M","T","R","M","?","$","E","R","B",null,"M","?","?","M","$","R","E","R","T","E"],"character_chosen":"IRONCLAD","items_purchased":["Gremlin Horn","True Grit"],"campfire_rested":3,"item_purchase_floors":[13,22],"current_hp_per_floor":[85,85,85,84,76,39,39,37,37,37,37,37,37,23,47,52,74,38,38,38,44,44,68,32,56,56,0,0],"gold":154,"neow_bonus":"TEN_PERCENT_HP_BONUS","is_daily":false,"chose_seed":false,"campfire_upgraded":2,"win_rate":0.0,"timestamp":1611751793,"path_taken":["M","M","?","M","M","E","R","M","T","R","?","?","$","E","R","BOSS","M","?","?","M","$","R","E","R","T","E"],"items_purchased_type":["Relic","Card"],"build_version":"2020-12-22","purchased_purges":0,"victory":false,"max_hp_per_floor":[88,88,88,88,88,88,88,88,88,88,88,81,81,81,81,81,81,81,81,81,81,81,81,81,81,81,81,81],"relic_stats":{"Gremlin Horn":[8,8],"counters":[13,67],"Golden Idol":47,"CeramicFish":0,"Orichalcum":[6],"Boot":[14],"obtain_stats":[{"Gremlin Horn":13,"Golden Idol":12,"SacredBark":17,"CeramicFish":26,"Bottled Lightning":14,"Orichalcum":24,"Boot":9,"Burning Blood":0,"Mercury Hourglass":6},{"Gremlin Horn":7,"Golden Idol":7,"SacredBark":9,"CeramicFish":12,"Bottled Lightning":8,"Orichalcum":12,"Boot":6,"Burning Blood":0,"Mercury Hourglass":5},{"Gremlin Horn":33,"Golden Idol":33,"SacredBark":43,"CeramicFish":63,"Bottled Lightning":37,"Orichalcum":63,"Boot":30,"Burning Blood":0,"Mercury Hourglass":23}],"Burning Blood":72,"Mercury Hourglass":[174]},"card_choices":[{"not_picked":["Second Wind","Armaments"],"picked":"Shrug It Off","floor":1.0},{"not_picked":["Havoc","Clothesline"],"picked":"Battle Trance","floor":2.0},{"not_picked":["Clash","Power Through"],"picked":"Headbutt","floor":4.0},{"not_picked":["Seeing Red","Twin Strike"],"picked":"Whirlwind","floor":5.0},{"not_picked":["Heavy Blade","Evolve","Corruption"],"picked":"SKIP","floor":6.0},{"not_picked":["Body Slam","Rampage"],"picked":"Carnage","floor":8.0},{"not_picked":["Dark Embrace","Cleave","Bloodletting"],"picked":"SKIP","floor":11.0},{"not_picked":["Sword Boomerang","Flame Barrier"],"picked":"Reaper","floor":14.0},{"not_picked":["Wild Strike","Power Through","Searing Blow"],"picked":"SKIP","floor":18.0},{"not_picked":["Havoc","Cleave","Rage"],"picked":"SKIP","floor":21.0},{"not_picked":["Bloodletting","Cleave"],"picked":"Uppercut","floor":24}],"player_experience":536795,"relics_obtained":[{"floor":6.0,"key":"Mercury Hourglass"},{"floor":9.0,"key":"Boot"},{"floor":14.0,"key":"Bottled Lightning"},{"floor":24,"key":"Orichalcum"},{"floor":26,"key":"CeramicFish"}],"event_choices":[{"damage_healed":0.0,"max_hp_gain":0.0,"max_hp_loss":0.0,"gold_gain":0.0,"event_name":"Upgrade Shrine","player_choice":"Upgraded","floor":3.0,"gold_loss":0.0,"damage_taken":0.0,"cards_upgraded":["Bash"]},{"damage_healed":0.0,"max_hp_gain":0.0,"max_hp_loss":7.0,"gold_gain":0.0,"event_name":"Golden Idol","player_choice":"Lose Max HP","floor":12.0,"gold_loss":0.0,"damage_taken":0.0,"relics_obtained":["Golden Idol"]},{"damage_healed":0.0,"max_hp_gain":0.0,"max_hp_loss":0.0,"gold_gain":0.0,"event_name":"Back to Basics","player_choice":"Simplicity","floor":19.0,"gold_loss":0.0,"damage_taken":0.0,"cards_upgraded":["Strike_R","Strike_R","Strike_R","Strike_R","Strike_R","Defend_R","Defend_R","Defend_R","Defend_R"]},{"cards_removed":["Strike_R"],"damage_healed":0.0,"max_hp_gain":0.0,"max_hp_loss":0.0,"gold_gain":0.0,"event_name":"Beggar","player_choice":"Gave Gold","floor":20.0,"gold_loss":75.0,"damage_taken":0.0}],"is_beta":false,"boss_relics":[{"not_picked":["Tiny House","Fusion Hammer"],"picked":"SacredBark"}],"items_purged_floors":[],"is_endless":false,"potions_floor_spawned":[1,8,14,18],"killed_by":"Slavers","ascension_level":8}}