{"host":"s21r9c1cdih2g0le","time":1611750655,"event":{"mods":["Aspiration","BaseMod","BetterRewards","Colored Map","Conspire","Downfall","Energized Spire","Friendly Minions","GifTheSpireLib","Hubris","Infinite Spire","Ironclad Rager","Jorbs\u0027s Wanderer Trilogy","Mimic Mod","Minty Spire (QoL Compilation)","Replay The Spire","Shade Mod","StSLib","Stuff the Spire","SuperFastMode","The Mystic","Wandering Minibosses"],"gold_per_floor":[99,117,67,85,102,2,2,2,102,2,34,34,34,34,48,150,150,150,163,173,82,95,95,95,95,95],"floor_reached":24,"language":"ENG","playtime":1235,"items_purged":[],"score":219,"play_id":"7bde5c09-7eb0-4dcc-806c-a266b9ccaed7","local_time":"20210127133055","is_ascension_mode":false,"campfire_choices":[{"floor":1,"key":"RECALL"},{"data":"champ:PerfectedStrike","floor":6,"key":"SMITH"},{"data":"champ:DefensiveStyle","floor":8,"key":"SMITH"},{"floor":10,"key":"REST"},{"data":"champ:GladiatorForm","floor":18,"key":"SMITH"}],"circlet_count":0,"master_deck":["champ:Strike","champ:Strike","champ:Strike","champ:Defend","champ:Defend","champ:Defend","champ:Execute","champ:Taunt","champ:BerserkersShout","champ:PerfectedStrike+1","champ:ShieldWall+1","champ:DefensiveStyle+1","champ:BerserkersShout","champ:ShieldWall","champ:GladiatorStyle","Pot Of Greed","Pot Of Greed","champ:RisingSlash","champ:GladiatorForm+1","champ:FlashCut","champ:StanceDance","champ:PerfectedStrike","champ:ShieldWall","champ:GladiatorStyle+1","Amnesia"],"relics":["champ:ChampionCrown","downfall:HeartBlessingRed","downfall:HeartBlessingBlue","Grinning Jar","hubris:Towel","conspire:RoyalGoblet","Ring of Hypnosis","ReplayTheSpireMod:Ring of Addiction","Toy Ornithopter","SacredBark"],"acts_visited":["Exordium","TheCity"],"potions_floor_usage":[9,16,16,20,24],"damage_taken":[{"damage":10,"enemies":"2 Louse","floor":2,"turns":3},{"damage":35,"enemies":"downfall:FleeingMerchant","floor":3,"turns":4},{"damage":20,"enemies":"Small Slimes","floor":4,"turns":2},{"damage":15,"enemies":"Cultist","floor":5,"turns":3},{"damage":82,"enemies":"downfall:Heads","floor":9,"turns":8},{"damage":55,"enemies":"Lagavulin","floor":11,"turns":6},{"damage":17,"enemies":"Exordium Thugs","floor":15,"turns":3},{"damage":50,"enemies":"WA_ARCHETYPE_RETAIN","floor":16,"turns":5},{"damage":75,"enemies":"Spheric Guardian","floor":19,"turns":5},{"damage":51,"enemies":"Snake Plant","floor":20,"turns":4},{"damage":50,"enemies":"downfall:FleeingMerchant","floor":21,"turns":4},{"damage":41,"enemies":"Cultist and Chosen","floor":22,"turns":6},{"damage":15,"enemies":"Snecko","floor":24,"turns":4}],"seed_played":"-1649453689587770747","potions_obtained":[{"floor":2,"key":"AttackPotion"},{"floor":11,"key":"Adrenaline Potion"},{"floor":15,"key":"Adrenaline Potion"},{"floor":19,"key":"PowerPotion"},{"floor":22,"key":"Fire Potion"},{"floor":23,"key":"Strength Potion"},{"floor":23,"key":"FearPotion"}],"is_trial":false,"path_per_floor":["R","M","$","M","M","R","T","R","?","R","E","?","?","?","M","B",null,"R","M","M","$","M","?","MIM"],"character_chosen":"THE_CHAMP","items_purchased":["champ:ShieldWall","champ:ShieldWall"],"campfire_rested":1,"item_purchase_floors":[3,21],"current_hp_per_floor":[99,99,99,94,94,94,94,94,47,86,61,61,61,61,54,24,109,109,84,48,33,7,7,0,0,0],"gold":95,"neow_bonus":"TEN_PERCENT_HP_BONUS","is_daily":false,"chose_seed":false,"campfire_upgraded":3,"win_rate":0.0,"timestamp":1611750655,"path_taken":["R","M","$","M","M","R","T","R","?","R","E","?","?","?","M","BOSS","R","M","M","?","M","?","MIM"],"items_purchased_type":["Card","Card"],"build_version":"2020-12-22","purchased_purges":0,"victory":false,"max_hp_per_floor":[99,99,99,99,99,99,99,99,99,109,109,109,109,109,109,109,109,109,109,109,109,109,109,109,109,109],"card_choices":[{"not_picked":["champ:FanOfKnives","champ:CrownThrow"],"picked":"champ:BerserkersShout","floor":2},{"not_picked":["champ:Parry","champ:BladeFlurry"],"picked":"champ:PerfectedStrike","floor":3},{"not_picked":["champ:DeathBlow","champ:FanOfKnives"],"picked":"champ:DefensiveStyle","floor":4},{"not_picked":["champ:EnGarde","champ:Haymaker"],"picked":"champ:BerserkersShout","floor":5},{"not_picked":["champ:Circumvent","champ:Haymaker"],"picked":"champ:GladiatorStyle","floor":9},{"not_picked":["champ:SwordThrow","champ:EndlessRage","champ:FalseCounter"],"picked":"SKIP","floor":11},{"not_picked":["champ:Shatter","champ:SkillfulDodge"],"picked":"champ:RisingSlash","floor":15},{"not_picked":["champ:MurderStrike","champ:ShieldThrow"],"picked":"champ:GladiatorForm","floor":16},{"not_picked":["champ:GutPunch","champ:RapidStrikes+1"],"picked":"champ:FlashCut","floor":19},{"not_picked":["champ:BladeFlurry+1","champ:Endure"],"picked":"champ:StanceDance","floor":20},{"not_picked":["champ:ShieldSlam","champ:AdrenalArmor"],"picked":"champ:PerfectedStrike","floor":21},{"not_picked":["champ:ShieldSlam+1","champ:GutPunch"],"picked":"champ:GladiatorStyle+1","floor":22}],"player_experience":333189,"relics_obtained":[{"floor":11,"key":"Grinning Jar"},{"floor":23,"key":"Ring of Hypnosis"},{"floor":23,"key":"ReplayTheSpireMod:Ring of Addiction"},{"floor":23,"key":"Toy Ornithopter"},{"floor":23,"key":"SacredBark"}],"event_choices":[{"damage_healed":0,"gold_gain":0,"player_choice":"Leave","damage_taken":0,"max_hp_gain":0,"max_hp_loss":0,"event_name":"conspire:Investor","floor":13,"gold_loss":0}],"is_beta":false,"boss_relics":[{"not_picked":["conspire:SpecialSausage","Velvet Choker"],"picked":"conspire:RoyalGoblet"}],"items_purged_floors":[],"is_endless":false,"potions_floor_spawned":[2,11,15,19,22],"killed_by":"Snecko","ascension_level":0}}