{"host":"pgm1p3lvdjflie30","time":1611715539,"event":{"mods":["100% Spire Juice","AchievementEnabler","Bard","BaseMod","Colored Map","Colored Powertips","Conspire","Energized Spire","Gremlin Mod","GungeonMod","Highlight Path","HornydragonMod","Minty Spire (QoL Compilation)","Nova Terra(?娃·泰拉)","Reimu（博???）","Robot Space Explorer","SOS（斯巴?之子）","StSLib","The Bug Knight","The Dragon Tamer","The Gatherer","The IronCluck","The Jungle","The Runesmith","The Saiyan","The Senshi","The Servant 0.9.4","TheHeartMod","Waifu the Spire","【?物卡牌】REMEMod"],"gold_per_floor":[113,113,147,27,39,39,68,68,92,92,112,128,8,8,8,106,106,124,0,12,12,12],"floor_reached":21,"language":"ZHS","playtime":1002,"items_purged":[],"score":277,"play_id":"30eebebc-4495-4c74-a5bc-5e3f7ecf32c5","local_time":"20210127104539","is_ascension_mode":false,"campfire_choices":[{"floor":6.0,"key":"RECALL"},{"data":"Moonworks:IndiscriminateFireSupport","floor":8.0,"key":"SMITH"},{"data":"Moonworks:JonathanRush","floor":10.0,"key":"SMITH"},{"floor":15.0,"key":"REST"}],"circlet_count":0,"master_deck":["Moonworks:Strike+1","Moonworks:Strike","Moonworks:Strike","Moonworks:Defend","Moonworks:Defend","Moonworks:Defend","Moonworks:Defend","Moonworks:Ambush","Moonworks:LongDistanceShot+1","theHeart:HeartAttack","Moonworks:LulusLuckyEgg","Moonworks:RagingMadness","Moonworks:IndiscriminateFireSupport+1","Moonworks:JonathanRush+1","Moonworks:GoAway","Moonworks:SakisCookie","Moonworks:AwakeningOfTalent","Moonworks:Gamble","Moonworks:EvilSpyWorkPreparation","Moonworks:CloudOfSeagulls"],"relics":["Moonworks:BrokenBomb","Moonworks:Homemark","REME_ComplimentaryCards","Nunchaku","Whetstone","DemoMod:SevenLeafClover","Lizard Tail","REME_PuzzleBoxRelic","REME_ChargedStone"],"acts_visited":["Exordium","TheCity"],"potions_floor_usage":[],"damage_taken":[{"damage":5.0,"enemies":"Small Slimes","floor":1.0,"turns":6.0},{"damage":0.0,"enemies":"Cultist","floor":3.0,"turns":9.0},{"damage":3.0,"enemies":"Cultist","floor":5.0,"turns":4.0},{"damage":20.0,"enemies":"Lagavulin","floor":7.0,"turns":2.0},{"damage":5.0,"enemies":"Jaw Worm","floor":11.0,"turns":3.0},{"damage":0.0,"enemies":"Blue Slaver","floor":12.0,"turns":3.0},{"damage":25.0,"enemies":"Slime Boss","floor":16.0,"turns":2.0},{"damage":0,"enemies":"Spheric Guardian","floor":18,"turns":1},{"damage":0,"enemies":"Chosen","floor":20,"turns":1},{"damage":101008,"enemies":"Centurion and Healer","floor":21,"turns":4}],"seed_played":"-6508017488809201489","potions_obtained":[{"floor":5.0,"key":"Ancient Potion"},{"floor":11.0,"key":"Swift Potion"},{"floor":12.0,"key":"Strength Potion"},{"floor":20,"key":"AttackPotion"}],"is_trial":false,"path_per_floor":["M","?","?","$","M","R","E","R","T","R","M","M","$","?","R","B",null,"M","?","M","M"],"character_chosen":"THE_STARBREAKER","items_purchased":[],"campfire_rested":1,"item_purchase_floors":[],"current_hp_per_floor":[55,55,55,55,52,52,32,32,32,32,27,27,27,27,45,20,60,60,60,60,0,0],"gold":12,"neow_bonus":"RANDOM_COMMON_RELIC","is_daily":false,"chose_seed":false,"campfire_upgraded":2,"win_rate":0.0,"timestamp":1611715539,"path_taken":["M","?","?","$","M","R","E","R","T","R","M","?","?","?","R","BOSS","M","?","M","M"],"items_purchased_type":[],"build_version":"2020-12-22","purchased_purges":0,"victory":false,"max_hp_per_floor":[60,60,60,60,60,60,60,60,60,60,60,60,60,60,60,60,60,60,60,60,60,60],"card_choices":[{"not_picked":["Moonworks:RagingMadness","Moonworks:DevilHand"],"picked":"Moonworks:LulusLuckyEgg","floor":1.0},{"not_picked":["Moonworks:ReproductionOfRecords","Moonworks:EvilSpyWorkPreparation"],"picked":"Moonworks:RagingMadness","floor":3.0},{"not_picked":["Moonworks:DeployBits","Moonworks:SakisCookie"],"picked":"Moonworks:IndiscriminateFireSupport","floor":5.0},{"not_picked":["Moonworks:CloudOfSeagulls","Moonworks:SakisCookie"],"picked":"Moonworks:JonathanRush","floor":7.0},{"not_picked":["Moonworks:HolyNight","Moonworks:FinalBattle"],"picked":"Moonworks:GoAway","floor":9.0},{"not_picked":["Moonworks:IndiscriminateFireSupport","Moonworks:IntelligenceOfficer"],"picked":"Moonworks:SakisCookie","floor":11.0},{"not_picked":["Moonworks:ReproductionOfRecords","Moonworks:IndiscriminateFireSupport"],"picked":"Moonworks:AwakeningOfTalent","floor":12.0},{"not_picked":["Moonworks:SubspaceTunnel","Moonworks:Blazing"],"picked":"Moonworks:Gamble","floor":16.0},{"not_picked":["Moonworks:BackdoorTrade","Moonworks:TacticalRetreat"],"picked":"Moonworks:EvilSpyWorkPreparation","floor":18},{"not_picked":["Moonworks:CompletionReward","Moonworks:LuckyCharm"],"picked":"Moonworks:CloudOfSeagulls","floor":20}],"player_experience":307383,"relics_obtained":[{"floor":3.0,"key":"Whetstone"},{"floor":7.0,"key":"DemoMod:SevenLeafClover"},{"floor":9.0,"key":"Lizard Tail"}],"event_choices":[{"cards_removed":["Moonworks:Strike"],"damage_healed":0.0,"max_hp_gain":0.0,"max_hp_loss":0.0,"gold_gain":0.0,"event_name":"Purifier","player_choice":"Purged","floor":2.0,"gold_loss":0.0,"damage_taken":0.0},{"damage_healed":0.0,"max_hp_gain":0.0,"max_hp_loss":0.0,"gold_gain":0.0,"event_name":"Big Fish","player_choice":"Box","floor":14.0,"gold_loss":0.0,"damage_taken":0.0,"relics_obtained":["REME_PuzzleBoxRelic"],"cards_obtained":["Regret"]},{"cards_removed":["Regret"],"damage_healed":0,"gold_gain":0,"player_choice":"Gave Gold","damage_taken":0,"max_hp_gain":0,"max_hp_loss":0,"event_name":"Beggar","floor":19,"gold_loss":75}],"is_beta":false,"boss_relics":[{"not_picked":["RedLine:ReiMu","Empty Cage"],"picked":"REME_ChargedStone"}],"items_purged_floors":[],"is_endless":false,"potions_floor_spawned":[5,11,12,20],"killed_by":"Centurion and Healer","ascension_level":0}}