{"host":"qswkx8hggytna0kc","time":1611733246,"event":{"mods":["Aspiration","BaseMod","BetterRewards","Colored Map","Colored Powertips","Highlight Path","Hubris","Mimic Mod","Minty Spire (QoL Compilation)","MostiFishMod","Quick Restart","Replay The Spire","StSLib","SuperFastMode"],"gold_per_floor":[114,114,39,39,39,73,73,84,109,119,135,160,138,138,138,238,238],"floor_reached":16,"language":"ZHS","playtime":409,"items_purged":[],"score":270,"play_id":"4a0b5226-426a-43c7-9174-a815c1996fde","local_time":"20210127154046","is_ascension_mode":true,"campfire_choices":[{"data":"Recycle","floor":7,"key":"SMITH"},{"floor":15,"key":"REST"}],"circlet_count":0,"master_deck":["AscendersBane","Strike_B","Strike_B","Strike_B","Defend_B","Defend_B","Defend_B","Zap","Dualcast","Recycle+1","Thunder Strike+1","Beam Cell","ReplayGash","Gash","Streamline"],"relics":["Cracked Core","DaveBox","ImprovedEquipment","NeowsBlessing","SynthV:TestCard","hubris:Icosahedron","Lantern","Bag of Marbles","Replay:Bottled Flurry","Replay:Accelerometer"],"acts_visited":["Exordium"],"potions_floor_usage":[11,12],"damage_taken":[{"damage":0.0,"enemies":"Jaw Worm","floor":1.0,"turns":1.0},{"damage":0,"enemies":"Replay:BlueRogue","floor":6,"turns":1},{"damage":0,"enemies":"2 Louse","floor":8,"turns":1},{"damage":3,"enemies":"Small Slimes","floor":10,"turns":4},{"damage":3,"enemies":"Looter","floor":11,"turns":3},{"damage":38,"enemies":"Gremlin Nob","floor":12,"turns":4},{"damage":12,"enemies":"Exordium Thugs","floor":13,"turns":4},{"damage":50,"enemies":"Fading Forest","floor":16,"turns":11}],"seed_played":"-6542823855465458663","potions_obtained":[{"floor":6,"key":"PowerPotion"},{"floor":8,"key":"Adrenaline Potion"}],"is_trial":false,"path_per_floor":["M","?","?","?","$","E","R","M","T","M","M","E","M","?","R","B"],"character_chosen":"DEFECT","items_purchased":[],"campfire_rested":1,"item_purchase_floors":[],"current_hp_per_floor":[64,64,64,64,64,64,64,64,64,61,58,20,8,8,29,0,0],"gold":238,"neow_bonus":"THREE_ENEMY_KILL","is_daily":false,"chose_seed":false,"campfire_upgraded":1,"win_rate":0.0,"timestamp":1611733246,"path_taken":["M","?","?","?","$","E","R","M","T","M","M","E","?","?","R","BOSS"],"items_purchased_type":[],"build_version":"2020-12-22","purchased_purges":0,"victory":false,"max_hp_per_floor":[71,71,71,71,71,71,71,71,71,71,71,71,71,71,71,71,71],"card_choices":[{"not_picked":["Stack","Ball Lightning"],"picked":"Recycle","floor":1.0},{"not_picked":["MostiFishMod:Nova","Lockon","Conserve Battery","ReplayTheSpireMod:Reroute Power"],"picked":"Beam Cell","floor":6},{"not_picked":["Steam Power","Consume","Stack","Auto Shields"],"picked":"ReplayGash","floor":8},{"not_picked":["ReplayTheSpireMod:Reroute Power","MostiFishMod:GatherIntelligence","Redo","Steam"],"picked":"Gash","floor":10},{"not_picked":["hubris:Ukulele","Conserve Battery","Coolheaded","Doom and Gloom","Barrage"],"picked":"SKIP","floor":11},{"not_picked":["Coolheaded","ReplayTheSpireMod:System Scan","Panic Button","Steam"],"picked":"Streamline","floor":12},{"not_picked":["Static Discharge","BasicCrystalCard","Rebound","Cold Snap","Ball Lightning"],"picked":"SKIP","floor":13}],"player_experience":374916,"relics_obtained":[{"floor":1.0,"key":"SynthV:TestCard"},{"floor":6,"key":"Lantern"},{"floor":9,"key":"Bag of Marbles"},{"floor":12,"key":"Replay:Bottled Flurry"}],"event_choices":[{"cards_removed":["Strike_B"],"damage_healed":0,"gold_gain":0,"player_choice":"Card Removal","damage_taken":0,"max_hp_gain":0,"max_hp_loss":0,"event_name":"The Cleric","floor":3,"gold_loss":75},{"damage_healed":0,"gold_gain":0,"player_choice":"Searched \u00271\u0027 times","damage_taken":0,"relics_obtained":["Replay:Accelerometer"],"max_hp_gain":0,"max_hp_loss":0,"event_name":"Dead Adventurer","floor":14,"gold_loss":0}],"is_beta":false,"boss_relics":[],"items_purged_floors":[],"is_endless":false,"potions_floor_spawned":[6,8,10],"killed_by":"Fading Forest","ascension_level":20}}