{"host":"wmz27iczv4t8azac","time":1611780025,"event":{"mods":["AchievementEnabler","BaseMod","Colored Powertips","Minty Spire (QoL Compilation)","Quick Restart","Relic Stats","StSLib"],"gold_per_floor":[359,44,60,60,72,72,72,103,103,50,382,394,412,426,426,499,499,515,515,515,530,541,566,30,55,55,72,72,72,103,114,114,193,193,206,216,216,228,95,95,127,127,127,127,157,175,175,190,190,190,190,190,190,16,41,41],"floor_reached":57,"language":"ENG","playtime":2928,"items_purged":[],"score":3039,"play_id":"b5efff48-f4d2-4238-8dc3-06fac29b2e29","local_time":"20210127124025","is_ascension_mode":true,"campfire_choices":[{"data":"Dagger Spray","floor":6.0,"key":"SMITH"},{"data":"Terror","floor":15.0,"key":"SMITH"},{"floor":28.0,"key":"REST"},{"data":"Adrenaline","floor":32.0,"key":"SMITH"},{"data":"Leg Sweep","floor":40.0,"key":"SMITH"},{"data":"Night Terror","floor":42.0,"key":"SMITH"},{"floor":44.0,"key":"REST"},{"floor":49.0,"key":"RECALL"},{"floor":53.0,"key":"REST"}],"circlet_count":0,"master_deck":["AscendersBane","Strike_G+1","Strike_G+1","Strike_G+1","Strike_G+1","Strike_G+1","Defend_G+1","Defend_G+1","Defend_G+1","Defend_G+1","Defend_G+1","Survivor","Neutralize+1","Writhe","Slice","Slice","Dash","Dagger Spray+1","Terror+1","Blade Dance","Masterful Stab","Eviscerate","Calculated Gamble","After Image","Backflip+1","RitualDagger","Dodge and Roll","Acrobatics","Noxious Fumes","Footwork","Backstab","Injury","Adrenaline+1","Shame","Deflect+1","Parasite","Leg Sweep+1","Night Terror+1","Clumsy","Footwork"],"relics":["Ring of the Snake","Shuriken","The Courier","Pen Nib","Old Coin","Cursed Key","Dead Branch","Sling","Pear","Gremlin Horn","Bottled Tornado","StrikeDummy","Paper Crane","SlaversCollar","Bronze Scales","Toy Ornithopter","Girya","ClockworkSouvenir","Vajra"],"acts_visited":["Exordium","TheCity","TheBeyond","TheEnding"],"potions_floor_usage":[56,56],"damage_taken":[{"damage":0.0,"enemies":"2 Louse","floor":1.0,"turns":2.0},{"damage":5.0,"enemies":"Small Slimes","floor":3.0,"turns":4.0},{"damage":0.0,"enemies":"Jaw Worm","floor":5.0,"turns":3.0},{"damage":7.0,"enemies":"Lagavulin","floor":8.0,"turns":5.0},{"damage":0.0,"enemies":"3 Sentries","floor":11.0,"turns":4.0},{"damage":3.0,"enemies":"Large Slime","floor":12.0,"turns":5.0},{"damage":5.0,"enemies":"Blue Slaver","floor":13.0,"turns":3.0},{"damage":0.0,"enemies":"3 Louse","floor":14.0,"turns":3.0},{"damage":3.0,"enemies":"Hexaghost","floor":16.0,"turns":7.0},{"damage":8.0,"enemies":"Shell Parasite","floor":18.0,"turns":5.0},{"damage":0.0,"enemies":"3 Byrds","floor":21.0,"turns":4.0},{"damage":17.0,"enemies":"Snake Plant","floor":22.0,"turns":4.0},{"damage":10.0,"enemies":"Book of Stabbing","floor":23.0,"turns":5.0},{"damage":10.0,"enemies":"Slavers","floor":25.0,"turns":5.0},{"damage":0.0,"enemies":"3 Cultists","floor":27.0,"turns":4.0},{"damage":12.0,"enemies":"Book of Stabbing","floor":30.0,"turns":3.0},{"damage":0.0,"enemies":"Cultist and Chosen","floor":31.0,"turns":3.0},{"damage":0.0,"enemies":"Collector","floor":33.0,"turns":5.0},{"damage":3.0,"enemies":"Orb Walker","floor":35.0,"turns":2.0},{"damage":20.0,"enemies":"3 Darklings","floor":36.0,"turns":3.0},{"damage":2.0,"enemies":"Writhing Mass","floor":38.0,"turns":6.0},{"damage":14.0,"enemies":"Nemesis","floor":41.0,"turns":5.0},{"damage":14.0,"enemies":"Giant Head","floor":45.0,"turns":6.0},{"damage":0.0,"enemies":"Maw","floor":46.0,"turns":6.0},{"damage":0.0,"enemies":"Transient","floor":48.0,"turns":6.0},{"damage":13.0,"enemies":"Awakened One","floor":50.0,"turns":13.0},{"damage":22.0,"enemies":"Donu and Deca","floor":51.0,"turns":9.0},{"damage":0.0,"enemies":"Shield and Spear","floor":55.0,"turns":3.0},{"damage":59,"enemies":"The Heart","floor":56,"turns":9}],"seed_played":"6064258361119919619","potions_obtained":[{"floor":1.0,"key":"DistilledChaos"},{"floor":3.0,"key":"EntropicBrew"},{"floor":11.0,"key":"SteroidPotion"},{"floor":12.0,"key":"SpeedPotion"},{"floor":18.0,"key":"SkillPotion"},{"floor":25.0,"key":"Regen Potion"},{"floor":30.0,"key":"DistilledChaos"},{"floor":33.0,"key":"PowerPotion"},{"floor":35.0,"key":"DuplicationPotion"},{"floor":36.0,"key":"Fire Potion"},{"floor":45.0,"key":"SneckoOil"},{"floor":46.0,"key":"BlessingOfTheForge"},{"floor":55.0,"key":"DistilledChaos"}],"is_trial":false,"path_per_floor":["M","$","M","?","M","R","?","E","T","?","E","M","M","M","R","B",null,"M","?","?","M","M","E","$","E","T","M","R","?","E","M","R","B",null,"M","M","?","M","$","R","E","R","T","R","E","M","?","M","R","B","B",null,"R","$","E","B",null],"character_chosen":"THE_SILENT","items_purchased":["Shuriken","Slice","Footwork","Sling","Backstab","Pear","Dexterity Potion","Bronze Scales","ClockworkSouvenir","Energy Potion"],"campfire_rested":3,"item_purchase_floors":[2,2,24,24,24,24,24,39,54,54],"current_hp_per_floor":[59,59,54,54,54,54,34,27,27,27,27,24,19,19,19,16,54,46,46,40,40,23,13,23,13,13,25,47,47,35,35,35,35,66,63,43,43,41,41,41,27,27,27,49,40,40,40,45,45,37,15,58,72,72,72,23],"gold":41,"neow_bonus":"TWO_FIFTY_GOLD","is_daily":false,"chose_seed":false,"campfire_upgraded":5,"win_rate":0.0,"timestamp":1611780025,"path_taken":["M","$","M","?","M","R","?","E","T","?","E","M","M","M","R","BOSS","M","?","?","M","M","E","$","E","T","M","R","?","E","M","R","BOSS","M","M","?","M","?","R","E","R","T","R","E","M","?","M","R","BOSS","BOSS","R","$","E","BOSS"],"items_purchased_type":["Relic","Card","Card","Relic","Card","Relic","Potion","Relic","Relic","Potion"],"build_version":"2020-12-22","purchased_purges":0,"victory":true,"max_hp_per_floor":[66,66,66,66,66,66,66,66,66,66,66,66,66,66,66,66,66,66,66,66,66,66,66,76,76,76,76,76,76,76,76,76,76,76,76,76,76,76,76,76,76,76,76,76,76,76,72,72,72,72,72,72,72,72,72,72],"relic_stats":{"Gremlin Horn":[12,12],"counters":[29,142],"Shuriken":[100],"Dead Branch":[186],"Bronze Scales":[240],"Pen Nib":[41],"Cursed Key":2,"obtain_stats":[{"Girya":45,"Pear":24,"Gremlin Horn":25,"Dead Branch":23,"Vajra":55,"The Courier":8,"Pen Nib":9,"Bottled Tornado":26,"Paper Crane":30,"Cursed Key":17,"Sling":24,"Old Coin":11,"ClockworkSouvenir":54,"SlaversCollar":34,"Shuriken":2,"Bronze Scales":39,"StrikeDummy":29,"Toy Ornithopter":41,"Ring of the Snake":0},{"Girya":23,"Pear":13,"Gremlin Horn":14,"Dead Branch":13,"Vajra":28,"The Courier":4,"Pen Nib":4,"Bottled Tornado":14,"Paper Crane":16,"Cursed Key":9,"Sling":13,"Old Coin":5,"ClockworkSouvenir":27,"SlaversCollar":18,"Shuriken":1,"Bronze Scales":21,"StrikeDummy":15,"Toy Ornithopter":22,"Ring of the Snake":0},{"Girya":96,"Pear":54,"Gremlin Horn":59,"Dead Branch":54,"Vajra":133,"The Courier":14,"Pen Nib":14,"Bottled Tornado":59,"Paper Crane":66,"Cursed Key":36,"Sling":54,"Old Coin":18,"ClockworkSouvenir":130,"SlaversCollar":74,"Shuriken":2,"Bronze Scales":85,"StrikeDummy":63,"Toy Ornithopter":90,"Ring of the Snake":0}],"Toy Ornithopter":25,"Ring of the Snake":[58]},"card_choices":[{"not_picked":["Outmaneuver","Acrobatics"],"picked":"Slice","floor":1.0},{"not_picked":["Acrobatics","Bane"],"picked":"Dash","floor":3.0},{"not_picked":["Underhanded Strike","Heel Hook"],"picked":"Dagger Spray","floor":5.0},{"not_picked":["Blur","Masterful Stab"],"picked":"Terror","floor":8.0},{"not_picked":["Dagger Spray","Bullet Time"],"picked":"Blade Dance","floor":11.0},{"not_picked":["Underhanded Strike","Backflip"],"picked":"Masterful Stab","floor":12.0},{"not_picked":["Sucker Punch","Catalyst"],"picked":"Eviscerate","floor":13.0},{"not_picked":["Bane","Underhanded Strike"],"picked":"Calculated Gamble","floor":14.0},{"not_picked":["Grand Finale","Wraith Form v2"],"picked":"After Image","floor":16.0},{"not_picked":["Outmaneuver","Deadly Poison"],"picked":"Backflip+1","floor":18.0},{"not_picked":["Sucker Punch","Heel Hook"],"picked":"Dodge and Roll","floor":21.0},{"not_picked":["Bane","Backflip"],"picked":"Acrobatics","floor":22.0},{"not_picked":["Outmaneuver+1","Bane"],"picked":"Noxious Fumes","floor":23.0},{"not_picked":["Dagger Throw","Deadly Poison","Sucker Punch"],"picked":"SKIP","floor":25.0},{"not_picked":["Heel Hook","Outmaneuver"],"picked":"Adrenaline","floor":27.0},{"not_picked":["Dagger Throw+1","Flying Knee","Poisoned Stab"],"picked":"SKIP","floor":30.0},{"not_picked":["Deadly Poison","Slice+1","Masterful Stab+1"],"picked":"SKIP","floor":31.0},{"not_picked":["Bane","Eviscerate"],"picked":"Deflect+1","floor":35.0},{"not_picked":["Choke","Finisher","Dagger Throw"],"picked":"SKIP","floor":36.0},{"not_picked":["Acrobatics","Bane"],"picked":"Leg Sweep","floor":38.0},{"not_picked":["Distraction","All Out Attack+1"],"picked":"Night Terror","floor":41.0},{"not_picked":["Predator","Outmaneuver"],"picked":"Footwork","floor":45.0},{"not_picked":["Deflect","Eviscerate","Underhanded Strike"],"picked":"SKIP","floor":46.0},{"not_picked":["Dagger Spray+1","Flying Knee","Leg Sweep+1"],"picked":"SKIP","floor":48.0},{"not_picked":["Heel Hook","Bane","Masterful Stab"],"picked":"SKIP","floor":55.0}],"player_experience":945314,"relics_obtained":[{"floor":8.0,"key":"The Courier"},{"floor":9.0,"key":"Pen Nib"},{"floor":11.0,"key":"Old Coin"},{"floor":23.0,"key":"Dead Branch"},{"floor":25.0,"key":"Gremlin Horn"},{"floor":26.0,"key":"Bottled Tornado"},{"floor":30.0,"key":"Paper Crane"},{"floor":41.0,"key":"Toy Ornithopter"},{"floor":45.0,"key":"Girya"},{"floor":55.0,"key":"Vajra"}],"event_choices":[{"damage_healed":0.0,"max_hp_gain":0.0,"max_hp_loss":0.0,"gold_gain":0.0,"event_name":"Liars Game","player_choice":"Ignored","floor":4.0,"gold_loss":0.0,"damage_taken":0.0},{"damage_healed":0.0,"max_hp_gain":0.0,"max_hp_loss":0.0,"gold_gain":0.0,"event_name":"Shining Light","player_choice":"Entered Light","floor":7.0,"gold_loss":0.0,"damage_taken":20.0,"cards_upgraded":["Neutralize","Defend_G"]},{"damage_healed":0.0,"max_hp_gain":0.0,"max_hp_loss":0.0,"gold_gain":0.0,"event_name":"World of Goop","player_choice":"Left Gold","floor":10.0,"gold_loss":53.0,"damage_taken":0.0},{"damage_healed":0.0,"max_hp_gain":0.0,"max_hp_loss":0.0,"gold_gain":0.0,"event_name":"Back to Basics","player_choice":"Simplicity","floor":19.0,"gold_loss":0.0,"damage_taken":0.0,"cards_upgraded":["Strike_G","Strike_G","Strike_G","Strike_G","Strike_G","Defend_G","Defend_G","Defend_G","Defend_G"]},{"damage_healed":0.0,"max_hp_gain":0.0,"max_hp_loss":0.0,"gold_gain":0.0,"event_name":"Nest","player_choice":"Joined the Cult","floor":20.0,"gold_loss":0.0,"damage_taken":6.0,"cards_obtained":["RitualDagger"]},{"damage_healed":0.0,"max_hp_gain":0.0,"max_hp_loss":0.0,"gold_gain":0.0,"event_name":"Addict","player_choice":"Stole Relic","floor":29.0,"gold_loss":0.0,"damage_taken":0.0,"relics_obtained":["StrikeDummy"],"cards_obtained":["Shame"]},{"damage_healed":0.0,"max_hp_gain":0.0,"max_hp_loss":0.0,"gold_gain":0.0,"event_name":"Match and Keep!","player_choice":"0 cards matched","floor":37.0,"gold_loss":0.0,"damage_taken":0.0,"cards_obtained":[]},{"damage_healed":0.0,"max_hp_gain":0.0,"max_hp_loss":4.0,"gold_gain":0.0,"event_name":"Winding Halls","player_choice":"Max HP","floor":47.0,"gold_loss":0.0,"damage_taken":0.0}],"is_beta":false,"boss_relics":[{"not_picked":["Ectoplasm","Runic Dome"],"picked":"Cursed Key"},{"not_picked":["Pandora\u0027s Box","Empty Cage"],"picked":"SlaversCollar"}],"items_purged_floors":[],"is_endless":false,"potions_floor_spawned":[1,3,11,12,18,25,30,33,35,36,45,46,55],"ascension_level":20}}