{"host":"ctlqibkg0sskiu65","time":1611728302,"event":{"mods":["AchievementEnabler","Aspiration","BaseMod","BetterRewards","Colored Map","Colored Powertips","Conspire","Fiend Mod","Infinite Spire","Minty Spire (QoL Compilation)","Quick Restart","Replay The Spire","Shop Mod","StSLib","The Bladedancer","The Cursed","The Hierophant","The Jungle","The Kombatant","The Servant 0.9.4","TheBandit"],"gold_per_floor":[115,133,145,145,39,39,71,71,71,71,71,71,71,85,85,85,85],"floor_reached":16,"language":"ENG","playtime":617,"items_purged":[],"score":186,"play_id":"e676ab97-5962-4387-a953-3135ed6911bb","local_time":"20210127001822","is_ascension_mode":true,"campfire_choices":[{"data":"Dramatic Entrance","floor":6.0,"key":"SMITH"},{"data":"Dagger Spray","floor":8.0,"key":"SMITH"},{"data":"Replay:Bootleg Shield Generator","floor":11.0,"key":"SMITH"},{"data":"Quick Slash","floor":15.0,"key":"SMITH"}],"circlet_count":0,"master_deck":["AscendersBane","Strike_G","Strike_G","Strike_G","Strike_G","Defend_G","Defend_G","Defend_G","Defend_G","Defend_G","Survivor","Neutralize","Replay:Bootleg Shield Generator+1","Dagger Spray+1","Deflect","Dramatic Entrance+1","Quick Slash+1","Hidden Blade"],"relics":["Ring of the Snake","Juzu Bracelet","Pet Ghost","FaceOfCleric","Ice Cream"],"acts_visited":["Exordium"],"potions_floor_usage":[16,16],"damage_taken":[{"damage":1.0,"enemies":"2 Louse","floor":1.0,"turns":5.0},{"damage":0.0,"enemies":"Cultist","floor":2.0,"turns":5.0},{"damage":0.0,"enemies":"Small Slimes","floor":3.0,"turns":5.0},{"damage":7.0,"enemies":"3 Sentries","floor":7.0,"turns":4.0},{"damage":0.0,"enemies":"Exordium Wildlife","floor":14.0,"turns":1.0},{"damage":79,"enemies":"Slime Boss","floor":16,"turns":13}],"seed_played":"-5749547633313722712","potions_obtained":[{"floor":1.0,"key":"Reflective Coating"},{"floor":7.0,"key":"Regen Potion"},{"floor":14.0,"key":"Block Potion"}],"is_trial":false,"path_per_floor":["M","M","M","?","$","R","E","R","T","?","R","T","?","M","R","B"],"character_chosen":"THE_SILENT","items_purchased":["Replay:Bootleg Shield Generator","Dramatic Entrance"],"campfire_rested":0,"item_purchase_floors":[0,5],"current_hp_per_floor":[58,58,58,58,58,58,51,51,51,51,51,51,56,57,57,0,0],"gold":85,"neow_bonus":"","is_daily":false,"chose_seed":false,"campfire_upgraded":4,"win_rate":0.0,"timestamp":1611728302,"path_taken":["M","M","M","?","$","R","E","R","T","?","R","?","?","M","R","BOSS"],"items_purchased_type":["Card","Card"],"build_version":"2020-12-22","purchased_purges":0,"victory":false,"max_hp_per_floor":[66,66,66,66,66,66,66,66,66,66,66,66,71,72,72,72,72],"card_choices":[{"not_picked":["Flechettes","Underhanded Strike"],"picked":"Dagger Spray","floor":1.0},{"not_picked":["Underhanded Strike","Heel Hook"],"picked":"Deflect","floor":2.0},{"not_picked":["Well Laid Plans","Replay:Poison Smokescreen","conspire:PoisonWeapons"],"picked":"SKIP","floor":3.0},{"not_picked":["Cloak And Dagger","Underhanded Strike"],"picked":"Quick Slash","floor":7.0},{"not_picked":["Deadly Poison","Masterful Stab"],"picked":"Hidden Blade","floor":14.0}],"player_experience":245704,"relics_obtained":[{"floor":7.0,"key":"Juzu Bracelet"},{"floor":9.0,"key":"Pet Ghost"},{"floor":12.0,"key":"Ice Cream"}],"event_choices":[{"cards_removed":["Strike_G"],"damage_healed":0.0,"max_hp_gain":0.0,"max_hp_loss":0.0,"gold_gain":0.0,"event_name":"Bonfire Elementals","player_choice":"Offered Basic","floor":4.0,"gold_loss":0.0,"damage_taken":0.0},{"damage_healed":0.0,"max_hp_gain":0.0,"max_hp_loss":0.0,"gold_gain":0.0,"event_name":"FaceTrader","player_choice":"Trade","floor":10.0,"gold_loss":0.0,"damage_taken":0.0,"relics_obtained":["FaceOfCleric"]},{"damage_healed":0.0,"max_hp_gain":5.0,"max_hp_loss":0.0,"gold_gain":0.0,"event_name":"Big Fish","player_choice":"Donut","floor":13.0,"gold_loss":0.0,"damage_taken":0.0}],"is_beta":false,"boss_relics":[],"items_purged_floors":[],"is_endless":false,"potions_floor_spawned":[1,7,14],"killed_by":"Slime Boss","ascension_level":18}}