{"host":"6jrd8fn9k88n08be","time":1611712873,"event":{"mods":["BaseMod","Minty Spire (QoL Compilation)","StSLib"],"gold_per_floor":[112,112,130,205,219,246,246,278,278,312,340,340,360,369,369,480,543,563,563,478,518,558,570,582,582],"floor_reached":24,"language":"ENG","playtime":1442,"items_purged":[],"score":248,"play_id":"a03d2533-d1b7-4145-942d-d5a64b4ecdad","local_time":"20210126210113","is_ascension_mode":true,"campfire_choices":[{"data":"Eruption","floor":7,"key":"SMITH"},{"floor":12,"key":"REST"},{"floor":15,"key":"REST"},{"data":"DevaForm","floor":23,"key":"SMITH"}],"circlet_count":0,"master_deck":["Eruption+1","Vigilance","SandsOfTime","Good Instincts","EmptyBody","Blasphemy","Swivel","ReachHeaven","EmptyMind","Prostrate","Adaptation","Prostrate","SpiritShield","Scrawl","DevaForm+1","BowlingBash","Protect","WaveOfTheHand","Pray","FollowUp","Scrawl","ClearTheMind","Protect","CrushJoints+1"],"relics":["PureWater","Strawberry","Sundial","CeramicFish","Potion Belt","Pandora\u0027s Box","MawBank"],"acts_visited":["Exordium","TheCity"],"potions_floor_usage":[6,11,16,21],"damage_taken":[{"damage":2,"enemies":"Jaw Worm","floor":1,"turns":4},{"damage":0,"enemies":"Cultist","floor":3,"turns":3},{"damage":0,"enemies":"Small Slimes","floor":5,"turns":3},{"damage":20,"enemies":"3 Sentries","floor":6,"turns":8},{"damage":23,"enemies":"Gremlin Nob","floor":8,"turns":4},{"damage":25,"enemies":"Lagavulin","floor":10,"turns":6},{"damage":0,"enemies":"2 Fungi Beasts","floor":11,"turns":3},{"damage":14,"enemies":"Exordium Thugs","floor":13,"turns":5},{"damage":3,"enemies":"Hexaghost","floor":16,"turns":9},{"damage":4,"enemies":"Spheric Guardian","floor":18,"turns":4},{"damage":20,"enemies":"Shell Parasite","floor":21,"turns":5},{"damage":16,"enemies":"Centurion and Healer","floor":22,"turns":5},{"damage":55,"enemies":"Slavers","floor":24,"turns":3}],"seed_played":"5428536746321195209","potions_obtained":[{"floor":5,"key":"GamblersBrew"},{"floor":6,"key":"BottledMiracle"},{"floor":10,"key":"ColorlessPotion"},{"floor":11,"key":"LiquidMemories"}],"is_trial":false,"path_per_floor":["M","?","M","?","M","E","R","E","T","E","M","R","M","?","R","B",null,"M","?","?","M","M","R","E"],"character_chosen":"WATCHER","items_purchased":[],"campfire_rested":2,"item_purchase_floors":[],"current_hp_per_floor":[77,77,77,66,66,53,53,30,30,5,5,30,16,16,41,38,86,82,82,82,62,46,46,0,0],"gold":582,"neow_bonus":"TEN_PERCENT_HP_BONUS","is_daily":false,"chose_seed":false,"campfire_upgraded":2,"win_rate":0.0,"timestamp":1611712873,"path_taken":["M","?","?","?","M","E","R","E","T","E","M","R","M","?","R","BOSS","M","?","?","M","M","R","E"],"items_purchased_type":[],"build_version":"2020-12-22","purchased_purges":0,"victory":false,"max_hp_per_floor":[79,79,79,79,79,86,86,86,86,86,86,86,86,86,86,86,86,86,86,86,86,86,86,86,86],"card_choices":[{"not_picked":["Halt","Protect"],"picked":"SandsOfTime","floor":1},{"not_picked":["Study","Meditate"],"picked":"Swivel","floor":3},{"not_picked":["Prostrate","Collect"],"picked":"ReachHeaven","floor":5},{"not_picked":["Meditate","Weave"],"picked":"EmptyMind","floor":6},{"not_picked":["EmptyBody","Establishment"],"picked":"Prostrate","floor":8},{"not_picked":["SashWhip","Crescendo"],"picked":"Adaptation","floor":10},{"not_picked":["FlyingSleeves","Consecrate"],"picked":"Prostrate","floor":11},{"not_picked":["EmptyMind","FlyingSleeves"],"picked":"SpiritShield","floor":13},{"not_picked":["Ragnarok","Omniscience"],"picked":"DevaForm","floor":16},{"not_picked":["CutThroughFate+1","Vengeance"],"picked":"ClearTheMind","floor":18},{"not_picked":["SashWhip+1","Consecrate"],"picked":"Protect","floor":21},{"not_picked":["Protect","FollowUp"],"picked":"CrushJoints+1","floor":22}],"player_experience":127473,"relics_obtained":[{"floor":6,"key":"Strawberry"},{"floor":8,"key":"Sundial"},{"floor":9,"key":"CeramicFish"},{"floor":10,"key":"Potion Belt"}],"event_choices":[{"damage_healed":0,"gold_gain":0,"player_choice":"3 cards matched","damage_taken":0,"max_hp_gain":0,"max_hp_loss":0,"event_name":"Match and Keep!","floor":2,"gold_loss":0,"cards_obtained":["Good Instincts","EmptyBody","Blasphemy"]},{"damage_healed":0,"gold_gain":75,"player_choice":"Gather Gold","damage_taken":11,"max_hp_gain":0,"max_hp_loss":0,"event_name":"World of Goop","floor":4,"gold_loss":0},{"damage_healed":0,"gold_gain":0,"cards_transformed":["Strike_P"],"player_choice":"Change","damage_taken":0,"max_hp_gain":0,"max_hp_loss":0,"event_name":"Living Wall","floor":14,"gold_loss":0,"cards_obtained":["Scrawl"]},{"cards_removed":["Nirvana"],"damage_healed":0,"gold_gain":0,"player_choice":"Elegance","damage_taken":0,"max_hp_gain":0,"max_hp_loss":0,"event_name":"Back to Basics","floor":19,"gold_loss":0},{"damage_healed":0,"gold_gain":0,"player_choice":"Obtained Relic","damage_taken":0,"relics_obtained":["MawBank"],"max_hp_gain":0,"max_hp_loss":0,"event_name":"Addict","floor":20,"gold_loss":85}],"is_beta":false,"boss_relics":[{"not_picked":["Busted Crown","Coffee Dripper"],"picked":"Pandora\u0027s Box"}],"items_purged_floors":[],"is_endless":false,"potions_floor_spawned":[5,6,10,11],"killed_by":"Slavers","ascension_level":3}}