{"host":"svzwxdz1ap0f6fks","time":1611769194,"event":{"mods":["AchievementEnabler","BaseMod","Downfall","Marisa????????","Minty Spire (QoL Compilation)","Replay The Spire","Shop Mod","StSLib","The Animator","The Cursed","The Disciple","The Servant 0.9.4"],"gold_per_floor":[111,126,126,143,153,179,191,207,278,278,313,333,343,358,358,458,458,472,472,8,25,25,25,55,55,80,111,123,155,183,207,219,336,348,377,389,411,434,461,473,500,525,537,35,105,65,75,91,91,91],"floor_reached":51,"language":"ENG","playtime":8081,"items_purged":[],"score":934,"play_id":"d2813235-e6fb-4f50-b633-7883196d1edd","local_time":"20210128013954","is_ascension_mode":false,"campfire_choices":[{"floor":10,"key":"RECALL"},{"data":"PropBag","floor":15,"key":"SMITH"},{"data":"DC","floor":23,"key":"SMITH"},{"data":"EarthLightRay","floor":25,"key":"SMITH"},{"data":"PropBag","floor":32,"key":"SMITH"},{"data":"MysteriousBeam","floor":40,"key":"SMITH"}],"circlet_count":0,"master_deck":["Defend_MRS","Defend_MRS+1","Defend_MRS","Defend_MRS","MasterSpark+1","UpSweep","IllusionStar","DC+1","DoubleSpark","PropBag+1","IllusionStar","MagicChant","Occultation","Acceleration","EarthLightRay+1","GalacticHalo","ShootingEcho","TreasureHunter","PropBag+1","Slimebound:Tackle+1","Slimebound:Tackle+1","Slimebound:Tackle+1","Parasite","Parasite","MysteriousBeam+1","GalacticHalo+1","SprinkleStarSeal+1","StarBarrage","IllusionStar+1","NonDirectionalLaser+1","NonDirectionalLaser","CollectingQuirk","DoubleSpark","Madness","Madness","PowerUp+1","NonDirectionalLaser+1","StarBarrage+1","AsteroidBelt+1","OrrerysSun+1","SporeBomb+1","MilkyWay+1","SporeBomb+1","LuminesStrike+1"],"relics":["MiniHakkero","Gremlin Horn","Ginger","Honey Jar","ShroomBag","Thread and Needle","Unceasing Top","Anchor","Bag of Preparation","MawBank","Replay:Towering Pillar of Hats","Busted Crown","HandmadeGrimoire","Happy Flower","Toy Ornithopter","Lee\u0027s Waffle","Vajra"],"acts_visited":["Exordium","TheCity","TheBeyond"],"potions_floor_usage":[11,11,16,18,33,33,41],"damage_taken":[{"damage":2,"enemies":"2 Louse","floor":1,"turns":3},{"damage":0,"enemies":"Cultist","floor":2,"turns":2},{"damage":11,"enemies":"Jaw Worm","floor":4,"turns":2},{"damage":5,"enemies":"Looter","floor":5,"turns":3},{"damage":26,"enemies":"3 Sentries","floor":6,"turns":5},{"damage":6,"enemies":"Exordium Wildlife","floor":7,"turns":2},{"damage":0,"enemies":"Large Slime","floor":8,"turns":3},{"damage":2,"enemies":"Gremlin Nob","floor":11,"turns":4},{"damage":7,"enemies":"3 Louse","floor":12,"turns":2},{"damage":0,"enemies":"Gremlin Gang","floor":13,"turns":4},{"damage":3,"enemies":"Exordium Thugs","floor":14,"turns":3},{"damage":25,"enemies":"Hexaghost","floor":16,"turns":8},{"damage":20,"enemies":"3 Byrds","floor":18,"turns":4},{"damage":5,"enemies":"Shell Parasite","floor":21,"turns":4},{"damage":35,"enemies":"Slavers","floor":24,"turns":4},{"damage":21,"enemies":"Book of Stabbing","floor":27,"turns":5},{"damage":0,"enemies":"Snake Plant","floor":29,"turns":2},{"damage":8,"enemies":"Snecko","floor":30,"turns":4},{"damage":0,"enemies":"Centurion and Healer","floor":31,"turns":5},{"damage":38,"enemies":"Pondfish","floor":33,"turns":11},{"damage":0,"enemies":"3 Shapes","floor":35,"turns":2},{"damage":0,"enemies":"Orb Walker","floor":37,"turns":2},{"damage":14,"enemies":"3 Darklings","floor":38,"turns":4},{"damage":5,"enemies":"Maw","floor":39,"turns":6},{"damage":34,"enemies":"Transient","floor":41,"turns":5},{"damage":11,"enemies":"4 Shapes","floor":42,"turns":3},{"damage":2,"enemies":"Spire Growth","floor":47,"turns":2},{"damage":0,"enemies":"Jaw Worm Horde","floor":48,"turns":2},{"damage":10,"enemies":"Awakened One","floor":50,"turns":8}],"seed_played":"1961452288088051551","potions_obtained":[{"floor":2,"key":"Guardian:BlockOnCardUsePotion"},{"floor":5,"key":"Explosive Potion"},{"floor":6,"key":"Adrenaline Potion"},{"floor":12,"key":"GamblersBrew"},{"floor":14,"key":"AttackPotion"},{"floor":24,"key":"Weak Potion"},{"floor":27,"key":"AttackPotion"},{"floor":33,"key":"hexamod:SoulburnPotion"},{"floor":38,"key":"Fruit Juice"},{"floor":39,"key":"FairyPotion"}],"is_trial":false,"path_per_floor":["M","M","?","M","M","E","M","M","T","R","E","M","M","M","R","B",null,"M","?","$","M","$","R","E","R","T","E","?","M","M","M","R","B",null,"M","?","M","M","M","R","M","M","T","$","?","?","M","M","R","B",null],"character_chosen":"MARISA","items_purchased":["ShroomBag","Thread and Needle","MysteriousBeam","Happy Flower","Toy Ornithopter","Lee\u0027s Waffle","PowerPotion"],"campfire_rested":0,"item_purchase_floors":[20,20,20,44,44,44,44],"current_hp_per_floor":[80,80,80,69,64,38,44,44,44,44,42,35,35,32,32,11,82,66,66,66,69,69,69,52,52,52,41,41,47,49,57,57,29,82,82,72,74,68,65,65,46,37,37,94,71,71,75,81,81,81],"gold":91,"neow_bonus":"TEN_PERCENT_HP_BONUS","is_daily":false,"chose_seed":false,"campfire_upgraded":5,"win_rate":0.0,"timestamp":1611769194,"path_taken":["M","M","?","M","M","E","M","?","T","R","E","M","M","M","R","BOSS","M","?","$","M","$","R","E","R","T","E","?","M","M","M","R","BOSS","M","?","M","M","M","R","M","M","T","$","?","?","M","M","R","BOSS"],"items_purchased_type":["Relic","Relic","Card","Relic","Relic","Relic","Potion"],"build_version":"2020-12-22","purchased_purges":0,"victory":true,"max_hp_per_floor":[82,82,82,82,82,82,82,82,82,82,82,82,82,82,82,82,82,82,82,82,82,82,82,82,82,82,82,82,82,82,82,82,82,82,82,82,82,82,82,82,87,87,87,94,94,94,94,94,94,94],"card_choices":[{"not_picked":["ShootingEcho","GravityBeat"],"picked":"IllusionStar","floor":1},{"not_picked":["EnergyFlow","LuminesStrike"],"picked":"DC","floor":2},{"not_picked":["DragonMeteor","SporeBomb"],"picked":"DoubleSpark","floor":4},{"not_picked":["MagicAbsorber","PowerUp"],"picked":"PropBag","floor":5},{"not_picked":["PropBag","MachineGunSpark"],"picked":"IllusionStar","floor":6},{"not_picked":["OneTimeOff","CollectingQuirk"],"picked":"MagicChant","floor":7},{"not_picked":["GravityBeat","ManaConvection"],"picked":"Occultation","floor":8},{"not_picked":["AbsoluteMagnitude","SporeBomb"],"picked":"Acceleration","floor":11},{"not_picked":["PowerUp","MysteriousBeam"],"picked":"EarthLightRay","floor":12},{"not_picked":["GravityBeat","IllusionStar"],"picked":"GalacticHalo","floor":13},{"not_picked":["MagicAbsorber","Orbital"],"picked":"ShootingEcho","floor":14},{"not_picked":["JA","BlazingStar"],"picked":"TreasureHunter","floor":16},{"not_picked":["AlicesGift","Acceleration","BlazeAway"],"picked":"PropBag","floor":18},{"not_picked":["GrandCross","RefractionSpark","MagicAbsorber+1"],"picked":"GalacticHalo+1","floor":21},{"not_picked":["WitchOfGreed","UnstableBomb+1","GalacticHalo"],"picked":"SprinkleStarSeal+1","floor":24},{"not_picked":["StarlightTyphoon","DC","DarkMatter"],"picked":"StarBarrage","floor":27},{"not_picked":["MeteoricShower","UnstableBomb","6A"],"picked":"IllusionStar","floor":29},{"not_picked":["MilkyWay","GasGiant","ShootingEcho"],"picked":"NonDirectionalLaser+1","floor":30},{"not_picked":["AsteroidBelt","Orbital","ShootingEcho"],"picked":"NonDirectionalLaser","floor":31},{"not_picked":["TreasureHunter","BlazingStar","EscapeVelocity"],"picked":"CollectingQuirk","floor":33},{"not_picked":["UnstableBomb"],"picked":"DoubleSpark","floor":35},{"not_picked":["ShootingEcho+1"],"picked":"PowerUp+1","floor":37},{"not_picked":["GrandCross"],"picked":"NonDirectionalLaser+1","floor":38},{"not_picked":["GrandCross"],"picked":"StarBarrage+1","floor":39},{"not_picked":["GalacticHalo"],"picked":"AsteroidBelt+1","floor":41},{"not_picked":["StarDustReverie"],"picked":"OrrerysSun+1","floor":42},{"not_picked":["PowerUp"],"picked":"SporeBomb+1","floor":45},{"not_picked":["RefractionSpark+1"],"picked":"MilkyWay+1","floor":45},{"not_picked":["ShootingEcho"],"picked":"SporeBomb+1","floor":47},{"not_picked":["BlazeAway"],"picked":"LuminesStrike+1","floor":48}],"player_experience":5199,"relics_obtained":[{"floor":6,"key":"Gremlin Horn"},{"floor":11,"key":"Ginger"},{"floor":24,"key":"Unceasing Top"},{"floor":26,"key":"Anchor"},{"floor":27,"key":"Bag of Preparation"},{"floor":27,"key":"MawBank"},{"floor":33,"key":"Replay:Towering Pillar of Hats"},{"floor":43,"key":"HandmadeGrimoire"},{"floor":45,"key":"Vajra"}],"event_choices":[{"cards_removed":["Strike_MRS"],"damage_healed":0,"gold_gain":0,"player_choice":"Offered Basic","damage_taken":0,"max_hp_gain":0,"max_hp_loss":0,"event_name":"Bonfire Elementals","floor":3,"gold_loss":0},{"damage_healed":0,"gold_gain":0,"player_choice":"Ignored","damage_taken":0,"max_hp_gain":0,"max_hp_loss":0,"event_name":"Vampires","floor":28,"gold_loss":0},{"damage_healed":0,"gold_gain":0,"player_choice":"Embrace Madness","damage_taken":10,"max_hp_gain":0,"max_hp_loss":0,"event_name":"Winding Halls","floor":36,"gold_loss":0,"cards_obtained":["Madness","Madness"]},{"damage_healed":0,"gold_gain":0,"player_choice":"Upgraded Two","damage_taken":0,"max_hp_gain":0,"max_hp_loss":0,"event_name":"Designer","floor":46,"gold_loss":40,"cards_upgraded":["Defend_MRS","MasterSpark"]},{"damage_healed":0,"gold_gain":0,"player_choice":"Upgraded","damage_taken":0,"max_hp_gain":0,"max_hp_loss":0,"event_name":"Upgrade Shrine","floor":49,"gold_loss":0,"cards_upgraded":["IllusionStar"]}],"is_beta":false,"boss_relics":[{"not_picked":["Runic Dome","Replay:Wanted Poster"],"picked":"Honey Jar"},{"not_picked":["Fusion Hammer","Runic Pyramid"],"picked":"Busted Crown"}],"items_purged_floors":[],"is_endless":false,"potions_floor_spawned":[2,5,6,12,14,24,27,33,38,39,48],"ascension_level":0}}