{"host":"iph0xvuia0glosgr","time":1611771485,"event":{"mods":["AchievementEnabler","BaseMod","Minty Spire (QoL Compilation)"],"gold_per_floor":[219,4,21,21,21,56,56,56,106,133,133,149,149,169,169,265,265,282,9,26,42,42,42,77,77,77,92,103,119,119,34,34,130,130,149,163,163,163,181,181,3,17,17,68,83,99,99,63,63,63,63],"floor_reached":50,"language":"ENG","playtime":4771,"items_purged":["Writhe"],"score":547,"play_id":"7f46d970-5a7b-4b02-a756-1766bf8ed495","local_time":"20210127181805","is_ascension_mode":false,"campfire_choices":[{"floor":8.0,"key":"REST"},{"floor":11.0,"key":"RECALL"},{"data":"Blade Dance","floor":15.0,"key":"SMITH"},{"floor":23.0,"key":"REST"},{"data":"After Image","floor":25.0,"key":"SMITH"},{"floor":30,"key":"REST"},{"data":"Crippling Poison","floor":32,"key":"SMITH"},{"data":"Phantasmal Killer","floor":40,"key":"SMITH"},{"data":"Accuracy","floor":49,"key":"SMITH"}],"circlet_count":0,"master_deck":["Strike_G","Strike_G","Strike_G+1","Strike_G","Strike_G","Defend_G+1","Defend_G","Defend_G","Defend_G","Defend_G","Survivor","Neutralize","Poisoned Stab","Noxious Fumes+1","Dodge and Roll","Blade Dance+1","Dodge and Roll","Choke","Sucker Punch","After Image+1","Poisoned Stab","Poisoned Stab","Crippling Poison+1","Slice","Infinite Blades+1","Slice","Poisoned Stab","Accuracy","Unload","CurseOfTheBell","Footwork","Phantasmal Killer+1","Deadly Poison+1","Caltrops","PiercingWail","Parasite","Cloak And Dagger+1","PiercingWail","Doubt","Accuracy+1"],"relics":["Ring of the Snake","Blood Vial","Boot","Snake Skull","Strawberry","Runic Pyramid","Bag of Marbles","Shuriken","StrikeDummy","Tiny Chest","Calling Bell","Toy Ornithopter","HornCleat","Bird Faced Urn","Pear","Akabeko"],"acts_visited":["Exordium","TheCity","TheBeyond"],"potions_floor_usage":[28,33,33,33,45,46],"damage_taken":[{"damage":0.0,"enemies":"Small Slimes","floor":1.0,"turns":4.0},{"damage":0.0,"enemies":"Cultist","floor":3.0,"turns":4.0},{"damage":22.0,"enemies":"3 Sentries","floor":6.0,"turns":7.0},{"damage":21.0,"enemies":"Lagavulin","floor":10.0,"turns":6.0},{"damage":0.0,"enemies":"Jaw Worm","floor":12.0,"turns":3.0},{"damage":2.0,"enemies":"2 Fungi Beasts","floor":14.0,"turns":3.0},{"damage":12.0,"enemies":"Hexaghost","floor":16.0,"turns":9.0},{"damage":5.0,"enemies":"3 Byrds","floor":18.0,"turns":4.0},{"damage":11.0,"enemies":"Spheric Guardian","floor":20.0,"turns":5.0},{"damage":23.0,"enemies":"Snake Plant","floor":21.0,"turns":5.0},{"damage":6.0,"enemies":"Gremlin Leader","floor":24.0,"turns":6.0},{"damage":18,"enemies":"Centurion and Healer","floor":27,"turns":6},{"damage":0,"enemies":"Snecko","floor":28,"turns":4},{"damage":2,"enemies":"Cultist and Chosen","floor":29,"turns":5},{"damage":49,"enemies":"Automaton","floor":33,"turns":9},{"damage":0,"enemies":"3 Shapes","floor":35,"turns":4},{"damage":12,"enemies":"3 Darklings","floor":36,"turns":4},{"damage":16,"enemies":"Jaw Worm Horde","floor":39,"turns":4},{"damage":42,"enemies":"Writhing Mass","floor":42,"turns":8},{"damage":8,"enemies":"4 Shapes","floor":45,"turns":5},{"damage":25,"enemies":"Jaw Worm Horde","floor":46,"turns":5},{"damage":93,"enemies":"Awakened One","floor":50,"turns":6}],"seed_played":"4593706895321104820","potions_obtained":[{"floor":3.0,"key":"DuplicationPotion"},{"floor":4.0,"key":"EntropicBrew"},{"floor":4.0,"key":"Fire Potion"},{"floor":10.0,"key":"Poison Potion"},{"floor":21.0,"key":"AttackPotion"},{"floor":24.0,"key":"Block Potion"},{"floor":28,"key":"ColorlessPotion"},{"floor":29,"key":"Fire Potion"},{"floor":35,"key":"Swift Potion"},{"floor":42,"key":"Weak Potion"}],"is_trial":false,"path_per_floor":["M","$","M","?","$","E","?","R","T","E","R","M","?","M","R","B",null,"M","$","M","M","T","R","E","R","T","M","M","M","R","?","R","B",null,"M","M","?","?","M","R","$","M","T","T","M","M","?","$","R","B"],"character_chosen":"THE_SILENT","items_purchased":["Blood Vial","Noxious Fumes","Poisoned Stab","Crippling Poison","Bag of Marbles","Caltrops","PiercingWail","Accuracy"],"campfire_rested":3,"item_purchase_floors":[2,2,19,19,19,41,41,48],"current_hp_per_floor":[70,70,70,70,70,48,34,55,55,55,55,57,57,57,57,47,77,72,72,63,42,42,65,61,61,61,45,47,47,70,70,70,23,77,77,65,77,77,61,61,61,31,41,41,44,34,87,87,87,0,0],"gold":63,"neow_bonus":"HUNDRED_GOLD","is_daily":false,"chose_seed":false,"campfire_upgraded":5,"win_rate":0.0,"timestamp":1611771485,"path_taken":["M","$","M","?","?","E","?","R","T","E","R","M","?","M","R","BOSS","M","$","M","M","?","R","E","R","T","M","M","M","R","?","R","BOSS","M","M","?","?","M","R","$","?","T","?","M","M","?","$","R","BOSS"],"items_purchased_type":["Relic","Card","Card","Card","Relic","Card","Card","Card"],"build_version":"2020-12-22","purchased_purges":1,"victory":false,"max_hp_per_floor":[70,70,70,70,70,70,70,70,70,77,77,77,77,77,77,77,77,77,77,77,77,77,77,77,77,77,77,77,77,77,77,77,77,77,77,77,77,77,77,77,77,77,87,87,87,87,87,87,87,87,87],"card_choices":[{"not_picked":["Quick Slash","Escape Plan"],"picked":"Poisoned Stab","floor":1.0},{"not_picked":["Setup","Acrobatics"],"picked":"Dodge and Roll","floor":3.0},{"not_picked":["Deadly Poison","Blur"],"picked":"Blade Dance","floor":6.0},{"not_picked":["Quick Slash","Underhanded Strike"],"picked":"Dodge and Roll","floor":10.0},{"not_picked":["Slice","Dodge and Roll"],"picked":"Choke","floor":12.0},{"not_picked":["Dodge and Roll","Concentrate"],"picked":"Sucker Punch","floor":14.0},{"not_picked":["Doppelganger","Burst"],"picked":"After Image","floor":16.0},{"not_picked":["Well Laid Plans","Sucker Punch"],"picked":"Poisoned Stab","floor":18.0},{"not_picked":["Eviscerate","Dagger Throw"],"picked":"Slice","floor":20.0},{"not_picked":["Tactician","Masterful Stab"],"picked":"Infinite Blades+1","floor":21.0},{"not_picked":["Acrobatics+1","Dodge and Roll"],"picked":"Slice","floor":24.0},{"not_picked":["Prepared","Slice+1"],"picked":"Poisoned Stab","floor":27},{"not_picked":["Wraith Form v2","Dagger Spray"],"picked":"Leg Sweep","floor":28},{"not_picked":["Poisoned Stab","Distraction"],"picked":"Accuracy","floor":29},{"not_picked":["Venomology","After Image"],"picked":"Unload","floor":33},{"not_picked":["Deflect","Escape Plan","Poisoned Stab+1"],"picked":"SKIP","floor":35},{"not_picked":["Distraction+1","Acrobatics+1"],"picked":"Footwork","floor":36},{"not_picked":["Flying Knee+1","Slice"],"picked":"Deadly Poison+1","floor":39},{"not_picked":["Heel Hook+1","Dodge and Roll"],"picked":"Cloak And Dagger+1","floor":42},{"not_picked":["Dagger Spray+1","Acrobatics+1","Slice+1"],"picked":"SKIP","floor":45},{"not_picked":["Prepared","Dodge and Roll"],"picked":"PiercingWail","floor":46}],"player_experience":283317,"relics_obtained":[{"floor":6.0,"key":"Boot"},{"floor":9.0,"key":"Snake Skull"},{"floor":10.0,"key":"Strawberry"},{"floor":22.0,"key":"Shuriken"},{"floor":24.0,"key":"StrikeDummy"},{"floor":34,"key":"Toy Ornithopter"},{"floor":34,"key":"HornCleat"},{"floor":34,"key":"Bird Faced Urn"},{"floor":43,"key":"Pear"},{"floor":44,"key":"Akabeko"}],"event_choices":[{"damage_healed":0.0,"max_hp_gain":0.0,"max_hp_loss":0.0,"gold_gain":0.0,"event_name":"Lab","player_choice":"Got Potions","floor":4.0,"gold_loss":0.0,"damage_taken":0.0},{"damage_healed":0.0,"max_hp_gain":0.0,"max_hp_loss":0.0,"gold_gain":0.0,"event_name":"Shining Light","player_choice":"Entered Light","floor":7.0,"gold_loss":0.0,"damage_taken":14.0,"cards_upgraded":["Defend_G","Strike_G"]},{"damage_healed":0.0,"max_hp_gain":0.0,"max_hp_loss":0.0,"gold_gain":0.0,"event_name":"Upgrade Shrine","player_choice":"Upgraded","floor":13.0,"gold_loss":0.0,"damage_taken":0.0,"cards_upgraded":["Noxious Fumes"]},{"damage_healed":0,"gold_gain":0,"player_choice":"Obtained Relic","damage_taken":0,"relics_obtained":["Tiny Chest"],"max_hp_gain":0,"max_hp_loss":0,"event_name":"Addict","floor":31,"gold_loss":85},{"damage_healed":19,"gold_gain":0,"player_choice":"Writhe","damage_taken":0,"max_hp_gain":0,"max_hp_loss":0,"event_name":"Winding Halls","floor":37,"gold_loss":0,"cards_obtained":["Writhe"]},{"damage_healed":0,"gold_gain":0,"cards_transformed":["Leg Sweep"],"player_choice":"Transformed","damage_taken":0,"max_hp_gain":0,"max_hp_loss":0,"event_name":"Transmorgrifier","floor":38,"gold_loss":0,"cards_obtained":["Phantasmal Killer"]},{"damage_healed":53,"gold_gain":0,"player_choice":"Heal","damage_taken":0,"max_hp_gain":0,"max_hp_loss":0,"event_name":"MindBloom","floor":47,"gold_loss":0,"cards_obtained":["Doubt"]}],"is_beta":false,"boss_relics":[{"not_picked":["Fusion Hammer","Ring of the Serpent"],"picked":"Runic Pyramid"},{"not_picked":["Snecko Eye","Black Star"],"picked":"Calling Bell"}],"items_purged_floors":[41],"is_endless":false,"potions_floor_spawned":[3,10,21,24,27,28,29,35,42],"killed_by":"Awakened One","ascension_level":0}}