{"host":"lr515x7bpk6b6t09","time":1611737446,"event":{"mods":["Act Like it!","BaseMod","CapriCore","Downfall","Gensokyo","Marisa£®ÏF”Í°°ƒß¿Ì…≥£©","Minty Spire (QoL Compilation)","Prisma Mod","Quick Restart","Relic Stats","Shop Mod","StSLib","The Cursed","The Jungle","Waifu the Spire","Youmu£®ªÍ∆«—˝√Œ£©","[IsaacMod]“‘»ˆº‚À˛","°æ“≈ŒÔø®≈∆°øREMEMod"],"gold_per_floor":[99,115,115,131,41,71,96,130,130,30,56,56,56,56,76,174,174,74,85,97,97,197,197,197,197,48,67,67,78,78,112,132,228,228,228,238,32,32,47,19,19,38,73,27,27,27,27,38,57,57],"floor_reached":51,"language":"ZHS","playtime":2855,"items_purged":["Slimebound:Strike_Slimebound","Regret","Pride","Slimebound:Split","Slimebound:Defend_Slimebound","Slimebound:Strike_Slimebound"],"score":841,"play_id":"21694616-4c9b-46be-a58f-6de661c03d80","local_time":"20210127165046","is_ascension_mode":true,"campfire_choices":[{"data":"Slimebound:Darklings","floor":1,"key":"SMITH"},{"data":"Slimebound:CorrosiveSpit","floor":10,"key":"SMITH"},{"floor":13,"key":"REST"},{"data":"Slimebound:LeadByExample","floor":18,"key":"SMITH"},{"data":"Slimebound:MinionMaster","floor":28,"key":"SMITH"},{"data":"Apotheosis","floor":30,"key":"SMITH"},{"floor":35,"key":"RECALL"},{"data":"Slimebound:LevelUp","floor":45,"key":"SMITH"}],"circlet_count":0,"master_deck":["Slimebound:Strike_Slimebound+1","Slimebound:Tackle","Slimebound:Defend_Slimebound","Slimebound:Defend_Slimebound","Slimebound:CorrosiveSpit+1","Slimebound:Darklings+1","Slimebound:PressTheAttack","Slimebound:LeadByExample+1","Slimebound:LevelUp+1","Slimebound:MinionMaster+1","Slimebound:ForwardTackle+1","Slimebound:GoopSpray","Slimebound:HauntingLick+1","Apotheosis+1","Slimebound:Equalize","Slimebound:Teamwork","Slimebound:HauntingLick+1","Slimebound:Recollect+1","Slimebound:FirmFortitude"],"relics":["Slimebound:AbsorbEndCombat","HushsDoor","REME_ComplimentaryCards","Prayer Wheel","downfall:HeartBlessingBlue","DoctorsRemote","The Courier","Coffee Dripper","downfall:HeartBlessingGreen","Enchiridion","Singing Bowl","MerchantsRug","Membership Card","Boot","Lantern","TungstenRod","Sundial","REME_DuelDisc","Anchor","Vajra","BookofShadows","Incense Burner","Happy Flower","Blue Candle"],"acts_visited":["Exordium","TheCity","TheBeyond"],"potions_floor_usage":[16,16,26,32,33,42],"damage_taken":[{"damage":3,"enemies":"Small Slimes","floor":2,"turns":3},{"damage":0,"enemies":"2 Louse","floor":4,"turns":1},{"damage":7,"enemies":"downfall:FleeingMerchant","floor":5,"turns":4},{"damage":32,"enemies":"Gremlin Nob","floor":8,"turns":4},{"damage":25,"enemies":"Lagavulin","floor":11,"turns":5},{"damage":7,"enemies":"Jaw Worm","floor":15,"turns":3},{"damage":12,"enemies":"WA_ARCHETYPE_RETAIN","floor":16,"turns":4},{"damage":8,"enemies":"Spheric Guardian","floor":19,"turns":3},{"damage":14,"enemies":"Shell Parasite","floor":20,"turns":3},{"damage":33,"enemies":"DF_ARCHETYPE_STREAMLINE","floor":22,"turns":5},{"damage":3,"enemies":"downfall:FleeingMerchant","floor":26,"turns":4},{"damage":31,"enemies":"Shelled Parasite and Fungi","floor":27,"turns":4},{"damage":3,"enemies":"downfall:FleeingMerchant","floor":29,"turns":2},{"damage":7,"enemies":"Book of Stabbing","floor":31,"turns":3},{"damage":4,"enemies":"Sentry and Sphere","floor":32,"turns":2},{"damage":32,"enemies":"SI_MIRROR_ARCHETYPE","floor":33,"turns":6},{"damage":22,"enemies":"3 Darklings","floor":36,"turns":3},{"damage":0,"enemies":"Orb Walker","floor":39,"turns":2},{"damage":0,"enemies":"Sphere and 2 Shapes","floor":42,"turns":3},{"damage":0,"enemies":"Nemesis","floor":43,"turns":3},{"damage":0,"enemies":"Spire Growth","floor":48,"turns":3},{"damage":19,"enemies":"Maw","floor":49,"turns":3},{"damage":11,"enemies":"IC_BLOCK_ARCHETYPE","floor":50,"turns":6}],"seed_played":"1844563328627652581","potions_obtained":[{"floor":2,"key":"GamblersBrew"},{"floor":4,"key":"AttackPotion"},{"floor":8,"key":"EssenceOfSteel"},{"floor":20,"key":"bronze:BurnAndBuffPotion"},{"floor":22,"key":"Fire Potion"},{"floor":26,"key":"Fire Potion"},{"floor":27,"key":"Dexterity Potion"},{"floor":29,"key":"LiquidMemories"},{"floor":31,"key":"AttackPotion"},{"floor":32,"key":"EssenceOfSteel"},{"floor":33,"key":"Regen Potion"},{"floor":36,"key":"Fire Potion"},{"floor":39,"key":"Swift Potion"},{"floor":42,"key":"champ:CounterPotion"},{"floor":43,"key":"EssenceOfSteel"}],"is_trial":false,"path_per_floor":["R","M","?","M","$","?","T","E","T","R","E","?","R","?","M","B",null,"R","M","M","?","?","?","T","?","$","M","R","$","R","E","M","B",null,"R","M","$","?","M","$","T","M","E","$","R","?","?","M","M","B",null],"character_chosen":"SLIMEBOUND","items_purchased":["Slimebound:ForwardTackle","MerchantsRug","Pantograph","Membership Card","Boot","Lantern","Whetstone","Apotheosis","TungstenRod","Slimebound:SelfDamagePreventRelic","Anchor","Vajra","Slimebound:FirmFortitude","Happy Flower"],"campfire_rested":1,"item_purchase_floors":[17,26,26,29,29,29,29,29,29,37,37,37,44,44],"current_hp_per_floor":[47,44,44,44,41,41,41,27,27,37,16,16,42,42,37,27,82,82,74,66,66,41,25,25,25,30,26,26,29,29,28,30,35,94,94,78,78,78,94,94,94,102,104,104,104,100,100,106,107,106],"gold":57,"neow_bonus":"THREE_RARE_CARDS","is_daily":false,"chose_seed":false,"campfire_upgraded":6,"win_rate":0.0,"timestamp":1611737446,"path_taken":["R","M","?","M","$","?","T","E","?","R","E","?","R","?","M","BOSS","R","M","M","?","?","?","T","?","$","?","R","?","R","E","M","BOSS","R","M","$","?","M","$","T","M","E","$","R","?","?","M","M","BOSS"],"items_purchased_type":["Card","Relic","Relic","Relic","Relic","Relic","Relic","Card","Relic","Relic","Relic","Relic","Card","Relic"],"build_version":"2020-12-22","purchased_purges":6,"victory":true,"max_hp_per_floor":[65,65,65,65,65,65,65,79,79,89,89,89,89,89,89,89,82,82,82,82,82,82,82,82,82,84,88,88,90,90,92,94,94,94,94,98,98,98,100,100,100,104,104,104,104,104,104,108,112,112],"relic_stats":{"Singing Bowl":30,"Happy Flower":[4],"counters":[23,77],"Sundial":[2],"Blue Candle":[0],"Prayer Wheel":10,"Boot":[2],"obtain_stats":[{"Lantern":29,"Singing Bowl":24,"GnawedLeaf":25,"Enchiridion":23,"Vajra":37,"Mango":8,"downfall:HeartBlessingGreen":18,"REME_DuelDisc":34,"Incense Burner":43,"Whetstone":29,"Boot":29,"PokeGo":0,"downfall:HeartBlessingBlue":10,"Sundial":31,"Pantograph":26,"Prayer Wheel":6,"KeepersGift":0,"DoctorsRemote":11,"MerchantsRug":26,"BookofShadows":41,"Slimebound:SelfDamagePreventRelic":37,"Happy Flower":44,"Blue Candle":46,"The Courier":14,"MoneyPower":22,"White Beast Statue":22,"Anchor":37,"Slimebound:AbsorbEndCombat":0,"Coffee Dripper":17,"Membership Card":29,"HushsDoor":0,"Slimebound:SlimedSkullRelic":9,"TungstenRod":29,"REME_ComplimentaryCards":0},{"Lantern":13,"Singing Bowl":10,"GnawedLeaf":10,"Enchiridion":10,"Vajra":17,"Mango":4,"downfall:HeartBlessingGreen":7,"REME_DuelDisc":16,"Incense Burner":20,"Whetstone":13,"Boot":13,"PokeGo":0,"downfall:HeartBlessingBlue":4,"Sundial":14,"Pantograph":11,"Prayer Wheel":3,"KeepersGift":0,"DoctorsRemote":5,"MerchantsRug":11,"BookofShadows":18,"Slimebound:SelfDamagePreventRelic":17,"Happy Flower":20,"Blue Candle":20,"The Courier":5,"MoneyPower":10,"White Beast Statue":10,"Anchor":17,"Slimebound:AbsorbEndCombat":0,"Coffee Dripper":7,"Membership Card":13,"HushsDoor":0,"Slimebound:SlimedSkullRelic":4,"TungstenRod":13,"REME_ComplimentaryCards":0},{"Lantern":43,"Singing Bowl":33,"GnawedLeaf":33,"Enchiridion":33,"Vajra":57,"Mango":11,"downfall:HeartBlessingGreen":23,"REME_DuelDisc":54,"Incense Burner":65,"Whetstone":43,"Boot":43,"PokeGo":0,"downfall:HeartBlessingBlue":11,"Sundial":46,"Pantograph":37,"Prayer Wheel":7,"KeepersGift":0,"DoctorsRemote":16,"MerchantsRug":37,"BookofShadows":59,"Slimebound:SelfDamagePreventRelic":57,"Happy Flower":65,"Blue Candle":65,"The Courier":16,"MoneyPower":33,"White Beast Statue":33,"Anchor":57,"Slimebound:AbsorbEndCombat":0,"Coffee Dripper":23,"Membership Card":43,"HushsDoor":0,"Slimebound:SlimedSkullRelic":11,"TungstenRod":43,"REME_ComplimentaryCards":0}],"TungstenRod":26},"card_choices":[{"not_picked":[],"picked":"Bomb","floor":0},{"not_picked":["Slimebound:DouseInSlime","Slimebound:Overexert"],"picked":"Slimebound:Darklings","floor":0},{"not_picked":["Slimebound:SplitBruiser","Slimebound:SplitLeeching","Slimebound:LivingWall"],"picked":"SKIP","floor":2},{"not_picked":["Slimebound:Schlurp","Slimebound:FormOfPuddle"],"picked":"Slimebound:PressTheAttack","floor":4},{"not_picked":["Slimebound:Dissolve","Slimebound:LivingWall","Slimebound:SlimeSpikes"],"picked":"SKIP","floor":5},{"not_picked":["Slimebound:SplitAcid","Slimebound:Prepare","Slimebound:TongueLash"],"picked":"SKIP","floor":8},{"not_picked":["Slimebound:ServeAndProtect","Slimebound:SlimeTap"],"picked":"Slimebound:LeadByExample","floor":11},{"not_picked":["Bomb","Slimebound:SlimeBrawl"],"picked":"Slimebound:LevelUp","floor":15},{"not_picked":["Slimebound:Overexert","Slimebound:Schlurp","Slimebound:DivideAndConquer"],"picked":"SKIP","floor":15},{"not_picked":["Slimebound:Darklings","Slimebound:LeechLife"],"picked":"Slimebound:MinionMaster","floor":16},{"not_picked":["Slimebound:SplitBruiser","Slimebound:LeechEnergy"],"picked":"Slimebound:GoopSpray","floor":19},{"not_picked":["Slimebound:SlimeSpikes","Slimebound:SplitBruiser","Slimebound:SplitAcid"],"picked":"SKIP","floor":19},{"not_picked":["Slimebound:ForwardTackle","Slimebound:SplitBruiser"],"picked":"Slimebound:HauntingLick+1","floor":20},{"not_picked":["Slimebound:GoopTackle+1","Slimebound:GoopSpray","Slimebound:SlimeSpikes"],"picked":"SKIP","floor":20},{"not_picked":["Slimebound:Prepare","Slimebound:SamplingLick","Slimebound:GoopSpray"],"picked":"Singing Bowl","floor":26},{"not_picked":["Slimebound:SplitMire","Slimebound:RollThrough","Slimebound:Chomp+1"],"picked":"Singing Bowl","floor":27},{"not_picked":["Slimebound:SlimeSpikes","Slimebound:BestDefense+1","Slimebound:TongueLash"],"picked":"Singing Bowl","floor":27},{"not_picked":["Slimebound:GoopTackle","Slimebound:RollThrough+1","Slimebound:SamplingLick"],"picked":"Singing Bowl","floor":29},{"not_picked":["Slimebound:LivingWall+1","Slimebound:Prepare","Slimebound:SlimeBrawl"],"picked":"Singing Bowl","floor":31},{"not_picked":["Slimebound:SplitBruiser+1","Slimebound:ComboTackle+1","Slimebound:SplitMire+1"],"picked":"Singing Bowl","floor":32},{"not_picked":["Slimebound:Nibble","Slimebound:PressTheAttack"],"picked":"Slimebound:Equalize","floor":32},{"not_picked":["Slimebound:OozeBath","Slimebound:MassFeed"],"picked":"Slimebound:Teamwork","floor":33},{"not_picked":["Slimebound:ProtectTheBoss","Slimebound:FinishingTackle","Slimebound:Prepare+1"],"picked":"Singing Bowl","floor":36},{"not_picked":["Slimebound:GoopTackle","Slimebound:SlimeSpikes","Slimebound:PressTheAttack+1"],"picked":"Singing Bowl","floor":36},{"not_picked":["Slimebound:SplitAcid","Slimebound:HauntingLick+1","Slimebound:GrowthPunch"],"picked":"Singing Bowl","floor":39},{"not_picked":["Slimebound:Nibble+1","Slimebound:GoopSpray+1"],"picked":"Slimebound:HauntingLick+1","floor":39},{"not_picked":["Slimebound:BestDefense+1","Slimebound:LivingWall+1","Slimebound:Schlurp+1"],"picked":"Singing Bowl","floor":42},{"not_picked":["Slimebound:Gluttony+1","Slimebound:ComboTackle+1","Slimebound:SplitMire+1"],"picked":"Singing Bowl","floor":42},{"not_picked":["Slimebound:Prepare+1","Slimebound:SplitMire+1"],"picked":"Slimebound:Recollect+1","floor":43},{"not_picked":["Slimebound:ComboTackle","Slimebound:HungryTackle","Slimebound:RainOfGoop"],"picked":"Singing Bowl","floor":48},{"not_picked":["Slimebound:SplitAcid","Slimebound:RollThrough","Slimebound:LeechingTouch"],"picked":"Singing Bowl","floor":48},{"not_picked":["Slimebound:SlimeSpikes","Slimebound:Grow","Slimebound:ViciousTackle+1"],"picked":"Singing Bowl","floor":49},{"not_picked":["Slimebound:MassFeed","Slimebound:HungryTackle+1","Slimebound:SplitMire+1"],"picked":"Singing Bowl","floor":49}],"player_experience":181081,"relics_obtained":[{"floor":8,"key":"Mango"},{"floor":9,"key":"Slimebound:SlimedSkullRelic"},{"floor":11,"key":"DoctorsRemote"},{"floor":22,"key":"White Beast Statue"},{"floor":22,"key":"MoneyPower"},{"floor":23,"key":"Enchiridion"},{"floor":24,"key":"Singing Bowl"},{"floor":31,"key":"Sundial"},{"floor":41,"key":"BookofShadows"},{"floor":43,"key":"Incense Burner"}],"event_choices":[{"cards_removed":["Slimebound:Defend_Slimebound"],"damage_healed":0,"gold_gain":0,"player_choice":"Card Removal","damage_taken":0,"max_hp_gain":0,"max_hp_loss":0,"event_name":"The Cleric","floor":3,"gold_loss":0},{"damage_healed":0,"gold_gain":0,"player_choice":"Box","damage_taken":0,"relics_obtained":["The Courier"],"max_hp_gain":0,"max_hp_loss":0,"event_name":"Big Fish","floor":14,"gold_loss":0,"cards_obtained":["Regret"]},{"damage_healed":0,"gold_gain":0,"player_choice":"Ignored","damage_taken":0,"max_hp_gain":0,"max_hp_loss":0,"event_name":"Vampires","floor":21,"gold_loss":0},{"damage_healed":0,"gold_gain":0,"player_choice":"Stole Relic","damage_taken":0,"relics_obtained":["GnawedLeaf"],"max_hp_gain":0,"max_hp_loss":0,"event_name":"Addict","floor":25,"gold_loss":0,"cards_obtained":["Pride"]},{"cards_removed":["Slimebound:Nibble"],"damage_healed":0,"gold_gain":0,"player_choice":"Removed Attack","damage_taken":0,"max_hp_gain":0,"max_hp_loss":0,"event_name":"Falling","floor":47,"gold_loss":0}],"is_beta":false,"boss_relics":[{"not_picked":["Philosopher\u0027s Stone","ChampionBelt"],"picked":"Coffee Dripper"},{"not_picked":[]},{"not_picked":["Runic Dome","bronze:MakeshiftBattery"],"picked":"REME_DuelDisc"},{"not_picked":[]}],"items_purged_floors":[5,17,29,37,40,44],"is_endless":false,"potions_floor_spawned":[2,4,8,20,22,26,27,29,31,32,33,36,39,42,43],"ascension_level":2}}