{"host":"xkmvu47k9fdstweo","time":1611790464,"event":{"mods":["BaseMod","Colored Map","Conspire","Hubris","Minty Spire (QoL Compilation)","Quick Restart","Railgun Mod","Shop Mod","StSLib","The Alterego","The Animator","The Servant 0.9.4","The Wild Card","TheBandit","WarShipGirlsR/??è≠èóR mod"],"gold_per_floor":[112,187,205,105,153,153,211,258,293,305,334,334],"floor_reached":11,"language":"ENG","playtime":308,"items_purged":[],"score":117,"play_id":"5619f85c-2e41-407d-8125-ce56a718b220","local_time":"20210127183424","is_ascension_mode":true,"campfire_choices":[{"data":"Offering","floor":6,"key":"SMITH"},{"floor":10,"key":"REST"}],"circlet_count":0,"master_deck":["AscendersBane","Strike_R","Strike_R","Strike_R","Strike_R","Strike_R","Defend_R","Defend_R","Defend_R","Defend_R","Bash","Shrug It Off","Warcry","conspire:SpireCoStock","conspire:SpireCoStock","Offering+1","Burning Pact","Headbutt"],"relics":["Sozu","MawBank","Blood Vial"],"acts_visited":["Exordium"],"potions_floor_usage":[],"damage_taken":[{"damage":1,"enemies":"Cultist","floor":1,"turns":3},{"damage":0,"enemies":"Small Slimes","floor":3,"turns":3},{"damage":3,"enemies":"conspire:RoseBush","floor":5,"turns":5},{"damage":40,"enemies":"Lagavulin","floor":7,"turns":8},{"damage":12,"enemies":"Large Slime","floor":8,"turns":7},{"damage":25,"enemies":"3 Sentries","floor":11,"turns":7}],"seed_played":"-2833771783578856913","potions_obtained":[],"is_trial":false,"path_per_floor":["M","?","M","?","M","R","E","M","T","R","E"],"character_chosen":"IRONCLAD","items_purchased":[],"campfire_rested":1,"item_purchase_floors":[],"current_hp_per_floor":[71,60,60,60,57,57,17,5,5,29,6,6],"gold":334,"neow_bonus":"BOSS_RELIC","is_daily":false,"chose_seed":false,"campfire_upgraded":1,"win_rate":0.0,"timestamp":1611790464,"path_taken":["M","?","M","?","M","R","E","M","T","R","E"],"items_purchased_type":[],"build_version":"2020-12-22","purchased_purges":0,"victory":false,"max_hp_per_floor":[80,80,80,80,80,80,80,80,80,80,80,80],"card_choices":[{"not_picked":["Twin Strike","Body Slam"],"picked":"Shrug It Off","floor":1},{"not_picked":["Perfected Strike","Clash"],"picked":"Warcry","floor":3},{"not_picked":["Havoc","Clothesline"],"picked":"Offering","floor":5},{"not_picked":["Reckless Charge","Iron Wave"],"picked":"Burning Pact","floor":7},{"not_picked":["Clash","Warcry"],"picked":"Headbutt","floor":8}],"player_experience":377972,"relics_obtained":[{"floor":7,"key":"MawBank"},{"floor":9,"key":"Blood Vial"}],"event_choices":[{"damage_healed":0,"gold_gain":75,"player_choice":"Gather Gold","damage_taken":11,"max_hp_gain":0,"max_hp_loss":0,"event_name":"World of Goop","floor":2,"gold_loss":0},{"damage_healed":0,"gold_gain":0,"player_choice":"Invest 2","damage_taken":0,"max_hp_gain":0,"max_hp_loss":0,"event_name":"conspire:Investor","floor":4,"gold_loss":0}],"is_beta":false,"boss_relics":[],"items_purged_floors":[],"is_endless":false,"potions_floor_spawned":[1,3],"killed_by":"3 Sentries","ascension_level":12}}