{"host":"1ekl8hlbnopmdapi","time":1611777036,"event":{"mods":["AchievementEnabler","BaseMod","Colored Map","Colored Powertips","DeckTracker","Googly Eyes","Highlight Path","Minty Spire (QoL Compilation)","Relic Sorter","StSLib","Synergy Search"],"gold_per_floor":[113,113,113,126,143,173,173,189,212,224,238,68,101,174,174,280,280,296,296,322,369,369,369,408,408,408,432,357,366,390,305,305,305,305],"floor_reached":33,"language":"ENG","playtime":982,"items_purged":["Riddle With Holes"],"score":344,"play_id":"db695a6d-99df-4a54-bb62-5f2356eb692a","local_time":"20210127145036","is_ascension_mode":true,"campfire_choices":[{"data":"Neutralize","floor":7,"key":"SMITH"},{"floor":15,"key":"RECALL"},{"floor":23,"key":"REST"},{"floor":25,"key":"REST"},{"floor":32,"key":"REST"}],"circlet_count":0,"master_deck":["Survivor","Neutralize+1","Bane","Leg Sweep","Terror","Unload","Crippling Poison","Leg Sweep+1","Unload","Terror","Backflip","All Out Attack","Dodge and Roll","Heel Hook","Cloak And Dagger","Calculated Gamble","Quick Slash","Bane","Poisoned Stab","Bane","Dodge and Roll","Tools of the Trade","Cloak And Dagger","Quick Slash+1","Poisoned Stab","Crippling Poison","Skewer+1"],"relics":["Pandora\u0027s Box","Snake Skull","Tiny Chest","Lee\u0027s Waffle","Regal Pillow","CeramicFish","SlaversCollar","Akabeko","Nunchaku","Ice Cream"],"acts_visited":["Exordium","TheCity"],"potions_floor_usage":[6,11,18,24,33],"damage_taken":[{"damage":0,"enemies":"2 Louse","floor":1,"turns":2},{"damage":0,"enemies":"Small Slimes","floor":4,"turns":2},{"damage":0,"enemies":"Jaw Worm","floor":5,"turns":3},{"damage":1,"enemies":"Lagavulin","floor":6,"turns":3},{"damage":4,"enemies":"2 Fungi Beasts","floor":8,"turns":2},{"damage":18,"enemies":"Exordium Wildlife","floor":10,"turns":4},{"damage":0,"enemies":"Blue Slaver","floor":11,"turns":2},{"damage":10,"enemies":"Gremlin Nob","floor":13,"turns":3},{"damage":20,"enemies":"Lagavulin Event","floor":14,"turns":5},{"damage":29,"enemies":"Slime Boss","floor":16,"turns":9},{"damage":25,"enemies":"Shell Parasite","floor":18,"turns":4},{"damage":32,"enemies":"Spheric Guardian","floor":20,"turns":6},{"damage":25,"enemies":"Slavers","floor":24,"turns":5},{"damage":0,"enemies":"Snecko","floor":27,"turns":4},{"damage":27,"enemies":"Centurion and Healer","floor":30,"turns":6},{"damage":71,"enemies":"Collector","floor":33,"turns":7}],"seed_played":"-5324043524371699620","potions_obtained":[{"floor":1,"key":"Fire Potion"},{"floor":4,"key":"Strength Potion"},{"floor":10,"key":"AttackPotion"},{"floor":13,"key":"BlessingOfTheForge"},{"floor":16,"key":"AttackPotion"},{"floor":18,"key":"Weak Potion"},{"floor":27,"key":"SmokeBomb"}],"is_trial":false,"path_per_floor":["M","?","?","M","M","E","R","M","T","M","M","$","E","?","R","B",null,"M","?","M","T","$","R","E","R","T","M","$","?","M","?","R","B"],"character_chosen":"THE_SILENT","items_purchased":["Lee\u0027s Waffle","Poisoned Stab"],"campfire_rested":3,"item_purchase_floors":[12,12],"current_hp_per_floor":[70,70,70,70,70,69,69,65,65,47,47,77,67,47,47,18,62,37,37,5,5,5,43,18,56,56,56,56,56,29,29,67,0,0],"gold":305,"neow_bonus":"BOSS_RELIC","is_daily":false,"chose_seed":false,"campfire_upgraded":1,"win_rate":0.0,"timestamp":1611777036,"path_taken":["M","?","?","M","M","E","R","M","T","M","?","$","E","?","R","BOSS","M","?","M","?","$","R","E","R","T","M","$","?","?","?","R","BOSS"],"items_purchased_type":["Relic","Card"],"build_version":"2020-12-22","purchased_purges":1,"victory":false,"max_hp_per_floor":[70,70,70,70,70,70,70,70,70,70,70,77,77,77,77,77,77,77,77,77,77,77,77,77,77,77,77,77,77,77,77,77,77,77],"card_choices":[{"not_picked":["Finisher","Masterful Stab"],"picked":"All Out Attack","floor":1},{"not_picked":["Sucker Punch","Cloak And Dagger"],"picked":"Dodge and Roll","floor":4},{"not_picked":["Dagger Throw","Outmaneuver"],"picked":"Heel Hook","floor":5},{"not_picked":["Unload","Choke"],"picked":"Cloak And Dagger","floor":6},{"not_picked":["Bane","Outmaneuver"],"picked":"Calculated Gamble","floor":8},{"not_picked":["Bane","Dagger Spray"],"picked":"Quick Slash","floor":10},{"not_picked":["Night Terror","Outmaneuver"],"picked":"Bane","floor":11},{"not_picked":["Terror","Masterful Stab"],"picked":"Bane","floor":13},{"not_picked":["Blade Dance","Leg Sweep"],"picked":"Dodge and Roll","floor":14},{"not_picked":["Burst","Venomology"],"picked":"Tools of the Trade","floor":16},{"not_picked":["Acrobatics+1","Deflect","Concentrate"],"picked":"SKIP","floor":18},{"not_picked":["Flechettes","Dodge and Roll"],"picked":"Cloak And Dagger","floor":20},{"not_picked":["Calculated Gamble","Cloak And Dagger"],"picked":"Quick Slash+1","floor":24},{"not_picked":["Blur","Phantasmal Killer"],"picked":"Poisoned Stab","floor":27},{"not_picked":["Underhanded Strike+1","Dagger Throw"],"picked":"Skewer+1","floor":30}],"player_experience":505291,"relics_obtained":[{"floor":6,"key":"Snake Skull"},{"floor":9,"key":"Tiny Chest"},{"floor":13,"key":"Regal Pillow"},{"floor":14,"key":"CeramicFish"},{"floor":21,"key":"Akabeko"},{"floor":24,"key":"Nunchaku"}],"event_choices":[{"damage_healed":0,"gold_gain":0,"player_choice":"Leave","damage_taken":0,"max_hp_gain":0,"max_hp_loss":0,"event_name":"The Cleric","floor":2,"gold_loss":0},{"damage_healed":0,"gold_gain":0,"player_choice":"Grow","damage_taken":0,"max_hp_gain":0,"max_hp_loss":0,"event_name":"Living Wall","floor":3,"gold_loss":0,"cards_upgraded":["Leg Sweep"]},{"damage_healed":0,"gold_gain":0,"player_choice":"Searched \u00271\u0027 times","damage_taken":0,"max_hp_gain":0,"max_hp_loss":0,"event_name":"Dead Adventurer","floor":14,"gold_loss":0},{"damage_healed":0,"gold_gain":0,"player_choice":"Ignored","damage_taken":0,"max_hp_gain":0,"max_hp_loss":0,"event_name":"Ghosts","floor":19,"gold_loss":0},{"damage_healed":0,"gold_gain":0,"player_choice":"Copied","damage_taken":0,"max_hp_gain":0,"max_hp_loss":0,"event_name":"Duplicator","floor":29,"gold_loss":0,"cards_obtained":["Crippling Poison"]},{"damage_healed":0,"gold_gain":0,"player_choice":"Obtained Relic","damage_taken":0,"relics_obtained":["Ice Cream"],"max_hp_gain":0,"max_hp_loss":0,"event_name":"Addict","floor":31,"gold_loss":85}],"is_beta":false,"boss_relics":[{"not_picked":["Philosopher\u0027s Stone","Fusion Hammer"],"picked":"SlaversCollar"}],"items_purged_floors":[28],"is_endless":false,"potions_floor_spawned":[1,4,10,13,16,18,27],"killed_by":"Collector","ascension_level":5}}