{"host":"farxtl2u8hmkbdo2","time":1611746132,"event":{"mods":["A Magickal Journey","BaseMod","Better Altar","Better Note","Better Sensory Stone","Better Skull","Better Third Choice","Challenge The Spire","Colored Map","Colored Powertips","Current Relic Mod","Energized Spire","Fox Events","Gremlin Mod","Hermit","Hubris","Mimic Mod","Minty Spire (QoL Compilation)","Quick Restart","READ ME - Guardian Mod","READ ME - Snecko Mod","Rare Cards Sparkle","StSLib","The Bladedancer","The Bug Knight","The Cursed","The Disciple","The Elementalist","The Hierophant","The Marked","The Necromancer","The Runesmith","Transform Curses"],"gold_per_floor":[117,117,117,149,169,169,186,186,336,362,377,3,18,18,18,18,18],"floor_reached":16,"language":"SPA","playtime":964,"items_purged":[],"score":100,"play_id":"45351192-f440-41fe-88a7-1e5a1042215f","local_time":"20210127081532","is_ascension_mode":false,"campfire_choices":[{"data":"hermit:Covet","floor":6,"key":"SMITH"},{"data":"Mayhem","floor":8,"key":"SMITH"},{"data":"hermit:Manifest","floor":15,"key":"SMITH"}],"circlet_count":0,"master_deck":["hermit:Strike_Hermit","hermit:Strike_Hermit","hermit:Strike_Hermit","hermit:Strike_Hermit","hermit:Defend_Hermit","hermit:Defend_Hermit","hermit:Defend_Hermit","hermit:Snapshot","hermit:Covet+1","Mayhem+1","hermit:LowProfile","hermit:Magnum+1","hermit:Quickdraw","hermit:Coalescence","hermit:Dissolve","hermit:Feint","hermit:Deadeye","hermit:Enervate","hermit:Coalescence","hermit:Manifest+1"],"relics":["hermit:Momento","foxEvents:LuckyCharm","Kunai","hubris:CuriousFeather","Strawberry","hubris:HerbalPaste"],"acts_visited":["Exordium"],"potions_floor_usage":[13,16],"damage_taken":[{"damage":1,"enemies":"Cultist","floor":1,"turns":4},{"damage":13,"enemies":"Colosseum Slavers","floor":4,"turns":4},{"damage":5,"enemies":"2 Louse","floor":5,"turns":2},{"damage":3,"enemies":"Jaw Worm","floor":7,"turns":2},{"damage":23,"enemies":"Gremlin Nob","floor":10,"turns":4},{"damage":10,"enemies":"Exordium Wildlife","floor":11,"turns":6},{"damage":3,"enemies":"Looter","floor":13,"turns":4},{"damage":28,"enemies":"Hexaghost","floor":16,"turns":7}],"seed_played":"-9017402842698322601","potions_obtained":[{"floor":4,"key":"GamblersBrew"},{"floor":7,"key":"Explosive Potion"},{"floor":11,"key":"EssenceOfSteel"}],"is_trial":false,"path_per_floor":["M","?","?","?","M","R","M","R","T","E","M","$","M","?","R","B"],"character_chosen":"HERMIT","items_purchased":["hermit:Enervate","Strawberry","hubris:HerbalPaste","hermit:Coalescence"],"campfire_rested":0,"item_purchase_floors":[12,12,12,12],"current_hp_per_floor":[67,67,60,47,42,42,39,39,39,16,6,13,16,21,21,0,0],"gold":18,"neow_bonus":"RANDOM_COLORLESS_2","is_daily":false,"chose_seed":false,"campfire_upgraded":3,"win_rate":0.0,"timestamp":1611746132,"path_taken":["M","?","?","?","M","R","M","R","T","E","M","$","?","?","R","BOSS"],"items_purchased_type":["Card","Relic","Relic","Card"],"build_version":"2020-12-22","purchased_purges":0,"victory":false,"max_hp_per_floor":[68,68,68,68,68,68,68,68,68,68,68,75,75,80,80,80,80],"card_choices":[{"not_picked":["Secret Technique","Thinking Ahead"],"picked":"Mayhem","floor":0},{"not_picked":["hermit:Vantage","hermit:Roulette"],"picked":"hermit:LowProfile","floor":1},{"not_picked":["hermit:Virtue","hermit:Ricochet"],"picked":"hermit:Quickdraw","floor":4},{"not_picked":["hermit:Desperado","hermit:Midnight"],"picked":"hermit:Coalescence","floor":5},{"not_picked":["hermit:GoldenBullet","hermit:Horror"],"picked":"hermit:Dissolve","floor":7},{"not_picked":["hermit:CalledShot","hermit:BodyArmor"],"picked":"hermit:Feint","floor":10},{"not_picked":["hermit:ItchyTrigger","hermit:Dive"],"picked":"hermit:Deadeye","floor":11},{"not_picked":["hermit:Malice","hermit:Dive"],"picked":"hermit:Manifest","floor":13}],"player_experience":1891691,"relics_obtained":[{"floor":4,"key":"foxEvents:LuckyCharm"},{"floor":9,"key":"Kunai"},{"floor":10,"key":"hubris:CuriousFeather"}],"event_choices":[{"damage_healed":0,"gold_gain":1,"player_choice":"4","damage_taken":0,"max_hp_gain":0,"max_hp_loss":0,"event_name":"betterStone:BetterStone","floor":2,"gold_loss":0,"cards_obtained":["hermit:Magnum"]},{"cards_removed":["hermit:Defend_Hermit"],"damage_healed":0,"gold_gain":0,"player_choice":"Card Removal","damage_taken":7,"max_hp_gain":0,"max_hp_loss":0,"event_name":"Golden Wing","floor":3,"gold_loss":0},{"damage_healed":0,"gold_gain":0,"player_choice":"Donut","damage_taken":0,"max_hp_gain":5,"max_hp_loss":0,"event_name":"Big Fish","floor":14,"gold_loss":0}],"is_beta":false,"boss_relics":[],"items_purged_floors":[],"is_endless":false,"potions_floor_spawned":[4,7,11],"killed_by":"Hexaghost","ascension_level":0}}