{"host":"j4g6ia6asvpyu2b0","time":1611788200,"event":{"mods":["BaseMod","Colored Map","Minty Spire (QoL Compilation)","Permanent Neow","Quick Restart","Relic Stats","StSLib","Unceasing Turn Reminder"],"gold_per_floor":[125,137,149,215,302,346,377,403,415,377,47,47,57,57,57,160,160,172,224,236,236,254,283,301,331,331,365,383,421,421,530,530,643,643,666,666,441,441,220,259,284,284,284,322,345,386,408,443,443,443,443,443,32,75,75],"floor_reached":56,"language":"ENG","playtime":3514,"items_purged":["Strike_G","Strike_G"],"score":1864,"play_id":"387c0757-a6b2-43e2-8513-1e0d1754bb6e","local_time":"20210127155640","is_ascension_mode":true,"campfire_choices":[{"data":"Cloak And Dagger","floor":12.0,"key":"SMITH"},{"data":"Bouncing Flask","floor":15.0,"key":"SMITH"},{"data":"Storm of Steel","floor":30,"key":"SMITH"},{"data":"Footwork","floor":32,"key":"SMITH"},{"data":"After Image","floor":42,"key":"SMITH"},{"floor":49,"key":"RECALL"},{"data":"After Image","floor":52,"key":"SMITH"}],"circlet_count":0,"master_deck":["Strike_G","Strike_G+1","Defend_G","Defend_G","Defend_G","Defend_G+1","Defend_G","Survivor","Neutralize","CurseOfTheBell","Bouncing Flask+1","Cloak And Dagger+1","Dagger Throw","Flying Knee","Discovery","Backflip","Storm of Steel+1","Deflect+1","PiercingWail","Leg Sweep+1","Dagger Spray+1","Footwork+1","Outmaneuver+1","Wraith Form v2","Blade Dance","Burst","Cloak And Dagger","Infinite Blades","After Image+1","After Image+1","Caltrops","Backstab+1","Malaise","Backstab+1","Dodge and Roll+1","Tactician+1","Sucker Punch+1","Panache","Well Laid Plans","Flash of Steel","Caltrops+1"],"relics":["Calling Bell","MawBank","Eternal Feather","Dead Branch","Potion Belt","Tiny Chest","Ninja Scroll","SlaversCollar","Vajra","StrikeDummy","Oddly Smooth Stone","Question Card","Letter Opener","CeramicFish","TungstenRod","Bottled Tornado","Coffee Dripper","HornCleat","Membership Card","DollysMirror","Omamori","Mercury Hourglass","Bottled Lightning","Meat on the Bone","Art of War","Blood Vial","Lantern","Paper Crane","TwistedFunnel","Gremlin Horn"],"acts_visited":["Exordium","TheCity","TheBeyond","TheEnding"],"potions_floor_usage":[27,55,55,55,55,55,55,55,55],"damage_taken":[{"damage":2.0,"enemies":"Small Slimes","floor":1.0,"turns":4.0},{"damage":30.0,"enemies":"Lagavulin","floor":6.0,"turns":6.0},{"damage":1.0,"enemies":"Jaw Worm","floor":7.0,"turns":4.0},{"damage":0.0,"enemies":"2 Louse","floor":8.0,"turns":2.0},{"damage":0.0,"enemies":"Blue Slaver","floor":13.0,"turns":3.0},{"damage":5.0,"enemies":"Hexaghost","floor":16.0,"turns":9.0},{"damage":0.0,"enemies":"Spheric Guardian","floor":18.0,"turns":2.0},{"damage":0.0,"enemies":"3 Byrds","floor":20.0,"turns":3.0},{"damage":2.0,"enemies":"Snake Plant","floor":22.0,"turns":4.0},{"damage":0.0,"enemies":"Slavers","floor":23.0,"turns":4.0},{"damage":13,"enemies":"Shelled Parasite and Fungi","floor":24,"turns":4},{"damage":0,"enemies":"Gremlin Leader","floor":25,"turns":5},{"damage":4,"enemies":"Book of Stabbing","floor":27,"turns":5},{"damage":7,"enemies":"Chosen and Byrds","floor":28,"turns":4},{"damage":0,"enemies":"Gremlin Leader","floor":29,"turns":5},{"damage":2,"enemies":"Colosseum Slavers","floor":31,"turns":4},{"damage":0,"enemies":"Colosseum Nobs","floor":31,"turns":3},{"damage":18,"enemies":"Automaton","floor":33,"turns":9},{"damage":0,"enemies":"Orb Walker","floor":35,"turns":3},{"damage":0,"enemies":"Reptomancer","floor":40,"turns":6},{"damage":2,"enemies":"3 Darklings","floor":41,"turns":3},{"damage":0,"enemies":"Nemesis","floor":44,"turns":5},{"damage":0,"enemies":"Sphere and 2 Shapes","floor":45,"turns":3},{"damage":0,"enemies":"Giant Head","floor":46,"turns":5},{"damage":0,"enemies":"4 Shapes","floor":47,"turns":1},{"damage":0,"enemies":"Reptomancer","floor":48,"turns":3},{"damage":15,"enemies":"Awakened One","floor":50,"turns":13},{"damage":0,"enemies":"Shield and Spear","floor":54,"turns":4},{"damage":10,"enemies":"The Heart","floor":55,"turns":6}],"seed_played":"-8097703171038680345","potions_obtained":[{"floor":1.0,"key":"GamblersBrew"},{"floor":13.0,"key":"Energy Potion"},{"floor":18.0,"key":"Block Potion"},{"floor":21.0,"key":"ColorlessPotion"},{"floor":21.0,"key":"Fire Potion"},{"floor":21.0,"key":"Block Potion"},{"floor":23,"key":"DistilledChaos"},{"floor":25,"key":"PowerPotion"},{"floor":29,"key":"BlessingOfTheForge"},{"floor":31,"key":"CultistPotion"},{"floor":47,"key":"EntropicBrew"}],"is_trial":false,"path_per_floor":["M","?","?","T","?","E","M","M","T","?","$","R","M","$","R","B",null,"M","T","M","?","M","E","M","E","T","E","M","E","R","?","R","B",null,"M","T","$","?","$","E","M","R","T","E","M","E","M","E","R","B",null,"R","$","E","B",null],"character_chosen":"THE_SILENT","items_purchased":["Ninja Scroll","Discovery","Membership Card","Infinite Blades","After Image","DollysMirror","Omamori","Lantern","Paper Crane","TwistedFunnel","Panache","Well Laid Plans","Flash of Steel"],"campfire_rested":0,"item_purchase_floors":[11,11,37,37,39,39,39,53,53,53,53,53,53],"current_hp_per_floor":[68,54,59,59,48,18,17,17,17,17,17,26,26,26,35,30,75,75,75,75,75,73,73,60,60,60,56,49,49,64,62,75,57,75,75,75,75,75,75,75,73,75,75,75,75,75,75,75,75,60,75,75,75,75,65],"gold":75,"neow_bonus":"BOSS_RELIC","is_daily":false,"chose_seed":false,"campfire_upgraded":6,"win_rate":0.0,"timestamp":1611788200,"path_taken":["M","?","?","?","?","E","?","M","T","?","$","R","M","?","R","BOSS","M","?","M","?","M","E","M","E","T","E","?","E","R","?","R","BOSS","M","?","$","?","$","E","M","R","T","E","M","E","M","E","R","BOSS","R","$","E","BOSS"],"items_purchased_type":["Relic","Card","Relic","Card","Card","Relic","Relic","Relic","Relic","Relic","Card","Card","Card"],"build_version":"2020-12-22","purchased_purges":2,"victory":true,"max_hp_per_floor":[70,70,75,75,75,75,75,75,75,75,75,75,75,75,75,75,75,75,75,75,75,75,75,75,75,75,75,75,75,75,75,75,75,75,75,75,75,75,75,75,75,75,75,75,75,75,75,75,75,75,75,75,75,75,75],"relic_stats":{"Gremlin Horn":[0,0],"counters":[29,132],"Dead Branch":[428],"CeramicFish":162,"Eternal Feather":48,"Letter Opener":[324],"MawBank":132,"Question Card":14,"Mercury Hourglass":[164],"Blood Vial":0,"Tiny Chest":2,"Art of War":[2],"obtain_stats":[{"TwistedFunnel":53,"Lantern":53,"Gremlin Horn":54,"CeramicFish":29,"Vajra":19,"Bottled Tornado":31,"Blood Vial":48,"HornCleat":36,"Ninja Scroll":11,"DollysMirror":39,"Tiny Chest":6,"Ring of the Snake":0,"Potion Belt":4,"Dead Branch":0,"Oddly Smooth Stone":25,"Eternal Feather":0,"Omamori":39,"Letter Opener":27,"Paper Crane":53,"MawBank":0,"Question Card":26,"Mercury Hourglass":40,"Calling Bell":0,"SlaversCollar":17,"Coffee Dripper":34,"Art of War":46,"Membership Card":37,"Bottled Lightning":43,"StrikeDummy":23,"TungstenRod":31,"Meat on the Bone":44},{"TwistedFunnel":27,"Lantern":27,"Gremlin Horn":28,"CeramicFish":15,"Vajra":7,"Bottled Tornado":17,"Blood Vial":26,"HornCleat":19,"Ninja Scroll":4,"DollysMirror":19,"Tiny Chest":2,"Ring of the Snake":0,"Potion Belt":1,"Dead Branch":0,"Oddly Smooth Stone":12,"Eternal Feather":0,"Omamori":19,"Letter Opener":13,"Paper Crane":27,"MawBank":0,"Question Card":12,"Mercury Hourglass":20,"Calling Bell":0,"SlaversCollar":6,"Coffee Dripper":18,"Art of War":24,"Membership Card":19,"Bottled Lightning":21,"StrikeDummy":10,"TungstenRod":17,"Meat on the Bone":22},{"TwistedFunnel":122,"Lantern":122,"Gremlin Horn":126,"CeramicFish":64,"Vajra":30,"Bottled Tornado":71,"Blood Vial":109,"HornCleat":83,"Ninja Scroll":16,"DollysMirror":83,"Tiny Chest":10,"Ring of the Snake":0,"Potion Belt":4,"Dead Branch":0,"Oddly Smooth Stone":50,"Eternal Feather":0,"Omamori":83,"Letter Opener":55,"Paper Crane":122,"MawBank":0,"Question Card":50,"Mercury Hourglass":89,"Calling Bell":0,"SlaversCollar":28,"Coffee Dripper":80,"Art of War":105,"Membership Card":83,"Bottled Lightning":92,"StrikeDummy":41,"TungstenRod":71,"Meat on the Bone":97}],"TungstenRod":7,"Meat on the Bone":0},"card_choices":[{"not_picked":["Underhanded Strike","Quick Slash"],"picked":"Bouncing Flask","floor":1.0},{"not_picked":["Backflip","Well Laid Plans"],"picked":"Cloak And Dagger","floor":6.0},{"not_picked":["Night Terror","Underhanded Strike"],"picked":"Dagger Throw","floor":7.0},{"not_picked":["Escape Plan","Slice"],"picked":"Flying Knee","floor":8.0},{"not_picked":["Sucker Punch","Prepared"],"picked":"Backflip","floor":13.0},{"not_picked":["Die Die Die","Malaise"],"picked":"Storm of Steel","floor":16.0},{"not_picked":["Slice+1","Deadly Poison"],"picked":"Deflect+1","floor":18.0},{"not_picked":["Reflex","Dagger Throw"],"picked":"PiercingWail","floor":20.0},{"not_picked":["Prepared","Flechettes"],"picked":"Leg Sweep+1","floor":22.0},{"not_picked":["Terror","Sucker Punch"],"picked":"Dagger Spray+1","floor":23},{"not_picked":["Leg Sweep","Prepared"],"picked":"Footwork","floor":24},{"not_picked":["Bane+1","Finisher"],"picked":"Outmaneuver+1","floor":25},{"not_picked":["Bane","Poisoned Stab","Choke","Dagger Spray"],"picked":"SKIP","floor":27},{"not_picked":["Expertise","Dagger Throw","Dagger Spray","Slice+1"],"picked":"SKIP","floor":28},{"not_picked":["Deflect","Eviscerate","Quick Slash+1"],"picked":"Wraith Form v2","floor":29},{"not_picked":["Reflex+1","Prepared","Poisoned Stab+1"],"picked":"Blade Dance","floor":31},{"not_picked":["Tools of the Trade","Unload","A Thousand Cuts"],"picked":"Burst","floor":33},{"not_picked":["Tactician","Underhanded Strike","Dash+1"],"picked":"Cloak And Dagger","floor":35},{"not_picked":["Dagger Throw+1","Sucker Punch","Underhanded Strike+1"],"picked":"Caltrops","floor":40},{"not_picked":["Deadly Poison","Skewer","Slice+1"],"picked":"Backstab+1","floor":41},{"not_picked":["Prepared+1","Deflect","Underhanded Strike+1"],"picked":"Malaise","floor":44},{"not_picked":["Flying Knee","Riddle With Holes+1","Dagger Spray+1"],"picked":"Backstab+1","floor":45},{"not_picked":["Heel Hook+1","Underhanded Strike","Quick Slash+1"],"picked":"Dodge and Roll+1","floor":46},{"not_picked":["Slice","Flechettes","Storm of Steel"],"picked":"Tactician+1","floor":47},{"not_picked":["Leg Sweep+1","Endless Agony","Deadly Poison+1"],"picked":"Sucker Punch+1","floor":48},{"not_picked":["Prepared+1","Skewer+1","Setup"],"picked":"Caltrops+1","floor":54}],"player_experience":1039773,"relics_obtained":[{"floor":0.0,"key":"MawBank"},{"floor":0.0,"key":"Eternal Feather"},{"floor":0.0,"key":"Dead Branch"},{"floor":4.0,"key":"Potion Belt"},{"floor":6.0,"key":"Tiny Chest"},{"floor":19.0,"key":"Vajra"},{"floor":23,"key":"StrikeDummy"},{"floor":25,"key":"Oddly Smooth Stone"},{"floor":26,"key":"Question Card"},{"floor":27,"key":"Letter Opener"},{"floor":29,"key":"CeramicFish"},{"floor":31,"key":"TungstenRod"},{"floor":31,"key":"Bottled Tornado"},{"floor":36,"key":"HornCleat"},{"floor":40,"key":"Mercury Hourglass"},{"floor":43,"key":"Bottled Lightning"},{"floor":44,"key":"Meat on the Bone"},{"floor":46,"key":"Art of War"},{"floor":48,"key":"Blood Vial"},{"floor":54,"key":"Gremlin Horn"}],"event_choices":[{"damage_healed":0.0,"max_hp_gain":0.0,"max_hp_loss":0.0,"gold_gain":0.0,"event_name":"Shining Light","player_choice":"Entered Light","floor":2.0,"gold_loss":0.0,"damage_taken":14.0,"cards_upgraded":["Defend_G","Strike_G"]},{"damage_healed":0.0,"max_hp_gain":5.0,"max_hp_loss":0.0,"gold_gain":0.0,"event_name":"Big Fish","player_choice":"Donut","floor":3.0,"gold_loss":0.0,"damage_taken":0.0},{"damage_healed":0.0,"max_hp_gain":0.0,"max_hp_loss":0.0,"gold_gain":75.0,"event_name":"World of Goop","player_choice":"Gather Gold","floor":5.0,"gold_loss":0.0,"damage_taken":11.0},{"cards_removed":["Strike_G"],"damage_healed":0.0,"max_hp_gain":0.0,"max_hp_loss":0.0,"gold_gain":0.0,"event_name":"The Cleric","player_choice":"Card Removal","floor":10.0,"gold_loss":50.0,"damage_taken":0.0},{"damage_healed":0.0,"max_hp_gain":0.0,"max_hp_loss":0.0,"gold_gain":0.0,"event_name":"Lab","player_choice":"Got Potions","floor":21.0,"gold_loss":0.0,"damage_taken":0.0},{"damage_healed":0,"gold_gain":0,"player_choice":"Fight","damage_taken":0,"max_hp_gain":0,"max_hp_loss":0,"event_name":"Colosseum","floor":31,"gold_loss":0},{"damage_healed":0,"gold_gain":0,"player_choice":"Fought Nobs","damage_taken":0,"max_hp_gain":0,"max_hp_loss":0,"event_name":"Colosseum","floor":31,"gold_loss":0},{"damage_healed":0,"gold_gain":0,"player_choice":"Ignored","damage_taken":0,"max_hp_gain":0,"max_hp_loss":0,"event_name":"Tomb of Lord Red Mask","floor":38,"gold_loss":0}],"is_beta":false,"boss_relics":[{"not_picked":["Astrolabe","HoveringKite"],"picked":"SlaversCollar"},{"not_picked":["Runic Dome","Velvet Choker"],"picked":"Coffee Dripper"}],"items_purged_floors":[37,39],"is_endless":false,"potions_floor_spawned":[1,13,18,23,25,29,31,31,40,41,46,47,54],"ascension_level":4}}