{"host":"x8sop9v6zw8yitbt","time":1611787583,"event":{"mods":["BaseMod","Best Route Mod","Block Reminder","Colored Powertips","Dark Map","DeckTracker","Minty Spire (QoL Compilation)","Permanent Neow","Quick Restart","Relic Stats","Slay-I","StSLib"],"gold_per_floor":[116,191,40,40,40,40,366,222,222,254,78,92,110,126,126,230,230,243,243,258,358,372,403,403,403,403,403,403],"floor_reached":27,"language":"ENG","playtime":634,"items_purged":["Strike_G","Defend_G"],"score":303,"play_id":"3f18c59c-8b4a-446a-8b03-d9cf9ac7c1c0","local_time":"20210127174623","is_ascension_mode":true,"campfire_choices":[{"data":"Neutralize","floor":6.0,"key":"SMITH"},{"data":"Catalyst","floor":15.0,"key":"SMITH"},{"floor":24,"key":"REST"}],"circlet_count":0,"master_deck":["Strike_G","Strike_G","Defend_G","Defend_G+1","Defend_G","Survivor","Neutralize+1","Deadly Poison+1","Bouncing Flask","Catalyst+1","Well Laid Plans","Dodge and Roll","Writhe","Leg Sweep+1","Concentrate","Malaise"],"relics":["Ring of the Snake","NeowsBlessing","Old Coin","War Paint","The Specimen","Pen Nib","Philosopher\u0027s Stone","HornCleat","Vajra","Mummified Hand"],"acts_visited":["Exordium","TheCity"],"potions_floor_usage":[23],"damage_taken":[{"damage":0.0,"enemies":"Cultist","floor":1.0,"turns":1.0},{"damage":0.0,"enemies":"3 Sentries","floor":7.0,"turns":1.0},{"damage":0.0,"enemies":"Lagavulin","floor":10.0,"turns":1.0},{"damage":6.0,"enemies":"Jaw Worm","floor":12.0,"turns":3.0},{"damage":0.0,"enemies":"2 Louse","floor":13.0,"turns":2.0},{"damage":5.0,"enemies":"Lots of Slimes","floor":14.0,"turns":4.0},{"damage":15,"enemies":"Slime Boss","floor":16,"turns":9},{"damage":0,"enemies":"Chosen","floor":18,"turns":3},{"damage":0,"enemies":"Shell Parasite","floor":20,"turns":3},{"damage":0,"enemies":"Centurion and Healer","floor":22,"turns":6},{"damage":65,"enemies":"Gremlin Leader","floor":23,"turns":7},{"damage":0,"enemies":"Slavers","floor":27,"turns":1}],"seed_played":"-1322742237393142770","potions_obtained":[{"floor":10.0,"key":"PowerPotion"},{"floor":13.0,"key":"Swift Potion"},{"floor":16,"key":"GamblersBrew"},{"floor":18,"key":"EssenceOfSteel"}],"is_trial":false,"path_per_floor":["M","?","$","?","?","R","E","?","T","E","$","M","M","M","R","B",null,"M","?","M","?","M","E","R","?","T","E"],"character_chosen":"THE_SILENT","items_purchased":["Bouncing Flask","Well Laid Plans"],"campfire_rested":1,"item_purchase_floors":[3,11],"current_hp_per_floor":[70,59,59,52,52,52,52,52,52,52,52,46,46,41,41,26,70,70,70,70,70,70,5,26,26,26,26,26],"gold":403,"neow_bonus":"THREE_ENEMY_KILL","is_daily":false,"chose_seed":false,"campfire_upgraded":2,"win_rate":0.0,"timestamp":1611787583,"path_taken":["M","?","$","?","?","R","E","?","T","E","$","?","M","M","R","BOSS","M","?","M","?","?","E","R","?","T","E"],"items_purchased_type":["Card","Card"],"build_version":"2020-12-22","purchased_purges":2,"victory":false,"max_hp_per_floor":[70,70,70,70,70,70,70,70,70,70,70,70,70,70,70,70,70,70,70,70,70,70,70,70,70,70,70,70],"relic_stats":{"counters":[12,41],"Mummified Hand":[1],"Pen Nib":[2],"War Paint":["Defend_G","Deadly Poison"],"obtain_stats":[{"HornCleat":19,"NeowsBlessing":0,"The Specimen":9,"Mummified Hand":26,"Vajra":23,"Philosopher\u0027s Stone":17,"Pen Nib":10,"War Paint":8,"Ring of the Snake":0,"Old Coin":7},{"HornCleat":8,"NeowsBlessing":0,"The Specimen":2,"Mummified Hand":11,"Vajra":11,"Philosopher\u0027s Stone":7,"Pen Nib":3,"War Paint":2,"Ring of the Snake":0,"Old Coin":2},{"HornCleat":24,"NeowsBlessing":0,"The Specimen":2,"Mummified Hand":40,"Vajra":40,"Philosopher\u0027s Stone":21,"Pen Nib":3,"War Paint":2,"Ring of the Snake":0,"Old Coin":2}],"Ring of the Snake":[24]},"card_choices":[{"not_picked":["Underhanded Strike","Cloak And Dagger"],"picked":"Deadly Poison","floor":1.0},{"not_picked":["Masterful Stab","Noxious Fumes"],"picked":"Catalyst","floor":7.0},{"not_picked":["Skewer","Caltrops","Endless Agony"],"picked":"SKIP","floor":10.0},{"not_picked":["Slice","Prepared","Outmaneuver"],"picked":"SKIP","floor":12.0},{"not_picked":["Malaise","Skewer"],"picked":"Dodge and Roll","floor":13.0},{"not_picked":["Flying Knee","Eviscerate","Acrobatics"],"picked":"SKIP","floor":14.0},{"not_picked":["Deadly Poison","Cloak And Dagger","Flying Knee"],"picked":"SKIP","floor":18},{"not_picked":["Finisher","Poisoned Stab"],"picked":"Leg Sweep+1","floor":20},{"not_picked":["Slice","Poisoned Stab","Backflip"],"picked":"SKIP","floor":22},{"not_picked":["Heel Hook","Cloak And Dagger+1","Wraith Form v2"],"picked":"SKIP","floor":23}],"player_experience":859689,"relics_obtained":[{"floor":7.0,"key":"Old Coin"},{"floor":9.0,"key":"The Specimen"},{"floor":10.0,"key":"Pen Nib"},{"floor":23,"key":"Vajra"},{"floor":26,"key":"Mummified Hand"}],"event_choices":[{"damage_healed":0.0,"max_hp_gain":0.0,"max_hp_loss":0.0,"gold_gain":75.0,"event_name":"World of Goop","player_choice":"Gather Gold","floor":2.0,"gold_loss":0.0,"damage_taken":11.0},{"cards_removed":["Strike_G"],"damage_healed":0.0,"max_hp_gain":0.0,"max_hp_loss":0.0,"gold_gain":0.0,"event_name":"Golden Wing","player_choice":"Card Removal","floor":4.0,"gold_loss":0.0,"damage_taken":7.0},{"damage_healed":0.0,"max_hp_gain":0.0,"max_hp_loss":0.0,"gold_gain":0.0,"event_name":"The Cleric","player_choice":"Leave","floor":5.0,"gold_loss":0.0,"damage_taken":0.0},{"damage_healed":0.0,"max_hp_gain":0.0,"max_hp_loss":0.0,"gold_gain":0.0,"event_name":"WeMeetAgain","player_choice":"Paid Gold","floor":8.0,"gold_loss":144.0,"damage_taken":0.0,"relics_obtained":["War Paint"]},{"damage_healed":0,"gold_gain":0,"player_choice":"Opened","damage_taken":0,"relics_obtained":["HornCleat"],"max_hp_gain":0,"max_hp_loss":0,"event_name":"The Mausoleum","floor":19,"gold_loss":0,"cards_obtained":["Writhe"]},{"damage_healed":0,"gold_gain":100,"player_choice":"Pray","damage_taken":0,"max_hp_gain":0,"max_hp_loss":0,"event_name":"Golden Shrine","floor":21,"gold_loss":0},{"damage_healed":0,"gold_gain":0,"cards_transformed":["Defend_G","Strike_G"],"player_choice":"Became Test Subject","damage_taken":0,"max_hp_gain":0,"max_hp_loss":0,"event_name":"Drug Dealer","floor":25,"gold_loss":0,"cards_obtained":["Concentrate","Malaise"]}],"is_beta":false,"boss_relics":[{"not_picked":["Empty Cage","Ring of the Serpent"],"picked":"Philosopher\u0027s Stone"}],"items_purged_floors":[3,11],"is_endless":false,"potions_floor_spawned":[10,12,13,16,18,22],"killed_by":"Slavers","ascension_level":1}}