{"host":"vddnn8yddbh0df4g","time":1611772401,"event":{"mods":["Act Like it!","BaseMod","Beaked The Cultist","Bestiary","Clockwork Mod","Downfall","Filter the Spire","Minty Spire (QoL Compilation)","Shop Mod","StSLib","SuperFastMode","The Construct","The Runesmith"],"gold_per_floor":[99,114,125,125,39,39,39,139,155,59,92,92,92,118,133,232,232,232,249,263,278,298,298,352,352,352,352,371,65,83,112,129,129,129],"floor_reached":33,"language":"ENG","playtime":1932,"items_purged":[],"score":305,"play_id":"412d4239-1355-4bbb-bceb-22cadfb40fd4","local_time":"20210127133321","is_ascension_mode":true,"campfire_choices":[{"data":"Clockwork:Handicap","floor":1,"key":"SMITH"},{"data":"Clockwork:Improve","floor":6,"key":"SMITH"},{"data":"Clockwork:CraftCopperScales","floor":13,"key":"SMITH"},{"data":"Clockwork:TimeWalk","floor":18,"key":"SMITH"},{"data":"Clockwork:WarmUp","floor":23,"key":"SMITH"},{"data":"Clockwork:Roundhouse","floor":26,"key":"SMITH"}],"circlet_count":0,"master_deck":["Clockwork:Shield","Clockwork:Shield","Clockwork:Tinker","Clockwork:WarmUp+1","Clockwork:RevUp+1","Clockwork:Improve+1","downfall:Malfunctioning","Clockwork:HeadStart","Clockwork:LogisticRegression","Clockwork:EnthusiasticStrike","Clockwork:CogShield","Clockwork:TimeWalk+1","Clockwork:TimeOut+1","Clockwork:RampUp+1","Clockwork:CogShield+1","Clockwork:Roundhouse+1","Clockwork:AssemblyLine","Clockwork:ElasticNanites","Clockwork:Downsize","Clockwork:CraftCopperScales"],"relics":["Clockwork:MomentumEngine","Letter Opener","Potion Belt","Art of War","Pear","Blood Vial","Clockwork:CopperScales","Astrolabe","Anchor","Oddly Smooth Stone","Clockwork:QuicksilverHourglass","Regal Pillow"],"acts_visited":["Exordium","TheCity"],"potions_floor_usage":[9,9,19,21,29,29],"damage_taken":[{"damage":13,"enemies":"2 Louse","floor":2,"turns":6},{"damage":2,"enemies":"Small Slimes","floor":3,"turns":10},{"damage":0,"enemies":"downfall:FleeingMerchant","floor":5,"turns":4},{"damage":15,"enemies":"downfall:LadyInBlue","floor":8,"turns":18},{"damage":17,"enemies":"Cultist","floor":9,"turns":7},{"damage":3,"enemies":"downfall:FleeingMerchant","floor":10,"turns":4},{"damage":24,"enemies":"Lagavulin","floor":11,"turns":9},{"damage":12,"enemies":"Exordium Thugs","floor":15,"turns":7},{"damage":20,"enemies":"WA_ARCHETYPE_RETAIN","floor":16,"turns":11},{"damage":0,"enemies":"3 Byrds","floor":19,"turns":2},{"damage":0,"enemies":"Shell Parasite","floor":20,"turns":6},{"damage":43,"enemies":"Chosen and Byrds","floor":21,"turns":8},{"damage":32,"enemies":"Sentry and Sphere","floor":22,"turns":9},{"damage":8,"enemies":"Shelled Parasite and Fungi","floor":28,"turns":8},{"damage":0,"enemies":"downfall:FleeingMerchant","floor":29,"turns":4},{"damage":5,"enemies":"Snake Plant","floor":30,"turns":8},{"damage":51,"enemies":"Slavers","floor":31,"turns":8},{"damage":15,"enemies":"Sentry and Sphere","floor":32,"turns":6},{"damage":3,"enemies":"SI_MIRROR_ARCHETYPE","floor":33,"turns":4}],"seed_played":"3324957592885815125","potions_obtained":[{"floor":3,"key":"DuplicationPotion"},{"floor":8,"key":"Swift Potion"},{"floor":8,"key":"Guardian:BlockOnCardUsePotion"},{"floor":8,"key":"Ancient Potion"},{"floor":11,"key":"FairyPotion"},{"floor":16,"key":"construct:ShiftPotion"},{"floor":20,"key":"Swift Potion"},{"floor":21,"key":"SteroidPotion"},{"floor":28,"key":"EssenceOfSteel"}],"is_trial":false,"path_per_floor":["R","M","M","?","$","R","T","?","M","$","E","T","R","T","M","B",null,"R","M","M","M","M","R","T","?","R","T","M","$","M","E","M","B"],"character_chosen":"CLOCKWORK","items_purchased":["Clockwork:LogisticRegression","Clockwork:CraftCopperScales","Clockwork:CraftQuicksilverHourglass","Clockwork:ElasticNanites","Oddly Smooth Stone"],"campfire_rested":0,"item_purchase_floors":[5,10,29,29,29],"current_hp_per_floor":[93,80,78,78,78,78,78,63,46,43,19,29,29,29,19,1,103,103,103,103,60,30,30,30,30,30,30,24,26,23,14,1,0,0],"gold":129,"neow_bonus":"TEN_PERCENT_HP_BONUS","is_daily":false,"chose_seed":false,"campfire_upgraded":6,"win_rate":0.0,"timestamp":1611772401,"path_taken":["R","M","M","?","$","R","T","?","?","$","E","?","R","?","M","BOSS","R","M","?","M","M","R","T","?","R","?","M","$","M","E","M","BOSS"],"items_purchased_type":["Card","Card","Card","Card","Relic"],"build_version":"2020-12-22","purchased_purges":0,"victory":false,"max_hp_per_floor":[93,93,93,93,93,93,93,93,93,93,93,103,103,103,103,103,103,103,103,103,103,103,103,103,103,103,103,103,103,103,103,103,103,103],"card_choices":[{"not_picked":["Clockwork:CogBarrier","Clockwork:Roundhouse"],"picked":"Clockwork:RevUp","floor":2},{"not_picked":["Clockwork:SearchingStrike","Clockwork:Friction"],"picked":"Clockwork:Improve","floor":3},{"not_picked":["Clockwork:Friction","Clockwork:CogToss"],"picked":"Clockwork:HeadStart","floor":5},{"not_picked":["Clockwork:ChargingBlade","Clockwork:CogToss"],"picked":"Clockwork:EnthusiasticStrike","floor":9},{"not_picked":["Clockwork:Friction","Clockwork:Randomization","Clockwork:FalseStart"],"picked":"SKIP","floor":10},{"not_picked":["Clockwork:TimeOut","Clockwork:AdaptiveCannon"],"picked":"Clockwork:CogShield","floor":11},{"not_picked":["Clockwork:Pluck","Clockwork:InertialShield","Clockwork:Selectivity"],"picked":"SKIP","floor":15},{"not_picked":["Clockwork:Inspiration","Clockwork:UnlimitedCogworks"],"picked":"Clockwork:TimeWalk","floor":16},{"not_picked":["Clockwork:ElasticNanites","Clockwork:TestingEnvironment+1"],"picked":"Clockwork:Roundhouse","floor":19},{"not_picked":["Clockwork:SystemHardening","Clockwork:SmithsMallet+1"],"picked":"Clockwork:AssemblyLine","floor":20},{"not_picked":["Clockwork:Friction","Clockwork:Enhance","Clockwork:ReserveSystems+1"],"picked":"SKIP","floor":21},{"not_picked":["Clockwork:Roundhouse","Clockwork:SearingStrike","Clockwork:HoardingStrike"],"picked":"SKIP","floor":22},{"not_picked":["Clockwork:PerfectedStrike","Clockwork:AdaptiveCannon","Clockwork:SystemHardening"],"picked":"SKIP","floor":28},{"not_picked":["Clockwork:MechanicalMass","Clockwork:Redundancy","Clockwork:SystemHardening"],"picked":"SKIP","floor":29},{"not_picked":["Clockwork:ForgeStrike","Clockwork:ChargingBlade"],"picked":"Clockwork:Downsize","floor":30},{"not_picked":["Clockwork:CogToss","Clockwork:HoardingStrike"],"picked":"Clockwork:CraftCopperScales","floor":31},{"not_picked":["Clockwork:MechanicalMass","Clockwork:ChargingShield","Clockwork:ChargingBlade"],"picked":"SKIP","floor":32}],"player_experience":710145,"relics_obtained":[{"floor":7,"key":"Letter Opener"},{"floor":8,"key":"Potion Belt"},{"floor":11,"key":"Art of War"},{"floor":12,"key":"Pear"},{"floor":14,"key":"Blood Vial"},{"floor":24,"key":"Anchor"},{"floor":31,"key":"Regal Pillow"}],"event_choices":[],"is_beta":false,"boss_relics":[{"not_picked":["Fusion Hammer","Runesmith:UraniumAnvil"],"picked":"Astrolabe"}],"items_purged_floors":[],"is_endless":false,"potions_floor_spawned":[3,11,16,20,21,28],"killed_by":"SI_MIRROR_ARCHETYPE","ascension_level":1}}