{"host":"tkinv8gv6hgcc58b","time":1611709775,"event":{"mods":["AchievementEnabler","BaseMod","BetterRewards","Colored Map","Downfall","Googly Eyes","Hermit","Minty Spire (QoL Compilation)","READ ME - Guardian Mod","Relic Filter","StSLib","The Cursed","The Disciple"],"gold_per_floor":[109,126,126,91,91,91,121,121,121,150,160,174,197,1,1,72,72,91,91,12,12,31,62,73,73,96,124,124,124,137,150,150,225,225,239,239,251,261,67,67,67],"floor_reached":40,"language":"ENG","playtime":2856,"items_purged":["downfall:Aged","Decay"],"score":1260,"play_id":"a3da6049-a36f-4bdb-b180-fa73bc4a5303","local_time":"20210126200935","is_ascension_mode":true,"campfire_choices":[{"floor":6.0,"key":"REST"},{"data":"Unload","floor":8.0,"key":"SMITH"},{"floor":15.0,"key":"REST"},{"floor":25.0,"key":"REST"},{"floor":29.0,"key":"REST"},{"floor":32.0,"key":"REST"}],"circlet_count":0,"master_deck":["AscendersBane","Strike_G","Strike_G","Strike_G","Strike_G","Strike_G","Defend_G","Defend_G","Defend_G","Defend_G","Defend_G","Survivor","Neutralize","Poisoned Stab","Accuracy","All Out Attack","Deflect","Writhe","Unload+1","Malaise","Sucker Punch","Backflip","Malaise","Die Die Die","Leg Sweep","Tools of the Trade","Cloak And Dagger","Terror","Noxious Fumes","Injury","downfall:Icky","PiercingWail","Bullet Time","Envenom+1","Parasite"],"relics":["Ring of the Serpent","Membership Card","Incense Burner","Mango","Lizard Tail","Pocketwatch","The Specimen","downfall:ExtraCursedKey","Singing Bowl","Omamori","Calipers","Blood Vial","Enchiridion","DollysMirror","Black Star","Regal Pillow","Sundial","Mummified Hand","Strawberry","Torii","Akabeko","Ornamental Fan"],"acts_visited":["Exordium","TheCity","TheBeyond"],"potions_floor_usage":[40,40],"damage_taken":[{"damage":9.0,"enemies":"Jaw Worm","floor":1.0,"turns":4.0},{"damage":8.0,"enemies":"Small Slimes","floor":2.0,"turns":3.0},{"damage":3.0,"enemies":"Gremlin Nob","floor":7.0,"turns":3.0},{"damage":48.0,"enemies":"Lagavulin","floor":10.0,"turns":8.0},{"damage":0.0,"enemies":"2 Louse","floor":11.0,"turns":2.0},{"damage":2.0,"enemies":"Exordium Wildlife","floor":12.0,"turns":4.0},{"damage":32.0,"enemies":"Slime Boss","floor":16.0,"turns":9.0},{"damage":23.0,"enemies":"Spheric Guardian","floor":18.0,"turns":6.0},{"damage":18.0,"enemies":"Shell Parasite","floor":22.0,"turns":10.0},{"damage":54.0,"enemies":"Slavers","floor":23.0,"turns":4.0},{"damage":7.0,"enemies":"Chosen and Byrds","floor":24.0,"turns":7.0},{"damage":12.0,"enemies":"Book of Stabbing","floor":27.0,"turns":8.0},{"damage":9.0,"enemies":"Snake Plant","floor":30.0,"turns":7.0},{"damage":10.0,"enemies":"Cultist and Chosen","floor":31.0,"turns":8.0},{"damage":84.0,"enemies":"Automaton","floor":33.0,"turns":13.0},{"damage":8.0,"enemies":"Orb Walker","floor":35.0,"turns":4.0},{"damage":1.0,"enemies":"3 Shapes","floor":37.0,"turns":3.0},{"damage":2.0,"enemies":"Writhing Mass","floor":38.0,"turns":8.0},{"damage":82,"enemies":"Reptomancer","floor":40,"turns":6}],"seed_played":"4785336125008794797","potions_obtained":[{"floor":1.0,"key":"hexamod:SoulburnPotion"},{"floor":2.0,"key":"LiquidMemories"},{"floor":11.0,"key":"Poison Potion"},{"floor":12.0,"key":"Strength Potion"},{"floor":22.0,"key":"PowerPotion"},{"floor":23.0,"key":"bronze:BurnAndBuffPotion"},{"floor":30.0,"key":"Block Potion"},{"floor":33.0,"key":"SteroidPotion"}],"is_trial":false,"path_per_floor":["M","M","?","?","?","R","E","R","T","E","M","M","T","$","R","B",null,"M","?","$","?","M","E","M","R","T","E","?","R","M","M","R","B",null,"M","?","M","M","$","E"],"character_chosen":"THE_SILENT","items_purchased":["Membership Card","Incense Burner","Poisoned Stab","Accuracy","Lizard Tail","Enchiridion","DollysMirror","Regal Pillow","Ornamental Fan"],"campfire_rested":5,"item_purchase_floors":[0,0,0,0,0,14,14,20,39],"current_hp_per_floor":[43,35,24,44,44,68,67,67,67,19,19,17,17,17,41,11,64,43,43,43,43,27,28,23,62,69,59,59,89,80,74,91,7,70,66,66,69,71,71,0,0],"gold":67,"neow_bonus":"","is_daily":false,"chose_seed":false,"campfire_upgraded":1,"win_rate":0.0,"timestamp":1611709775,"path_taken":["M","M","?","?","?","R","E","R","T","E","M","?","?","?","R","BOSS","M","?","$","?","M","E","?","R","T","E","?","R","?","?","R","BOSS","M","?","M","?","$","E"],"items_purchased_type":["Relic","Relic","Card","Card","Relic","Relic","Relic","Relic","Relic"],"build_version":"2020-12-22","purchased_purges":2,"victory":false,"max_hp_per_floor":[80,80,80,80,80,80,82,82,82,82,82,82,82,82,82,82,82,82,82,82,82,82,82,82,82,89,89,89,89,89,91,91,91,91,93,93,95,97,97,97,97],"card_choices":[{"not_picked":["Dagger Spray","Acrobatics"],"picked":"All Out Attack","floor":1.0},{"not_picked":["Concentrate","Dodge and Roll"],"picked":"Deflect","floor":2.0},{"not_picked":["Tactician","Dodge and Roll","Well Laid Plans"],"picked":"Singing Bowl","floor":7.0},{"not_picked":["Calculated Gamble","Concentrate"],"picked":"Malaise","floor":10.0},{"not_picked":["Underhanded Strike","Blade Dance"],"picked":"Sucker Punch","floor":11.0},{"not_picked":["Deflect","Bane"],"picked":"Backflip","floor":12.0},{"not_picked":["Doppelganger","Burst"],"picked":"Die Die Die","floor":16.0},{"not_picked":["Deadly Poison","Flying Knee"],"picked":"Leg Sweep","floor":18.0},{"not_picked":["Sucker Punch","Escape Plan"],"picked":"Cloak And Dagger","floor":22.0},{"not_picked":["Flechettes","Outmaneuver"],"picked":"Terror","floor":23.0},{"not_picked":["Poisoned Stab","Cloak And Dagger"],"picked":"Noxious Fumes","floor":24.0},{"not_picked":["Footwork","Blur"],"picked":"PiercingWail","floor":27.0},{"not_picked":["Flechettes","Dagger Spray"],"picked":"Bullet Time","floor":30.0},{"not_picked":["Terror","Backflip","Choke"],"picked":"Singing Bowl","floor":31.0},{"not_picked":["Phantasmal Killer","Bullet Time"],"picked":"Envenom","floor":33.0},{"not_picked":["Prepared","Riddle With Holes","Blade Dance"],"picked":"Singing Bowl","floor":35.0},{"not_picked":["Backflip","Slice","Dagger Spray"],"picked":"Singing Bowl","floor":37.0},{"not_picked":["Slice","Sucker Punch+1","All Out Attack+1"],"picked":"Singing Bowl","floor":38.0}],"player_experience":1076949,"relics_obtained":[{"floor":7.0,"key":"Singing Bowl"},{"floor":9.0,"key":"Omamori"},{"floor":10.0,"key":"Calipers"},{"floor":13.0,"key":"Blood Vial"},{"floor":23.0,"key":"Sundial"},{"floor":23.0,"key":"Mummified Hand"},{"floor":26.0,"key":"Strawberry"},{"floor":27.0,"key":"Torii"},{"floor":27.0,"key":"Akabeko"}],"event_choices":[{"damage_healed":0.0,"max_hp_gain":0.0,"max_hp_loss":0.0,"gold_gain":0.0,"event_name":"Scrap Ooze","player_choice":"Success","floor":3.0,"gold_loss":0.0,"damage_taken":11.0,"relics_obtained":["The Specimen"]},{"damage_healed":20.0,"max_hp_gain":0.0,"max_hp_loss":0.0,"gold_gain":0.0,"event_name":"The Cleric","player_choice":"Healed","floor":4.0,"gold_loss":35.0,"damage_taken":0.0},{"damage_healed":0.0,"max_hp_gain":0.0,"max_hp_loss":0.0,"gold_gain":0.0,"event_name":"Match and Keep!","player_choice":"1 cards matched","floor":21.0,"gold_loss":0.0,"damage_taken":0.0,"cards_obtained":["Tools of the Trade"]},{"damage_healed":0.0,"max_hp_gain":0.0,"max_hp_loss":0.0,"gold_gain":0.0,"event_name":"N\u0027loth","player_choice":"Ignored","floor":28.0,"gold_loss":0.0,"damage_taken":0.0},{"damage_healed":0.0,"max_hp_gain":0.0,"max_hp_loss":0.0,"gold_gain":0.0,"event_name":"Upgrade Shrine","player_choice":"Upgraded","floor":36.0,"gold_loss":0.0,"damage_taken":0.0,"cards_upgraded":["Envenom"]}],"is_beta":false,"boss_relics":[{"not_picked":["Coffee Dripper","Pandora\u0027s Box"],"picked":"Black Star"},{"not_picked":["Sozu","HoveringKite"],"picked":"Ring of the Serpent"}],"items_purged_floors":[14,39],"is_endless":false,"potions_floor_spawned":[1,2,11,12,22,23,30,33],"killed_by":"Reptomancer","ascension_level":18}}