{"host":"5zotnur7vyqtklfj","time":1611728144,"event":{"mods":["AchievementEnabler","BaseMod","Block Reminder","Colored Map","Colored Powertips","Downfall","Hubris","Infinite Spire","Jorbs\u0027s Wanderer Trilogy","Minty Spire (QoL Compilation)","Replay The Spire","StSLib"],"gold_per_floor":[99,109,123,133,133,43,70,90,113,113,131,150,180,199,219,219,219,219],"floor_reached":16,"language":"ENG","playtime":2266,"items_purged":["bronze:Backtrace+1"],"score":96,"play_id":"18e1ae09-790e-4ec3-84dc-786027f56d95","local_time":"20210127011544","is_ascension_mode":false,"campfire_choices":[{"data":"bronze:Goto","floor":1.0,"key":"SMITH"},{"data":"bronze:DigitalCarnage","floor":10.0,"key":"SMITH"}],"circlet_count":0,"master_deck":["bronze:Strike","bronze:Strike","bronze:Strike","bronze:Strike","bronze:Defend","bronze:Defend","bronze:Defend","bronze:Defend","bronze:Replicate","bronze:Goto+1","bronze:Repair","bronze:DigitalCarnage+1","bronze:Boost","bronze:FollowUp"],"relics":["bronze:BronzeCore","Dream Catcher","CeramicFish"],"acts_visited":["Exordium"],"potions_floor_usage":[],"damage_taken":[{"damage":0.0,"enemies":"Cultist","floor":2.0,"turns":4.0},{"damage":4.0,"enemies":"Jaw Worm","floor":3.0,"turns":6.0},{"damage":0.0,"enemies":"Small Slimes","floor":4.0,"turns":2.0},{"damage":0.0,"enemies":"downfall:FleeingMerchant","floor":6.0,"turns":4.0},{"damage":6.0,"enemies":"Exordium Wildlife","floor":8.0,"turns":5.0},{"damage":0.0,"enemies":"Blue Slaver","floor":11.0,"turns":1.0},{"damage":7.0,"enemies":"3 Louse","floor":12.0,"turns":4.0},{"damage":2,"enemies":"Large Slime","floor":14,"turns":6},{"damage":0,"enemies":"Gremlin Gang","floor":15,"turns":5},{"damage":127,"enemies":"DF_ARCHETYPE_STREAMLINE","floor":16,"turns":14}],"seed_played":"1786153608181551795","potions_obtained":[{"floor":2.0,"key":"Milkshake"},{"floor":8.0,"key":"champ:CounterPotion"},{"floor":12.0,"key":"DuplicationPotion"}],"is_trial":false,"path_per_floor":["R","M","M","M","?","$","T","M","T","R","M","M","?","M","M","B"],"character_chosen":"THE_AUTOMATON","items_purchased":[],"campfire_rested":0,"item_purchase_floors":[],"current_hp_per_floor":[77,77,77,77,77,77,77,77,77,77,77,77,77,77,77,0,0,0],"gold":219,"neow_bonus":"TEN_PERCENT_HP_BONUS","is_daily":false,"chose_seed":false,"campfire_upgraded":2,"win_rate":0.0,"timestamp":1611728144,"path_taken":["R","M","M","M","?","$","T","M","?","R","M","M","?","?","M","BOSS"],"items_purchased_type":[],"build_version":"2020-12-22","purchased_purges":1,"victory":false,"max_hp_per_floor":[77,77,77,77,77,77,77,77,77,77,77,77,77,77,77,77,77,77],"card_choices":[{"not_picked":["bronze:ChildClass","bronze:BitShift"],"picked":"bronze:Repair","floor":2.0},{"not_picked":["bronze:OilSpill","bronze:Deprecate"],"picked":"bronze:Backtrace","floor":3.0},{"not_picked":["bronze:ForceShield","bronze:BugBarrage"],"picked":"bronze:DigitalCarnage","floor":4.0},{"not_picked":["bronze:ShipIt","bronze:DarkDash"],"picked":"bronze:Boost","floor":6.0},{"not_picked":["bronze:DelayedSlice","bronze:ForLoop","bronze:Invalidate"],"picked":"SKIP","floor":8.0},{"not_picked":["bronze:OilSpill","bronze:Deprecate","bronze:Shield"],"picked":"SKIP","floor":11.0},{"not_picked":["bronze:Return","bronze:FineTuning","bronze:Shield"],"picked":"SKIP","floor":12.0},{"not_picked":["bronze:Virus","bronze:DarkDash","bronze:DelayedSlice"],"picked":"SKIP","floor":14},{"not_picked":["bronze:Boost","bronze:Allocate"],"picked":"bronze:FollowUp","floor":15}],"player_experience":443506,"relics_obtained":[{"floor":7.0,"key":"Dream Catcher"},{"floor":9.0,"key":"CeramicFish"}],"event_choices":[],"is_beta":false,"boss_relics":[],"items_purged_floors":[6],"is_endless":false,"potions_floor_spawned":[2,8,12,14,15],"killed_by":"DF_ARCHETYPE_STREAMLINE","ascension_level":0}}