{"host":"7iv10lxbxedtd0qh","time":1611773693,"event":{"mods":["BaseMod","Colored Map","Colored Powertips","Downfall","Minty Spire (QoL Compilation)","StSLib"],"gold_per_floor":[99,109,120,120,30,48,48,62,62,78,78,110,110,110,124,224,224,24,24,24,24],"floor_reached":19,"language":"ENG","playtime":629,"items_purged":["bronze:Strike"],"score":175,"play_id":"ca0cdfad-ed04-4679-8d32-cd26cbd60ca5","local_time":"20210127195453","is_ascension_mode":true,"campfire_choices":[{"data":"Trip","floor":1,"key":"SMITH"},{"floor":9,"key":"RECALL"},{"data":"bronze:Overheat","floor":11,"key":"SMITH"},{"data":"bronze:Mutator","floor":18,"key":"SMITH"}],"circlet_count":0,"master_deck":["bronze:Strike","bronze:Strike","bronze:Strike","bronze:Defend","bronze:Defend","bronze:Defend","bronze:Defend","bronze:Replicate","bronze:Goto","Trip+1","bronze:Format","bronze:Overheat+1","bronze:Fortify","bronze:Repulsor","bronze:WildBeam","bronze:Mutator+1"],"relics":["bronze:BronzeCore","StoneCalendar","Omamori","Regal Pillow","Coffee Dripper","downfall:HeartBlessingRed","downfall:HeartBlessingGreen"],"acts_visited":["Exordium","TheCity"],"potions_floor_usage":[12,12,16],"damage_taken":[{"damage":2,"enemies":"Small Slimes","floor":2,"turns":4},{"damage":0,"enemies":"Cultist","floor":3,"turns":3},{"damage":0,"enemies":"downfall:FleeingMerchant","floor":5,"turns":4},{"damage":0,"enemies":"2 Louse","floor":6,"turns":2},{"damage":2,"enemies":"Blue Slaver","floor":8,"turns":3},{"damage":0,"enemies":"3 Louse","floor":10,"turns":2},{"damage":12,"enemies":"Lagavulin","floor":12,"turns":4},{"damage":3,"enemies":"Lots of Slimes","floor":15,"turns":4},{"damage":44,"enemies":"WA_ARCHETYPE_RETAIN","floor":16,"turns":7},{"damage":0,"enemies":"Chosen","floor":19,"turns":1}],"seed_played":"-5362441232129330688","potions_obtained":[{"floor":3,"key":"bronze:FreeFunctionsPotion"},{"floor":8,"key":"SmokeBomb"},{"floor":10,"key":"AttackPotion"},{"floor":15,"key":"DuplicationPotion"}],"is_trial":false,"path_per_floor":["R","M","M","?","$","M","T","M","R","M","R","E","?","?","M","B",null,"R","M"],"character_chosen":"THE_AUTOMATON","items_purchased":[],"campfire_rested":0,"item_purchase_floors":[],"current_hp_per_floor":[70,68,68,68,68,68,68,66,66,66,66,54,59,56,53,9,75,75,75,75,75],"gold":24,"neow_bonus":"RANDOM_COLORLESS","is_daily":false,"chose_seed":false,"campfire_upgraded":3,"win_rate":0.0,"timestamp":1611773693,"path_taken":["R","M","M","?","?","?","T","M","R","M","R","E","?","?","M","BOSS","R","M"],"items_purchased_type":[],"build_version":"2020-12-22","purchased_purges":1,"victory":false,"max_hp_per_floor":[70,70,70,70,70,70,70,70,70,70,70,70,75,75,75,75,75,75,75,75,75],"card_choices":[{"not_picked":["Dark Shackles","Enlightenment"],"picked":"Trip","floor":0},{"not_picked":["bronze:Invalidate","bronze:OilSpill","bronze:BugBarrage"],"picked":"SKIP","floor":2},{"not_picked":["bronze:FineTuning","bronze:Constructor"],"picked":"bronze:Format","floor":3},{"not_picked":["bronze:BugBarrage","bronze:Shield"],"picked":"bronze:Overheat","floor":5},{"not_picked":["bronze:BugBarrage","bronze:CutThrough"],"picked":"bronze:Fortify","floor":6},{"not_picked":["bronze:FineTuning","bronze:Shield"],"picked":"bronze:Repulsor","floor":8},{"not_picked":["bronze:WhirlingStrike","bronze:InfiniteLoop","bronze:Repair"],"picked":"SKIP","floor":10},{"not_picked":["bronze:BitShift","bronze:ForceShield","bronze:HardenedForm"],"picked":"SKIP","floor":12},{"not_picked":["bronze:BuggyMess","bronze:FineTuning","bronze:WildBeam"],"picked":"SKIP","floor":15},{"not_picked":["bronze:BuggyMess","bronze:FineTuning"],"picked":"bronze:WildBeam","floor":15},{"not_picked":["bronze:InfiniteLoop","bronze:FindAndReplace"],"picked":"bronze:Mutator","floor":16}],"player_experience":742615,"relics_obtained":[{"floor":7,"key":"StoneCalendar"},{"floor":12,"key":"Omamori"}],"event_choices":[{"damage_healed":0,"gold_gain":0,"player_choice":"Ignored","damage_taken":0,"max_hp_gain":0,"max_hp_loss":0,"event_name":"NoteForYourself","floor":4,"gold_loss":0},{"damage_healed":0,"gold_gain":0,"player_choice":"Donut","damage_taken":0,"max_hp_gain":5,"max_hp_loss":0,"event_name":"Big Fish","floor":13,"gold_loss":0},{"damage_healed":0,"gold_gain":0,"player_choice":"Success","damage_taken":3,"relics_obtained":["Regal Pillow"],"max_hp_gain":0,"max_hp_loss":0,"event_name":"Scrap Ooze","floor":14,"gold_loss":0}],"is_beta":false,"boss_relics":[{"not_picked":["Tiny House","bronze:PlatinumCore"],"picked":"Coffee Dripper"}],"items_purged_floors":[5],"is_endless":false,"potions_floor_spawned":[3,8,10,15],"killed_by":"Chosen","ascension_level":1}}