{"host":"6xsbn6ynqlzwllfm","time":1611758904,"event":{"mods":["2.2 Compatiblity","BaseMod","Bestiary","Colored Map","Colored Powertips","Curses Come First","Highlight Path","Keyboard Shortcuts","Minty Spire (QoL Compilation)","Relic Stats","Slay the Relics Exporter","StSLib","SuperFastMode"],"gold_per_floor":[113,113,113,38,56,56,91,91,142,160,60,88,88,108,108,181,181,196,196,210,260,272,272,308,328,400,425,439,548,548,580,580,580,580],"floor_reached":33,"language":"ENG","playtime":1118,"items_purged":["Strike_R","Strike_R"],"score":690,"play_id":"b71870a9-b9bd-49ec-b4db-737832917f91","local_time":"20210127094824","is_ascension_mode":true,"campfire_choices":[{"data":"Bash","floor":6,"key":"SMITH"},{"data":"Cleave","floor":8,"key":"SMITH"},{"data":"Shockwave","floor":13,"key":"SMITH"},{"data":"Brutality","floor":15,"key":"SMITH"},{"data":"Impervious","floor":23,"key":"SMITH"},{"floor":30,"key":"DIG"},{"floor":32,"key":"REST"}],"circlet_count":0,"master_deck":["AscendersBane","Strike_R","Strike_R+1","Defend_R","Defend_R","Defend_R","Defend_R","Bash+1","Reckless Charge","Hemokinesis+1","Cleave+1","Shockwave+1","Brutality+1","Pummel","Shrug It Off","Impervious+1","Carnage","Dark Embrace","Flame Barrier","Feel No Pain","Bludgeon"],"relics":["Burning Blood","NeowsBlessing","Sundial","Vajra","Happy Flower","Snecko Eye","CeramicFish","Shovel","Pear","Ginger","Bottled Lightning"],"acts_visited":["Exordium","TheCity"],"potions_floor_usage":[16,24,27,29,31],"damage_taken":[{"damage":0,"enemies":"2 Louse","floor":1,"turns":1},{"damage":0,"enemies":"Small Slimes","floor":5,"turns":1},{"damage":0,"enemies":"Lagavulin","floor":7,"turns":1},{"damage":7,"enemies":"Jaw Worm","floor":10,"turns":3},{"damage":12,"enemies":"Gremlin Nob","floor":12,"turns":3},{"damage":3,"enemies":"Exordium Thugs","floor":14,"turns":3},{"damage":25,"enemies":"Slime Boss","floor":16,"turns":5},{"damage":6,"enemies":"Chosen","floor":18,"turns":3},{"damage":8,"enemies":"Shell Parasite","floor":20,"turns":3},{"damage":9,"enemies":"Centurion and Healer","floor":22,"turns":4},{"damage":5,"enemies":"Gremlin Leader","floor":24,"turns":4},{"damage":18,"enemies":"Snake Plant","floor":25,"turns":4},{"damage":13,"enemies":"Shelled Parasite and Fungi","floor":27,"turns":3},{"damage":4,"enemies":"Sentry and Sphere","floor":28,"turns":5},{"damage":4,"enemies":"Colosseum Slavers","floor":29,"turns":2},{"damage":14,"enemies":"Colosseum Nobs","floor":29,"turns":5},{"damage":29,"enemies":"Book of Stabbing","floor":31,"turns":7},{"damage":58,"enemies":"Collector","floor":33,"turns":8}],"seed_played":"855303314128858031","potions_obtained":[{"floor":1,"key":"Swift Potion"},{"floor":12,"key":"Strength Potion"},{"floor":14,"key":"Explosive Potion"},{"floor":18,"key":"FearPotion"},{"floor":22,"key":"EssenceOfSteel"},{"floor":25,"key":"Block Potion"},{"floor":29,"key":"ElixirPotion"}],"is_trial":false,"path_per_floor":["M","?","?","$","M","R","E","R","T","M","$","E","R","M","R","B",null,"M","?","M","?","M","R","E","M","T","M","M","?","R","E","R","B"],"character_chosen":"IRONCLAD","items_purchased":[],"campfire_rested":1,"item_purchase_floors":[],"current_hp_per_floor":[74,74,51,51,57,57,63,63,63,62,62,56,56,59,59,40,66,66,66,64,64,61,61,62,50,50,43,45,49,49,26,51,0,0],"gold":580,"neow_bonus":"THREE_ENEMY_KILL","is_daily":false,"chose_seed":false,"campfire_upgraded":5,"win_rate":0.0,"timestamp":1611758904,"path_taken":["M","?","?","$","M","R","E","R","T","M","?","E","R","M","R","BOSS","M","?","M","?","M","R","E","M","T","M","M","?","R","E","R","BOSS"],"items_purchased_type":[],"build_version":"2020-12-22","purchased_purges":2,"victory":false,"max_hp_per_floor":[75,75,75,75,75,75,75,75,75,75,75,75,75,75,75,75,75,75,75,75,75,75,75,75,75,75,75,75,85,85,85,85,85,85],"relic_stats":{"Shovel":1,"Happy Flower":[18],"counters":[18,65],"Sundial":[16],"CeramicFish":27,"Snecko Eye":[87,92,89,82],"Ginger":[5],"obtain_stats":[{"Shovel":29,"Pear":29,"NeowsBlessing":0,"Happy Flower":12,"Sundial":7,"CeramicFish":24,"Vajra":9,"Snecko Eye":17,"Ginger":30,"Bottled Lightning":31,"Burning Blood":0},{"Shovel":16,"Pear":16,"NeowsBlessing":0,"Happy Flower":5,"Sundial":3,"CeramicFish":11,"Vajra":3,"Snecko Eye":7,"Ginger":16,"Bottled Lightning":17,"Burning Blood":0},{"Shovel":50,"Pear":50,"NeowsBlessing":0,"Happy Flower":9,"Sundial":3,"CeramicFish":31,"Vajra":3,"Snecko Eye":17,"Ginger":50,"Bottled Lightning":57,"Burning Blood":0}],"Burning Blood":102},"card_choices":[{"not_picked":["Shrug It Off","Ghostly Armor"],"picked":"Reckless Charge","floor":1},{"not_picked":["Headbutt","Twin Strike"],"picked":"Cleave","floor":5},{"not_picked":["Armaments","Havoc"],"picked":"Shockwave","floor":7},{"not_picked":["Metallicize","Body Slam"],"picked":"Brutality","floor":10},{"not_picked":["Fire Breathing","Inflame"],"picked":"Pummel","floor":12},{"not_picked":["Warcry","Anger"],"picked":"Shrug It Off","floor":14},{"not_picked":["Demon Form","Limit Break"],"picked":"Impervious","floor":16},{"not_picked":["Anger","Thunderclap"],"picked":"Dark Embrace","floor":20},{"not_picked":["Sever Soul","Shrug It Off"],"picked":"Flame Barrier","floor":24},{"not_picked":["Whirlwind","True Grit","Disarm"],"picked":"SKIP","floor":25},{"not_picked":["Heavy Blade","Combust"],"picked":"Feel No Pain","floor":27},{"not_picked":["Wild Strike","Heavy Blade"],"picked":"Bludgeon","floor":29},{"not_picked":["Burning Pact","Anger","Clothesline"],"picked":"SKIP","floor":31}],"player_experience":1153938,"relics_obtained":[{"floor":7,"key":"Sundial"},{"floor":9,"key":"Vajra"},{"floor":12,"key":"Happy Flower"},{"floor":24,"key":"CeramicFish"},{"floor":29,"key":"Shovel"},{"floor":29,"key":"Pear"},{"floor":30,"key":"Ginger"},{"floor":31,"key":"Bottled Lightning"}],"event_choices":[{"damage_healed":0,"gold_gain":0,"cards_transformed":["Strike_R"],"player_choice":"Change","damage_taken":0,"max_hp_gain":0,"max_hp_loss":0,"event_name":"Living Wall","floor":2,"gold_loss":0,"cards_obtained":["Hemokinesis"]},{"damage_healed":0,"gold_gain":0,"player_choice":"Entered Light","damage_taken":23,"max_hp_gain":0,"max_hp_loss":0,"event_name":"Shining Light","floor":3,"gold_loss":0,"cards_upgraded":["Hemokinesis","Strike_R"]},{"damage_healed":0,"gold_gain":0,"player_choice":"Read","damage_taken":0,"max_hp_gain":0,"max_hp_loss":0,"event_name":"The Library","floor":19,"gold_loss":0,"cards_obtained":["Carnage"]},{"damage_healed":0,"gold_gain":50,"player_choice":"Stole From Cult","damage_taken":0,"max_hp_gain":0,"max_hp_loss":0,"event_name":"Nest","floor":21,"gold_loss":0},{"damage_healed":0,"gold_gain":0,"player_choice":"Fight","damage_taken":0,"max_hp_gain":0,"max_hp_loss":0,"event_name":"Colosseum","floor":29,"gold_loss":0},{"damage_healed":0,"gold_gain":0,"player_choice":"Fought Nobs","damage_taken":0,"max_hp_gain":0,"max_hp_loss":0,"event_name":"Colosseum","floor":29,"gold_loss":0}],"is_beta":false,"boss_relics":[{"not_picked":["SacredBark","Pandora\u0027s Box"],"picked":"Snecko Eye"}],"items_purged_floors":[4,11],"is_endless":false,"potions_floor_spawned":[1,12,14,18,22,25,29],"killed_by":"Collector","ascension_level":20}}