{"host":"rjbqai8ni6dsiu37","time":1611759225,"event":{"mods":["100% Spire Juice","BaseMod","CapriCore","GungeonMod","Marisa£¨Ùöéë¡¡Øª×âÞÞ£©","Minty Spire (QoL Compilation)","Replay The Spire","Shop Mod","StSLib","Td1madao Mod","The Cursed","The Jungle","The Poker Player","WarShipGirlsR/??á´Ò³R mod"],"gold_per_floor":[114,131,11,25,39,39,39,67,92,92,92,92,107,123,154,164,164,22,22,41,41,41,41,58,58,88,58,58,74,74,99,99,115,115,115,115],"floor_reached":35,"language":"KOR","playtime":955,"items_purged":["Replay:Sluggish"],"score":448,"play_id":"791d3f78-96ce-4d2b-be9f-c6a4f43df1d5","local_time":"20210127235345","is_ascension_mode":true,"campfire_choices":[{"data":"Moonworks:Ambush","floor":6.0,"key":"SMITH"},{"floor":12,"key":"REST"},{"data":"Moonworks:NicePresent","floor":17,"key":"SMITH"},{"data":"Moonworks:WeAreWaruda","floor":25,"key":"SMITH"},{"data":"Moonworks:AnotherUltimateWeapon","floor":30,"key":"SMITH"},{"data":"Moonworks:GoAway","floor":32,"key":"SMITH"},{"floor":34,"key":"RECALL"}],"circlet_count":0,"master_deck":["Moonworks:Strike","Moonworks:Strike","Moonworks:Strike","Moonworks:Strike","Moonworks:Defend","Moonworks:Defend","Moonworks:Defend","Moonworks:Defend+1","Moonworks:Ambush+1","Moonworks:LongDistanceShot","Moonworks:JonathanRush","Moonworks:EvilSpyWorkPreparation","Moonworks:AnotherUltimateWeapon","Moonworks:EvilSpyWorkPreparation","Moonworks:WeAreWaruda+1","Moonworks:NicePresent+1","Moonworks:AnotherUltimateWeapon+1","Moonworks:NicePresent+1","Moonworks:GoAway+1"],"relics":["Moonworks:BrokenBomb","Moonworks:Homemark","ReplayTheSpireMod:Lightbulb","DemoMod:MemoryAlloy","The Courier","Centennial Puzzle","Blue Doll","Replay:Bronze Core","Garlic","Replay:Rubber Ducky","ReplayTheSpireMod:CursedCoin","Pet Ghost","War Paint","Replay:Bottled Steam"],"acts_visited":["Exordium","Exordium"],"potions_floor_usage":[15,18,18,24],"damage_taken":[{"damage":5.0,"enemies":"Small Slimes","floor":1.0,"turns":3.0},{"damage":1.0,"enemies":"Cultist","floor":2.0,"turns":3.0},{"damage":1.0,"enemies":"Jaw Worm","floor":4.0,"turns":2.0},{"damage":7.0,"enemies":"Exordium Wildlife","floor":5.0,"turns":4.0},{"damage":16.0,"enemies":"Gremlin Nob","floor":8.0,"turns":4.0},{"damage":4,"enemies":"Exordium Thugs","floor":13,"turns":4},{"damage":0,"enemies":"Large Slime","floor":14,"turns":5},{"damage":6,"enemies":"3 Sentries","floor":15,"turns":6},{"damage":3,"enemies":"3 Louse","floor":16,"turns":3},{"damage":15,"enemies":"Slime Boss","floor":18,"turns":4},{"damage":0,"enemies":"theJungle:Flameango_and_Byrd","floor":20,"turns":3},{"damage":1,"enemies":"theJungle:GiantWrat","floor":24,"turns":1},{"damage":0,"enemies":"theJungle:MamaSnecko","floor":26,"turns":5},{"damage":2,"enemies":"theJungle:JungleHuntersEncounter","floor":29,"turns":5},{"damage":2,"enemies":"theJungle:2_Phrogs","floor":31,"turns":5},{"damage":0,"enemies":"theJungle:2_Snecko_Cultists","floor":33,"turns":3},{"damage":52,"enemies":"theJungle:TotemBoss","floor":35,"turns":3}],"seed_played":"-5486415379786276800","potions_obtained":[{"floor":2.0,"key":"SteroidPotion"},{"floor":3.0,"key":"SmokeBomb"},{"floor":3.0,"key":"SkillPotion"},{"floor":13,"key":"Block Potion"},{"floor":14,"key":"Adrenaline Potion"},{"floor":16,"key":"Weak Potion"},{"floor":18,"key":"Ancient Potion"},{"floor":29,"key":"SteroidPotion"},{"floor":33,"key":"DemoMod:LeadSkinPotion"}],"is_trial":false,"path_per_floor":["M","M","?","M","M","R","T","E","T","PTL","PTL","R","M","M","E","M","R","B",null,"M","$","T","?","M","R","E","$","T","M","R","E","R","M","R","B"],"character_chosen":"THE_STARBREAKER","items_purchased":["ReplayTheSpireMod:CursedCoin","Pet Ghost"],"campfire_rested":1,"item_purchase_floors":[27,27],"current_hp_per_floor":[49,48,48,47,40,40,40,24,24,24,24,42,38,38,32,29,29,14,49,49,49,49,49,54,54,54,54,54,52,52,50,50,50,50,0,0],"gold":115,"neow_bonus":"RANDOM_COMMON_RELIC","is_daily":false,"chose_seed":false,"campfire_upgraded":5,"win_rate":0.0,"timestamp":1611759225,"path_taken":["M","M","?","?","M","R","?","E","T","PTL","PTL","R","M","M","E","M","R","BOSS","M","$","?","?","M","R","E","?","T","M","R","E","R","?","R","BOSS"],"items_purchased_type":["Relic","Relic"],"build_version":"2020-12-22","purchased_purges":1,"victory":false,"max_hp_per_floor":[60,60,60,60,60,60,60,60,60,60,60,60,60,60,60,60,60,60,60,60,60,60,60,60,60,60,60,60,60,60,60,60,60,60,60,60],"card_choices":[{"not_picked":["Moonworks:CloudOfSeagulls","Moonworks:ForcedRevival"],"picked":"Moonworks:JonathanRush","floor":1.0},{"not_picked":["Moonworks:StiffCrystal","Moonworks:x16BigRocket"],"picked":"Moonworks:EvilSpyWorkPreparation","floor":2.0},{"not_picked":["Moonworks:NicePresent","Moonworks:x16BigRocket"],"picked":"Moonworks:AnotherUltimateWeapon","floor":4.0},{"not_picked":["Moonworks:LulusLuckyEgg","Moonworks:ExtendedPhotonRifle"],"picked":"Moonworks:EvilSpyWorkPreparation","floor":5.0},{"not_picked":["Moonworks:ScrambledEve","Moonworks:LuckyCharm","Moonworks:Assault"],"picked":"SKIP","floor":8.0},{"not_picked":["Moonworks:Bloodlust","Moonworks:TacticalRetreat","Moonworks:DevilHand"],"picked":"SKIP","floor":13},{"not_picked":["Moonworks:CloudOfSeagulls","Moonworks:MiracleRedBeanIceCream"],"picked":"Moonworks:WeAreWaruda","floor":14},{"not_picked":["Moonworks:ReproductionOfRecords","Moonworks:BigBangBell"],"picked":"Moonworks:NicePresent","floor":15},{"not_picked":["Moonworks:ImOnFire","Moonworks:CloudOfSeagulls","Moonworks:EvilSpyWorkPreparation"],"picked":"SKIP","floor":16},{"not_picked":["Moonworks:Wanted","Moonworks:ReflectiveShell"],"picked":"Moonworks:AnotherUltimateWeapon","floor":18},{"not_picked":["Moonworks:CastOff","Moonworks:ScrambledEve+1"],"picked":"Moonworks:NicePresent","floor":20},{"not_picked":["Moonworks:ImOnFire","Moonworks:IndiscriminateFireSupport+1","Moonworks:BigMagnum+1"],"picked":"SKIP","floor":24},{"not_picked":["Moonworks:Flamethrower+1","Moonworks:Assault","Moonworks:IndiscriminateFireSupport"],"picked":"SKIP","floor":26},{"not_picked":["Moonworks:MixPhenomenon","Moonworks:FinalSurgery","Moonworks:Heat300Percent"],"picked":"SKIP","floor":29},{"not_picked":["Moonworks:SakisCookie","Moonworks:DeployBits"],"picked":"Moonworks:GoAway","floor":31},{"not_picked":["Moonworks:UnpaidWork+1","Moonworks:CastOff","Moonworks:EvilSpyWorkPreparation"],"picked":"SKIP","floor":33}],"player_experience":229042,"relics_obtained":[{"floor":7.0,"key":"DemoMod:MemoryAlloy"},{"floor":8.0,"key":"The Courier"},{"floor":9.0,"key":"Centennial Puzzle"},{"floor":15,"key":"Blue Doll"},{"floor":22,"key":"Garlic"},{"floor":26,"key":"Replay:Rubber Ducky"},{"floor":28,"key":"War Paint"},{"floor":31,"key":"Replay:Bottled Steam"}],"event_choices":[{"damage_healed":0.0,"max_hp_gain":0.0,"max_hp_loss":0.0,"gold_gain":0.0,"event_name":"Lab","player_choice":"Got Potions","floor":3.0,"gold_loss":0.0,"damage_taken":0.0}],"is_beta":false,"boss_relics":[{"not_picked":["Tiny House","Velvet Choker"],"picked":"Replay:Bronze Core"}],"items_purged_floors":[27],"is_endless":false,"potions_floor_spawned":[2,13,14,16,18,29,33],"killed_by":"theJungle:TotemBoss","ascension_level":7}}