{"host":"kg61lsvem4dxoat8","time":1611723351,"event":{"mods":["BaseMod","Colored Powertips","Minty Spire (QoL Compilation)","Quick Restart","Rare Cards Sparkle","Relic Stats","slay the spire mod where everything is the same but ironclad has a cowboy hat"],"gold_per_floor":[109,128,128,139,139,139,139],"floor_reached":6,"language":"ENG","playtime":50,"items_purged":[],"score":70,"play_id":"de03a66f-5d4f-429d-a13e-bbe42c3e7b4c","local_time":"20210127125551","is_ascension_mode":true,"campfire_choices":[],"circlet_count":0,"master_deck":["AscendersBane","Strike_G","Strike_G","Strike_G","Strike_G","Strike_G","Defend_G","Defend_G","Defend_G","Defend_G","Defend_G","Survivor","Neutralize","Crippling Poison"],"relics":["Ring of the Snake","NeowsBlessing","Incense Burner"],"acts_visited":["Exordium"],"potions_floor_usage":[4,6],"damage_taken":[{"damage":0,"enemies":"Cultist","floor":1,"turns":1},{"damage":0,"enemies":"Jaw Worm","floor":2,"turns":1},{"damage":0,"enemies":"2 Louse","floor":4,"turns":1},{"damage":0,"enemies":"3 Sentries","floor":6,"turns":1}],"seed_played":"-1198711767619291818","potions_obtained":[{"floor":1,"key":"ColorlessPotion"},{"floor":4,"key":"Fruit Juice"}],"is_trial":false,"path_per_floor":["M","M","T","M","?","E"],"character_chosen":"THE_SILENT","items_purchased":[],"campfire_rested":0,"item_purchase_floors":[],"current_hp_per_floor":[59,59,59,64,64,64,64],"gold":139,"neow_bonus":"THREE_ENEMY_KILL","is_daily":false,"chose_seed":false,"campfire_upgraded":0,"win_rate":0.0,"timestamp":1611723351,"path_taken":["M","M","?","M","?","E"],"items_purchased_type":[],"build_version":"2020-12-22","purchased_purges":0,"victory":false,"max_hp_per_floor":[66,66,66,71,71,71,71],"relic_stats":{"counters":[4,4],"obtain_stats":[{"NeowsBlessing":0,"Incense Burner":3,"Ring of the Snake":0},{"NeowsBlessing":0,"Incense Burner":2,"Ring of the Snake":0},{"NeowsBlessing":0,"Incense Burner":2,"Ring of the Snake":0}],"Ring of the Snake":[8]},"card_choices":[{"not_picked":["Reflex","Sucker Punch","Flechettes"],"picked":"SKIP","floor":1},{"not_picked":["Well Laid Plans","Prepared","Dagger Throw"],"picked":"SKIP","floor":2},{"not_picked":["Dagger Spray","Endless Agony"],"picked":"Crippling Poison","floor":4}],"player_experience":1400969,"relics_obtained":[{"floor":3,"key":"Incense Burner"}],"event_choices":[{"damage_healed":0,"gold_gain":0,"player_choice":"Ignored","damage_taken":0,"max_hp_gain":0,"max_hp_loss":0,"event_name":"Liars Game","floor":5,"gold_loss":0}],"is_beta":false,"boss_relics":[],"items_purged_floors":[],"is_endless":false,"potions_floor_spawned":[1,4],"killed_by":"3 Sentries","ascension_level":19}}