{"host":"18wi9kpcl4eah7pe","time":1611727524,"event":{"mods":["BaseMod","Colored Powertips","Downfall","Minty Spire (QoL Compilation)","StSLib"],"gold_per_floor":[199,218,235,235,253,253,253,53,70,70,81,110,144,20,37,139,139,39,59,59,10,10,10,37,72,91,200,220,239,239,233,257,371,371,371,390,408,458,458,479,503,521,396,732,372,401,401,328,347,347,347,385,102,102,102,102,102],"floor_reached":55,"language":"ENG","playtime":3841,"items_purged":["downfall:Malfunctioning"],"score":886,"play_id":"42f7519d-7e8d-49f5-8baa-693c1fd5cb89","local_time":"20210127000524","is_ascension_mode":true,"campfire_choices":[{"floor":1.0,"key":"RECALL"},{"data":"Guardian:GuardianWhirl","floor":8.0,"key":"SMITH"},{"floor":10.0,"key":"REST"},{"data":"Guardian:FierceBash","floor":18.0,"key":"SMITH"},{"data":"Guardian:SpikerProtocol","floor":23.0,"key":"SMITH"},{"floor":30.0,"key":"REST"},{"data":"Guardian:ConstructionForm","floor":35,"key":"SMITH"},{"floor":54,"key":"REST"}],"circlet_count":0,"master_deck":["Guardian:Strike_Guardian","Guardian:Strike_Guardian","Guardian:Strike_Guardian+1","Guardian:Strike_Guardian","Guardian:Defend_Guardian","Guardian:Defend_Guardian","Guardian:Defend_Guardian","Guardian:Defend_Guardian","Guardian:CurlUp+1","Guardian:TwinSlam+1","Guardian:PrimingBeam","Guardian:GuardianWhirl+1","Guardian:SpikerProtocol+1","Guardian:DonusPower","Guardian:ChargeCore","Guardian:ShieldCharger","Guardian:BodySlam+1","Guardian:BronzeOrb","Guardian:Reroute","Guardian:FierceBash+1","Guardian:GuardianWhirl","Guardian:ArmoredProtocol","Guardian:WalkerClaw","Guardian:AncientConstruct","Guardian:CrystalBeam","Guardian:FuturePlans+1","Guardian:SentryBeam+1","Guardian:StasisField","Guardian:VentSteam","Guardian:ConstructionForm+1","Guardian:BronzeOrb+1","Guardian:RevengeProtocol","Guardian:Planning+1","Guardian:TemporalShield+1","Guardian:ShieldSpikes"],"relics":["Guardian:ModeShifterPlus","Guardian:PickAxe","downfall:HeartBlessingBlue","downfall:HeartBlessingRed","Odd Mushroom","Singing Bowl","Black Star","downfall:HeartBlessingGreen","CeramicFish","Mercury Hourglass","hexamod:Sixitude","Toy Ornithopter","Thread and Needle","Omamori","Membership Card","Dead Branch","Regal Pillow","Old Coin","Art of War","Strawberry","Toolbox","Du-Vu Doll","bronze:DonusWashers","Guardian:DefensiveModeMoreBlock","Whetstone","bronze:BronzeIdol","ClockworkSouvenir","Boot"],"acts_visited":["Exordium","TheCity","TheBeyond","TheEnding"],"potions_floor_usage":[38,44,46,50,52,52,52,52,52,55,55,55],"damage_taken":[{"damage":3.0,"enemies":"2 Louse","floor":2.0,"turns":4.0},{"damage":4.0,"enemies":"Jaw Worm","floor":3.0,"turns":6.0},{"damage":6.0,"enemies":"Small Slimes","floor":5.0,"turns":2.0},{"damage":10.0,"enemies":"Small Slimes","floor":6.0,"turns":6.0},{"damage":2.0,"enemies":"2 Fungi Beasts","floor":9.0,"turns":3.0},{"damage":10.0,"enemies":"Lots of Slimes","floor":11.0,"turns":4.0},{"damage":7.0,"enemies":"The Mushroom Lair","floor":12.0,"turns":2.0},{"damage":14.0,"enemies":"Gremlin Nob","floor":13.0,"turns":5.0},{"damage":0.0,"enemies":"downfall:FleeingMerchant","floor":14.0,"turns":4.0},{"damage":4.0,"enemies":"Red Slaver","floor":15.0,"turns":3.0},{"damage":6.0,"enemies":"IC_STATUS_ARCHETYPE","floor":16.0,"turns":7.0},{"damage":0.0,"enemies":"Chosen","floor":19.0,"turns":4.0},{"damage":15.0,"enemies":"downfall:FleeingMerchant","floor":21.0,"turns":4.0},{"damage":27.0,"enemies":"Gremlin Leader","floor":25.0,"turns":6.0},{"damage":6.0,"enemies":"3 Byrds","floor":26.0,"turns":4.0},{"damage":34.0,"enemies":"downfall:LadyInBlue","floor":27.0,"turns":10.0},{"damage":11.0,"enemies":"Centurion and Healer","floor":28.0,"turns":4.0},{"damage":0.0,"enemies":"Sentry and Sphere","floor":29.0,"turns":3.0},{"damage":14.0,"enemies":"downfall:FleeingMerchant","floor":31.0,"turns":4.0},{"damage":17.0,"enemies":"Shelled Parasite and Fungi","floor":32.0,"turns":6.0},{"damage":14,"enemies":"SI_MIRROR_ARCHETYPE","floor":33,"turns":11},{"damage":4,"enemies":"3 Darklings","floor":36,"turns":6},{"damage":0,"enemies":"3 Shapes","floor":37,"turns":3},{"damage":4,"enemies":"3 Shapes","floor":38,"turns":8},{"damage":2,"enemies":"Transient","floor":40,"turns":5},{"damage":9,"enemies":"Writhing Mass","floor":42,"turns":6},{"damage":0,"enemies":"downfall:FleeingMerchant","floor":43,"turns":3},{"damage":23,"enemies":"Giant Head","floor":44,"turns":10},{"damage":0,"enemies":"Jaw Worm Horde","floor":46,"turns":2},{"damage":0,"enemies":"Sphere and 2 Shapes","floor":49,"turns":3},{"damage":51,"enemies":"WA_ARCHETYPE_DIVINITY","floor":50,"turns":16},{"damage":151,"enemies":"downfall:CharBossMerchant","floor":52,"turns":12},{"damage":79,"enemies":"downfall:NeowBoss","floor":55,"turns":19}],"seed_played":"-4849018730532050315","potions_obtained":[{"floor":3.0,"key":"Fire Potion"},{"floor":11.0,"key":"Strength Potion"},{"floor":13.0,"key":"Guardian:BlockOnCardUsePotion"},{"floor":16.0,"key":"Explosive Potion"},{"floor":19.0,"key":"SneckoOil"},{"floor":26.0,"key":"bronze:BurnAndBuffPotion"},{"floor":27.0,"key":"DistilledChaos"},{"floor":27.0,"key":"Regen Potion"},{"floor":28.0,"key":"champ:CounterPotion"},{"floor":29.0,"key":"GamblersBrew"},{"floor":33,"key":"SteroidPotion"},{"floor":36,"key":"Strength Potion"},{"floor":44,"key":"EntropicBrew"},{"floor":46,"key":"Energy Potion"},{"floor":52,"key":"GamblersBrew"}],"is_trial":false,"path_per_floor":["R","M","M","?","M","?","T","R","M","R","M","?","E","$","M","B",null,"R","M","?","$","?","R","T","E","M","?","M","M","R","$","M","B",null,"R","M","M","?","?","M","T","M","$","E","?","M","?","$","M","B",null,"E","$","R","B"],"character_chosen":"GUARDIAN","items_purchased":["Guardian:BronzeOrb","Guardian:ArmoredProtocol","Membership Card","Dead Branch","Regal Pillow","Strength Potion","Guardian:RevengeProtocol","Strawberry","Toolbox","Du-Vu Doll","Strength Potion","ColorlessPotion","bronze:DonusWashers","bronze:BronzeIdol","ClockworkSouvenir","Boot","Strength Potion","Swift Potion","Guardian:ShieldSpikes"],"campfire_rested":3,"item_purchase_floors":[14,21,43,43,43,43,43,45,45,45,45,45,48,53,53,53,53,53,53],"current_hp_per_floor":[80,77,73,73,67,57,57,67,65,90,80,73,61,61,57,51,92,92,94,94,79,79,79,79,52,46,12,30,35,63,49,32,18,96,96,92,94,96,100,98,98,91,93,75,82,87,103,103,105,59,129,5,5,58,0,0,0],"gold":102,"neow_bonus":"HUNDRED_GOLD","is_daily":false,"chose_seed":false,"campfire_upgraded":4,"win_rate":0.0,"timestamp":1611727524,"path_taken":["R","M","M","?","M","?","T","R","M","R","M","?","E","$","M","BOSS","R","M","?","$","?","R","T","E","M","?","?","M","R","?","M","BOSS","R","M","M","?","?","?","T","M","$","E","?","M","?","$","M","BOSS","E","$","R","BOSS"],"items_purchased_type":["Card","Card","Relic","Relic","Relic","Potion","Card","Relic","Relic","Relic","Potion","Potion","Relic","Relic","Relic","Relic","Potion","Potion","Card"],"build_version":"2020-12-22","purchased_purges":1,"victory":false,"max_hp_per_floor":[80,80,80,80,80,80,80,90,90,90,90,90,92,92,92,92,92,92,94,94,94,94,94,94,94,94,94,96,96,96,96,96,96,96,96,96,98,100,100,100,100,102,104,104,111,111,127,127,129,129,129,129,129,129,129,129,129],"card_choices":[{"not_picked":["Guardian:TemporalShield","Guardian:Gem_Green"],"picked":"Guardian:PrimingBeam","floor":2.0},{"not_picked":["Guardian:BronzeOrb","Guardian:PiercingHide"],"picked":"Guardian:GuardianWhirl","floor":3.0},{"not_picked":["Guardian:Gem_Red","Guardian:Reroute"],"picked":"Guardian:SpikerProtocol","floor":5.0},{"not_picked":["Guardian:Gem_Blue","Guardian:TimeCapacitor"],"picked":"Guardian:DonusPower","floor":9.0},{"not_picked":["Guardian:Gem_Cyan","Guardian:Gem_Yellow"],"picked":"Guardian:ChargeCore","floor":11.0},{"not_picked":["Guardian:Gem_Red","Guardian:TemporalShield"],"picked":"Guardian:ShieldCharger","floor":12.0},{"not_picked":["Guardian:Gem_Lightblue","Guardian:FloatingOrbs","Guardian:Incinerate"],"picked":"Singing Bowl","floor":13.0},{"not_picked":["Guardian:ShieldCharger","Guardian:Gem_Fragmented"],"picked":"Guardian:BodySlam","floor":14.0},{"not_picked":["Guardian:Incinerate","Guardian:Gem_Cyan"],"picked":"Guardian:Reroute","floor":15.0},{"not_picked":["Guardian:GemFinder","Guardian:HyperBeam_Guardian"],"picked":"Guardian:FierceBash","floor":16.0},{"not_picked":["Guardian:Gem_Fragmented","Guardian:BronzeOrb","Guardian:Gem_Cyan"],"picked":"Singing Bowl","floor":19.0},{"not_picked":["Guardian:Gem_Blue","Guardian:ChargeCore"],"picked":"Guardian:GuardianWhirl","floor":21.0},{"not_picked":["Guardian:Gem_Lightblue","Guardian:Gem_Cyan"],"picked":"Guardian:AncientConstruct","floor":25.0},{"not_picked":["Guardian:TemporalShield","Guardian:ShieldCharger+1"],"picked":"Guardian:CrystalBeam","floor":26.0},{"not_picked":["Guardian:Harden+1","Guardian:Gem_Cyan"],"picked":"Guardian:FuturePlans+1","floor":27.0},{"not_picked":["Guardian:ShieldCharger","Guardian:Gem_Green","Guardian:CrystalBeam"],"picked":"Singing Bowl","floor":28.0},{"not_picked":["Guardian:AncientConstruct","Guardian:Recover+1"],"picked":"Guardian:SentryBeam","floor":29.0},{"not_picked":["Guardian:Suspension","Guardian:CrystalBeam"],"picked":"Guardian:StasisField","floor":31.0},{"not_picked":["Guardian:PrimingBeam","Guardian:Gem_Fragmented"],"picked":"Guardian:VentSteam","floor":32.0},{"not_picked":["Guardian:StasisEngine","Guardian:GemFire"],"picked":"Guardian:ConstructionForm","floor":33},{"not_picked":["Guardian:ChargeCore+1","Guardian:Recover+1"],"picked":"Guardian:BronzeOrb+1","floor":36},{"not_picked":["Guardian:TemporalShield","Guardian:Gem_Lightblue","Guardian:Reroute"],"picked":"Singing Bowl","floor":37},{"not_picked":["Guardian:WalkerClaw","Guardian:Reroute","Guardian:Gem_Cyan"],"picked":"Singing Bowl","floor":38},{"not_picked":["Guardian:CrystalBeam+1","Guardian:BodySlam"],"picked":"Guardian:Gem_Green","floor":40},{"not_picked":["Guardian:Gem_Lightblue","Guardian:ShieldCharger","Guardian:Clone"],"picked":"Singing Bowl","floor":42},{"not_picked":["Guardian:PrimingBeam","Guardian:ArmoredProtocol","Guardian:DonusPower+1"],"picked":"Singing Bowl","floor":43},{"not_picked":["Guardian:RollAttack+1","Guardian:Gem_Cyan"],"picked":"Guardian:Planning+1","floor":44},{"not_picked":["Guardian:RollAttack","Guardian:Gem_Synthetic"],"picked":"Guardian:TemporalShield+1","floor":46},{"not_picked":["Guardian:MultiBeam","Guardian:Gem_Blue","Guardian:BronzeArmor+1"],"picked":"Singing Bowl","floor":49},{"not_picked":["Guardian:Reroute+1","Guardian:WalkerClaw+1"],"picked":"Guardian:Gem_Fragmented","floor":52}],"player_experience":969152,"relics_obtained":[{"floor":12.0,"key":"Odd Mushroom"},{"floor":13.0,"key":"Singing Bowl"},{"floor":24.0,"key":"CeramicFish"},{"floor":25.0,"key":"Mercury Hourglass"},{"floor":25.0,"key":"hexamod:Sixitude"},{"floor":27.0,"key":"Toy Ornithopter"},{"floor":38,"key":"Thread and Needle"},{"floor":41,"key":"Omamori"},{"floor":44,"key":"Old Coin"},{"floor":44,"key":"Art of War"},{"floor":52,"key":"Guardian:DefensiveModeMoreBlock"},{"floor":52,"key":"Whetstone"}],"event_choices":[{"damage_healed":0.0,"max_hp_gain":0.0,"max_hp_loss":0.0,"gold_gain":0.0,"event_name":"Mushrooms","player_choice":"Fought Mushrooms","floor":12.0,"gold_loss":0.0,"damage_taken":0.0},{"damage_healed":0.0,"max_hp_gain":0.0,"max_hp_loss":0.0,"gold_gain":0.0,"event_name":"The Library","player_choice":"Read","floor":22.0,"gold_loss":0.0,"damage_taken":0.0,"cards_obtained":["Guardian:WalkerClaw"]},{"damage_healed":4,"gold_gain":0,"player_choice":"Full Heal","damage_taken":0,"max_hp_gain":0,"max_hp_loss":0,"event_name":"Wheel of Change","floor":39,"gold_loss":0}],"is_beta":false,"boss_relics":[{"not_picked":["SlaversCollar","Coffee Dripper"],"picked":"Black Star"},{"not_picked":["Philosopher\u0027s Stone","Cursed Key"],"picked":"Guardian:ModeShifterPlus"}],"items_purged_floors":[14],"is_endless":false,"potions_floor_spawned":[3,11,13,16,19,26,28,29,33,36,44,46,49,52],"killed_by":"downfall:NeowBoss","ascension_level":2}}