{"host":"soyfmymeou4emntr","time":1611779438,"event":{"mods":["BaseMod","BetterRewards","Minty Spire (QoL Compilation)","Relic Sorter","Relic Stats","StSLib"],"gold_per_floor":[215,0,0,16,16,49,49,77,77,96,109,137,155,173,173,246,246,257,287,297,477,73,73,99,99,99,132,144,164,190,203,203,277,277,294,307,323,338,357,357,383,383,383,383,434,461,473,491,491,491,491],"floor_reached":50,"language":"ENG","playtime":4215,"items_purged":["Strike_G"],"score":1247,"play_id":"58224a33-8bdc-4097-b761-2afe563fb1e4","local_time":"20210127133038","is_ascension_mode":true,"campfire_choices":[{"data":"Neutralize","floor":7.0,"key":"SMITH"},{"data":"Bane","floor":15.0,"key":"SMITH"},{"data":"Wraith Form v2","floor":23.0,"key":"SMITH"},{"data":"Terror","floor":25.0,"key":"SMITH"},{"data":"Accuracy","floor":32,"key":"SMITH"},{"data":"Envenom","floor":40,"key":"SMITH"},{"floor":42,"key":"RECALL"},{"data":"Calculated Gamble","floor":44,"key":"SMITH"},{"data":"Venomology","floor":49,"key":"SMITH"}],"circlet_count":0,"master_deck":["AscendersBane","Strike_G","Strike_G","Strike_G","Defend_G","Defend_G","Defend_G","Defend_G","Defend_G","Survivor","Neutralize+1","Poisoned Stab+1","Terror+1","Flying Knee","Venomology+1","Bane+1","PiercingWail","Bane","Cloak And Dagger","Infinite Blades","Wraith Form v2+1","Calculated Gamble+1","Blade Dance","Deflect+1","Dash+1","Clumsy","Blade Dance","After Image","Accuracy+1","Envenom+1","Accuracy","Blade Dance","Blade Dance","Backflip+1","Parasite","Leg Sweep","Blade Dance","Bane+1"],"relics":["Ring of the Snake","TwistedFunnel","Paper Crane","Toy Ornithopter","Du-Vu Doll","Ornamental Fan","Cursed Key","Red Mask","ClockworkSouvenir","Vajra","Akabeko","StoneCalendar","Bottled Flame","Bronze Scales","HoveringKite","Bottled Tornado","Turnip","Happy Flower"],"acts_visited":["Exordium","TheCity","TheBeyond"],"potions_floor_usage":[27,27,30,31,33,33,36,38,41,45,46,46,47,48,48,50,50],"damage_taken":[{"damage":0.0,"enemies":"Cultist","floor":1.0,"turns":5.0},{"damage":0.0,"enemies":"Small Slimes","floor":4.0,"turns":2.0},{"damage":19.0,"enemies":"Gremlin Nob","floor":6.0,"turns":4.0},{"damage":7.0,"enemies":"3 Sentries","floor":8.0,"turns":7.0},{"damage":0.0,"enemies":"2 Louse","floor":10.0,"turns":1.0},{"damage":0.0,"enemies":"Looter","floor":11.0,"turns":3.0},{"damage":14.0,"enemies":"Lagavulin","floor":12.0,"turns":4.0},{"damage":4.0,"enemies":"Lots of Slimes","floor":13.0,"turns":3.0},{"damage":0.0,"enemies":"2 Fungi Beasts","floor":14.0,"turns":3.0},{"damage":7.0,"enemies":"The Guardian","floor":16.0,"turns":8.0},{"damage":4.0,"enemies":"Shell Parasite","floor":18.0,"turns":3.0},{"damage":2.0,"enemies":"Masked Bandits","floor":19.0,"turns":4.0},{"damage":0.0,"enemies":"Spheric Guardian","floor":20.0,"turns":3.0},{"damage":5.0,"enemies":"Gremlin Leader","floor":24.0,"turns":7.0},{"damage":7,"enemies":"Slavers","floor":27,"turns":5},{"damage":2,"enemies":"Chosen and Byrds","floor":28,"turns":3},{"damage":1,"enemies":"Centurion and Healer","floor":29,"turns":5},{"damage":2,"enemies":"Book of Stabbing","floor":30,"turns":3},{"damage":0,"enemies":"Snake Plant","floor":31,"turns":3},{"damage":20,"enemies":"Champ","floor":33,"turns":10},{"damage":1,"enemies":"3 Darklings","floor":35,"turns":5},{"damage":0,"enemies":"Orb Walker","floor":36,"turns":1},{"damage":2,"enemies":"4 Shapes","floor":37,"turns":4},{"damage":8,"enemies":"Transient","floor":38,"turns":6},{"damage":2,"enemies":"Sphere and 2 Shapes","floor":39,"turns":4},{"damage":3,"enemies":"Nemesis","floor":41,"turns":5},{"damage":0,"enemies":"2 Orb Walkers","floor":45,"turns":4},{"damage":50,"enemies":"Giant Head","floor":46,"turns":6},{"damage":4,"enemies":"Maw","floor":47,"turns":6},{"damage":2,"enemies":"Transient","floor":48,"turns":6},{"damage":53,"enemies":"Donu and Deca","floor":50,"turns":6}],"seed_played":"-4183719833060655952","potions_obtained":[{"floor":6.0,"key":"Poison Potion"},{"floor":8.0,"key":"Regen Potion"},{"floor":19.0,"key":"Poison Potion"},{"floor":28,"key":"SteroidPotion"},{"floor":30,"key":"Regen Potion"},{"floor":33,"key":"SpeedPotion"},{"floor":36,"key":"Weak Potion"},{"floor":45,"key":"Block Potion"},{"floor":47,"key":"Regen Potion"},{"floor":48,"key":"SmokeBomb"}],"is_trial":false,"path_per_floor":["M","$","?","M","?","E","R","E","T","M","M","E","M","M","R","B",null,"M","?","M","?","$","R","E","R","T","E","M","M","E","M","R","B",null,"M","M","M","M","M","R","E","R","T","R","?","E","M","M","R","B"],"character_chosen":"THE_SILENT","items_purchased":["TwistedFunnel","PowerPotion","ClockworkSouvenir","Vajra"],"campfire_rested":0,"item_purchase_floors":[2,2,22,22],"current_hp_per_floor":[59,59,59,59,59,40,40,33,33,33,47,38,34,34,34,32,58,54,57,62,43,43,43,48,48,48,51,49,48,51,56,56,54,63,62,66,64,58,56,56,58,58,58,58,63,16,17,40,40,0,0],"gold":491,"neow_bonus":"HUNDRED_GOLD","is_daily":false,"chose_seed":false,"campfire_upgraded":8,"win_rate":0.0,"timestamp":1611779438,"path_taken":["M","$","?","M","?","E","R","E","T","M","M","E","M","M","R","BOSS","M","?","M","?","$","R","E","R","T","E","M","M","E","M","R","BOSS","M","M","?","M","M","R","E","R","T","R","?","E","M","M","R","BOSS"],"items_purchased_type":["Relic","Potion","Relic","Relic"],"build_version":"2020-12-22","purchased_purges":1,"victory":false,"max_hp_per_floor":[66,66,66,66,66,66,66,66,66,66,66,66,66,66,66,66,66,66,66,66,66,66,66,66,66,66,66,66,66,66,66,66,66,66,66,66,66,66,66,66,66,66,66,66,66,66,66,66,66,66,66],"relic_stats":{"Happy Flower":[6],"counters":[31,139],"Ornamental Fan":[260],"Bronze Scales":[163],"HoveringKite":[6],"StoneCalendar":[52],"Turnip":[5],"Cursed Key":2,"obtain_stats":[{"TwistedFunnel":2,"Happy Flower":46,"Vajra":22,"HoveringKite":34,"StoneCalendar":26,"Paper Crane":6,"Bottled Tornado":41,"Cursed Key":17,"Akabeko":24,"ClockworkSouvenir":22,"Du-Vu Doll":9,"Bottled Flame":27,"Ornamental Fan":12,"Bronze Scales":30,"Turnip":45,"Red Mask":19,"Toy Ornithopter":8,"Ring of the Snake":0},{"TwistedFunnel":1,"Happy Flower":28,"Vajra":13,"HoveringKite":20,"StoneCalendar":14,"Paper Crane":3,"Bottled Tornado":26,"Cursed Key":10,"Akabeko":14,"ClockworkSouvenir":13,"Du-Vu Doll":4,"Bottled Flame":15,"Ornamental Fan":7,"Bronze Scales":18,"Turnip":27,"Red Mask":12,"Toy Ornithopter":4,"Ring of the Snake":0},{"TwistedFunnel":5,"Happy Flower":121,"Vajra":50,"HoveringKite":86,"StoneCalendar":57,"Paper Crane":11,"Bottled Tornado":111,"Cursed Key":40,"Akabeko":57,"ClockworkSouvenir":50,"Du-Vu Doll":18,"Bottled Flame":62,"Ornamental Fan":26,"Bronze Scales":73,"Turnip":115,"Red Mask":47,"Toy Ornithopter":18,"Ring of the Snake":0}],"Toy Ornithopter":109,"Ring of the Snake":[62]},"card_choices":[{"not_picked":["Slice","Sucker Punch"],"picked":"Poisoned Stab","floor":1.0},{"not_picked":["Tactician","Underhanded Strike"],"picked":"Terror","floor":4.0},{"not_picked":["Prepared","Reflex"],"picked":"Flying Knee","floor":6.0},{"not_picked":["Outmaneuver","Flying Knee"],"picked":"Venomology","floor":8.0},{"not_picked":["Deflect","Acrobatics"],"picked":"Bane","floor":10.0},{"not_picked":["Sucker Punch","Prepared"],"picked":"PiercingWail","floor":11.0},{"not_picked":["Dodge and Roll","Flying Knee"],"picked":"Bane","floor":12.0},{"not_picked":["Prepared","Bane"],"picked":"Cloak And Dagger","floor":13.0},{"not_picked":["Quick Slash","Skewer"],"picked":"Infinite Blades","floor":14.0},{"not_picked":["Envenom","A Thousand Cuts"],"picked":"Wraith Form v2","floor":16.0},{"not_picked":["Backstab","Underhanded Strike"],"picked":"Calculated Gamble","floor":18.0},{"not_picked":["Deadly Poison","All Out Attack"],"picked":"Blade Dance","floor":19.0},{"not_picked":["Bane","Flying Knee"],"picked":"Deflect+1","floor":20.0},{"not_picked":["Quick Slash+1","Flying Knee"],"picked":"Dash+1","floor":24.0},{"not_picked":["Dagger Spray","Bane","Dagger Throw"],"picked":"SKIP","floor":27},{"not_picked":["Backflip","Prepared"],"picked":"Blade Dance","floor":28},{"not_picked":["Slice","Distraction","Flying Knee"],"picked":"SKIP","floor":29},{"not_picked":["Outmaneuver","Escape Plan"],"picked":"After Image","floor":30},{"not_picked":["Slice","Cloak And Dagger"],"picked":"Accuracy","floor":31},{"not_picked":["Doppelganger","Adrenaline"],"picked":"Envenom","floor":33},{"not_picked":["Flying Knee","Setup+1"],"picked":"Accuracy","floor":35},{"not_picked":["Outmaneuver","Reflex+1"],"picked":"Blade Dance","floor":36},{"not_picked":["Sucker Punch","Cloak And Dagger","All Out Attack+1"],"picked":"SKIP","floor":37},{"not_picked":["Expertise+1","Prepared"],"picked":"Blade Dance","floor":38},{"not_picked":["Tactician+1","Dodge and Roll"],"picked":"Backflip+1","floor":39},{"not_picked":["Skewer+1","All Out Attack","Slice+1"],"picked":"SKIP","floor":41},{"not_picked":["Dagger Spray+1","Poisoned Stab"],"picked":"Leg Sweep","floor":46},{"not_picked":["Backstab","Prepared"],"picked":"Blade Dance","floor":47},{"not_picked":["Outmaneuver","Dagger Throw"],"picked":"Bane+1","floor":48}],"player_experience":2922981,"relics_obtained":[{"floor":6.0,"key":"Paper Crane"},{"floor":8.0,"key":"Toy Ornithopter"},{"floor":9.0,"key":"Du-Vu Doll"},{"floor":12.0,"key":"Ornamental Fan"},{"floor":19.0,"key":"Red Mask"},{"floor":24.0,"key":"Akabeko"},{"floor":26.0,"key":"StoneCalendar"},{"floor":27,"key":"Bottled Flame"},{"floor":30,"key":"Bronze Scales"},{"floor":41,"key":"Bottled Tornado"},{"floor":45,"key":"Turnip"},{"floor":46,"key":"Happy Flower"}],"event_choices":[{"damage_healed":0.0,"max_hp_gain":0.0,"max_hp_loss":0.0,"gold_gain":0.0,"event_name":"Living Wall","player_choice":"Grow","floor":3.0,"gold_loss":0.0,"damage_taken":0.0,"cards_upgraded":["Poisoned Stab"]},{"cards_removed":["Strike_G"],"damage_healed":0.0,"max_hp_gain":0.0,"max_hp_loss":0.0,"gold_gain":0.0,"event_name":"Purifier","player_choice":"Purged","floor":5.0,"gold_loss":0.0,"damage_taken":0.0},{"damage_healed":0.0,"max_hp_gain":0.0,"max_hp_loss":0.0,"gold_gain":0.0,"event_name":"Masked Bandits","player_choice":"Fought Bandits","floor":19.0,"gold_loss":0.0,"damage_taken":0.0},{"damage_healed":0.0,"max_hp_gain":0.0,"max_hp_loss":0.0,"gold_gain":180.0,"event_name":"Knowing Skull","player_choice":"GOLD GOLD ","floor":21.0,"potions_obtained":[],"gold_loss":0.0,"damage_taken":19.0,"cards_obtained":[]},{"damage_healed":0,"gold_gain":0,"player_choice":"Fight","damage_taken":0,"max_hp_gain":0,"max_hp_loss":0,"event_name":"Mysterious Sphere","floor":45,"gold_loss":0}],"is_beta":false,"boss_relics":[{"not_picked":["Ectoplasm","Sozu"],"picked":"Cursed Key"},{"not_picked":["Philosopher\u0027s Stone","Ring of the Serpent"],"picked":"HoveringKite"}],"items_purged_floors":[22],"is_endless":false,"potions_floor_spawned":[6,8,10,11,19,28,30,33,36,41,45,47,48],"killed_by":"Donu and Deca","ascension_level":20}}