{"host":"emut9mh212kd9b86","time":1611760324,"event":{"mods":["ATMod(阿瑾Mod)","Act Like it!","Arknights The Spire","BaseMod","Lobotomy","Minty Spire (QoL Compilation)","MostiFishMod","Shop Mod","Spicy Shops","StSLib","TestMod","【遗物卡牌】REMEMod"],"gold_per_floor":[112,122,72,72,83,111,111,126,126,143,207,242,242,242,242,341,341,355,60,78,79,79],"floor_reached":21,"language":"ZHS","playtime":1188,"items_purged":["ats:Strike C"],"score":268,"play_id":"ed9093e2-77a6-456c-9c9b-44fb2a558a90","local_time":"20210127231204","is_ascension_mode":true,"campfire_choices":[{"data":"AT_OneInchPunch","floor":7,"key":"SMITH"},{"data":"ats:Sashimi Platter","floor":15,"key":"SMITH"}],"circlet_count":0,"master_deck":["ats:Strike S","ats:Strike V","ats:Armor Crushing Shot","ats:Defend","ats:Defend","ats:Defend","ats:Defend","ats:Emotion Absorption","Feed","AT_OneInchPunch+1","ShyLook","ats:Blood Oath","OldLady","Laetitia","OSAHOGD","LongBird","CrumblingArmor","HappyTeddy","ats:Sashimi Platter+1","CherryBlossoms","FairyFestival","Rudolta","REME_ShortnessOfBreath+1","SpiderBud"],"relics":["ats:Sanity","testmod-TestBox","DaveBox","AT_ATBox","REME_ComplimentaryCards","BirthdayGift-Icosahedron","testmod-PortableAltar","CogitoBucket","SynthV:TestCard","ats:Originium","Toxic Egg 2","ResearcherNote","AT_RedNoBalance","Boot","Akabeko","testmod-DeterminationOfClimber","MerchantsRug","BehaviorAdjustment"],"acts_visited":["Exordium","TheCity"],"potions_floor_usage":[12],"damage_taken":[{"damage":7,"enemies":"Jaw Worm","floor":1,"turns":2},{"damage":1,"enemies":"2 Louse","floor":2,"turns":2},{"damage":0,"enemies":"Cultist","floor":5,"turns":2},{"damage":9,"enemies":"3 Sentries","floor":6,"turns":3},{"damage":6,"enemies":"2 Fungi Beasts","floor":8,"turns":2},{"damage":2,"enemies":"Blue Slaver","floor":10,"turns":4},{"damage":19,"enemies":"3 Sentries","floor":11,"turns":4},{"damage":1,"enemies":"Lagavulin","floor":12,"turns":3},{"damage":23,"enemies":"The Guardian","floor":16,"turns":7},{"damage":0,"enemies":"2 Thieves","floor":18,"turns":2},{"damage":14,"enemies":"Chosen","floor":20,"turns":2},{"damage":5,"enemies":"Masked Bandits","floor":21,"turns":2}],"seed_played":"-2897344980465604","potions_obtained":[{"floor":2,"key":"EssenceOfSteel"},{"floor":6,"key":"Dexterity Potion"},{"floor":11,"key":"testmod-TestPotion"},{"floor":20,"key":"Block Potion"}],"is_trial":false,"path_per_floor":["M","M","?","?","M","E","R","M","T","M","?","E","?","?","R","B",null,"M","$","M","?"],"character_chosen":"DOCTOR_CLASS","items_purchased":["MerchantsRug","REME_ShortnessOfBreath+1"],"campfire_rested":0,"item_purchase_floors":[19,19],"current_hp_per_floor":[68,76,75,74,73,73,73,71,81,83,65,44,41,41,41,66,74,45,45,37,71,71],"gold":79,"neow_bonus":"","is_daily":false,"chose_seed":false,"campfire_upgraded":2,"win_rate":0.0,"timestamp":1611760324,"path_taken":["M","M","?","?","?","E","R","M","T","M","?","E","?","?","R","BOSS","M","$","M","?"],"items_purchased_type":["Relic","Card"],"build_version":"2020-12-22","purchased_purges":1,"victory":false,"max_hp_per_floor":[74,76,75,74,73,75,74,73,82,84,83,82,81,80,79,78,77,79,78,77,76,76],"card_choices":[{"not_picked":["WallGazer","Murderer"],"picked":"ShyLook","floor":1},{"not_picked":["ats:Sunburst","ats:Ignite"],"picked":"ats:Blood Oath","floor":1},{"not_picked":["PunishingBird","BeautyBeast"],"picked":"OldLady","floor":2},{"not_picked":["ats:Revitalization","ats:Flexible Camouflage","ats:Cat Scratch","ats:Consecutive Shot Auto","ats:Automatic Cover"],"picked":"SKIP","floor":2},{"not_picked":["CherryBlossoms","LaLuna"],"picked":"Laetitia","floor":5},{"not_picked":["ats:Thorns","ats:Mental Burst","ats:Curse Doll","ats:Very Hot Blade","ats:Neurotoxin"],"picked":"SKIP","floor":5},{"not_picked":["Bloodbath","UniverseFragment"],"picked":"OSAHOGD","floor":6},{"not_picked":["ats:Rapid Magazine","ats:Magnetic Hammer","ats:Ignite","ats:Literary Storm+1","ats:Shadow Raid+1"],"picked":"SKIP","floor":6},{"not_picked":["Scorched","Freischutz"],"picked":"LongBird","floor":8},{"not_picked":["ats:Consecutive Shot Auto","ats:Part Time Job","ats:Flame Of Heaven+1","ats:Apocalypse+1","ats:Hammer On"],"picked":"SKIP","floor":8},{"not_picked":["Murderer","MeatLantern"],"picked":"CrumblingArmor","floor":10},{"not_picked":["ats:Closed Bolt Burst Fire","ats:Powerful Strike","ats:Poison Spread","ats:Absolute Focus+1","ats:Guard Mode+1"],"picked":"SKIP","floor":10},{"not_picked":["DreamingCurrent","UniverseFragment","QueenBee"],"picked":"Singing Bowl","floor":11},{"not_picked":["QueenBee","Bloodbath"],"picked":"HappyTeddy","floor":11},{"not_picked":["ats:Soul Absorption+1","ats:Ignite","ats:Blood Oath","ats:Leaping Hammer"],"picked":"ats:Sashimi Platter","floor":11},{"not_picked":["VoidDream","Variant"],"picked":"CherryBlossoms","floor":12},{"not_picked":["ats:Closed Bolt Burst Fire","ats:Sunburst","ats:Durian+1","ats:Very Hot Blade","ats:Shell Defense+1"],"picked":"SKIP","floor":12},{"not_picked":["Variant","Mercenary"],"picked":"FairyFestival","floor":16},{"not_picked":["CENSORED","FieryBird","Wellcheers"],"picked":"Singing Bowl","floor":18},{"not_picked":["Bloodbath","BigBadWolf"],"picked":"Rudolta","floor":18},{"not_picked":["ats:Healing Drone+1","ats:Guardian Obelisk+1","ats:Chain Hook+1","ats:Shell Defense+1","ats:Magnetic Hammer"],"picked":"SKIP","floor":18},{"not_picked":["SpiderBud","MHz","LittlePrince"],"picked":"Singing Bowl","floor":20},{"not_picked":["WhitesApple","Variant"],"picked":"SpiderBud","floor":20},{"not_picked":["ats:Guardian Obelisk+1","ats:Demon Strength","ats:Consecutive Shot Auto","ats:Mental Burst+1","ats:Charging Defense+1"],"picked":"SKIP","floor":20}],"player_experience":330529,"relics_obtained":[{"floor":1,"key":"SynthV:TestCard"},{"floor":6,"key":"ats:Originium"},{"floor":6,"key":"Toxic Egg 2"},{"floor":9,"key":"Pear"},{"floor":11,"key":"AT_SilverBalance"},{"floor":12,"key":"ats:Originium"},{"floor":12,"key":"Boot"}],"event_choices":[{"cards_removed":["ats:Strike G"],"damage_healed":0,"gold_gain":0,"player_choice":"Card Removal","damage_taken":0,"max_hp_gain":0,"max_hp_loss":0,"event_name":"The Cleric","floor":3,"gold_loss":50},{"damage_healed":0,"gold_gain":0,"player_choice":"Bought 0 Potions","damage_taken":0,"max_hp_gain":0,"max_hp_loss":0,"event_name":"The Woman in Blue","floor":4,"gold_loss":0},{"damage_healed":0,"gold_gain":0,"player_choice":"Searched \u00271\u0027 times","damage_taken":0,"max_hp_gain":0,"max_hp_loss":0,"event_name":"Dead Adventurer","floor":11,"gold_loss":0},{"damage_healed":0,"gold_gain":0,"player_choice":"Success","damage_taken":3,"relics_obtained":["Akabeko"],"max_hp_gain":0,"max_hp_loss":0,"event_name":"Scrap Ooze","floor":13,"gold_loss":0},{"damage_healed":0,"gold_gain":0,"player_choice":"Ignored","damage_taken":0,"max_hp_gain":0,"max_hp_loss":0,"event_name":"给自己的盒子","floor":14,"gold_loss":0},{"damage_healed":0,"gold_gain":0,"player_choice":"Fought Bandits","damage_taken":0,"max_hp_gain":0,"max_hp_loss":0,"event_name":"Masked Bandits","floor":21,"gold_loss":0}],"is_beta":false,"boss_relics":[{"not_picked":["TakeMeEscape","GreenFoldingFan"],"picked":"testmod-DeterminationOfClimber"}],"items_purged_floors":[19],"is_endless":false,"potions_floor_spawned":[2,6,11,20],"killed_by":"Masked Bandits","ascension_level":5}}