{"host":"oehe2dxjvdgux73m","time":1611760696,"event":{"mods":["AchievementEnabler","BaseMod","Colored Map","Colored Powertips","DeckTracker","Keyboard Shortcuts","Minty Spire (QoL Compilation)","Permanent Neow","Quick Restart","StSLib","SuperFastMode"],"gold_per_floor":[116,133,30,30,49,49,66,81,130,130,130,145,145,171,171,247,247,200,200,211,6,26,26,46,46,71,71,71,81,81,6,6,6,6],"floor_reached":33,"language":"KOR","playtime":1265,"items_purged":["Strike_G","Strike_G"],"score":544,"play_id":"a8f661da-0c9b-4375-bc63-cc0c4e400e93","local_time":"20210128001816","is_ascension_mode":true,"campfire_choices":[{"data":"Cloak And Dagger","floor":11.0,"key":"SMITH"},{"data":"Concentrate","floor":13.0,"key":"SMITH"},{"data":"Neutralize","floor":15.0,"key":"SMITH"},{"floor":23,"key":"REST"},{"data":"Wraith Form v2","floor":25,"key":"SMITH"},{"data":"Flechettes","floor":28,"key":"SMITH"},{"floor":32,"key":"REST"}],"circlet_count":0,"master_deck":["AscendersBane","Strike_G","Defend_G","Defend_G","Defend_G","Defend_G","Defend_G","Survivor","Neutralize+1","Quick Slash","Concentrate+1","Cloak And Dagger+1","Deadly Poison","PiercingWail","Flechettes+1","Slice","Heel Hook+1","Wraith Form v2+1","Heel Hook+1","Crippling Poison","Finesse","Underhanded Strike+1","All Out Attack+1","Underhanded Strike+1"],"relics":["Runic Pyramid","Regal Pillow","Molten Egg 2","Ancient Tea Set"],"acts_visited":["Exordium","TheCity"],"potions_floor_usage":[20,24,33,33],"damage_taken":[{"damage":3.0,"enemies":"Cultist","floor":1.0,"turns":4.0},{"damage":4.0,"enemies":"Small Slimes","floor":2.0,"turns":4.0},{"damage":2.0,"enemies":"2 Louse","floor":5.0,"turns":4.0},{"damage":4.0,"enemies":"Red Slaver","floor":7.0,"turns":4.0},{"damage":0.0,"enemies":"Lots of Slimes","floor":8.0,"turns":5.0},{"damage":2.0,"enemies":"Blue Slaver","floor":12.0,"turns":3.0},{"damage":0.0,"enemies":"Lagavulin","floor":14.0,"turns":5.0},{"damage":16.0,"enemies":"The Guardian","floor":16.0,"turns":13.0},{"damage":28.0,"enemies":"2 Thieves","floor":18.0,"turns":5.0},{"damage":11,"enemies":"Chosen","floor":20,"turns":6},{"damage":20,"enemies":"Shelled Parasite and Fungi","floor":22,"turns":5},{"damage":3,"enemies":"Cultist and Chosen","floor":24,"turns":6},{"damage":20,"enemies":"Snake Plant","floor":29,"turns":4},{"damage":27,"enemies":"Automaton","floor":33,"turns":10}],"seed_played":"8792467962950548380","potions_obtained":[{"floor":2.0,"key":"Fire Potion"},{"floor":5.0,"key":"BlessingOfTheForge"},{"floor":12.0,"key":"LiquidMemories"},{"floor":22,"key":"AttackPotion"},{"floor":24,"key":"FearPotion"},{"floor":29,"key":"FearPotion"}],"is_trial":false,"path_per_floor":["M","M","$","?","M","?","M","M","T","?","R","M","R","E","R","B",null,"M","?","M","$","M","R","M","R","T","$","R","M","$","?","R","B"],"character_chosen":"THE_SILENT","items_purchased":["Cloak And Dagger","Finesse"],"campfire_rested":2,"item_purchase_floors":[3,21],"current_hp_per_floor":[56,52,52,57,55,55,51,51,51,44,44,42,42,42,42,26,60,32,32,21,21,1,37,34,34,34,34,34,14,14,14,50,23,23],"gold":6,"neow_bonus":"BOSS_RELIC","is_daily":false,"chose_seed":false,"campfire_upgraded":5,"win_rate":0.0,"timestamp":1611760696,"path_taken":["M","?","$","?","M","?","M","M","T","?","R","M","R","E","R","BOSS","M","?","?","$","M","R","M","R","T","$","R","M","?","?","R","BOSS"],"items_purchased_type":["Card","Card"],"build_version":"2020-12-22","purchased_purges":2,"victory":false,"max_hp_per_floor":[66,66,66,71,71,71,71,71,71,71,71,71,71,71,71,71,71,71,71,71,71,71,71,71,71,71,71,71,71,71,71,71,71,71],"card_choices":[{"not_picked":["Dodge and Roll","Blade Dance"],"picked":"Quick Slash","floor":1.0},{"not_picked":["Cloak And Dagger","Well Laid Plans"],"picked":"Concentrate","floor":2.0},{"not_picked":["Quick Slash","Finisher"],"picked":"Deadly Poison","floor":5.0},{"not_picked":["Tools of the Trade","Outmaneuver"],"picked":"PiercingWail","floor":7.0},{"not_picked":["Accuracy","Deflect"],"picked":"Flechettes","floor":8.0},{"not_picked":["Quick Slash","Sucker Punch"],"picked":"Slice","floor":12.0},{"not_picked":["Infinite Blades","Slice+1"],"picked":"Heel Hook+1","floor":14.0},{"not_picked":["Corpse Explosion","Burst"],"picked":"Wraith Form v2","floor":16.0},{"not_picked":["Concentrate","Cloak And Dagger","Endless Agony+1"],"picked":"SKIP","floor":18.0},{"not_picked":["Prepared","Concentrate"],"picked":"Crippling Poison","floor":20},{"not_picked":["Outmaneuver","Prepared"],"picked":"Underhanded Strike+1","floor":22},{"not_picked":["Cloak And Dagger","Caltrops"],"picked":"All Out Attack+1","floor":24},{"not_picked":["Dodge and Roll","Backstab+1"],"picked":"Underhanded Strike+1","floor":29}],"player_experience":314116,"relics_obtained":[{"floor":9.0,"key":"Regal Pillow"},{"floor":14.0,"key":"Molten Egg 2"},{"floor":26,"key":"Ancient Tea Set"}],"event_choices":[{"damage_healed":0.0,"max_hp_gain":5.0,"max_hp_loss":0.0,"gold_gain":0.0,"event_name":"Big Fish","player_choice":"Donut","floor":4.0,"gold_loss":0.0,"damage_taken":0.0},{"damage_healed":0.0,"max_hp_gain":0.0,"max_hp_loss":0.0,"gold_gain":0.0,"event_name":"Liars Game","player_choice":"Ignored","floor":6.0,"gold_loss":0.0,"damage_taken":0.0},{"cards_removed":["Strike_G"],"damage_healed":0.0,"max_hp_gain":0.0,"max_hp_loss":0.0,"gold_gain":0.0,"event_name":"Golden Wing","player_choice":"Card Removal","floor":10.0,"gold_loss":0.0,"damage_taken":7.0},{"damage_healed":0.0,"max_hp_gain":0.0,"max_hp_loss":0.0,"gold_gain":0.0,"event_name":"Duplicator","player_choice":"Copied","floor":19.0,"gold_loss":0.0,"damage_taken":0.0,"cards_obtained":["Heel Hook"]},{"cards_removed":["Strike_G"],"damage_healed":0,"gold_gain":0,"player_choice":"Gave Gold","damage_taken":0,"max_hp_gain":0,"max_hp_loss":0,"event_name":"Beggar","floor":31,"gold_loss":75}],"is_beta":false,"boss_relics":[{"not_picked":["Snecko Eye","Runic Dome","Busted Crown"]}],"items_purged_floors":[3,21],"is_endless":false,"potions_floor_spawned":[2,5,12,22,24,29],"killed_by":"Automaton","ascension_level":20}}