{"host":"7tvb1em0d2fx72q7","time":1611777930,"event":{"mods":["BaseMod","Challenge The Spire","Minty Spire (QoL Compilation)","StSLib","everything is the same but u backflip on backflip"],"gold_per_floor":[114,114,264,21,34,34,62,62,87,87,101,101,128,139,139,212,212,232,232,232,67,141,168,202,235,235,259,271,300,342,368,380,470,482,514,537,771,798,863,910,922,981,1018,1050,1062,1103,1115,524,524,524,524,524,524,79,106,106],"floor_reached":57,"language":"ENG","playtime":4254,"items_purged":["Doubt","Recycle"],"score":2848,"play_id":"1b73c65a-8871-4eb1-8978-d5d5905084dd","local_time":"20210127150530","is_ascension_mode":true,"campfire_choices":[{"data":"Sunder","floor":6.0,"key":"SMITH"},{"data":"Chaos","floor":8.0,"key":"SMITH"},{"data":"Static Discharge","floor":12.0,"key":"SMITH"},{"data":"Defragment","floor":15.0,"key":"SMITH"},{"floor":28.0,"key":"REST"},{"data":"Biased Cognition","floor":32.0,"key":"SMITH"},{"floor":41.0,"key":"REST"},{"floor":45,"key":"REST"},{"floor":49,"key":"RECALL"},{"floor":53,"key":"DIG"}],"circlet_count":0,"master_deck":["AscendersBane","Dualcast","Steam","Sunder+1","Ball Lightning","Chaos+1","Static Discharge+1","Defragment+1","Coolheaded","Electrodynamics","FTL","Steam","Chill","Heatsinks","Conserve Battery","Leap","Darkness","Cold Snap","Undo","Biased Cognition+1","Defragment+1","Storm","Heatsinks","Force Field","Static Discharge","Cold Snap+1","Self Repair","Chill","Storm","Thunder Strike","Coolheaded","Echo Form","Force Field+1","Capacitor+1","Skim","Echo Form","Master of Strategy","Static Discharge","Master of Strategy","Chaos+1"],"relics":["Cracked Core","NeowsBlessing","ClockworkSouvenir","Tiny Chest","Dream Catcher","Akabeko","Pandora\u0027s Box","Orrery","Matryoshka","Mango","Red Mask","Pen Nib","Potion Belt","MawBank","Shovel","Sozu","Ice Cream","Lantern","Juzu Bracelet","Anchor","Bag of Marbles","Lee\u0027s Waffle","Pantograph","Sundial","Membership Card","HornCleat","Happy Flower"],"acts_visited":["Exordium","TheCity","TheBeyond","TheEnding"],"potions_floor_usage":[56,56],"damage_taken":[{"damage":0.0,"enemies":"Jaw Worm","floor":1.0,"turns":1.0},{"damage":0.0,"enemies":"Small Slimes","floor":5.0,"turns":1.0},{"damage":0.0,"enemies":"Lagavulin","floor":7.0,"turns":1.0},{"damage":8.0,"enemies":"2 Louse","floor":11.0,"turns":2.0},{"damage":10.0,"enemies":"3 Sentries","floor":13.0,"turns":6.0},{"damage":0.0,"enemies":"2 Fungi Beasts","floor":14.0,"turns":3.0},{"damage":28.0,"enemies":"Hexaghost","floor":16.0,"turns":5.0},{"damage":0.0,"enemies":"3 Byrds","floor":18.0,"turns":3.0},{"damage":11.0,"enemies":"Slavers","floor":23.0,"turns":4.0},{"damage":6.0,"enemies":"Masked Bandits","floor":24.0,"turns":3.0},{"damage":13.0,"enemies":"Gremlin Leader","floor":25.0,"turns":6.0},{"damage":11.0,"enemies":"Spheric Guardian","floor":27.0,"turns":3.0},{"damage":6.0,"enemies":"Centurion and Healer","floor":29.0,"turns":3.0},{"damage":19.0,"enemies":"Book of Stabbing","floor":30.0,"turns":5.0},{"damage":0.0,"enemies":"3 Cultists","floor":31.0,"turns":4.0},{"damage":26.0,"enemies":"Collector","floor":33.0,"turns":6.0},{"damage":11.0,"enemies":"3 Darklings","floor":35.0,"turns":2.0},{"damage":1.0,"enemies":"3 Shapes","floor":36.0,"turns":4.0},{"damage":0.0,"enemies":"Sphere and 2 Shapes","floor":38.0,"turns":6.0},{"damage":31.0,"enemies":"2 Orb Walkers","floor":39.0,"turns":6.0},{"damage":38.0,"enemies":"Reptomancer","floor":40.0,"turns":5.0},{"damage":0,"enemies":"Spire Growth","floor":44,"turns":4},{"damage":27,"enemies":"Nemesis","floor":46,"turns":5},{"damage":17,"enemies":"Donu and Deca","floor":50,"turns":4},{"damage":25,"enemies":"Time Eater","floor":51,"turns":5},{"damage":13,"enemies":"Shield and Spear","floor":55,"turns":4},{"damage":67,"enemies":"The Heart","floor":56,"turns":6}],"seed_played":"2283057047798923271","potions_obtained":[{"floor":7.0,"key":"ColorlessPotion"},{"floor":13.0,"key":"Fruit Juice"},{"floor":14.0,"key":"DistilledChaos"},{"floor":16.0,"key":"ColorlessPotion"},{"floor":23.0,"key":"CultistPotion"},{"floor":27.0,"key":"FocusPotion"},{"floor":30.0,"key":"Dexterity Potion"}],"is_trial":false,"path_per_floor":["M","?","?","$","M","R","E","R","T","?","M","R","E","M","R","B",null,"M","?","?","$","T","E","?","E","T","M","R","M","E","M","R","B",null,"M","M","?","M","?","E","R","T","T","M","R","E","?","$","R","B","B",null,"R","$","E","B",null],"character_chosen":"DEFECT","items_purchased":["ClockworkSouvenir","Sunder","Orrery","Lee\u0027s Waffle","Pantograph","Static Discharge","Membership Card","HornCleat","Master of Strategy"],"campfire_rested":3,"item_purchase_floors":[4,4,21,48,48,48,54,54,54],"current_hp_per_floor":[64,64,64,64,64,64,64,64,64,69,61,61,51,51,51,28,68,68,45,45,45,45,48,42,29,29,18,48,42,30,37,37,11,78,67,73,73,80,49,11,41,41,41,48,78,58,53,107,107,90,82,101,101,101,88,54],"gold":106,"neow_bonus":"THREE_ENEMY_KILL","is_daily":false,"chose_seed":false,"campfire_upgraded":5,"win_rate":0.0,"timestamp":1611777930,"path_taken":["M","?","?","$","M","R","E","R","T","?","M","R","E","M","R","BOSS","M","?","?","$","?","E","?","E","T","M","R","M","E","M","R","BOSS","M","M","?","M","?","E","R","?","T","M","R","E","?","$","R","BOSS","BOSS","R","$","E","BOSS"],"items_purchased_type":["Relic","Card","Relic","Relic","Relic","Card","Relic","Relic","Card"],"build_version":"2020-12-22","purchased_purges":2,"victory":true,"max_hp_per_floor":[71,71,71,71,71,71,71,71,71,76,76,76,76,76,76,81,81,81,86,86,86,86,100,100,100,100,100,100,100,100,100,100,100,100,100,100,100,100,100,100,100,100,100,100,100,100,100,107,107,107,107,107,107,107,107,107],"card_choices":[{"not_picked":["Hologram","Double Energy"],"picked":"Steam","floor":1.0},{"not_picked":["Tempest","Sweeping Beam"],"picked":"Ball Lightning","floor":5.0},{"not_picked":["Force Field","Streamline"],"picked":"Chaos","floor":7.0},{"not_picked":["Steam","Rip and Tear"],"picked":"Static Discharge","floor":11.0},{"not_picked":["Leap","Sunder"],"picked":"Defragment","floor":13.0},{"not_picked":["Barrage","Rainbow"],"picked":"Coolheaded","floor":14.0},{"not_picked":["All For One","Thunder Strike"],"picked":"Electrodynamics","floor":16.0},{"not_picked":["Stack","Gash"],"picked":"Cold Snap","floor":18.0},{"not_picked":["Rip and Tear","Static Discharge"],"picked":"Defragment+1","floor":21.0},{"not_picked":["Gash","Sunder"],"picked":"Storm","floor":21.0},{"not_picked":["Ball Lightning","Rebound"],"picked":"Heatsinks","floor":21.0},{"not_picked":["Barrage","Sunder"],"picked":"Force Field","floor":21.0},{"not_picked":["Fission","Redo"],"picked":"Static Discharge","floor":23.0},{"not_picked":["Thunder Strike","Streamline"],"picked":"Cold Snap+1","floor":25.0},{"not_picked":["Conserve Battery","Melter"],"picked":"Self Repair","floor":27.0},{"not_picked":["Hologram","Heatsinks"],"picked":"Chill","floor":28.0},{"not_picked":["Rebound","Melter+1"],"picked":"Storm","floor":29.0},{"not_picked":["Barrage","Rebound+1"],"picked":"Thunder Strike","floor":30.0},{"not_picked":["Cold Snap","Chaos"],"picked":"Coolheaded","floor":31.0},{"not_picked":["Multi-Cast","Fission"],"picked":"Echo Form","floor":33.0},{"not_picked":["Turbo","Reprogram","Ball Lightning+1"],"picked":"SKIP","floor":35.0},{"not_picked":["Compile Driver","Cold Snap"],"picked":"Force Field+1","floor":36.0},{"not_picked":["Ball Lightning","Steam","Streamline+1"],"picked":"SKIP","floor":38.0},{"not_picked":["Go for the Eyes","Doom and Gloom"],"picked":"Recycle","floor":39.0},{"not_picked":["Steam Power","Self Repair"],"picked":"Capacitor+1","floor":40.0},{"not_picked":["Steam","Coolheaded"],"picked":"Skim","floor":44},{"not_picked":["Melter","Barrage+1"],"picked":"Echo Form","floor":46},{"not_picked":["Good Instincts","Secret Technique"],"picked":"Master of Strategy","floor":47},{"not_picked":["Ball Lightning","Hello World"],"picked":"Chaos+1","floor":55}],"player_experience":1966644,"relics_obtained":[{"floor":7.0,"key":"Tiny Chest"},{"floor":9.0,"key":"Dream Catcher"},{"floor":13.0,"key":"Akabeko"},{"floor":22.0,"key":"Matryoshka"},{"floor":23.0,"key":"Mango"},{"floor":24.0,"key":"Red Mask"},{"floor":25.0,"key":"Pen Nib"},{"floor":26.0,"key":"Potion Belt"},{"floor":26.0,"key":"MawBank"},{"floor":30.0,"key":"Shovel"},{"floor":39.0,"key":"Ice Cream"},{"floor":40.0,"key":"Lantern"},{"floor":42.0,"key":"Juzu Bracelet"},{"floor":43.0,"key":"Anchor"},{"floor":46,"key":"Bag of Marbles"},{"floor":53,"key":"Sundial"},{"floor":55,"key":"Happy Flower"}],"event_choices":[{"damage_healed":0.0,"max_hp_gain":0.0,"max_hp_loss":0.0,"gold_gain":0.0,"event_name":"The Cleric","player_choice":"Leave","floor":2.0,"gold_loss":0.0,"damage_taken":0.0},{"damage_healed":0.0,"max_hp_gain":0.0,"max_hp_loss":0.0,"gold_gain":150.0,"event_name":"Liars Game","player_choice":"AGREE","floor":3.0,"gold_loss":0.0,"damage_taken":0.0,"cards_obtained":["Doubt"]},{"damage_healed":0.0,"max_hp_gain":5.0,"max_hp_loss":0.0,"gold_gain":0.0,"event_name":"Big Fish","player_choice":"Donut","floor":10.0,"gold_loss":0.0,"damage_taken":0.0},{"damage_healed":0.0,"max_hp_gain":5.0,"max_hp_loss":0.0,"gold_gain":0.0,"event_name":"Forgotten Altar","player_choice":"Shed Blood","floor":19.0,"gold_loss":0.0,"damage_taken":28.0},{"damage_healed":0.0,"max_hp_gain":0.0,"max_hp_loss":0.0,"gold_gain":0.0,"cards_transformed":["Double Energy","Zap"],"event_name":"Drug Dealer","player_choice":"Became Test Subject","floor":20.0,"gold_loss":0.0,"damage_taken":0.0,"cards_obtained":["Undo","Biased Cognition"]},{"damage_healed":0.0,"max_hp_gain":0.0,"max_hp_loss":0.0,"gold_gain":0.0,"event_name":"Masked Bandits","player_choice":"Fought Bandits","floor":24.0,"gold_loss":0.0,"damage_taken":0.0},{"damage_healed":0.0,"max_hp_gain":0.0,"max_hp_loss":0.0,"gold_gain":222.0,"event_name":"Tomb of Lord Red Mask","player_choice":"Wore Mask","floor":37.0,"gold_loss":0.0,"damage_taken":0.0},{"damage_healed":0.0,"max_hp_gain":0.0,"max_hp_loss":0.0,"gold_gain":0.0,"event_name":"Mysterious Sphere","player_choice":"Fight","floor":39.0,"gold_loss":0.0,"damage_taken":0.0},{"damage_healed":0,"gold_gain":0,"player_choice":"Memory 2","damage_taken":5,"max_hp_gain":0,"max_hp_loss":0,"event_name":"SensoryStone","floor":47,"gold_loss":0}],"is_beta":false,"boss_relics":[{"not_picked":["Busted Crown","Empty Cage"],"picked":"Pandora\u0027s Box"},{"not_picked":["Black Star","Snecko Eye"],"picked":"Sozu"}],"items_purged_floors":[48,54],"is_endless":false,"potions_floor_spawned":[7,13,14,16,18,23,27,30,35,39],"ascension_level":20}}