{"host":"sav7uxregyirlf69","time":1611759647,"event":{"mods":["AchievementEnabler","BaseMod","Colored Map","DeckTracker","Keyboard Shortcuts","Minty Spire (QoL Compilation)","READ ME - Guardian Mod","StSLib","SuperFastMode"],"gold_per_floor":[115,115,115,115,40,40,64,64,113,154,175,16,32,32,32,128,128,101,114,114,155,173,173,173],"floor_reached":23,"language":"KOR","playtime":378,"items_purged":["Strike_R"],"score":378,"play_id":"651e26b9-9d24-40e2-98e4-ead70d16b9cb","local_time":"20210128000047","is_ascension_mode":true,"campfire_choices":[{"floor":6.0,"key":"REST"},{"data":"Bash","floor":8.0,"key":"SMITH"},{"data":"Evolve","floor":15.0,"key":"SMITH"}],"circlet_count":0,"master_deck":["AscendersBane","Defend_R","Defend_R+1","Defend_R","Bash+1","Sentinel+1","Dropkick","Evolve+1","Disarm+1","Carnage+1","Second Wind+1","Pommel Strike","Corruption"],"relics":["Burning Blood","Sundial","Golden Idol","Blood Vial","Smiling Mask","Astrolabe","Red Mask"],"acts_visited":["Exordium","TheCity"],"potions_floor_usage":[21,21,23],"damage_taken":[{"damage":9.0,"enemies":"Jaw Worm","floor":1.0,"turns":3.0},{"damage":0.0,"enemies":"Small Slimes","floor":7.0,"turns":3.0},{"damage":26.0,"enemies":"Lagavulin","floor":10.0,"turns":6.0},{"damage":0.0,"enemies":"2 Louse","floor":11.0,"turns":3.0},{"damage":8.0,"enemies":"Blue Slaver","floor":13.0,"turns":2.0},{"damage":30.0,"enemies":"Slime Boss","floor":16.0,"turns":5.0},{"damage":17.0,"enemies":"2 Thieves","floor":18.0,"turns":4.0},{"damage":13.0,"enemies":"Chosen","floor":19.0,"turns":4.0},{"damage":40,"enemies":"Masked Bandits","floor":21,"turns":4},{"damage":16,"enemies":"Snecko","floor":22,"turns":4},{"damage":18,"enemies":"Gremlin Leader","floor":23,"turns":2}],"seed_played":"7925407117689753816","potions_obtained":[{"floor":1.0,"key":"LiquidMemories"},{"floor":7.0,"key":"BlessingOfTheForge"},{"floor":16.0,"key":"EntropicBrew"}],"is_trial":false,"path_per_floor":["M","?","?","?","?","R","M","R","T","E","M","$","M","?","R","B",null,"M","M","?","?","M","E"],"character_chosen":"IRONCLAD","items_purchased":["Evolve","Armaments"],"campfire_rested":1,"item_purchase_floors":[12,12],"current_hp_per_floor":[65,45,19,19,19,37,43,43,43,25,33,33,33,33,33,11,49,40,35,35,15,7,0,0],"gold":173,"neow_bonus":"TRANSFORM_TWO_CARDS","is_daily":false,"chose_seed":false,"campfire_upgraded":2,"win_rate":0.0,"timestamp":1611759647,"path_taken":["M","?","?","?","?","R","M","R","T","E","?","?","M","?","R","BOSS","M","?","?","?","M","E"],"items_purchased_type":["Card","Card"],"build_version":"2020-12-22","purchased_purges":1,"victory":false,"max_hp_per_floor":[68,68,68,62,62,62,62,62,62,62,62,62,62,62,62,62,62,62,62,62,62,62,62,62],"card_choices":[{"not_picked":["Ghostly Armor","Shrug It Off"],"picked":"Dropkick","floor":1.0},{"not_picked":["Cleave","Searing Blow","Body Slam"],"picked":"SKIP","floor":7.0},{"not_picked":["Perfected Strike","Sword Boomerang","Intimidate"],"picked":"SKIP","floor":10.0},{"not_picked":["Wild Strike","Body Slam","Rupture"],"picked":"SKIP","floor":11.0},{"not_picked":["Body Slam","Cleave","Clothesline"],"picked":"SKIP","floor":13.0},{"not_picked":["Thunderclap","Sever Soul"],"picked":"Pommel Strike","floor":18.0},{"not_picked":["Clothesline","Thunderclap","True Grit"],"picked":"SKIP","floor":19.0},{"not_picked":["Armaments","Reckless Charge"],"picked":"Corruption","floor":21},{"not_picked":["Clothesline","Anger","Armaments"],"picked":"SKIP","floor":22}],"player_experience":1403994,"relics_obtained":[{"floor":9.0,"key":"Blood Vial"},{"floor":10.0,"key":"Smiling Mask"},{"floor":21,"key":"Red Mask"}],"event_choices":[{"damage_healed":0.0,"max_hp_gain":0.0,"max_hp_loss":0.0,"gold_gain":0.0,"event_name":"Shining Light","player_choice":"Entered Light","floor":2.0,"gold_loss":0.0,"damage_taken":20.0,"cards_upgraded":["Defend_R","Sentinel"]},{"damage_healed":0.0,"max_hp_gain":0.0,"max_hp_loss":0.0,"gold_gain":0.0,"event_name":"Scrap Ooze","player_choice":"Success","floor":3.0,"gold_loss":0.0,"damage_taken":26.0,"relics_obtained":["Sundial"]},{"damage_healed":0.0,"max_hp_gain":0.0,"max_hp_loss":6.0,"gold_gain":0.0,"event_name":"Golden Idol","player_choice":"Lose Max HP","floor":4.0,"gold_loss":0.0,"damage_taken":0.0,"relics_obtained":["Golden Idol"]},{"cards_removed":["Strike_R"],"damage_healed":0.0,"max_hp_gain":0.0,"max_hp_loss":0.0,"gold_gain":0.0,"event_name":"The Cleric","player_choice":"Card Removal","floor":5.0,"gold_loss":75.0,"damage_taken":0.0},{"damage_healed":0.0,"max_hp_gain":0.0,"max_hp_loss":0.0,"gold_gain":0.0,"event_name":"Match and Keep!","player_choice":"0 cards matched","floor":14.0,"gold_loss":0.0,"damage_taken":0.0,"cards_obtained":[]},{"cards_removed":["Armaments"],"damage_healed":0.0,"max_hp_gain":0.0,"max_hp_loss":0.0,"gold_gain":0.0,"event_name":"Back to Basics","player_choice":"Elegance","floor":20.0,"gold_loss":0.0,"damage_taken":0.0},{"damage_healed":0,"gold_gain":0,"player_choice":"Fought Bandits","damage_taken":0,"max_hp_gain":0,"max_hp_loss":0,"event_name":"Masked Bandits","floor":21,"gold_loss":0}],"is_beta":false,"boss_relics":[{"not_picked":["Coffee Dripper","Ectoplasm"],"picked":"Astrolabe"}],"items_purged_floors":[12],"is_endless":false,"potions_floor_spawned":[1,7,16],"killed_by":"Gremlin Leader","ascension_level":20}}