{"host":"edc6wmn2qug8wnvl","time":1611739798,"event":{"mods":["AchievementEnabler","BaseMod","Colored Map","Colored Powertips","Minty Spire (QoL Compilation)","StSLib"],"gold_per_floor":[119,130,140,140,156,187,187,204,204,204,239,86,49,65,65,169,169,181,35,45,0,15,15,28,28,328,328,0,30,30,30,30,30,30],"floor_reached":33,"language":"ENG","playtime":1867,"items_purged":[],"score":275,"play_id":"51612b07-7104-414b-b37d-1fd5303defae","local_time":"20210127012958","is_ascension_mode":false,"campfire_choices":[{"floor":7,"key":"REST"},{"data":"Rage","floor":10,"key":"SMITH"},{"data":"Double Tap","floor":15,"key":"SMITH"},{"floor":23,"key":"REST"},{"floor":25,"key":"REST"},{"floor":32,"key":"REST"}],"circlet_count":0,"master_deck":["Strike_R+1","Strike_R+1","Strike_R+1","Strike_R+1","Strike_R+1","Defend_R+1","Defend_R+1","Defend_R+1","Defend_R+1","Bash","Anger","Headbutt","Headbutt+1","Flame Barrier","Double Tap+1","Rage+1","Anger","Impervious","Seeing Red","Ghostly Armor","Double Tap","Cleave+1","Seeing Red","Hemokinesis","Perfected Strike","Inflame+1","Combust+1","Spot Weakness","Headbutt","Decay"],"relics":["Burning Blood","NeowsBlessing","Frozen Egg 2","StoneCalendar","Ginger","Black Star","Old Coin","Sling","CaptainsWheel","Strawberry","MutagenicStrength"],"acts_visited":["Exordium","TheCity"],"potions_floor_usage":[5,6,11,20,22,29,29,33],"damage_taken":[{"damage":0,"enemies":"Cultist","floor":1,"turns":1},{"damage":0,"enemies":"2 Louse","floor":2,"turns":1},{"damage":0,"enemies":"Jaw Worm","floor":3,"turns":1},{"damage":12,"enemies":"Exordium Wildlife","floor":5,"turns":4},{"damage":14,"enemies":"Gremlin Nob","floor":6,"turns":3},{"damage":4,"enemies":"2 Fungi Beasts","floor":8,"turns":3},{"damage":15,"enemies":"3 Sentries","floor":11,"turns":7},{"damage":0,"enemies":"Large Slime","floor":14,"turns":4},{"damage":23,"enemies":"The Guardian","floor":16,"turns":9},{"damage":0,"enemies":"Chosen","floor":18,"turns":5},{"damage":2,"enemies":"Shell Parasite","floor":20,"turns":7},{"damage":40,"enemies":"Centurion and Healer","floor":22,"turns":4},{"damage":28,"enemies":"3 Cultists","floor":24,"turns":5},{"damage":65,"enemies":"Slavers","floor":29,"turns":7},{"damage":51,"enemies":"Champ","floor":33,"turns":10}],"seed_played":"6244585509994842371","potions_obtained":[{"floor":1,"key":"FearPotion"},{"floor":2,"key":"Fire Potion"},{"floor":6,"key":"CultistPotion"},{"floor":14,"key":"Block Potion"},{"floor":16,"key":"DuplicationPotion"},{"floor":29,"key":"Weak Potion"}],"is_trial":false,"path_per_floor":["M","M","M","?","M","E","R","M","T","R","E","$","$","M","R","B",null,"M","$","M","?","M","R","M","R","T","?","$","E","?","?","R","B"],"character_chosen":"IRONCLAD","items_purchased":["Impervious","Seeing Red","Seeing Red","Hemokinesis","Sling","Spot Weakness","Energy Potion","Strength Potion"],"campfire_rested":4,"item_purchase_floors":[12,13,19,19,28,28,28,28],"current_hp_per_floor":[80,80,80,80,74,66,80,80,80,80,71,71,71,77,77,60,80,80,80,80,80,46,70,48,72,72,72,72,20,20,20,46,0,0],"gold":30,"neow_bonus":"THREE_ENEMY_KILL","is_daily":false,"chose_seed":false,"campfire_upgraded":2,"win_rate":0.0,"timestamp":1611739798,"path_taken":["M","M","M","?","M","E","R","M","T","R","E","?","$","M","R","BOSS","M","$","M","?","M","R","M","R","T","?","?","E","?","?","R","BOSS"],"items_purchased_type":["Card","Card","Card","Card","Relic","Card","Potion","Potion"],"build_version":"2020-12-22","purchased_purges":0,"victory":false,"max_hp_per_floor":[80,80,80,80,80,80,80,80,80,80,80,80,80,80,80,80,80,80,80,80,80,80,80,80,80,80,80,80,87,87,87,87,87,87],"card_choices":[{"not_picked":["Dark Embrace","Armaments"],"picked":"Anger","floor":1},{"not_picked":["Iron Wave","Pummel"],"picked":"Headbutt","floor":2},{"not_picked":["Pommel Strike","Rupture"],"picked":"Headbutt","floor":3},{"not_picked":["Disarm","Sword Boomerang"],"picked":"Flame Barrier","floor":5},{"not_picked":["Evolve+1","Cleave"],"picked":"Double Tap","floor":6},{"not_picked":["Armaments","Disarm"],"picked":"Rage","floor":8},{"not_picked":["Sever Soul","Intimidate"],"picked":"Anger","floor":11},{"not_picked":["Wild Strike","Battle Trance"],"picked":"Ghostly Armor","floor":14},{"not_picked":["Limit Break","Bludgeon"],"picked":"Double Tap","floor":16},{"not_picked":["Pommel Strike","Clash"],"picked":"Cleave+1","floor":18},{"not_picked":["Iron Wave+1","Blood for Blood"],"picked":"Perfected Strike","floor":20},{"not_picked":["Flex+1","Brutality+1"],"picked":"Inflame+1","floor":22},{"not_picked":["Clash","Anger"],"picked":"Combust+1","floor":24},{"not_picked":["Carnage","Feel No Pain+1"],"picked":"Headbutt","floor":29}],"player_experience":57347,"relics_obtained":[{"floor":6,"key":"Frozen Egg 2"},{"floor":9,"key":"StoneCalendar"},{"floor":11,"key":"Ginger"},{"floor":26,"key":"Old Coin"},{"floor":29,"key":"CaptainsWheel"},{"floor":29,"key":"Strawberry"}],"event_choices":[{"damage_healed":0,"gold_gain":0,"player_choice":"Upgraded","damage_taken":0,"max_hp_gain":0,"max_hp_loss":0,"event_name":"Upgrade Shrine","floor":4,"gold_loss":0,"cards_upgraded":["Headbutt"]},{"damage_healed":0,"gold_gain":0,"player_choice":"Paid Fearfully","damage_taken":0,"max_hp_gain":0,"max_hp_loss":0,"event_name":"Masked Bandits","floor":21,"gold_loss":45},{"damage_healed":0,"gold_gain":0,"player_choice":"Simplicity","damage_taken":0,"max_hp_gain":0,"max_hp_loss":0,"event_name":"Back to Basics","floor":27,"gold_loss":0,"cards_upgraded":["Strike_R","Strike_R","Strike_R","Strike_R","Strike_R","Defend_R","Defend_R","Defend_R","Defend_R"]},{"damage_healed":0,"gold_gain":0,"player_choice":"Smashed Altar","damage_taken":0,"max_hp_gain":0,"max_hp_loss":0,"event_name":"Forgotten Altar","floor":30,"gold_loss":0,"cards_obtained":["Decay"]},{"damage_healed":0,"gold_gain":0,"player_choice":"Inject Mutagens","damage_taken":0,"relics_obtained":["MutagenicStrength"],"max_hp_gain":0,"max_hp_loss":0,"event_name":"Drug Dealer","floor":31,"gold_loss":0}],"is_beta":false,"boss_relics":[{"not_picked":["Ectoplasm","Calling Bell"],"picked":"Black Star"}],"items_purged_floors":[],"is_endless":false,"potions_floor_spawned":[1,2,6,14,16,29],"killed_by":"Champ","ascension_level":0}}