{"host":"sian7qp8a9pc9xwd","time":1611767587,"event":{"mods":["BaseMod","Minty Spire (QoL Compilation)","StSLib","SuperFastMode"],"gold_per_floor":[116,116,116,128,151,183,183,114,196,207,59,73,108,183,183,262,262,282,328,169,181,192,192,224,242,268,268,268,288,306,336,336,410,410,422,439,439,439,102,132,132,163,163,183,203,203,232,249,249,249],"floor_reached":51,"language":"ENG","playtime":5839,"items_purged":["Strike_B","Defend_B"],"score":1362,"play_id":"89feda36-65bd-431a-98dd-4889bc37bb6f","local_time":"20210127121307","is_ascension_mode":true,"campfire_choices":[{"data":"Zap","floor":7.0,"key":"SMITH"},{"data":"Defragment","floor":15.0,"key":"SMITH"},{"floor":23.0,"key":"REST"},{"data":"Defragment","floor":27.0,"key":"SMITH"},{"data":"Consume","floor":32.0,"key":"SMITH"},{"data":"Defragment","floor":49,"key":"SMITH"}],"circlet_count":0,"master_deck":["AscendersBane","Strike_B+1","Strike_B+1","Defend_B","Defend_B","Zap+1","Dualcast","Defragment+1","Cold Snap","Chill","Capacitor","Finesse","Conserve Battery","Defragment+1","Amplify","Bandage Up","Scrape+1","Hologram","Cold Snap","Defragment+1","Consume+1","Electrodynamics","Ball Lightning","Coolheaded+1","Good Instincts","Discovery","Blind","Defragment+1","Glacier","Cold Snap+1","Defragment+1","Defragment"],"relics":["Cracked Core","NeowsBlessing","Potion Belt","Art of War","Pantograph","Lizard Tail","Nuclear Battery","Orichalcum","PreservedInsect","Smiling Mask","Kunai","Empty Cage","DollysMirror","Dream Catcher","Ornamental Fan","Cables","Symbiotic Virus"],"acts_visited":["Exordium","TheCity","TheBeyond"],"potions_floor_usage":[50],"damage_taken":[{"damage":0.0,"enemies":"Jaw Worm","floor":1.0,"turns":1.0},{"damage":0.0,"enemies":"2 Louse","floor":4.0,"turns":1.0},{"damage":0.0,"enemies":"Lagavulin","floor":6.0,"turns":1.0},{"damage":0.0,"enemies":"Cultist","floor":10.0,"turns":4.0},{"damage":6.0,"enemies":"Looter","floor":12.0,"turns":3.0},{"damage":30.0,"enemies":"Gremlin Nob","floor":13.0,"turns":5.0},{"damage":2.0,"enemies":"Slime Boss","floor":16.0,"turns":10.0},{"damage":11.0,"enemies":"Shell Parasite","floor":18.0,"turns":8.0},{"damage":20.0,"enemies":"3 Byrds","floor":21.0,"turns":7.0},{"damage":27.0,"enemies":"Cultist and Chosen","floor":22.0,"turns":9.0},{"damage":58.0,"enemies":"Slavers","floor":24.0,"turns":9.0},{"damage":5.0,"enemies":"Sentry and Sphere","floor":25.0,"turns":8.0},{"damage":6.0,"enemies":"Centurion and Healer","floor":29.0,"turns":8.0},{"damage":12.0,"enemies":"Snecko","floor":30.0,"turns":6.0},{"damage":14.0,"enemies":"Book of Stabbing","floor":31.0,"turns":5.0},{"damage":24.0,"enemies":"Automaton","floor":33.0,"turns":11.0},{"damage":2.0,"enemies":"Orb Walker","floor":35.0,"turns":4.0},{"damage":5.0,"enemies":"3 Darklings","floor":36.0,"turns":3.0},{"damage":0.0,"enemies":"Reptomancer","floor":40.0,"turns":7.0},{"damage":3.0,"enemies":"Giant Head","floor":42.0,"turns":13.0},{"damage":21.0,"enemies":"Spire Growth","floor":44.0,"turns":5.0},{"damage":12.0,"enemies":"4 Shapes","floor":45.0,"turns":6.0},{"damage":0.0,"enemies":"Reptomancer","floor":47.0,"turns":6.0},{"damage":5,"enemies":"Transient","floor":48,"turns":5},{"damage":35,"enemies":"Time Eater","floor":50,"turns":15}],"seed_played":"5905831731693050352","potions_obtained":[{"floor":1.0,"key":"LiquidMemories"},{"floor":4.0,"key":"FocusPotion"},{"floor":6.0,"key":"LiquidMemories"},{"floor":13.0,"key":"BlessingOfTheForge"},{"floor":18.0,"key":"Energy Potion"},{"floor":24.0,"key":"Regen Potion"},{"floor":25.0,"key":"Swift Potion"},{"floor":29.0,"key":"SteroidPotion"},{"floor":35.0,"key":"AttackPotion"},{"floor":40.0,"key":"PowerPotion"},{"floor":45.0,"key":"Explosive Potion"},{"floor":47.0,"key":"Strength Potion"}],"is_trial":false,"path_per_floor":["M","?","?","M","T","E","R","$","T","M","$","M","E","?","R","B",null,"M","T","$","M","M","R","E","M","T","R","?","M","M","E","R","B",null,"M","M","?","?","$","E","?","E","T","M","M","?","E","M","R","B",null],"character_chosen":"DEFECT","items_purchased":["Capacitor","Finesse","Conserve Battery","Bandage Up","Blind","DollysMirror","Glacier"],"campfire_rested":1,"item_purchase_floors":[8,11,11,20,39,39,39],"current_hp_per_floor":[68,53,58,58,58,58,58,58,58,58,58,52,22,14,14,37,69,58,58,58,42,19,43,40,39,39,39,39,37,29,19,19,24,66,68,63,53,53,53,57,57,58,58,41,33,33,37,36,36,45],"gold":249,"neow_bonus":"THREE_ENEMY_KILL","is_daily":false,"chose_seed":false,"campfire_upgraded":5,"win_rate":0.0,"timestamp":1611767587,"path_taken":["M","?","?","M","?","E","R","$","T","M","$","M","E","?","R","BOSS","M","?","$","M","M","R","E","M","T","R","?","M","?","E","R","BOSS","M","M","?","?","$","E","?","E","T","M","M","?","E","M","R","BOSS"],"items_purchased_type":["Card","Card","Card","Card","Card","Relic","Card"],"build_version":"2020-12-22","purchased_purges":2,"victory":true,"max_hp_per_floor":[75,75,80,80,80,80,80,80,80,80,80,80,80,80,80,80,80,80,80,80,80,80,80,80,80,80,80,80,80,80,80,80,80,80,80,80,80,80,80,80,76,76,76,76,76,76,76,76,76,76],"card_choices":[{"not_picked":["Conserve Battery","Gash"],"picked":"Defragment","floor":1.0},{"not_picked":["Steam Power","Gash"],"picked":"Cold Snap","floor":4.0},{"not_picked":["Ball Lightning","Skim"],"picked":"Chill","floor":6.0},{"not_picked":["Rebound","Stack","Go for the Eyes"],"picked":"SKIP","floor":10.0},{"not_picked":["Conserve Battery","Streamline","Redo"],"picked":"SKIP","floor":12.0},{"not_picked":["Consume","Steam Power"],"picked":"Defragment","floor":13.0},{"not_picked":["Seek","Core Surge"],"picked":"Amplify","floor":16.0},{"not_picked":["Rebound","Chill","Genetic Algorithm"],"picked":"SKIP","floor":18.0},{"not_picked":["Heatsinks","White Noise"],"picked":"Scrape+1","floor":21.0},{"not_picked":["Hologram","Beam Cell","Sunder"],"picked":"SKIP","floor":22.0},{"not_picked":["Chill","Leap"],"picked":"Hologram","floor":24.0},{"not_picked":["Ball Lightning","Darkness"],"picked":"Cold Snap","floor":25.0},{"not_picked":["Streamline+1","Force Field","Sweeping Beam+1"],"picked":"SKIP","floor":29.0},{"not_picked":["Compile Driver+1","Beam Cell","Streamline"],"picked":"SKIP","floor":30.0},{"not_picked":["Barrage","Darkness"],"picked":"Consume","floor":31.0},{"not_picked":["Seek","Rainbow"],"picked":"Electrodynamics","floor":33.0},{"not_picked":["Beam Cell","Reinforced Body"],"picked":"Ball Lightning","floor":35.0},{"not_picked":["Lockon","Storm"],"picked":"Coolheaded+1","floor":36.0},{"not_picked":["Swift Strike","Madness"],"picked":"Good Instincts","floor":37.0},{"not_picked":["Swift Strike","Madness"],"picked":"Discovery","floor":37.0},{"not_picked":["Ball Lightning","Darkness","Barrage+1"],"picked":"SKIP","floor":40.0},{"not_picked":["Hello World","Lockon"],"picked":"Cold Snap+1","floor":42.0},{"not_picked":["Fusion+1","Buffer"],"picked":"Defragment","floor":44.0},{"not_picked":["Rebound+1","Barrage+1","Gash"],"picked":"SKIP","floor":45.0},{"not_picked":["Heatsinks","Gash","Static Discharge"],"picked":"SKIP","floor":47.0},{"not_picked":["Streamline","Compile Driver"],"picked":"Defragment","floor":48}],"player_experience":803748,"relics_obtained":[{"floor":5.0,"key":"Potion Belt"},{"floor":6.0,"key":"Art of War"},{"floor":9.0,"key":"Pantograph"},{"floor":13.0,"key":"Lizard Tail"},{"floor":19.0,"key":"Orichalcum"},{"floor":24.0,"key":"PreservedInsect"},{"floor":26.0,"key":"Smiling Mask"},{"floor":31.0,"key":"Kunai"},{"floor":40.0,"key":"Dream Catcher"},{"floor":42.0,"key":"Ornamental Fan"},{"floor":43.0,"key":"Cables"},{"floor":47.0,"key":"Symbiotic Virus"}],"event_choices":[{"damage_healed":0.0,"max_hp_gain":0.0,"max_hp_loss":0.0,"gold_gain":0.0,"event_name":"Shining Light","player_choice":"Entered Light","floor":2.0,"gold_loss":0.0,"damage_taken":15.0,"cards_upgraded":["Strike_B","Strike_B"]},{"damage_healed":0.0,"max_hp_gain":5.0,"max_hp_loss":0.0,"gold_gain":0.0,"event_name":"Big Fish","player_choice":"Donut","floor":3.0,"gold_loss":0.0,"damage_taken":0.0},{"damage_healed":0.0,"max_hp_gain":0.0,"max_hp_loss":0.0,"gold_gain":75.0,"event_name":"FaceTrader","player_choice":"Touch","floor":14.0,"gold_loss":0.0,"damage_taken":8.0},{"damage_healed":0.0,"max_hp_gain":0.0,"max_hp_loss":0.0,"gold_gain":0.0,"event_name":"Duplicator","player_choice":"Copied","floor":28.0,"gold_loss":0.0,"damage_taken":0.0,"cards_obtained":["Defragment"]},{"damage_healed":0.0,"max_hp_gain":0.0,"max_hp_loss":0.0,"gold_gain":0.0,"event_name":"SensoryStone","player_choice":"Memory 3","floor":37.0,"gold_loss":0.0,"damage_taken":10.0},{"damage_healed":0.0,"max_hp_gain":0.0,"max_hp_loss":0.0,"gold_gain":0.0,"event_name":"Tomb of Lord Red Mask","player_choice":"Ignored","floor":38.0,"gold_loss":0.0,"damage_taken":0.0},{"damage_healed":0.0,"max_hp_gain":0.0,"max_hp_loss":4.0,"gold_gain":0.0,"event_name":"Winding Halls","player_choice":"Max HP","floor":41.0,"gold_loss":0.0,"damage_taken":0.0},{"damage_healed":0.0,"max_hp_gain":0.0,"max_hp_loss":0.0,"gold_gain":0.0,"event_name":"The Moai Head","player_choice":"Ignored","floor":46.0,"gold_loss":0.0,"damage_taken":0.0}],"is_beta":false,"boss_relics":[{"not_picked":["SacredBark","Astrolabe"],"picked":"Nuclear Battery"},{"not_picked":["Velvet Choker","FrozenCore"],"picked":"Empty Cage"}],"items_purged_floors":[20,39],"is_endless":false,"potions_floor_spawned":[1,4,6,13,18,24,25,29,31,35,40,45,47],"ascension_level":13}}