{"host":"eny0bxnatoru6fum","time":1611766600,"event":{"mods":["A Magickal Journey","AchievementEnabler","AlwaysNeverKeys","Aspiration","BaseMod","Beaked The Cultist","Better Note","BetterRewards","Colored Map","Colored Powertips","Conspire","DeckTracker","Duelist Mod","Energized Spire","Glutton Mod","Halation","Hubris","Infinite Spire","Jedi Mod","Lobotomy","LobotomyExtend","Marisa????????","Minty Spire (QoL Compilation)","Relic Sorter","Replay The Spire","Shop Mod","Spicy Shops","Spikes Relics","StSLib","Synergy Search","The Alterego","The Animator","The Blue Laboratory","The Bug Knight","The Cursed","The Hierophant","The Jungle","The Problem Sleuth","The Runesmith","The Sage","The Servant 0.9.4","The Spell Scribe","Waifu the Spire"],"gold_per_floor":[116,116,134,150,150,179,109,137,163,163,191,161,161,176,235,339,339,356,375,401,20,20,50,50,60,60,91,103,123,123,140,140,239,239,249,317,330,344,22,22,51,29,53,53,53,88,88,104,104,208,208,227,237,253,271,9,9,36,36,107,122,142,176,176,176,176,276,276,293,307,319,333,347,376,376,411,462,179,193,222,222,256,256,256,256,256,8,35,35],"floor_reached":56,"language":"ENG","playtime":11614,"items_purged":["Pain","Writhe","Dazed"],"score":1932,"play_id":"e87676e9-1ffc-48f7-bb2e-d385597edd00","local_time":"20210127105640","is_ascension_mode":false,"campfire_choices":[{"floor":10.0,"key":"RECALL"},{"data":"alterego_mod:GIGAMILK","floor":24.0,"key":"SMITH"},{"floor":30.0,"key":"REST"},{"data":"alterego_mod:Venus","floor":6.0,"key":"SMITH"},{"data":"alterego_mod:BustOut","floor":13.0,"key":"SMITH"},{"data":"alterego_mod:Nekomimi","floor":15.0,"key":"SMITH"},{"data":"alterego_mod:Tantrum","floor":23.0,"key":"SMITH"},{"data":"alterego_mod:BreastValley","floor":32.0,"key":"SMITH"},{"data":"alterego_mod:Rip","floor":41.0,"key":"SMITH"},{"data":"ReplayUltimateDefense","floor":49,"key":"SMITH"},{"data":"Enlightenment","floor":52,"key":"SMITH"}],"circlet_count":0,"master_deck":["conspire:GhostlyStrike","conspire:GhostlyStrike","conspire:GhostlyStrike","conspire:GhostlyDefend","conspire:GhostlyDefend","conspire:GhostlyDefend","conspire:GhostlyDefend","alterego_mod:BigMeatyClaws","alterego_mod:SuperDuperMasochism+1","alterego_mod:Rake","Dazed","alterego_mod:GoddessCore","alterego_mod:Valentines","alterego_mod:Stockings","alterego_mod:Support","alterego_mod:BreastValley+1","alterego_mod:Undulate","alterego_mod:GIGAMILK+1","alterego_mod:HighServant+1","alterego_mod:Rake","alterego_mod:Nekomimi+1","alterego_mod:Punishment","alterego_mod:BustOut+1","alterego_mod:Nekomimi","alterego_mod:Pet","alterego_mod:STier+1","CurseOfTheBell","alterego_mod:Cooking","alterego_mod:Skirt","alterego_mod:DiscoLights","jedi:LeechingStrike","alterego_mod:Venus+1","alterego_mod:SakuraLabyrinth","PlatinumSkin+1","alterego_mod:SakuraFive","alterego_mod:Tantrum+1","alterego_mod:Pet","alterego_mod:Rip","alterego_mod:Rip+1","alterego_mod:BreastValley+1","alterego_mod:Clap+1","alterego_mod:STier","alterego_mod:Undulate+1","alterego_mod:BiFurious+1","alterego_mod:Maid+1","alterego_mod:Punishment","alterego_mod:Mirror+1","alterego_mod:Rip+1","alterego_mod:PresenceConcealment+1","alterego_mod:IdEs","Sadistic Nature","ReplayUltimateDefense+1","Enlightenment+1","alterego_mod:PainIsPleasure"],"relics":["alterego_mod:MasochisticConstitution","RollingBoulder","BlackRope","MiniBlackHole","Happy Flower","aspiration:Lifesprig","ReplayTheSpireMod:Ninjato","halation:TwoAmDonut","Gaze_r","aspiration:SecretTechniqueScroll","Nunchaku","halation:Sosunser","halation:PromiseList","Replay:Wax Seal","Centennial Puzzle","jedi:firstaidkit","WarpedTongs","Garlic","LetterFromLob","MerchantsRug","conspire:TopHat","Runesmith:Nanobots","Lantern","infinitespire:Satchel","Sozu","Vajra","Boot","conspire:DecoderRing","CherryCoatedStake","Bottled Lightning","Gambling Chip"],"acts_visited":["Exordium","TheCity","TheBeyond","theJungle:Jungle","TheBeyond","TheEnding"],"potions_floor_usage":[],"damage_taken":[{"damage":2.0,"enemies":"Small Slimes","floor":1.0,"turns":6.0},{"damage":18.0,"enemies":"Cultist","floor":3.0,"turns":7.0},{"damage":1.0,"enemies":"conspire:RoseBush","floor":4.0,"turns":4.0},{"damage":16.0,"enemies":"Replay:BlueRogue","floor":6.0,"turns":10.0},{"damage":14.0,"enemies":"HollowMod:MossKnight","floor":8.0,"turns":16.0},{"damage":57.0,"enemies":"Gremlin Nob","floor":11.0,"turns":7.0},{"damage":5.0,"enemies":"Looter","floor":12.0,"turns":4.0},{"damage":17.0,"enemies":"Lots of Slimes","floor":14.0,"turns":6.0},{"damage":47.0,"enemies":"Fading Forest","floor":16.0,"turns":11.0},{"damage":74.0,"enemies":"conspire:FuzzyDice","floor":18.0,"turns":14.0},{"damage":24.0,"enemies":"Chosen","floor":19.0,"turns":10.0},{"damage":26.0,"enemies":"Replay:Snechameleon","floor":23.0,"turns":11.0},{"damage":23.0,"enemies":"Snake Plant","floor":25.0,"turns":7.0},{"damage":48.0,"enemies":"Gremlin Leader","floor":27.0,"turns":7.0},{"damage":57.0,"enemies":"Sentry and Sphere","floor":28.0,"turns":12.0},{"damage":49.0,"enemies":"Chosen and Byrds","floor":29.0,"turns":13.0},{"damage":27.0,"enemies":"Snecko","floor":31.0,"turns":6.0},{"damage":45.0,"enemies":"Champ","floor":33.0,"turns":13.0},{"damage":11.0,"enemies":"Cultist","floor":1.0,"turns":5.0},{"damage":8.0,"enemies":"conspire:RoseBush","floor":3.0,"turns":4.0},{"damage":4.0,"enemies":"Jaw Worm","floor":4.0,"turns":2.0},{"damage":6.0,"enemies":"HollowMod:MossKnight","floor":7.0,"turns":6.0},{"damage":9.0,"enemies":"Lagavulin","floor":10.0,"turns":5.0},{"damage":6.0,"enemies":"Lagavulin","floor":12.0,"turns":6.0},{"damage":2.0,"enemies":"Lots of Slimes","floor":14.0,"turns":5.0},{"damage":39.0,"enemies":"Hexaghost","floor":16.0,"turns":7.0},{"damage":16.0,"enemies":"theJungle:Flameango_and_Byrd","floor":18.0,"turns":7.0},{"damage":9.0,"enemies":"theJungle:GiantWrat","floor":19.0,"turns":4.0},{"damage":12.0,"enemies":"theJungle:2_Snecko_Cultists","floor":20.0,"turns":5.0},{"damage":7.0,"enemies":"theJungle:SlimyTreeVines","floor":21.0,"turns":4.0},{"damage":10.0,"enemies":"theJungle:MamaSnecko","floor":24.0,"turns":5.0},{"damage":5.0,"enemies":"JungleHuntersEvent","floor":25.0,"turns":5.0},{"damage":28.0,"enemies":"theJungle:Lyon","floor":27.0,"turns":5.0},{"damage":3.0,"enemies":"theJungle:JungleHuntersEncounter","floor":28.0,"turns":6.0},{"damage":32.0,"enemies":"theJungle:2_Phrogs","floor":29.0,"turns":7.0},{"damage":2.0,"enemies":"theJungle:QueenSpyder","floor":33.0,"turns":8.0},{"damage":53.0,"enemies":"3 Shapes","floor":35.0,"turns":5.0},{"damage":6.0,"enemies":"3 Darklings","floor":36.0,"turns":6.0},{"damage":13.0,"enemies":"Transient","floor":37.0,"turns":5.0},{"damage":0.0,"enemies":"Jaw Worm Horde","floor":38.0,"turns":4.0},{"damage":1.0,"enemies":"4 Shapes","floor":39.0,"turns":7.0},{"damage":38.0,"enemies":"Nemesis","floor":40.0,"turns":6.0},{"damage":10,"enemies":"Giant Head","floor":42,"turns":6},{"damage":30,"enemies":"3 Darklings","floor":45,"turns":6},{"damage":37,"enemies":"Nemesis","floor":46,"turns":5},{"damage":31,"enemies":"Nightmare","floor":48,"turns":8},{"damage":146,"enemies":"infinitespire:MassOfShapes","floor":50,"turns":11},{"damage":13,"enemies":"Shield and Spear","floor":54,"turns":4},{"damage":35,"enemies":"The Heart","floor":55,"turns":7}],"seed_played":"55473393450971543","potions_obtained":[{"floor":0.0,"key":"blueLaboratory:CorrosionFlask"},{"floor":0.0,"key":"SneckoOil"},{"floor":0.0,"key":"Swift Potion"},{"floor":1.0,"key":"Swift Potion"},{"floor":2.0,"key":"LiquidBronze"},{"floor":2.0,"key":"blueLaboratory:Moonshine"},{"floor":8.0,"key":"EntropicBrew"},{"floor":14.0,"key":"blueLaboratory:PolymorphPotion"},{"floor":18.0,"key":"blueLaboratory:StoneskinPotion"},{"floor":23.0,"key":"CultistPotion"},{"floor":25.0,"key":"blueLaboratory:ArtificerPotion"},{"floor":29.0,"key":"Block Potion"},{"floor":33.0,"key":"blueLaboratory:FruitPunch"},{"floor":1.0,"key":"Venom Potion"},{"floor":16.0,"key":"blueLaboratory:FruitPreserves"},{"floor":21.0,"key":"blueLaboratory:RememoryPotion"},{"floor":24.0,"key":"Milkshake"},{"floor":27.0,"key":"SkillPotion"}],"is_trial":false,"path_per_floor":["M","?","M","M","?","E","$","E","T","R","E","M","?","M","R_BF","B",null,"M","M","T","$","?","E","R","M","T","E","M","M","R","M","R_BF","B",null,"M","M","?","M","M","$","R","E","$","T","E","?","E","R","M","R","B",null,"M","M","M","M","$","R","E","?","T","M","M","E","?","?","R","B",null,"M","M","M","M","M","E","R","E","T","$","M","E","?","NM","R","B",null,"R","$","E","B",null],"character_chosen":"The_Alterego","items_purchased":["alterego_mod:Valentines","aspiration:Lifesprig","ReplayTheSpireMod:Ninjato","MerchantsRug","jedi:LeechingStrike","alterego_mod:Venus","PlatinumSkin","Runesmith:Nanobots","halation:Sosunser","Boot","Replay:Wax Seal","Bottled Lightning"],"campfire_rested":1,"item_purchase_floors":[7,21,21,5,5,5,8,22,44,44,44,53],"current_hp_per_floor":[71,71,54,61,73,58,58,66,66,66,17,16,16,50,50,42,86,85,72,72,72,72,62,62,56,56,45,26,23,65,51,94,63,95,85,85,87,84,84,84,85,85,85,100,100,101,101,105,105,103,106,107,104,111,112,112,112,109,110,110,94,105,114,114,114,114,116,118,66,114,116,121,122,94,94,103,103,103,122,91,81,130,130,131,131,131,131,130,103],"gold":35,"neow_bonus":"THREE_SMALL_POTIONS","is_daily":false,"chose_seed":false,"campfire_upgraded":9,"win_rate":0.0,"timestamp":1611766600,"path_taken":["M","?","?","M","?","E","$","E","T","R","E","M","?","?","R_BF","BOSS","M","M","?","$","?","E","R","M","T","E","?","M","R","M","R_BF","BOSS","M","M","?","M","M","$","R","E","?","T","E","?","E","R","?","R","BOSS","M","M","M","M","$","R","E","?","T","M","M","E","?","?","R","BOSS","M","M","?","?","?","E","R","E","T","$","M","E","?","NM","R","BOSS","R","$","E","BOSS"],"items_purchased_type":["Card","Relic","Relic","Relic","Card","Card","Card","Relic","Relic","Relic","Relic","Relic"],"build_version":"2020-12-22","purchased_purges":3,"victory":true,"max_hp_per_floor":[71,71,72,73,73,74,74,82,82,82,83,84,84,85,85,86,86,87,88,88,88,88,89,89,90,90,91,92,93,93,94,94,95,95,96,96,97,98,98,98,99,99,99,100,100,101,101,105,105,106,106,107,108,111,112,112,112,113,114,114,115,116,117,117,117,117,118,118,119,120,121,121,122,126,126,127,127,127,128,129,129,130,130,131,131,131,131,132,133],"card_choices":[{"not_picked":["alterego_mod:Swimsuit","alterego_mod:Bounce"],"picked":"alterego_mod:SuperDuperMasochism","floor":1.0},{"not_picked":["alterego_mod:GoddessCore","alterego_mod:DiscoLights"],"picked":"alterego_mod:Rake","floor":3.0},{"not_picked":["alterego_mod:BreastValley","alterego_mod:Undulate"],"picked":"alterego_mod:Mirror","floor":4.0},{"not_picked":["alterego_mod:Cooking","alterego_mod:Bunnysuit"],"picked":"alterego_mod:GoddessCore","floor":6.0},{"not_picked":["alterego_mod:Cushion","alterego_mod:Bloomers"],"picked":"alterego_mod:Stockings","floor":8.0},{"not_picked":["alterego_mod:DeftHands","alterego_mod:GoddessCore"],"picked":"alterego_mod:Support","floor":11.0},{"not_picked":["alterego_mod:Bounce","alterego_mod:Cooking"],"picked":"alterego_mod:BreastValley","floor":12.0},{"not_picked":["alterego_mod:Table","alterego_mod:DeftHands"],"picked":"alterego_mod:Undulate","floor":14.0},{"not_picked":["alterego_mod:Vow","alterego_mod:Alter"],"picked":"alterego_mod:GIGAMILK","floor":16.0},{"not_picked":["alterego_mod:Cycle","alterego_mod:Stockings"],"picked":"alterego_mod:HighServant+1","floor":18.0},{"not_picked":["alterego_mod:Maid","alterego_mod:Bunnysuit"],"picked":"alterego_mod:Rip","floor":19.0},{"not_picked":["alterego_mod:BrynhildrRomantia","alterego_mod:Pet"],"picked":"alterego_mod:Nekomimi","floor":23.0},{"not_picked":["alterego_mod:HighServant","alterego_mod:PerceptionDisorder","alterego_mod:Jiggle"],"picked":"SKIP","floor":25.0},{"not_picked":["alterego_mod:TrashNCrash","alterego_mod:MaintainEyeContact+1"],"picked":"alterego_mod:Punishment","floor":27.0},{"not_picked":["alterego_mod:GoddessCore","alterego_mod:HighServant"],"picked":"alterego_mod:BustOut","floor":28.0},{"not_picked":["alterego_mod:BreastValley","alterego_mod:Schoolgirl+1"],"picked":"alterego_mod:Nekomimi","floor":29.0},{"not_picked":["alterego_mod:InsideBaseball","alterego_mod:Swimsuit"],"picked":"alterego_mod:Pet","floor":31.0},{"not_picked":["alterego_mod:PainIsPleasure","alterego_mod:TrickOrTreatment"],"picked":"alterego_mod:STier","floor":33.0},{"not_picked":["alterego_mod:SuperDuperMasochism","alterego_mod:Stockings"],"picked":"alterego_mod:Cooking","floor":1.0},{"not_picked":["alterego_mod:Nekomimi","alterego_mod:HighServant"],"picked":"alterego_mod:Skirt","floor":3.0},{"not_picked":["alterego_mod:Pet","alterego_mod:PerceptionDisorder"],"picked":"alterego_mod:DiscoLights","floor":4.0},{"not_picked":["alterego_mod:GachaTicket","alterego_mod:Undulate"],"picked":"alterego_mod:SakuraLabyrinth","floor":7.0},{"not_picked":["alterego_mod:Jiggle","alterego_mod:GoddessCore","alterego_mod:PerceptionDisorder"],"picked":"SKIP","floor":12.0},{"not_picked":["alterego_mod:Skirt","alterego_mod:Birthday"],"picked":"alterego_mod:SakuraFive","floor":14.0},{"not_picked":["alterego_mod:Weigh","alterego_mod:Rake"],"picked":"alterego_mod:Tantrum","floor":16.0},{"not_picked":["alterego_mod:BustOut","alterego_mod:RocketPunch"],"picked":"alterego_mod:Pet","floor":18.0},{"not_picked":["alterego_mod:Punishment","alterego_mod:GachaTicket"],"picked":"alterego_mod:Rip","floor":19.0},{"not_picked":["alterego_mod:Cycle","alterego_mod:Bounce","alterego_mod:DiscoLights"],"picked":"SKIP","floor":20.0},{"not_picked":["alterego_mod:1TonWallop","alterego_mod:Stockings+1","alterego_mod:Swimsuit"],"picked":"SKIP","floor":21.0},{"not_picked":["alterego_mod:MagicResistance","alterego_mod:DestructionOfProperty","alterego_mod:RidiculouslyBig"],"picked":"SKIP","floor":24.0},{"not_picked":["alterego_mod:Complex","alterego_mod:Bounce"],"picked":"alterego_mod:Belle+1","floor":25.0},{"not_picked":["alterego_mod:SakuraLabyrinth","alterego_mod:TrashNCrash"],"picked":"alterego_mod:Rip","floor":27.0},{"not_picked":["alterego_mod:HighServant+1","alterego_mod:TrashNCrash"],"picked":"alterego_mod:BreastValley","floor":28.0},{"not_picked":["alterego_mod:TrashNCrash","alterego_mod:MaintainEyeContact+1","alterego_mod:BusterCard"],"picked":"SKIP","floor":29.0},{"not_picked":["alterego_mod:Valkyrie","alterego_mod:Antipathy"],"picked":"alterego_mod:STier","floor":33.0},{"not_picked":["alterego_mod:BeGentle","alterego_mod:Punishment"],"picked":"alterego_mod:Undulate+1","floor":35.0},{"not_picked":["alterego_mod:MagicResistance","alterego_mod:Cooking+1"],"picked":"alterego_mod:BiFurious+1","floor":36.0},{"not_picked":["alterego_mod:RocketPunch","alterego_mod:DiscoLights"],"picked":"alterego_mod:Maid+1","floor":37.0},{"not_picked":["alterego_mod:PerceptionDisorder+1","alterego_mod:Jiggle+1"],"picked":"alterego_mod:Punishment","floor":38.0},{"not_picked":["alterego_mod:Cooking","alterego_mod:BiFurious"],"picked":"alterego_mod:Mirror+1","floor":39.0},{"not_picked":["alterego_mod:BoobPocket+1","alterego_mod:Birthday"],"picked":"alterego_mod:Rip+1","floor":40.0},{"not_picked":["alterego_mod:Clap","alterego_mod:Bunnysuit+1"],"picked":"alterego_mod:PresenceConcealment+1","floor":42},{"not_picked":["alterego_mod:DiscoLights+1","alterego_mod:Cycle","alterego_mod:HighServant"],"picked":"SKIP","floor":45},{"not_picked":["alterego_mod:Pet+1","alterego_mod:Cycle+1"],"picked":"alterego_mod:IdEs","floor":46},{"not_picked":["Impatience","Deep Breath"],"picked":"Sadistic Nature","floor":47},{"not_picked":["theDuelist:OrbMetronome","Replay:Sssssssssshield"],"picked":"ReplayUltimateDefense","floor":47},{"not_picked":["Master of Strategy","hubris:EnhanceAbility"],"picked":"Enlightenment","floor":47},{"not_picked":["alterego_mod:TrashNCrash","alterego_mod:Birthday+1"],"picked":"alterego_mod:PainIsPleasure","floor":48},{"not_picked":["alterego_mod:Undulate+1","alterego_mod:MagicResistance","alterego_mod:BreastValley"],"picked":"SKIP","floor":54}],"player_experience":590009,"relics_obtained":[{"floor":1.0,"key":"LetterFromLob"},{"floor":6.0,"key":"Centennial Puzzle"},{"floor":8.0,"key":"Strawberry"},{"floor":11.0,"key":"jedi:firstaidkit"},{"floor":20.0,"key":"Happy Flower"},{"floor":23.0,"key":"RollingBoulder"},{"floor":26.0,"key":"Replay:Accelerometer"},{"floor":27.0,"key":"Regal Pillow"},{"floor":34.0,"key":"MiniBlackHole"},{"floor":34.0,"key":"Garlic"},{"floor":34.0,"key":"BlackRope"},{"floor":1.0,"key":"LetterFromLob"},{"floor":7.0,"key":"conspire:TopHat"},{"floor":9.0,"key":"aspiration:VileToxins"},{"floor":12.0,"key":"halation:TwoAmDonut"},{"floor":24.0,"key":"Lantern"},{"floor":25.0,"key":"Nunchaku"},{"floor":26.0,"key":"infinitespire:Eraser"},{"floor":29.0,"key":"infinitespire:Satchel"},{"floor":40.0,"key":"halation:PrussianBluePaint"},{"floor":42,"key":"Vajra"},{"floor":43,"key":"halation:PromiseList"},{"floor":46,"key":"conspire:DecoderRing"},{"floor":48,"key":"CherryCoatedStake"},{"floor":54,"key":"Gambling Chip"}],"event_choices":[{"damage_healed":0.0,"max_hp_gain":0.0,"max_hp_loss":0.0,"gold_gain":0.0,"event_name":"Lab","player_choice":"Got Potions","floor":2.0,"gold_loss":0.0,"damage_taken":0.0},{"damage_healed":0.0,"max_hp_gain":0.0,"max_hp_loss":0.0,"gold_gain":0.0,"event_name":"Accursed Blacksmith","player_choice":"Rummage","floor":13.0,"gold_loss":0.0,"damage_taken":0.0,"relics_obtained":["WarpedTongs"],"cards_obtained":["Pain"]},{"damage_healed":0.0,"max_hp_gain":0.0,"max_hp_loss":0.0,"gold_gain":0.0,"event_name":"Duplicator","player_choice":"Copied","floor":22.0,"gold_loss":0.0,"damage_taken":0.0,"cards_obtained":["alterego_mod:Rake"]},{"damage_healed":0.0,"max_hp_gain":0.0,"max_hp_loss":0.0,"gold_gain":68.0,"event_name":"Golden Wing","player_choice":"Gained Gold","floor":2.0,"gold_loss":0.0,"damage_taken":0.0},{"damage_healed":0.0,"max_hp_gain":0.0,"max_hp_loss":0.0,"gold_gain":0.0,"event_name":"conspire:LoneGhost","player_choice":"Agree","floor":11.0,"gold_loss":0.0,"damage_taken":0.0},{"damage_healed":0.0,"max_hp_gain":0.0,"max_hp_loss":0.0,"gold_gain":0.0,"event_name":"Upgrade Shrine","player_choice":"Upgraded","floor":31.0,"gold_loss":0.0,"damage_taken":0.0,"cards_upgraded":["alterego_mod:Clap"]},{"damage_healed":0,"gold_gain":0,"player_choice":"Memory 3","damage_taken":10,"max_hp_gain":0,"max_hp_loss":0,"event_name":"SensoryStone","floor":47,"gold_loss":0}],"is_beta":false,"boss_relics":[{"not_picked":["energizedSpire:CursedPentagram","Painkiller Herb"],"picked":"halation:PinkAlligatorPlush"},{"not_picked":["aspiration:ServantSkillbook","Ring of Chaos"],"picked":"Calling Bell"},{"not_picked":["conspire:RoyalGoblet","halation:SmartPhone"],"picked":"aspiration:SecretTechniqueScroll"},{"not_picked":["jedi:battlestandard","Replay:Fungal Core"],"picked":"Sozu"}],"items_purged_floors":[21,5,44],"is_endless":false,"potions_floor_spawned":[1,8,14,18,23,25,29,33,1,10,16,21,24,25,27,28,35,38,39,46],"ascension_level":0}}