{"host":"o7j6aatxjwpw1421","time":1611761230,"event":{"mods":["2.2 Compatiblity","AchievementEnabler","BaseMod","Colored Map","DeckTracker","Highlight Path","Keyboard Shortcuts","Minty Spire (QoL Compilation)","Permanent Neow","Quick Restart","StSLib","SuperFastMode","everything is the same but u backflip on backflip"],"gold_per_floor":[112,123,133,133,151,151,151,51,51,51,51,68,97,108,108,185,185,202,102,102,102,115,115,134,165,244,244,244],"floor_reached":27,"language":"KOR","playtime":977,"items_purged":["Strike_G","Strike_G"],"score":566,"play_id":"f96103ff-d2bb-4868-bfd5-3648fffec4ac","local_time":"20210128002710","is_ascension_mode":true,"campfire_choices":[{"data":"Footwork","floor":6,"key":"SMITH"},{"data":"Unload","floor":10,"key":"SMITH"},{"data":"Skewer","floor":15,"key":"SMITH"},{"data":"Venomology","floor":23,"key":"SMITH"}],"circlet_count":0,"master_deck":["AscendersBane","Strike_G","Strike_G","Strike_G","Defend_G","Defend_G","Defend_G","Defend_G","Survivor","Neutralize+1","Unload+1","Deflect","Endless Agony","Footwork+1","Poisoned Stab","Skewer+1","Well Laid Plans","Venomology+1","Dagger Spray","Dodge and Roll"],"relics":["Ring of the Snake","Mango","Shovel","StoneCalendar","SacredBark","Toy Ornithopter","Mercury Hourglass"],"acts_visited":["Exordium","TheCity"],"potions_floor_usage":[14,16,22,22,25,25,25,27],"damage_taken":[{"damage":9,"enemies":"Jaw Worm","floor":1,"turns":6},{"damage":0,"enemies":"Cultist","floor":2,"turns":3},{"damage":0,"enemies":"Small Slimes","floor":3,"turns":2},{"damage":7,"enemies":"Exordium Wildlife","floor":5,"turns":5},{"damage":0,"enemies":"3 Louse","floor":12,"turns":3},{"damage":9,"enemies":"3 Sentries","floor":13,"turns":10},{"damage":13,"enemies":"Exordium Thugs","floor":14,"turns":6},{"damage":0,"enemies":"Slime Boss","floor":16,"turns":7},{"damage":26,"enemies":"Chosen","floor":18,"turns":7},{"damage":14,"enemies":"Spheric Guardian","floor":22,"turns":5},{"damage":21,"enemies":"Snecko","floor":24,"turns":7},{"damage":19,"enemies":"Book of Stabbing","floor":25,"turns":7},{"damage":9,"enemies":"3 Cultists","floor":27,"turns":5}],"seed_played":"-697966701733811211","potions_obtained":[{"floor":2,"key":"ColorlessPotion"},{"floor":12,"key":"Block Potion"},{"floor":13,"key":"AttackPotion"},{"floor":24,"key":"SpeedPotion"},{"floor":25,"key":"Energy Potion"}],"is_trial":false,"path_per_floor":["M","M","M","?","M","R","T","$","T","R","?","M","E","M","R","B",null,"M","$","?","T","M","R","M","E","T","M"],"character_chosen":"THE_SILENT","items_purchased":["Poisoned Stab"],"campfire_rested":0,"item_purchase_floors":[8],"current_hp_per_floor":[50,50,50,50,43,43,57,57,57,57,50,50,41,28,28,28,67,41,41,41,41,37,37,16,12,12,8,8],"gold":244,"neow_bonus":"ONE_RANDOM_RARE_CARD","is_daily":false,"chose_seed":false,"campfire_upgraded":4,"win_rate":0.0,"timestamp":1611761230,"path_taken":["M","M","M","?","?","R","?","$","T","R","?","M","E","M","R","BOSS","M","$","?","?","M","R","M","E","T","M"],"items_purchased_type":["Card"],"build_version":"2020-12-22","purchased_purges":2,"victory":false,"max_hp_per_floor":[66,66,66,66,66,66,80,80,80,80,80,80,80,80,80,80,80,80,80,80,80,80,80,80,80,80,80,80],"card_choices":[{"not_picked":["Outmaneuver","Acrobatics"],"picked":"Deflect","floor":1},{"not_picked":["Acrobatics","Outmaneuver"],"picked":"Endless Agony","floor":2},{"not_picked":["Calculated Gamble","Acrobatics"],"picked":"Footwork","floor":3},{"not_picked":["Outmaneuver","Concentrate","Deflect"],"picked":"SKIP","floor":5},{"not_picked":["Cloak And Dagger","Quick Slash"],"picked":"Skewer","floor":12},{"not_picked":["Deflect","Cloak And Dagger"],"picked":"Well Laid Plans","floor":13},{"not_picked":["Finisher","Masterful Stab","Deflect"],"picked":"SKIP","floor":14},{"not_picked":["Finisher","Masterful Stab","Deflect"],"picked":"SKIP","floor":14},{"not_picked":["Storm of Steel","Malaise"],"picked":"Venomology","floor":16},{"not_picked":["Outmaneuver+1","Concentrate","Poisoned Stab"],"picked":"SKIP","floor":18},{"not_picked":["Backstab","Deflect"],"picked":"Dagger Spray","floor":22},{"not_picked":["Quick Slash","Deflect","Infinite Blades"],"picked":"SKIP","floor":24},{"not_picked":["Distraction","Dagger Spray+1"],"picked":"Dodge and Roll","floor":25}],"player_experience":630685,"relics_obtained":[{"floor":7,"key":"Mango"},{"floor":9,"key":"Shovel"},{"floor":13,"key":"StoneCalendar"},{"floor":21,"key":"Toy Ornithopter"},{"floor":25,"key":"Mercury Hourglass"}],"event_choices":[{"damage_healed":0,"gold_gain":0,"player_choice":"Upgraded","damage_taken":0,"max_hp_gain":0,"max_hp_loss":0,"event_name":"Upgrade Shrine","floor":4,"gold_loss":0,"cards_upgraded":["Neutralize"]},{"cards_removed":["Defend_G"],"damage_healed":0,"gold_gain":0,"player_choice":"Card Removal","damage_taken":7,"max_hp_gain":0,"max_hp_loss":0,"event_name":"Golden Wing","floor":11,"gold_loss":0},{"damage_healed":0,"gold_gain":0,"player_choice":"Ignored","damage_taken":0,"max_hp_gain":0,"max_hp_loss":0,"event_name":"Vampires","floor":20,"gold_loss":0}],"is_beta":false,"boss_relics":[{"not_picked":["Sozu","Ring of the Serpent"],"picked":"SacredBark"}],"items_purged_floors":[8,19],"is_endless":false,"potions_floor_spawned":[2,12,13,24,25],"killed_by":"3 Cultists","ascension_level":20}}