{"host":"00f1p9ihhzi7hxfk","time":1611752400,"event":{"mods":["AchievementEnabler","BaseMod","Colored Map","Colored Powertips","Minty Spire (QoL Compilation)","Rare Cards Sparkle","Relic Stats"],"gold_per_floor":[215,225,190,190,11,45,45,55,78,92,111,139,139,153,153,252,252,270,270,270,7,26,58,58,69,93,93,109,128,28,28,28,28,28],"floor_reached":33,"language":"DEU","playtime":3055,"items_purged":["Bane","Clumsy"],"score":277,"play_id":"6b623fc5-72eb-4537-9ea5-6ad37e061c8d","local_time":"20210127140000","is_ascension_mode":false,"campfire_choices":[{"floor":7,"key":"REST"},{"floor":13,"key":"REST"},{"floor":15,"key":"REST"},{"floor":24,"key":"REST"},{"data":"Dash","floor":32,"key":"SMITH"}],"circlet_count":0,"master_deck":["Strike_G","Strike_G","Strike_G","Strike_G","Strike_G","Defend_G","Defend_G","Defend_G","Defend_G","Defend_G","Survivor","Neutralize","Backflip","Leg Sweep","Dagger Throw","Dash+1","Predator","Riddle With Holes","Doppelganger","Bullet Time","Choke+1","Die Die Die","Bandage Up","Apotheosis","Footwork","Flying Knee+1","Adrenaline","Slice+1","Regret"],"relics":["Ring of the Snake","Blood Vial","Strawberry","Orichalcum","Regal Pillow","Cursed Key","Ancient Tea Set","Happy Flower","Letter Opener"],"acts_visited":["Exordium","TheCity"],"potions_floor_usage":[16,22,23,28,29],"damage_taken":[{"damage":0,"enemies":"Jaw Worm","floor":1,"turns":7},{"damage":0,"enemies":"Small Slimes","floor":2,"turns":4},{"damage":31,"enemies":"3 Sentries","floor":6,"turns":15},{"damage":6,"enemies":"Cultist","floor":8,"turns":3},{"damage":5,"enemies":"3 Louse","floor":10,"turns":6},{"damage":2,"enemies":"Looter","floor":11,"turns":4},{"damage":29,"enemies":"Gremlin Nob","floor":12,"turns":6},{"damage":5,"enemies":"Exordium Thugs","floor":14,"turns":5},{"damage":43,"enemies":"The Guardian","floor":16,"turns":19},{"damage":13,"enemies":"2 Thieves","floor":18,"turns":4},{"damage":2,"enemies":"Spheric Guardian","floor":22,"turns":4},{"damage":19,"enemies":"Book of Stabbing","floor":23,"turns":8},{"damage":0,"enemies":"3 Cultists","floor":25,"turns":4},{"damage":4,"enemies":"Snake Plant","floor":28,"turns":4},{"damage":2,"enemies":"Centurion and Healer","floor":29,"turns":5},{"damage":93,"enemies":"Champ","floor":33,"turns":15}],"seed_played":"4380310986617931068","potions_obtained":[{"floor":1,"key":"Ancient Potion"},{"floor":4,"key":"DuplicationPotion"},{"floor":4,"key":"SmokeBomb"},{"floor":10,"key":"SteroidPotion"},{"floor":16,"key":"AttackPotion"},{"floor":23,"key":"AttackPotion"},{"floor":28,"key":"Block Potion"},{"floor":29,"key":"SteroidPotion"}],"is_trial":false,"path_per_floor":["M","M","?","?","$","E","R","M","T","M","M","E","R","M","R","B",null,"M","?","?","$","M","E","R","M","T","$","M","M","$","T","R","B"],"character_chosen":"THE_SILENT","items_purchased":["Blood Vial","Leg Sweep","Apotheosis"],"campfire_rested":4,"item_purchase_floors":[5,5,21],"current_hp_per_floor":[70,70,70,70,70,46,69,65,65,62,62,35,73,70,77,34,77,64,64,52,52,58,47,77,77,77,77,73,77,77,77,77,0,0],"gold":28,"neow_bonus":"HUNDRED_GOLD","is_daily":false,"chose_seed":false,"campfire_upgraded":1,"win_rate":0.0,"timestamp":1611752400,"path_taken":["M","M","?","?","$","E","R","M","T","M","M","E","R","?","R","BOSS","M","?","?","$","M","E","R","M","T","$","M","?","$","?","R","BOSS"],"items_purchased_type":["Relic","Card","Card"],"build_version":"2020-12-22","purchased_purges":2,"victory":false,"max_hp_per_floor":[70,70,70,70,70,77,77,77,77,77,77,77,77,77,77,77,77,77,77,77,77,77,77,77,77,77,77,77,77,77,77,77,77,77],"relic_stats":{"Blood Vial":16,"Regal Pillow":22,"Happy Flower":[8],"counters":[16,113],"Letter Opener":[15],"Orichalcum":[84],"Cursed Key":2,"obtain_stats":[{"Blood Vial":5,"Regal Pillow":12,"Happy Flower":26,"Strawberry":6,"Letter Opener":31,"Orichalcum":9,"Cursed Key":17,"Ancient Tea Set":23,"Ring of the Snake":0},{"Blood Vial":2,"Regal Pillow":7,"Happy Flower":13,"Strawberry":3,"Letter Opener":15,"Orichalcum":4,"Cursed Key":9,"Ancient Tea Set":12,"Ring of the Snake":0},{"Blood Vial":11,"Regal Pillow":45,"Happy Flower":89,"Strawberry":26,"Letter Opener":98,"Orichalcum":29,"Cursed Key":69,"Ancient Tea Set":85,"Ring of the Snake":0}],"Ring of the Snake":[32]},"card_choices":[{"not_picked":["Flechettes","Expertise"],"picked":"Backflip","floor":1},{"not_picked":["Heel Hook","Backflip"],"picked":"Skewer","floor":2},{"not_picked":["PiercingWail","Sucker Punch"],"picked":"Dagger Throw","floor":6},{"not_picked":["Flying Knee","Outmaneuver"],"picked":"Dash","floor":8},{"not_picked":["Sucker Punch","Quick Slash"],"picked":"Predator","floor":10},{"not_picked":["Wraith Form v2","Flying Knee"],"picked":"Riddle With Holes","floor":11},{"not_picked":["Dagger Spray","Noxious Fumes"],"picked":"Doppelganger","floor":12},{"not_picked":["Backstab","Slice"],"picked":"Deadly Poison","floor":14},{"not_picked":["Die Die Die","Wraith Form v2"],"picked":"Bullet Time","floor":16},{"not_picked":["Tactician","Dodge and Roll+1"],"picked":"Choke+1","floor":18},{"not_picked":["PiercingWail","Quick Slash"],"picked":"Footwork","floor":22},{"not_picked":["Bouncing Flask","Finisher"],"picked":"Flying Knee+1","floor":23},{"not_picked":["Backflip+1","Slice"],"picked":"Adrenaline","floor":25},{"not_picked":["Skewer","Poisoned Stab+1"],"picked":"Slice+1","floor":28},{"not_picked":["Backflip","Reflex","Tactician"],"picked":"SKIP","floor":29}],"player_experience":84564,"relics_obtained":[{"floor":6,"key":"Strawberry"},{"floor":9,"key":"Orichalcum"},{"floor":12,"key":"Regal Pillow"},{"floor":23,"key":"Ancient Tea Set"},{"floor":26,"key":"Happy Flower"},{"floor":31,"key":"Letter Opener"}],"event_choices":[{"damage_healed":17,"gold_gain":0,"player_choice":"Healed","damage_taken":0,"max_hp_gain":0,"max_hp_loss":0,"event_name":"The Cleric","floor":3,"gold_loss":35},{"damage_healed":0,"gold_gain":0,"player_choice":"Got Potions","damage_taken":0,"max_hp_gain":0,"max_hp_loss":0,"event_name":"Lab","floor":4,"gold_loss":0},{"damage_healed":0,"gold_gain":0,"cards_transformed":["Deadly Poison","Skewer"],"player_choice":"Became Test Subject","damage_taken":0,"max_hp_gain":0,"max_hp_loss":0,"event_name":"Drug Dealer","floor":19,"gold_loss":0,"cards_obtained":["Die Die Die","Bane"]},{"damage_healed":0,"gold_gain":0,"player_choice":"CARD ","damage_taken":12,"max_hp_gain":0,"max_hp_loss":0,"event_name":"Knowing Skull","floor":20,"potions_obtained":[],"gold_loss":0,"cards_obtained":["Bandage Up"]}],"is_beta":false,"boss_relics":[{"not_picked":["Sozu","HoveringKite"],"picked":"Cursed Key"}],"items_purged_floors":[21,30],"is_endless":false,"potions_floor_spawned":[1,10,11,14,16,23,28,29],"killed_by":"Champ","ascension_level":0}}