{"host":"juoup3p5tvzzktl5","time":1611730806,"event":{"mods":["Aspiration","BaseMod","Better Vampires","BetterRewards","Colored Map","Colored Powertips","Friendly Minions","GifTheSpireLib","Hermit","Hubris","Infinite Spire","KinomotoSakuraMod(ƒæ÷Æ±æ”£)","Koishi","KomeijiMod","Marisa£®ÏF”Í°°ƒß¿Ì…≥£©","Minty Spire (QoL Compilation)","Quick Restart","Reimu£®≤©¿ˆ¡È√Œ£©","Replay The Spire","Shop Mod","StSLib","The Administrix","The Alterego","The Bug Knight","The Construct","The Cursed","The Jungle","The Mystic","The Runesmith","The Senshi","Youmu£®ªÍ∆«—˝√Œ£©","Yuyuko"],"gold_per_floor":[116,16,27,38,48,48,48,83,94,94,94,94,94,109,109,129,45,74,74,149,149,160,160,35,35,35],"floor_reached":25,"language":"ZHS","playtime":953,"items_purged":["Defend_P","Defend_P","Strike_P"],"score":572,"play_id":"2508f6f3-5132-4815-b255-db168c424bcf","local_time":"20210127160006","is_ascension_mode":true,"campfire_choices":[{"data":"Eruption","floor":6.0,"key":"SMITH"},{"data":"Wallop","floor":12.0,"key":"SMITH"},{"data":"FlurryOfBlows","floor":19,"key":"SMITH"}],"circlet_count":0,"master_deck":["AscendersBane","Strike_P","Strike_P","Strike_P","Eruption+1","Vigilance","FlurryOfBlows+1","Wallop+1","CutThroughFate","hubris:DuctTapeCard","DevaForm"],"relics":["PureWater","aspiration:BabyByrd","Vajra","hubris:64BitClover","ReplayTheSpireMod:Ring of Exchange","Juzu Bracelet","Sozu","Nloth\u0027s Gift"],"acts_visited":["Exordium","TheCity"],"potions_floor_usage":[18,18,25],"damage_taken":[{"damage":12.0,"enemies":"Small Slimes","floor":1.0,"turns":4.0},{"damage":7.0,"enemies":"Jaw Worm","floor":3.0,"turns":2.0},{"damage":0.0,"enemies":"Cultist","floor":4.0,"turns":2.0},{"damage":0.0,"enemies":"Blue Slaver","floor":5.0,"turns":3.0},{"damage":30.0,"enemies":"Lagavulin","floor":8.0,"turns":6.0},{"damage":0.0,"enemies":"Exordium Wildlife","floor":9.0,"turns":1.0},{"damage":0.0,"enemies":"Looter","floor":14.0,"turns":1.0},{"damage":0,"enemies":"2 Fungi Beasts","floor":16,"turns":2},{"damage":0,"enemies":"Gremlin Nob","floor":18,"turns":2},{"damage":0,"enemies":"Slime Boss","floor":20,"turns":5},{"damage":44,"enemies":"3 Byrds","floor":22,"turns":5},{"damage":0,"enemies":"Shell Parasite","floor":25,"turns":1}],"seed_played":"3355918875023947176","potions_obtained":[{"floor":3.0,"key":"ColorlessPotion"},{"floor":4.0,"key":"Explosive Potion"},{"floor":9.0,"key":"PowerPotion"},{"floor":20,"key":"SkillPotion"}],"is_trial":false,"path_per_floor":["M","$","M","M","M","R","?","E","M","T","T","R","?","M","?","M","$","E","R","B",null,"M","?","$","M"],"character_chosen":"WATCHER","items_purchased":["Regen Potion"],"campfire_rested":0,"item_purchase_floors":[17],"current_hp_per_floor":[44,44,37,37,37,37,37,7,7,7,7,7,7,7,7,7,7,12,12,12,54,10,10,10,10,10],"gold":35,"neow_bonus":"","is_daily":false,"chose_seed":true,"campfire_upgraded":3,"win_rate":0.0,"timestamp":1611730806,"path_taken":["M","$","M","M","M","R","?","E","M","T","T","R","?","M","?","M","?","E","R","BOSS","M","?","?","M"],"items_purchased_type":["Potion"],"build_version":"2020-12-22","purchased_purges":3,"victory":false,"max_hp_per_floor":[68,68,68,68,68,68,68,68,68,68,68,68,68,68,68,68,68,68,68,68,68,68,68,68,68,68],"card_choices":[{"not_picked":["ClearTheMind","Replay:Hum"],"picked":"FlurryOfBlows","floor":1.0},{"not_picked":["Conclude","ForeignInfluence"],"picked":"Wallop","floor":3.0},{"not_picked":["Replay:DivineShield","Prostrate","WaveOfTheHand"],"picked":"SKIP","floor":4.0},{"not_picked":["Indignation","CrushJoints","LikeWater"],"picked":"SKIP","floor":5.0},{"not_picked":["Evaluate","Replay:BluntJabs","Protect"],"picked":"SKIP","floor":8.0},{"not_picked":["Replay:AtTheReady","MasterReality"],"picked":"CutThroughFate","floor":9.0},{"not_picked":["Replay:ManipulateFuture","Replay:AtTheReady","CutThroughFate"],"picked":"SKIP","floor":14.0},{"not_picked":["Consecrate","CutThroughFate","ClearTheMind"],"picked":"SKIP","floor":16},{"not_picked":["Halt","CrushJoints","Replay:Cycle"],"picked":"SKIP","floor":18},{"not_picked":["Vault","SpiritShield"],"picked":"DevaForm","floor":20},{"not_picked":["Meditate","ClearTheMind","SashWhip"],"picked":"SKIP","floor":22}],"player_experience":1037489,"relics_obtained":[{"floor":8.0,"key":"Vajra"},{"floor":10.0,"key":"hubris:64BitClover"},{"floor":11.0,"key":"hubris:DuctTape"},{"floor":13.0,"key":"ReplayTheSpireMod:Ring of Exchange"},{"floor":18,"key":"Juzu Bracelet"}],"event_choices":[{"damage_healed":0,"gold_gain":0,"player_choice":"Traded Relic","damage_taken":0,"relics_obtained":["Nloth\u0027s Gift"],"max_hp_gain":0,"max_hp_loss":0,"event_name":"N\u0027loth","floor":23,"relics_lost":["hubris:DuctTape"],"gold_loss":0}],"is_beta":false,"boss_relics":[{"not_picked":["VioletLotus","Sling"],"picked":"Sozu"}],"items_purged_floors":[0,2,24],"is_endless":false,"potions_floor_spawned":[3,4,9,20,22],"killed_by":"Shell Parasite","ascension_level":20}}