{"host":"0awa854l6bexpjrv","time":1611719684,"event":{"mods":["BaseMod","Block Reminder","Colored Map","Colored Powertips","Downfall","Highlight Path","Minty Spire (QoL Compilation)","Quick Restart","Rare Cards Sparkle","StSLib","SuperFastMode"],"gold_per_floor":[99,109,19,29,29,14,14,29,29,40,57,68,68,53,66,164,164,164,182,229,245,264,264,264,264,364,380,396,426,426,438,458,458,458,458],"floor_reached":33,"language":"ENG","playtime":2085,"items_purged":["bronze:Strike","Injury"],"score":263,"play_id":"2348d6e8-9ecb-4cb4-a56e-03f6367523cb","local_time":"20210126195444","is_ascension_mode":false,"campfire_choices":[{"data":"bronze:Goto","floor":1.0,"key":"SMITH"},{"floor":13.0,"key":"REST"},{"data":"bronze:RecursiveStrike","floor":18.0,"key":"SMITH"},{"data":"bronze:Mutator","floor":30.0,"key":"SMITH"}],"circlet_count":0,"master_deck":["bronze:Replicate","bronze:Goto+1","bronze:Branch","bronze:DigitalCarnage","bronze:Deprecate","bronze:Invalidate","bronze:FollowUp","bronze:DigitalCarnage","bronze:Turbo","bronze:DigitalCarnage","bronze:Overheat","bronze:WildBeam","bronze:RecursiveStrike+1","bronze:Repair","bronze:Branch","bronze:Iterate","bronze:BurnOut","bronze:ThunderWave","bronze:Assembly","bronze:BuggyMess","bronze:Turbo+1","bronze:ClassDefault","bronze:InfiniteBeams","bronze:Boost","bronze:Overheat","RitualDagger+1","bronze:Repair","bronze:ItsAFeature","bronze:Mutator+1","bronze:Optimize"],"relics":["bronze:BronzeCore","FossilizedHelix","Shuriken","Pandora\u0027s Box","Membership Card","Anchor","PreservedInsect","Du-Vu Doll","Eternal Feather","HornCleat"],"acts_visited":["Exordium","TheCity"],"potions_floor_usage":[31,33,33],"damage_taken":[{"damage":0.0,"enemies":"Jaw Worm","floor":2.0,"turns":3.0},{"damage":0.0,"enemies":"downfall:FleeingMerchant","floor":3.0,"turns":4.0},{"damage":0.0,"enemies":"Cultist","floor":4.0,"turns":2.0},{"damage":9.0,"enemies":"downfall:FleeingMerchant","floor":6.0,"turns":4.0},{"damage":0.0,"enemies":"2 Louse","floor":8.0,"turns":2.0},{"damage":13.0,"enemies":"Large Slime","floor":10.0,"turns":6.0},{"damage":0.0,"enemies":"Blue Slaver","floor":11.0,"turns":3.0},{"damage":0.0,"enemies":"2 Fungi Beasts","floor":12.0,"turns":1.0},{"damage":4.0,"enemies":"downfall:FleeingMerchant","floor":14.0,"turns":4.0},{"damage":0.0,"enemies":"Exordium Wildlife","floor":15.0,"turns":2.0},{"damage":35.0,"enemies":"WA_ARCHETYPE_RETAIN","floor":16.0,"turns":5.0},{"damage":4.0,"enemies":"3 Byrds","floor":19.0,"turns":3.0},{"damage":0.0,"enemies":"downfall:FleeingMerchant","floor":20.0,"turns":4.0},{"damage":26.0,"enemies":"Centurion and Healer","floor":21.0,"turns":5.0},{"damage":4.0,"enemies":"Shelled Parasite and Fungi","floor":22.0,"turns":3.0},{"damage":0.0,"enemies":"Colosseum Nobs","floor":26.0,"turns":2.0},{"damage":0.0,"enemies":"Sentry and Sphere","floor":27.0,"turns":3.0},{"damage":0.0,"enemies":"Centurion and Healer","floor":28.0,"turns":3.0},{"damage":6.0,"enemies":"Book of Stabbing","floor":29.0,"turns":3.0},{"damage":0,"enemies":"Snecko","floor":31,"turns":4},{"damage":0,"enemies":"Snake Plant","floor":32,"turns":3},{"damage":82,"enemies":"DF_ARCHETYPE_CLAW","floor":33,"turns":6}],"seed_played":"-6210241695620491434","potions_obtained":[{"floor":4.0,"key":"hexamod:SoulburnPotion"},{"floor":10.0,"key":"Weak Potion"},{"floor":11.0,"key":"AttackPotion"},{"floor":16.0,"key":"BlessingOfTheForge"},{"floor":25.0,"key":"CultistPotion"},{"floor":26.0,"key":"Swift Potion"},{"floor":27.0,"key":"DistilledChaos"},{"floor":29.0,"key":"BlessingOfTheForge"},{"floor":31,"key":"BlessingOfTheForge"},{"floor":32,"key":"Dexterity Potion"}],"is_trial":false,"path_per_floor":["R","M","$","M","?","$","T","M","?","M","M","M","R","$","M","B",null,"R","M","$","M","M","?","T","?","?","M","M","E","R","M","M","B"],"character_chosen":"THE_AUTOMATON","items_purchased":["Membership Card","Anchor","bronze:InfiniteBeams"],"campfire_rested":1,"item_purchase_floors":[20,20,20],"current_hp_per_floor":[70,70,70,70,70,61,61,61,61,48,48,48,69,65,65,30,70,70,66,70,44,40,63,63,63,63,70,70,64,70,70,70,0,0,0],"gold":458,"neow_bonus":"ONE_RARE_RELIC","is_daily":false,"chose_seed":false,"campfire_upgraded":3,"win_rate":0.0,"timestamp":1611719684,"path_taken":["R","M","$","M","?","?","T","M","?","M","M","M","R","$","M","BOSS","R","M","$","M","M","?","T","?","?","M","M","E","R","M","M","BOSS"],"items_purchased_type":["Relic","Relic","Card"],"build_version":"2020-12-22","purchased_purges":2,"victory":false,"max_hp_per_floor":[70,70,70,70,70,70,70,70,70,70,70,70,70,70,70,70,70,70,70,70,70,70,70,70,70,70,70,70,70,70,70,70,70,70,70],"card_choices":[{"not_picked":["bronze:Iterate","bronze:BugBarrage"],"picked":"bronze:Branch","floor":2.0},{"not_picked":["bronze:CloningBeam","bronze:SpaghettiCode"],"picked":"bronze:DigitalCarnage","floor":3.0},{"not_picked":["bronze:Safeguard","bronze:Boost"],"picked":"bronze:Deprecate","floor":4.0},{"not_picked":["bronze:Frontload","bronze:DelayedGuard"],"picked":"bronze:Invalidate","floor":6.0},{"not_picked":["bronze:BitShift","bronze:Deprecate"],"picked":"bronze:FollowUp","floor":8.0},{"not_picked":["bronze:DelayedSlice","bronze:OilSpill"],"picked":"bronze:DigitalCarnage","floor":10.0},{"not_picked":["bronze:Philosophize","bronze:NullPointer"],"picked":"bronze:Turbo","floor":11.0},{"not_picked":["bronze:DelayedGuard","bronze:CutThrough"],"picked":"bronze:DigitalCarnage","floor":12.0},{"not_picked":["bronze:Boost","bronze:Branch"],"picked":"bronze:Overheat","floor":14.0},{"not_picked":["bronze:Allocate","bronze:MaxOutput"],"picked":"bronze:WildBeam","floor":15.0},{"not_picked":["bronze:SpaghettiCode","bronze:CleanCode"],"picked":"bronze:RecursiveStrike","floor":16.0},{"not_picked":["bronze:Backtrace","bronze:Overheat"],"picked":"bronze:Turbo+1","floor":19.0},{"not_picked":["bronze:DelayedGuard","bronze:Constructor"],"picked":"bronze:ClassDefault","floor":20.0},{"not_picked":["bronze:Terminator","bronze:Iterate"],"picked":"bronze:Boost","floor":21.0},{"not_picked":["bronze:SpaghettiCode","bronze:OilSpill"],"picked":"bronze:Overheat","floor":22.0},{"not_picked":["bronze:Branch","bronze:DelayedGuard"],"picked":"bronze:Repair","floor":26.0},{"not_picked":["bronze:OilSpill","bronze:WildBeam"],"picked":"bronze:ItsAFeature","floor":27.0},{"not_picked":["bronze:Fortify","bronze:Overheat"],"picked":"bronze:Mutator","floor":28.0},{"not_picked":["bronze:Shield","bronze:ChosenStrike","bronze:BitShift"],"picked":"SKIP","floor":29.0},{"not_picked":["bronze:Iterate","bronze:ChosenStrike","bronze:FineTuning"],"picked":"SKIP","floor":31},{"not_picked":["bronze:FineTuning","bronze:OilSpill"],"picked":"bronze:Optimize","floor":32}],"player_experience":641943,"relics_obtained":[{"floor":7.0,"key":"Shuriken"},{"floor":24.0,"key":"PreservedInsect"},{"floor":26.0,"key":"Du-Vu Doll"},{"floor":26.0,"key":"Eternal Feather"},{"floor":29.0,"key":"HornCleat"}],"event_choices":[{"damage_healed":0.0,"max_hp_gain":0.0,"max_hp_loss":0.0,"gold_gain":0.0,"event_name":"NoteForYourself","player_choice":"Ignored","floor":5.0,"gold_loss":0.0,"damage_taken":0.0},{"damage_healed":23.0,"max_hp_gain":0.0,"max_hp_loss":0.0,"gold_gain":0.0,"event_name":"The Library","player_choice":"Heal","floor":23.0,"gold_loss":0.0,"damage_taken":0.0}],"is_beta":false,"boss_relics":[{"not_picked":["Tiny House","Astrolabe"],"picked":"Pandora\u0027s Box"}],"items_purged_floors":[3,20],"is_endless":false,"potions_floor_spawned":[4,10,11,12,16,26,27,29,31,32],"killed_by":"DF_ARCHETYPE_CLAW","ascension_level":0}}