{"host":"7kgj47jdxgufb548","time":1611729333,"event":{"mods":["Act Like it!","BaseMod","CapriCore","Gensokyo","Minty Spire (QoL Compilation)","Remilia¡]Á¢¦Ì²ú?¡^","StSLib","The Immortal","Yakumo Yukari mod","Youmu¡]»î¾z§¯?¡^"],"gold_per_floor":[109,86,39,39,39,72,72,72,72,72,100,100,327,642,642,740,740,759,759,117,129,139,169,183,213,213,224,224,257,257,257,257,359,359,371,386,208,225,225,225,225,165,192,218,218,546,560,579,579,579],"floor_reached":51,"language":"ZHS","playtime":2673,"items_purged":[],"score":1245,"play_id":"ebf5feac-4eb0-45c6-8689-360b33b8585a","local_time":"20210127143533","is_ascension_mode":true,"campfire_choices":[{"data":"Gensokyo:CrescentMoonSlash","floor":7.0,"key":"SMITH"},{"data":"PhosphoricSlash","floor":10.0,"key":"SMITH"},{"data":"HumanGodSword","floor":12.0,"key":"SMITH"},{"data":"SpiritCuttingSword","floor":15.0,"key":"SMITH"},{"data":"SlashOfSaigyouSpringWind","floor":28.0,"key":"SMITH"},{"data":"HellFireSword","floor":30.0,"key":"SMITH"},{"data":"Gensokyo:RedCapeBlueCape","floor":32.0,"key":"SMITH"},{"data":"SuddenDivineSeveringOfKarmicWind","floor":41,"key":"SMITH"},{"data":"SlashOfDelusionalInnerEye","floor":49,"key":"SMITH"}],"circlet_count":0,"master_deck":["Strike_YM+1","Strike_YM+1","Defend_YM+1","Defend_YM+1","Defend_YM","Defend_YM+1","SlashOfPresentWorld+1","WheelOfPainOfLivingAndDead","PhosphoricSlash+1","TwoHundredYojanaInOneSlash","Gensokyo:CrescentMoonSlash+1","HumanGodSword+1","Injury","ThoughtCuttingSword","HellFireSword+1","SpiritCuttingSword+1","HellRealmSword","Shame","ConstancyOfTheConventionalTruth+1","FlashingScatteredFlowers+1","SlashOfSaigyouSpringWind+1","CrescentMoonSlash","SpiritMediumsBind","TransmigrationSlash+1","LightFlashOfTheNetherworld","Regret","SwordExtraction+1","SlashOfDepartureFromHesitation","Gensokyo:RedCapeBlueCape+1","SuddenDivineSeveringOfKarmicWind+1","PhosphoricSlash+1","PreachingAvici+1","Gensokyo:BlemishedSteel","SlashOfDelusionalInnerEye+1","Gensokyo:CustomPotion","Regret","HellRealmSword","HumanGodSword+1","HellFireSword+1","CherryBlossomFlashing+1","BloodOfAsura+1"],"relics":["HalfPhantom","NeowsBlessing","Happy Flower","Pantograph","InkBottle","Toy Ornithopter","Dream Catcher","Cursed Key","ClockworkSouvenir","Strange Spoon","Sling","Gremlin Horn","White Beast Statue","Pen Nib","War Paint","Bird Faced Urn","Smiling Mask","SlaversCollar","Oddly Smooth Stone","Strawberry","Letter Opener"],"acts_visited":["Gensokyo:Gensokyo","Gensokyo:Gensokyoer","Gensokyo:Gensokyoest"],"potions_floor_usage":[35,44,46,48,50,50,50],"damage_taken":[{"damage":0.0,"enemies":"Gensokyo:Gryphon","floor":1.0,"turns":1.0},{"damage":0.0,"enemies":"Gensokyo:Aya","floor":6.0,"turns":2.0},{"damage":0.0,"enemies":"Gensokyo:Cirno","floor":11.0,"turns":2.0},{"damage":0.0,"enemies":"Gensokyo:Mamizou","floor":13.0,"turns":6.0},{"damage":7.0,"enemies":"Gensokyo:3_Fairies","floor":14.0,"turns":6.0},{"damage":0.0,"enemies":"Gensokyo:Reimu","floor":16.0,"turns":5.0},{"damage":10.0,"enemies":"Gensokyo:AngelMirror","floor":18.0,"turns":2.0},{"damage":23.0,"enemies":"Gensokyo:3_Dogs","floor":21.0,"turns":5.0},{"damage":24.0,"enemies":"Gensokyo:Slime_Group","floor":22.0,"turns":4.0},{"damage":0.0,"enemies":"Gensokyo:Koishi","floor":23.0,"turns":2.0},{"damage":6.0,"enemies":"Gensokyo:Monolith_and_Dog","floor":24.0,"turns":4.0},{"damage":0.0,"enemies":"Gensokyo:Reisen","floor":25.0,"turns":3.0},{"damage":4.0,"enemies":"Gensokyo:Chomper_and_Gloop","floor":27.0,"turns":2.0},{"damage":2.0,"enemies":"Gensokyo:Koishi","floor":29.0,"turns":3.0},{"damage":0.0,"enemies":"Gensokyo:Eiki","floor":33.0,"turns":3.0},{"damage":0,"enemies":"Gensokyo:3_Boulders","floor":35,"turns":3},{"damage":18,"enemies":"Gensokyo:3_Bats","floor":36,"turns":3},{"damage":24,"enemies":"Gensokyo:SeedOfUnknown","floor":38,"turns":6},{"damage":0,"enemies":"Gensokyo:Marisa","floor":44,"turns":4},{"damage":12,"enemies":"Gensokyo:Doremy","floor":46,"turns":4},{"damage":13,"enemies":"Gensokyo:Dusk_and_Dawn","floor":47,"turns":3},{"damage":0,"enemies":"Gensokyo:3_Boulders","floor":48,"turns":3},{"damage":4,"enemies":"Gensokyo:Scarlet_Devils","floor":50,"turns":6}],"seed_played":"484741070699089251","potions_obtained":[{"floor":11.0,"key":"FearPotion"},{"floor":13.0,"key":"SpeedPotion"},{"floor":14.0,"key":"DuplicationPotion"},{"floor":16.0,"key":"FearPotion"},{"floor":18.0,"key":"SwordSoul"},{"floor":21.0,"key":"GamblersBrew"},{"floor":22.0,"key":"Fire Potion"},{"floor":24.0,"key":"LiquidBronze"},{"floor":25.0,"key":"SteroidPotion"},{"floor":27.0,"key":"LiquidBronze"},{"floor":29.0,"key":"SteroidPotion"},{"floor":33.0,"key":"Dexterity Potion"},{"floor":35,"key":"CausticAgent"},{"floor":36,"key":"Strength Potion"},{"floor":38,"key":"DistilledChaos"},{"floor":44,"key":"Weak Potion"},{"floor":46,"key":"Fire Potion"},{"floor":47,"key":"PhantomPosion"},{"floor":48,"key":"LiquidMemories"}],"is_trial":false,"path_per_floor":["M","$","COS","?","$","E","R","?","T","R","E","R","E","M","R","B",null,"M","?","COS","M","M","E","M","E","T","M","R","E","R","?","R","B",null,"M","M","COS","M","?","?","R","?","T","E","$","E","M","M","R","B",null],"character_chosen":"YOUMU","items_purchased":["TwoHundredYojanaInOneSlash"],"campfire_rested":0,"item_purchase_floors":[2],"current_hp_per_floor":[75,75,75,64,64,64,64,64,64,64,64,64,69,62,62,75,75,65,65,65,47,28,38,32,57,57,57,57,73,73,68,68,68,68,68,50,50,30,30,30,30,30,30,75,75,65,75,75,75,75],"gold":579,"neow_bonus":"THREE_ENEMY_KILL","is_daily":false,"chose_seed":false,"campfire_upgraded":9,"win_rate":0.0,"timestamp":1611729333,"path_taken":["M","?","COS","?","$","E","R","?","T","R","E","R","E","M","R","BOSS","M","?","COS","?","M","E","M","E","T","M","R","E","R","?","R","BOSS","M","M","COS","M","?","?","R","?","T","E","$","E","M","?","R","BOSS"],"items_purchased_type":["Card"],"build_version":"2020-12-22","purchased_purges":0,"victory":true,"max_hp_per_floor":[75,75,75,75,75,75,75,75,75,75,75,75,75,75,75,75,75,75,75,75,75,75,75,75,75,75,75,75,75,75,68,68,68,68,68,68,68,68,68,68,68,68,68,75,75,75,75,75,75,75],"card_choices":[{"not_picked":["LowerRealmReflectionSlash","LifeCuttingSword"],"picked":"PhosphoricSlash","floor":1.0},{"not_picked":["SlashOfTheEternalFuture","FantasyOfEnteringEnlightenment"],"picked":"HumanGodSword","floor":6.0},{"not_picked":["DoubleWheelOfPain","LotusPostureSlash"],"picked":"ThoughtCuttingSword","floor":11.0},{"not_picked":["ThreeKonsSevenHakus","CrescentMoonSlash"],"picked":"HellFireSword","floor":13.0},{"not_picked":["SwordOfBindingDesires","HellGodSword"],"picked":"SpiritCuttingSword","floor":14.0},{"not_picked":["DeadlyForm","HeavenSword"],"picked":"HellRealmSword","floor":16.0},{"not_picked":["ThreeKonsSevenHakus+1","ConstancyOfTheConventionalTruth"],"picked":"HellFireSword+1","floor":18.0},{"not_picked":["ThreeKonsSevenHakus+1","SwordOfBindingDesires+1"],"picked":"ConstancyOfTheConventionalTruth+1","floor":21.0},{"not_picked":["FiveSignsOfTheDyingDeva","PhosphoricSlash"],"picked":"FlashingScatteredFlowers+1","floor":21.0},{"not_picked":["GreatEnlightenmentAppearingAndDisappearing","VoidnessSword"],"picked":"SlashOfSaigyouSpringWind","floor":22.0},{"not_picked":["DispleasureOfTheSevenHakus","SanzenSekai"],"picked":"CrescentMoonSlash","floor":22.0},{"not_picked":["HumanGodSword","HeavenlyHaloSlash"],"picked":"SpiritMediumsBind","floor":23.0},{"not_picked":["ASingleThoughtAndInfiniteKalpas","SwordExtraction"],"picked":"TransmigrationSlash+1","floor":24.0},{"not_picked":["SwordOfBindingDesires","KarmicPunishmentOfTheIdleAndUnfocused"],"picked":"LightFlashOfTheNetherworld","floor":25.0},{"not_picked":["ConstancyOfTheConventionalTruth","HumanKnowledgeSword"],"picked":"SwordExtraction+1","floor":27.0},{"not_picked":["PreachingAvici","AsTheSilentNirvana"],"picked":"SlashOfDepartureFromHesitation","floor":29.0},{"not_picked":["Gensokyo:TekeTeke","Gensokyo:Apocalypse"],"picked":"Gensokyo:RedCapeBlueCape","floor":31.0},{"not_picked":["IrresoluteSoul","VoidnessSword"],"picked":"SuddenDivineSeveringOfKarmicWind","floor":33.0},{"not_picked":["ThoughtCuttingSword+1","LowerRealmReflectionSlash+1"],"picked":"PhosphoricSlash+1","floor":35},{"not_picked":["SpiritMediumsBind+1","LifeCuttingSword+1"],"picked":"PreachingAvici+1","floor":36},{"not_picked":["SlashOfMeditation+1","FiveSignsOfTheDyingDeva"],"picked":"SlashOfDelusionalInnerEye","floor":38},{"not_picked":["HeartExcerptSlash+1","PhosphoricSlash+1","BloodOfAsura+1"],"picked":"SKIP","floor":38},{"not_picked":["ASingleThoughtAndInfiniteKalpas","HeavenSword"],"picked":"HellRealmSword","floor":44},{"not_picked":["HeartExcerptSlash+1","TwoHundredYojanaInOneSlash"],"picked":"HumanGodSword+1","floor":44},{"not_picked":["LifeCuttingSword","DoubleWheelOfPain+1"],"picked":"HellFireSword+1","floor":46},{"not_picked":["BizarrenessOfSixRealms+1","HiganSword+1"],"picked":"CherryBlossomFlashing+1","floor":47},{"not_picked":["SpiritCuttingSword","FlashingScatteredFlowers"],"picked":"BloodOfAsura+1","floor":48}],"player_experience":194089,"relics_obtained":[{"floor":6.0,"key":"Happy Flower"},{"floor":9.0,"key":"InkBottle"},{"floor":11.0,"key":"Toy Ornithopter"},{"floor":13.0,"key":"Dream Catcher"},{"floor":23.0,"key":"Gremlin Horn"},{"floor":25.0,"key":"Pen Nib"},{"floor":26.0,"key":"War Paint"},{"floor":29.0,"key":"Smiling Mask"},{"floor":43,"key":"Oddly Smooth Stone"},{"floor":44,"key":"Strawberry"},{"floor":46,"key":"Letter Opener"}],"event_choices":[],"is_beta":false,"boss_relics":[{"not_picked":["Runic Pyramid","Coffee Dripper"],"picked":"Cursed Key"},{"not_picked":["Runic Dome","Empty Cage"],"picked":"SlaversCollar"}],"items_purged_floors":[],"is_endless":false,"potions_floor_spawned":[11,13,14,16,18,21,22,24,25,27,29,33,35,36,38,44,46,47,48],"ascension_level":4}}