{"host":"7tvb1em0d2fx72q7","time":1611720104,"event":{"mods":["BaseMod","Challenge The Spire","Minty Spire (QoL Compilation)","StSLib","everything is the same but u backflip on backflip"],"gold_per_floor":[110,120,138,149,64,64,77,97,97,97,97,10,44,82,82,175,175,199,223,223,237,237,237,275,275,275,313,115,115,115,136,136,230,230,250,313,331,349,127,127,127,127],"floor_reached":41,"language":"ENG","playtime":3204,"items_purged":["Defend_P"],"score":1100,"play_id":"34b7cb5e-0f10-4f36-aea3-fc9be9b434a3","local_time":"20210126230144","is_ascension_mode":true,"campfire_choices":[{"data":"Alpha","floor":6.0,"key":"SMITH"},{"floor":11.0,"key":"REST"},{"data":"JustLucky","floor":15.0,"key":"SMITH"},{"data":"TalkToTheHand","floor":23.0,"key":"SMITH"},{"data":"Adaptation","floor":25.0,"key":"SMITH"},{"data":"Tantrum","floor":30.0,"key":"SMITH"},{"data":"WheelKick","floor":32.0,"key":"SMITH"},{"floor":40,"key":"RECALL"}],"circlet_count":0,"master_deck":["AscendersBane","Defend_P","Defend_P","Defend_P","Eruption","Vigilance","Alpha+1","FlurryOfBlows","DeceiveReality","Crescendo","ClearTheMind","Adaptation+1","JustLucky+1","FlurryOfBlows","TalkToTheHand+1","EmptyBody","Tantrum+1","Protect","SpiritShield","EmptyBody","Wallop","DeceiveReality","Bite","Bite","Bite","Bite","Bite","WheelKick+1","Omniscience","FlurryOfBlows+1"],"relics":["PureWater","FossilizedHelix","Golden Idol","Odd Mushroom","Coffee Dripper","Lizard Tail","The Courier","Blue Candle","Omamori","Snecko Eye","Peace Pipe","Kunai"],"acts_visited":["Exordium","TheCity","TheBeyond"],"potions_floor_usage":[],"damage_taken":[{"damage":2.0,"enemies":"Cultist","floor":1.0,"turns":3.0},{"damage":0.0,"enemies":"2 Louse","floor":2.0,"turns":2.0},{"damage":12.0,"enemies":"Jaw Worm","floor":3.0,"turns":6.0},{"damage":13.0,"enemies":"Large Slime","floor":4.0,"turns":4.0},{"damage":2.0,"enemies":"Red Slaver","floor":7.0,"turns":5.0},{"damage":15.0,"enemies":"Exordium Wildlife","floor":8.0,"turns":4.0},{"damage":0.0,"enemies":"Lagavulin","floor":13.0,"turns":5.0},{"damage":18.0,"enemies":"The Mushroom Lair","floor":14.0,"turns":4.0},{"damage":0.0,"enemies":"Slime Boss","floor":16.0,"turns":7.0},{"damage":12.0,"enemies":"Shell Parasite","floor":18.0,"turns":3.0},{"damage":5.0,"enemies":"Chosen","floor":19.0,"turns":4.0},{"damage":0.0,"enemies":"3 Cultists","floor":21.0,"turns":5.0},{"damage":20.0,"enemies":"Gremlin Leader","floor":24.0,"turns":6.0},{"damage":2.0,"enemies":"Book of Stabbing","floor":27.0,"turns":5.0},{"damage":0.0,"enemies":"Chosen and Byrds","floor":31.0,"turns":3.0},{"damage":0.0,"enemies":"Champ","floor":33.0,"turns":8.0},{"damage":17.0,"enemies":"3 Darklings","floor":35.0,"turns":4.0},{"damage":0.0,"enemies":"2 Orb Walkers","floor":36.0,"turns":3.0},{"damage":0.0,"enemies":"Orb Walker","floor":37.0,"turns":4.0},{"damage":0.0,"enemies":"Maw","floor":38.0,"turns":5.0},{"damage":0,"enemies":"Transient","floor":41,"turns":3}],"seed_played":"5633139781850027130","potions_obtained":[{"floor":2.0,"key":"EssenceOfSteel"},{"floor":3.0,"key":"Energy Potion"},{"floor":14.0,"key":"StancePotion"},{"floor":16.0,"key":"Weak Potion"},{"floor":19.0,"key":"AttackPotion"},{"floor":21.0,"key":"GamblersBrew"},{"floor":24.0,"key":"Energy Potion"},{"floor":37.0,"key":"Regen Potion"},{"floor":38,"key":"LiquidBronze"}],"is_trial":false,"path_per_floor":["M","M","M","M","$","R","M","M","T","?","R","$","E","?","R","B",null,"M","M","?","M","?","R","E","R","T","E","$","?","R","M","R","B",null,"M","?","M","M","$","R","M"],"character_chosen":"WATCHER","items_purchased":["Adaptation","TalkToTheHand","EmptyBody","Omamori","Kunai"],"campfire_rested":1,"item_purchase_floors":[5,12,12,28,39],"current_hp_per_floor":[59,59,47,34,34,34,32,17,17,17,35,35,35,19,19,21,52,42,39,39,41,41,41,31,31,31,33,33,33,33,33,33,49,59,48,52,56,62,62,62,62,62],"gold":127,"neow_bonus":"ONE_RANDOM_RARE_CARD","is_daily":false,"chose_seed":false,"campfire_upgraded":6,"win_rate":0.0,"timestamp":1611720104,"path_taken":["M","M","?","M","?","R","M","M","T","?","R","$","E","?","R","BOSS","M","M","?","?","?","R","E","R","T","E","$","?","R","M","R","BOSS","M","?","M","M","$","R","M"],"items_purchased_type":["Card","Card","Card","Relic","Relic"],"build_version":"2020-12-22","purchased_purges":1,"victory":false,"max_hp_per_floor":[68,68,68,68,68,68,68,68,68,62,62,62,62,62,62,62,62,62,62,62,62,62,62,62,62,62,62,62,62,62,62,62,62,62,62,62,62,62,62,62,62,62],"card_choices":[{"not_picked":["Halt","Weave"],"picked":"FlurryOfBlows","floor":1.0},{"not_picked":["Vengeance","PathToVictory"],"picked":"DeceiveReality","floor":2.0},{"not_picked":["FlyingSleeves","Prostrate"],"picked":"Crescendo","floor":3.0},{"not_picked":["Evaluate","FollowUp"],"picked":"ClearTheMind","floor":4.0},{"not_picked":["BattleHymn","Brilliance"],"picked":"JustLucky","floor":7.0},{"not_picked":["Evaluate","BowlingBash"],"picked":"FlurryOfBlows","floor":8.0},{"not_picked":["Evaluate","SashWhip"],"picked":"Tantrum","floor":13.0},{"not_picked":["PathToVictory","FlyingSleeves"],"picked":"Protect","floor":14.0},{"not_picked":["Wish","Alpha"],"picked":"SpiritShield","floor":16.0},{"not_picked":["EmptyFist","Study"],"picked":"EmptyBody","floor":18.0},{"not_picked":["Prostrate+1","Consecrate"],"picked":"Wallop","floor":19.0},{"not_picked":["BowlingBash","EmptyBody"],"picked":"DeceiveReality","floor":21.0},{"not_picked":["LikeWater","Study+1"],"picked":"WheelKick","floor":24.0},{"not_picked":["Worship","FollowUp","Vengeance"],"picked":"SKIP","floor":27.0},{"not_picked":["Devotion","FlyingSleeves","Vengeance"],"picked":"SKIP","floor":31.0},{"not_picked":["Scrawl","Establishment"],"picked":"Omniscience","floor":33.0},{"not_picked":["Crescendo","Consecrate"],"picked":"FlurryOfBlows+1","floor":35.0},{"not_picked":["Sanctity","EmptyFist","WreathOfFlame+1"],"picked":"SKIP","floor":37.0},{"not_picked":["Sanctity+1","FlurryOfBlows","Evaluate"],"picked":"SKIP","floor":38}],"player_experience":1959879,"relics_obtained":[{"floor":9.0,"key":"FossilizedHelix"},{"floor":13.0,"key":"Blood Vial"},{"floor":14.0,"key":"Odd Mushroom"},{"floor":24.0,"key":"Lizard Tail"},{"floor":26.0,"key":"The Courier"},{"floor":27.0,"key":"Blue Candle"},{"floor":36.0,"key":"Peace Pipe"}],"event_choices":[{"damage_healed":0.0,"max_hp_gain":0.0,"max_hp_loss":6.0,"gold_gain":0.0,"event_name":"Golden Idol","player_choice":"Lose Max HP","floor":10.0,"gold_loss":0.0,"damage_taken":0.0,"relics_obtained":["Golden Idol"]},{"damage_healed":0.0,"max_hp_gain":0.0,"max_hp_loss":0.0,"gold_gain":0.0,"event_name":"Mushrooms","player_choice":"Fought Mushrooms","floor":14.0,"gold_loss":0.0,"damage_taken":0.0},{"cards_removed":["Strike_P"],"damage_healed":0.0,"max_hp_gain":0.0,"max_hp_loss":0.0,"gold_gain":0.0,"event_name":"Purifier","player_choice":"Purged","floor":20.0,"gold_loss":0.0,"damage_taken":0.0},{"damage_healed":0.0,"max_hp_gain":0.0,"max_hp_loss":0.0,"gold_gain":0.0,"event_name":"Vampires","player_choice":"Became a vampire (Vial)","floor":22.0,"relics_lost":["Blood Vial"],"gold_loss":0.0,"damage_taken":0.0,"cards_obtained":["Bite","Bite","Bite","Bite","Bite"]},{"damage_healed":0.0,"max_hp_gain":0.0,"max_hp_loss":0.0,"gold_gain":0.0,"event_name":"Lab","player_choice":"Got Potions","floor":29.0,"gold_loss":0.0,"damage_taken":0.0},{"damage_healed":0.0,"max_hp_gain":0.0,"max_hp_loss":0.0,"gold_gain":0.0,"event_name":"Mysterious Sphere","player_choice":"Fight","floor":36.0,"gold_loss":0.0,"damage_taken":0.0}],"is_beta":false,"boss_relics":[{"not_picked":["Busted Crown","Ectoplasm"],"picked":"Coffee Dripper"},{"not_picked":["Tiny House","Sozu"],"picked":"Snecko Eye"}],"items_purged_floors":[28],"is_endless":false,"potions_floor_spawned":[2,3,14,16,19,21,24,37,38],"killed_by":"Transient","ascension_level":17}}