{"host":"o6j8h35axmoodbwy","time":1611755548,"event":{"mods":["2.2 Compatiblity","Act Like it!","BaseMod","Colored Map","Colored Powertips","Gensokyo","MarisaÅiñ∂âJÅ@ñÇóùçπÅj","Minty Spire (QoL Compilation)","Prisma Mod","Quick Restart","Shop Mod","StSLib","SuperFastMode","Td1madao Mod"],"gold_per_floor":[12,31,31,47,57,57,83,83,83,103,113,113,139,157,157,157,157],"floor_reached":16,"language":"JPN","playtime":632,"items_purged":[],"score":194,"play_id":"8e454f4b-725c-4992-b687-aae68fb56a2e","local_time":"20210127225228","is_ascension_mode":true,"campfire_choices":[{"data":"True Grit","floor":6,"key":"SMITH"},{"floor":8,"key":"REST"},{"data":"Rampage","floor":12,"key":"SMITH"},{"floor":15,"key":"REST"}],"circlet_count":0,"master_deck":["AscendersBane","Strike_R","Strike_R","Strike_R","Defend_R","Defend_R","Defend_R","Defend_R","Bash","Anger","Combust","Whirlwind","True Grit+1","Pain","Evolve","Brutality","Intimidate","Shrug It Off","Rampage+1","Battle Trance"],"relics":["Burning Blood","WarpedTongs","Unceasing Top","Bottled Flame","Letter Opener"],"acts_visited":["Exordium"],"potions_floor_usage":[13,13],"damage_taken":[{"damage":15,"enemies":"2 Louse","floor":1,"turns":3},{"damage":3,"enemies":"Cultist","floor":2,"turns":3},{"damage":13,"enemies":"Jaw Worm","floor":4,"turns":5},{"damage":27,"enemies":"Exordium Thugs","floor":5,"turns":4},{"damage":29,"enemies":"Lagavulin","floor":7,"turns":7},{"damage":5,"enemies":"Blue Slaver","floor":10,"turns":5},{"damage":7,"enemies":"3 Louse","floor":11,"turns":3},{"damage":14,"enemies":"Gremlin Nob","floor":13,"turns":4},{"damage":17,"enemies":"Red Slaver","floor":14,"turns":4},{"damage":37,"enemies":"The Guardian","floor":16,"turns":5}],"seed_played":"-2254085989657046204","potions_obtained":[{"floor":2,"key":"FearPotion"},{"floor":7,"key":"FearPotion"},{"floor":10,"key":"Swift Potion"},{"floor":11,"key":"GamblersBrew"},{"floor":13,"key":"SneckoOil"}],"is_trial":false,"path_per_floor":["M","M","?","M","M","R","E","R","T","M","M","R","E","M","R","B"],"character_chosen":"IRONCLAD","items_purchased":[],"campfire_rested":2,"item_purchase_floors":[],"current_hp_per_floor":[59,62,62,55,34,34,11,33,33,34,33,33,25,14,36,0,0],"gold":157,"neow_bonus":"TRANSFORM_TWO_CARDS","is_daily":false,"chose_seed":false,"campfire_upgraded":2,"win_rate":0.0,"timestamp":1611755548,"path_taken":["M","M","?","M","M","R","E","R","T","M","?","R","E","M","R","BOSS"],"items_purchased_type":[],"build_version":"2020-12-22","purchased_purges":0,"victory":false,"max_hp_per_floor":[75,75,75,75,75,75,75,75,75,75,75,75,75,75,75,75,75],"card_choices":[{"not_picked":["Heavy Blade","Warcry"],"picked":"Whirlwind","floor":1},{"not_picked":["Reckless Charge","Anger"],"picked":"True Grit","floor":2},{"not_picked":["Armaments","Perfected Strike"],"picked":"Evolve","floor":4},{"not_picked":["Combust","Dual Wield"],"picked":"Brutality","floor":5},{"not_picked":["Sentinel","Cleave"],"picked":"Intimidate","floor":7},{"not_picked":["Battle Trance","Armaments"],"picked":"Shrug It Off","floor":10},{"not_picked":["Armaments","Dual Wield"],"picked":"Rampage","floor":11},{"not_picked":["Armaments","Heavy Blade"],"picked":"Battle Trance","floor":13},{"not_picked":["Warcry","Clash","True Grit"],"picked":"SKIP","floor":14}],"player_experience":594896,"relics_obtained":[{"floor":7,"key":"Unceasing Top"},{"floor":9,"key":"Bottled Flame"},{"floor":13,"key":"Letter Opener"}],"event_choices":[{"damage_healed":0,"gold_gain":0,"player_choice":"Rummage","damage_taken":0,"relics_obtained":["WarpedTongs"],"max_hp_gain":0,"max_hp_loss":0,"event_name":"Accursed Blacksmith","floor":3,"gold_loss":0,"cards_obtained":["Pain"]}],"is_beta":false,"boss_relics":[],"items_purged_floors":[],"is_endless":false,"potions_floor_spawned":[2,7,10,11,13],"killed_by":"The Guardian","ascension_level":14}}