{"host":"ncocfkoislda923u","time":1611730055,"event":{"mods":["BaseMod","Downfall","Googly Eyes","Minty Spire (QoL Compilation)","Spire Arcade","StSLib"],"gold_per_floor":[99,114,128,38,54,54,54,54,54,83,93,120,20,20,39,139,139,139,150,164,164,179,192,246,246,265,265,265,294,294,306,324,421,421,421,438,457,473,524,550,550,550,550,550],"floor_reached":42,"language":"ENG","playtime":9603,"items_purged":["bronze:Defend"],"score":460,"play_id":"b0c4b671-aa9f-4728-b1fc-9a55c455a60c","local_time":"20210127074735","is_ascension_mode":false,"campfire_choices":[{"data":"bronze:Goto","floor":1.0,"key":"SMITH"},{"floor":8,"key":"REST"},{"data":"bronze:RecursiveStrike","floor":13,"key":"SMITH"},{"data":"bronze:CloningBeam","floor":18,"key":"SMITH"},{"floor":27,"key":"REST"},{"data":"bronze:Repulsor","floor":28,"key":"SMITH"},{"data":"bronze:BurnOut","floor":30,"key":"SMITH"},{"data":"bronze:FindAndReplace","floor":35,"key":"SMITH"}],"circlet_count":0,"master_deck":["bronze:Strike","bronze:Strike","bronze:Defend","bronze:Defend","bronze:Defend","bronze:Replicate","bronze:Goto+1","bronze:DelayedGuard","bronze:NullPointer","bronze:Boost","bronze:BitShift","bronze:Spike+1","bronze:Explode","bronze:RecursiveStrike+1","bronze:CloningBeam+1","bronze:Flail","bronze:Verify","bronze:Repulsor+1","bronze:WhirlingStrike+1","bronze:FollowUp+1","bronze:FindAndReplace+1","bronze:HyperBeam","bronze:BurnOut+1","bronze:DarkDash+1","bronze:BronzeOrb+1","bronze:HyperBeam","bronze:Assembly","bronze:BugBarrage+1","bronze:ShipIt"],"relics":["bronze:BronzeCore","Mercury Hourglass","Eternal Feather","StoneCalendar","downfall:HeartBlessingGreen","Velvet Choker","WingedGreaves","Nloth\u0027s Gift","Pear","SlaversCollar","Lizard Tail","Nunchaku","Darkstone Periapt"],"acts_visited":["Exordium","TheCity","TheBeyond"],"potions_floor_usage":[6,10,12,26,33,39,39,42,42,42],"damage_taken":[{"damage":1.0,"enemies":"Jaw Worm","floor":2.0,"turns":5.0},{"damage":0.0,"enemies":"Small Slimes","floor":3.0,"turns":3.0},{"damage":0.0,"enemies":"downfall:FleeingMerchant","floor":4.0,"turns":4.0},{"damage":0,"enemies":"Cultist","floor":5,"turns":3},{"damage":14,"enemies":"Cultist","floor":6,"turns":9},{"damage":4,"enemies":"Gremlin Nob","floor":10,"turns":3},{"damage":10,"enemies":"2 Fungi Beasts","floor":11,"turns":3},{"damage":9,"enemies":"3 Sentries","floor":12,"turns":3},{"damage":6,"enemies":"Blue Slaver","floor":15,"turns":3},{"damage":19,"enemies":"IC_STATUS_ARCHETYPE","floor":16,"turns":7},{"damage":0,"enemies":"Spheric Guardian","floor":19,"turns":3},{"damage":30,"enemies":"Snake Plant","floor":20,"turns":4},{"damage":0,"enemies":"3 Cultists","floor":22,"turns":3},{"damage":12,"enemies":"Centurion and Healer","floor":23,"turns":3},{"damage":9,"enemies":"Snake Plant","floor":26,"turns":3},{"damage":18,"enemies":"Book of Stabbing","floor":29,"turns":4},{"damage":0,"enemies":"Sentry and Sphere","floor":31,"turns":3},{"damage":8,"enemies":"Centurion and Healer","floor":32,"turns":3},{"damage":27,"enemies":"SI_MIRROR_ARCHETYPE","floor":33,"turns":8},{"damage":0,"enemies":"Orb Walker","floor":36,"turns":2},{"damage":0,"enemies":"3 Shapes","floor":37,"turns":2},{"damage":17,"enemies":"Maw","floor":38,"turns":7},{"damage":1,"enemies":"2 Orb Walkers","floor":39,"turns":3},{"damage":33,"enemies":"Nemesis","floor":40,"turns":5},{"damage":123,"enemies":"Giant Head","floor":42,"turns":8}],"seed_played":"-5230446943423864343","potions_obtained":[{"floor":2.0,"key":"LiquidMemories"},{"floor":3.0,"key":"Slimebound:ThreeZeroPotion"},{"floor":5,"key":"Swift Potion"},{"floor":10,"key":"bronze:FreeFunctionsPotion"},{"floor":11,"key":"DuplicationPotion"},{"floor":23,"key":"Block Potion"},{"floor":31,"key":"AttackPotion"},{"floor":33,"key":"PowerPotion"},{"floor":36,"key":"Block Potion"},{"floor":39,"key":"Regen Potion"},{"floor":40,"key":"LiquidMemories"}],"is_trial":false,"path_per_floor":["R","M","M","$","M","?","T","R","?","E","M","E","R","?","M","B",null,"R","M","M","?","M","M","T","?","M","R","R","E","R","M","M","B",null,"R","M","M","M","?","E","T","E"],"character_chosen":"THE_AUTOMATON","items_purchased":[],"campfire_rested":2,"item_purchase_floors":[],"current_hp_per_floor":[70,69,69,69,69,55,55,70,70,66,56,47,56,56,50,31,70,70,70,40,40,40,28,28,28,19,52,64,56,68,68,60,33,80,80,80,80,63,62,29,29,0,0,0],"gold":550,"neow_bonus":"REMOVE_CARD","is_daily":false,"chose_seed":false,"campfire_upgraded":6,"win_rate":0.0,"timestamp":1611730055,"path_taken":["R","M","M","$","M","?","T","R","?","E","M","E","R","?","M","BOSS","R","M","M","?","M","M","T","?","M","R","R","E","R","?","M","BOSS","R","M","M","M","?","E","T","E"],"items_purchased_type":[],"build_version":"2020-12-22","purchased_purges":1,"victory":false,"max_hp_per_floor":[70,70,70,70,70,70,70,70,70,70,70,70,70,70,70,70,70,70,70,70,70,70,70,70,70,70,70,70,80,80,80,80,80,80,80,80,80,80,80,80,80,80,80,80],"card_choices":[{"not_picked":["bronze:Overheat","bronze:CutThrough"],"picked":"bronze:DelayedGuard","floor":2.0},{"not_picked":["bronze:ForceShield","bronze:Deprecate"],"picked":"bronze:NullPointer","floor":3.0},{"not_picked":["bronze:Safeguard","bronze:CutThrough"],"picked":"bronze:Boost","floor":4.0},{"not_picked":["bronze:Frontload","bronze:Constructor"],"picked":"bronze:BitShift","floor":5},{"not_picked":[],"picked":"bronze:Spike","floor":6},{"not_picked":[],"picked":"bronze:Explode","floor":6},{"not_picked":["bronze:Overheat","bronze:Safeguard"],"picked":"bronze:RecursiveStrike","floor":6},{"not_picked":["bronze:Shield","bronze:Invalidate"],"picked":"bronze:CloningBeam","floor":10},{"not_picked":["bronze:CloningBeam","bronze:BitShift"],"picked":"bronze:Flail","floor":11},{"not_picked":["bronze:Deprecate","bronze:Safeguard","bronze:ForceShield"],"picked":"SKIP","floor":12},{"not_picked":["bronze:Backtrace","bronze:Invalidate","bronze:Boost"],"picked":"SKIP","floor":15},{"not_picked":["bronze:Format","bronze:ThunderWave"],"picked":"bronze:Verify","floor":16},{"not_picked":["bronze:BuggyMess","bronze:Invalidate"],"picked":"bronze:Repulsor","floor":19},{"not_picked":["bronze:DigitalCarnage","bronze:Repulsor"],"picked":"bronze:WhirlingStrike+1","floor":20},{"not_picked":["bronze:Allocate+1","bronze:WildBeam"],"picked":"bronze:FollowUp","floor":22},{"not_picked":["bronze:ForLoop+1","bronze:FollowUp"],"picked":"bronze:FindAndReplace","floor":23},{"not_picked":["bronze:Constructor","bronze:Deprecate+1"],"picked":"bronze:HyperBeam","floor":26},{"not_picked":["bronze:Repair","bronze:WildBeam+1"],"picked":"bronze:BurnOut","floor":29},{"not_picked":["bronze:Deprecate","bronze:Allocate"],"picked":"bronze:DarkDash+1","floor":31},{"not_picked":["bronze:Safeguard","bronze:DelayedGuard+1"],"picked":"bronze:BronzeOrb+1","floor":32},{"not_picked":["bronze:Verify","bronze:FindAndReplace"],"picked":"bronze:HyperBeam","floor":33},{"not_picked":["bronze:Overheat+1","bronze:Deprecate","bronze:Allocate"],"picked":"SKIP","floor":36},{"not_picked":["bronze:BuggyMess","bronze:Repulsor+1"],"picked":"bronze:Assembly","floor":37},{"not_picked":["bronze:Turbo","bronze:Iterate+1"],"picked":"bronze:BugBarrage+1","floor":38},{"not_picked":["bronze:Return","bronze:CutThrough"],"picked":"bronze:ShipIt","floor":40}],"player_experience":1498437,"relics_obtained":[{"floor":7,"key":"Mercury Hourglass"},{"floor":10,"key":"Eternal Feather"},{"floor":12,"key":"StoneCalendar"},{"floor":24,"key":"Whetstone"},{"floor":29,"key":"Pear"},{"floor":39,"key":"Lizard Tail"},{"floor":40,"key":"Nunchaku"},{"floor":41,"key":"Darkstone Periapt"}],"event_choices":[{"cards_removed":["bronze:Strike"],"damage_healed":0,"gold_gain":0,"player_choice":"Card Removal","damage_taken":0,"max_hp_gain":0,"max_hp_loss":0,"event_name":"The Cleric","floor":14,"gold_loss":0},{"damage_healed":0,"gold_gain":0,"player_choice":"Fight","damage_taken":0,"max_hp_gain":0,"max_hp_loss":0,"event_name":"Mysterious Sphere","floor":39,"gold_loss":0}],"is_beta":false,"boss_relics":[{"not_picked":["Tiny House","bronze:MakeshiftBattery"],"picked":"Velvet Choker"},{"not_picked":["Empty Cage","Runic Dome"],"picked":"SlaversCollar"}],"items_purged_floors":[4],"is_endless":false,"potions_floor_spawned":[2,3,5,10,11,23,31,32,33,36,39,40],"killed_by":"Giant Head","ascension_level":0}}