{"host":"ssahdsoo349p0ms1","time":1611718457,"event":{"mods":["AchievementEnabler","BaseMod","Colored Powertips","Filter the Spire","Minty Spire (QoL Compilation)","StSLib"],"gold_per_floor":[117,131,145,70,86,86,114,114,114,126,151,228,272,302,314,430,442,465,488,515,543,570,617,629,641,653,665,697,721,746,787,799,914,926,951,963,988,301,320,320,340,351,351,367,401,418,445,445,445,445,445,445,132,164,164],"floor_reached":56,"language":"ENG","playtime":3437,"items_purged":["Strike_B","Defend_B","Defend_B"],"score":1467,"play_id":"c83415e3-32a8-453e-89a2-f72fb617f65a","local_time":"20210126213417","is_ascension_mode":false,"campfire_choices":[{"data":"Doom and Gloom","floor":6.0,"key":"SMITH"},{"data":"Sunder","floor":15.0,"key":"SMITH"},{"data":"Defragment","floor":24.0,"key":"SMITH"},{"data":"Coolheaded","floor":27.0,"key":"SMITH"},{"data":"Consume","floor":32.0,"key":"SMITH"},{"data":"Capacitor","floor":40.0,"key":"SMITH"},{"floor":49.0,"key":"RECALL"},{"data":"Buffer","floor":52.0,"key":"SMITH"}],"circlet_count":0,"master_deck":["Defend_B","Defend_B","Dualcast","Undo+1","Rebound","Cold Snap","Doom and Gloom+1","Sunder+1","Consume+1","Cold Snap","Echo Form","Rebound+1","Fusion","Coolheaded+1","Defragment+1","Sweeping Beam","Chill","Capacitor+1","Redo+1","Recycle","Biased Cognition","Sunder","Glacier+1","Compile Driver","Capacitor","Buffer+1","Buffer","Hologram+1","Magnetism"],"relics":["Snecko Eye","Oddly Smooth Stone","MawBank","Eternal Feather","PreservedInsect","Sozu","Cables","Akabeko","Meat on the Bone","Coffee Dripper","Torii","Kunai","War Paint","Mango","Mummified Hand"],"acts_visited":["Exordium","TheCity","TheBeyond","TheEnding"],"potions_floor_usage":[54,55],"damage_taken":[{"damage":3.0,"enemies":"Jaw Worm","floor":1.0,"turns":4.0},{"damage":4.0,"enemies":"2 Louse","floor":2.0,"turns":4.0},{"damage":1.0,"enemies":"Cultist","floor":3.0,"turns":3.0},{"damage":0.0,"enemies":"Blue Slaver","floor":5.0,"turns":4.0},{"damage":7.0,"enemies":"Lagavulin","floor":7.0,"turns":6.0},{"damage":0.0,"enemies":"Large Slime","floor":11.0,"turns":3.0},{"damage":0.0,"enemies":"Gremlin Nob","floor":12.0,"turns":2.0},{"damage":9.0,"enemies":"3 Sentries","floor":13.0,"turns":3.0},{"damage":0.0,"enemies":"Looter","floor":14.0,"turns":3.0},{"damage":0.0,"enemies":"Slime Boss","floor":16.0,"turns":8.0},{"damage":4.0,"enemies":"3 Byrds","floor":18.0,"turns":3.0},{"damage":0.0,"enemies":"2 Thieves","floor":19.0,"turns":3.0},{"damage":2.0,"enemies":"Snecko","floor":20.0,"turns":4.0},{"damage":22.0,"enemies":"Centurion and Healer","floor":21.0,"turns":4.0},{"damage":4.0,"enemies":"Sentry and Sphere","floor":22.0,"turns":4.0},{"damage":8.0,"enemies":"Slavers","floor":23.0,"turns":4.0},{"damage":15.0,"enemies":"Snake Plant","floor":28.0,"turns":2.0},{"damage":0.0,"enemies":"Chosen and Byrds","floor":29.0,"turns":3.0},{"damage":24.0,"enemies":"Centurion and Healer","floor":30.0,"turns":5.0},{"damage":4.0,"enemies":"Book of Stabbing","floor":31.0,"turns":7.0},{"damage":18.0,"enemies":"Collector","floor":33.0,"turns":6.0},{"damage":7.0,"enemies":"Orb Walker","floor":35.0,"turns":2.0},{"damage":0.0,"enemies":"3 Shapes","floor":37.0,"turns":3.0},{"damage":0.0,"enemies":"Jaw Worm Horde","floor":39.0,"turns":3.0},{"damage":0.0,"enemies":"Sphere and 2 Shapes","floor":41.0,"turns":4.0},{"damage":1.0,"enemies":"3 Darklings","floor":42.0,"turns":23.0},{"damage":16.0,"enemies":"Writhing Mass","floor":44.0,"turns":7.0},{"damage":0.0,"enemies":"Giant Head","floor":45.0,"turns":7.0},{"damage":0.0,"enemies":"Transient","floor":46.0,"turns":5.0},{"damage":0.0,"enemies":"Nemesis","floor":47.0,"turns":9.0},{"damage":0.0,"enemies":"Time Eater","floor":50.0,"turns":15.0},{"damage":0,"enemies":"Shield and Spear","floor":54,"turns":10},{"damage":1,"enemies":"The Heart","floor":55,"turns":14}],"seed_played":"-5516119601028343761","potions_obtained":[{"floor":1.0,"key":"SpeedPotion"},{"floor":2.0,"key":"Block Potion"},{"floor":5.0,"key":"PotionOfCapacity"},{"floor":14.0,"key":"DistilledChaos"}],"is_trial":false,"path_per_floor":["M","M","M","$","M","R","E","?","T","$","M","?","E","M","R","B",null,"M","M","M","M","M","E","R","?","T","R","M","M","M","E","R","B",null,"M","?","M","$","M","R","M","M","T","M","E","M","E","?","R","B",null,"R","$","E","B",null],"character_chosen":"DEFECT","items_purchased":["Torii","Kunai","Compile Driver","Magnetism"],"campfire_rested":0,"item_purchase_floors":[38,38,38,53],"current_hp_per_floor":[72,68,67,67,67,67,60,53,53,53,53,53,44,44,53,53,75,71,71,69,47,43,35,47,47,47,59,44,44,20,16,28,22,75,68,68,68,68,68,75,75,74,74,58,58,58,72,72,87,87,89,89,89,89,88],"gold":164,"neow_bonus":"BOSS_RELIC","is_daily":false,"chose_seed":false,"campfire_upgraded":7,"win_rate":0.0,"timestamp":1611718457,"path_taken":["M","M","M","$","M","R","E","?","T","$","M","?","E","M","R","BOSS","M","M","M","M","M","E","R","?","T","R","M","M","M","E","R","BOSS","M","?","M","$","M","R","M","M","T","M","E","?","E","?","R","BOSS","R","$","E","BOSS"],"items_purchased_type":["Relic","Relic","Card","Card"],"build_version":"2020-12-22","purchased_purges":3,"victory":true,"max_hp_per_floor":[75,75,75,75,75,75,75,75,75,75,75,75,75,75,75,75,75,75,75,75,75,75,75,75,75,75,75,75,75,75,75,75,75,75,75,75,75,75,75,75,75,75,75,75,75,75,89,89,89,89,89,89,89,89,89],"card_choices":[{"not_picked":["Capacitor","Steam Power"],"picked":"Undo","floor":1.0},{"not_picked":["Barrage","Gash"],"picked":"Rebound","floor":2.0},{"not_picked":["Leap","Steam Power"],"picked":"Cold Snap","floor":3.0},{"not_picked":["Cold Snap","Darkness"],"picked":"Doom and Gloom","floor":5.0},{"not_picked":["Lockon","Compile Driver","Stack"],"picked":"SKIP","floor":7.0},{"not_picked":["Barrage","FTL"],"picked":"Sunder","floor":11.0},{"not_picked":["Leap","Coolheaded"],"picked":"Consume","floor":13.0},{"not_picked":["Beam Cell","Scrape"],"picked":"Cold Snap","floor":14.0},{"not_picked":["Machine Learning","All For One"],"picked":"Echo Form","floor":16.0},{"not_picked":["Barrage+1","Coolheaded"],"picked":"Rebound+1","floor":18.0},{"not_picked":["Skim","Force Field","Barrage+1"],"picked":"SKIP","floor":19.0},{"not_picked":["Sunder","Conserve Battery"],"picked":"Fusion","floor":20.0},{"not_picked":["Lockon","Rip and Tear"],"picked":"Coolheaded","floor":21.0},{"not_picked":["Consume","Barrage"],"picked":"Defragment","floor":22.0},{"not_picked":["Fusion","Thunder Strike","Darkness"],"picked":"SKIP","floor":23.0},{"not_picked":["Stack","Barrage","Chill+1"],"picked":"SKIP","floor":28.0},{"not_picked":["BootSequence","Turbo+1"],"picked":"Capacitor","floor":29.0},{"not_picked":["Storm","Sweeping Beam"],"picked":"Redo","floor":30.0},{"not_picked":["Cold Snap","Sweeping Beam"],"picked":"Recycle","floor":31.0},{"not_picked":["Amplify","Machine Learning"],"picked":"Biased Cognition","floor":33.0},{"not_picked":["Leap","Barrage"],"picked":"Sunder","floor":35.0},{"not_picked":["Conserve Battery+1","Leap"],"picked":"Glacier+1","floor":37.0},{"not_picked":["Coolheaded","Go for the Eyes","Barrage"],"picked":"SKIP","floor":39.0},{"not_picked":["Double Energy","Redo","Barrage+1"],"picked":"SKIP","floor":41.0},{"not_picked":["Compile Driver+1","Sweeping Beam+1"],"picked":"Capacitor","floor":42.0},{"not_picked":["Barrage","Storm+1"],"picked":"Buffer","floor":44.0},{"not_picked":["Redo+1","Self Repair"],"picked":"Buffer","floor":45.0},{"not_picked":["Double Energy+1","Static Discharge+1","Hello World"],"picked":"SKIP","floor":46.0},{"not_picked":["Go for the Eyes","Darkness"],"picked":"Hologram+1","floor":47.0},{"not_picked":["Hologram","Go for the Eyes","Beam Cell"],"picked":"SKIP","floor":54}],"player_experience":602039,"relics_obtained":[{"floor":7.0,"key":"Oddly Smooth Stone"},{"floor":9.0,"key":"MawBank"},{"floor":12.0,"key":"Eternal Feather"},{"floor":13.0,"key":"PreservedInsect"},{"floor":23.0,"key":"Cables"},{"floor":26.0,"key":"Akabeko"},{"floor":31.0,"key":"Meat on the Bone"},{"floor":45.0,"key":"War Paint"},{"floor":47.0,"key":"Mango"},{"floor":54,"key":"Mummified Hand"}],"event_choices":[{"cards_removed":["Strike_B"],"damage_healed":0.0,"max_hp_gain":0.0,"max_hp_loss":0.0,"gold_gain":0.0,"event_name":"Golden Wing","player_choice":"Card Removal","floor":8.0,"gold_loss":0.0,"damage_taken":7.0},{"damage_healed":0.0,"max_hp_gain":0.0,"max_hp_loss":0.0,"gold_gain":30.0,"event_name":"Dead Adventurer","player_choice":"Searched \u00273\u0027 times","floor":12.0,"gold_loss":0.0,"damage_taken":0.0},{"damage_healed":0.0,"max_hp_gain":0.0,"max_hp_loss":0.0,"gold_gain":0.0,"cards_transformed":["Strike_B","Strike_B"],"event_name":"Drug Dealer","player_choice":"Became Test Subject","floor":25.0,"gold_loss":0.0,"damage_taken":0.0,"cards_obtained":["Sweeping Beam","Chill"]},{"damage_healed":0.0,"max_hp_gain":0.0,"max_hp_loss":0.0,"gold_gain":0.0,"event_name":"Lab","player_choice":"Got Potions","floor":36.0,"gold_loss":0.0,"damage_taken":0.0},{"cards_removed":["Zap"],"damage_healed":0.0,"max_hp_gain":0.0,"max_hp_loss":0.0,"gold_gain":0.0,"event_name":"Falling","player_choice":"Removed Skill","floor":48.0,"gold_loss":0.0,"damage_taken":0.0}],"is_beta":false,"boss_relics":[{"not_picked":["Fusion Hammer","Philosopher\u0027s Stone"],"picked":"Sozu"},{"not_picked":["Tiny House","Runic Dome"],"picked":"Coffee Dripper"}],"items_purged_floors":[4,38,53],"is_endless":false,"potions_floor_spawned":[1,2,5,14,19,22,29,30,31,35,42,45,46],"ascension_level":0}}