{"host":"ut3qe46kys7sl3ey","time":1611746465,"event":{"mods":["2.2 Compatiblity","AchievementEnabler","Bard","BaseMod","Bestiary","Better Altar","Better Match","Better Note","Better Sensory Stone","Better Skull","Better Third Choice","BetterRewards","Block Reminder","Colored Map","Colored Powertips","Curses Come First","DeckTracker","Downfall","Energized Spire","Friendly Minions","Highlight Path","Hubris","Infinite Spire","Minty Spire (QoL Compilation)","Permanent Neow","Quick Restart","Random Character Button","Relic Sorter","Relic Stats","Reliquary","Replay The Spire","StSLib","The Blue Laboratory","The Bug Knight","The Construct","The Cursed","The Jungle","The Mystic","The Spell Scribe","Unceasing Turn Reminder","Unknown Chances","Wandering Minibosses"],"gold_per_floor":[119,119,136,146,162,192,192,192,243,243,269,269,269,301,301,309,309],"floor_reached":16,"language":"ENG","playtime":1294,"items_purged":[],"score":110,"play_id":"43f98566-4020-4762-84f8-45f9d21e062c","local_time":"20210127132105","is_ascension_mode":false,"campfire_choices":[{"floor":8,"key":"REST"},{"floor":10,"key":"REST"}],"circlet_count":0,"master_deck":["HollowMod:NailStrikeStart","HollowMod:NailStrikeStart","HollowMod:NailStrikeStart","HollowMod:NailStrikeStart","HollowMod:QuickDashStart","HollowMod:QuickDashStart","HollowMod:QuickDashStart","HollowMod:QuickDashStart","HollowMod:FocusHealStart+1","HollowMod:PogoStrike","HollowMod:SlysStrikes","HollowMod:HowlingWraiths","HollowMod:PogoStrike","HollowMod:MothsMistake","HollowMod:HeavyBlow","HollowMod:MothsMistake","HollowMod:MantisMark","HollowMod:DungDefenderAura","ReplayTheSpireMod:Private Reserves+1","HollowMod:SlysStrikes"],"relics":["HollowMod:VesselMask","reliquary:PurpleTingedLeaf","Gremlin Food","ReplayTheSpireMod:Shallot","Replay:Bandana","infinitespire:WardingShard"],"acts_visited":["Exordium"],"potions_floor_usage":[16,16],"damage_taken":[{"damage":2,"enemies":"Small Slimes","floor":1,"turns":4},{"damage":0,"enemies":"Cultist","floor":3,"turns":2},{"damage":11,"enemies":"Jaw Worm","floor":4,"turns":4},{"damage":1,"enemies":"2 Fungi Beasts","floor":5,"turns":2},{"damage":30,"enemies":"3 Sentries","floor":6,"turns":6},{"damage":25,"enemies":"Lagavulin","floor":11,"turns":6},{"damage":5,"enemies":"Gremlin Gang","floor":14,"turns":3},{"damage":36,"enemies":"Slime Boss","floor":16,"turns":3}],"seed_played":"6324990914226608180","potions_obtained":[{"floor":1,"key":"blueLaboratory:BottleOfRum"},{"floor":4,"key":"blueLaboratory:LouseDecoction"},{"floor":11,"key":"ColorlessPotion"}],"is_trial":false,"path_per_floor":["M","?","M","M","M","E","?","R","T","R","E","?","?","M","R_BF","B"],"character_chosen":"THE_BUGKNIGHT","items_purchased":[],"campfire_rested":2,"item_purchase_floors":[],"current_hp_per_floor":[68,68,68,63,62,38,38,58,58,68,50,20,20,22,22,0,0],"gold":309,"neow_bonus":"THREE_RARE_CARDS","is_daily":false,"chose_seed":false,"campfire_upgraded":0,"win_rate":0.0,"timestamp":1611746465,"path_taken":["M","?","?","M","M","E","?","R","T","R","E","?","?","M","R_BF","BOSS"],"items_purchased_type":[],"build_version":"2020-12-22","purchased_purges":0,"victory":false,"max_hp_per_floor":[68,68,68,68,68,68,68,68,68,68,68,68,68,68,68,68,68],"relic_stats":{"counters":[8,30],"obtain_stats":[{"Gremlin Food":9,"Replay:Bandana":12,"ReplayTheSpireMod:Shallot":11,"infinitespire:WardingShard":12,"HollowMod:VesselMask":0,"reliquary:PurpleTingedLeaf":6},{"Gremlin Food":5,"Replay:Bandana":6,"ReplayTheSpireMod:Shallot":6,"infinitespire:WardingShard":6,"HollowMod:VesselMask":0,"reliquary:PurpleTingedLeaf":5},{"Gremlin Food":18,"Replay:Bandana":24,"ReplayTheSpireMod:Shallot":24,"infinitespire:WardingShard":24,"HollowMod:VesselMask":0,"reliquary:PurpleTingedLeaf":18}]},"card_choices":[{"not_picked":["HollowMod:LifebloodCore","HollowMod:SoulMaster"],"picked":"HollowMod:SlysStrikes","floor":0},{"not_picked":["HollowMod:HeavyBlow","HollowMod:WraithStrike"],"picked":"HollowMod:HowlingWraiths","floor":1},{"not_picked":["HollowMod:ShadowDash","HollowMod:InfectedCysts"],"picked":"HollowMod:NewLittleFool","floor":3},{"not_picked":["HollowMod:DescendingDark","HollowMod:SiblingsSouls"],"picked":"HollowMod:MothsMistake","floor":4},{"not_picked":["HollowMod:SiblingsSouls","HollowMod:InfectionAssault"],"picked":"HollowMod:HeavyBlow","floor":5},{"not_picked":["HollowMod:DoubleDash","HollowMod:DashSlash"],"picked":"HollowMod:MothsMistake","floor":6},{"not_picked":["HollowMod:CornifersMapStart","HollowMod:SiblingsShadow"],"picked":"HollowMod:DungDefenderAura","floor":11},{"not_picked":["hubris:Insight+1","ReplayTheSpireMod:Uncanny Aura+1"],"picked":"ReplayTheSpireMod:Private Reserves+1","floor":13},{"not_picked":["HollowMod:DescendingDark","HollowMod:WraithStrike","HollowMod:NewJinnsSoul"],"picked":"SKIP","floor":14}],"player_experience":171576,"relics_obtained":[{"floor":6,"key":"reliquary:PurpleTingedLeaf"},{"floor":9,"key":"Gremlin Food"},{"floor":11,"key":"ReplayTheSpireMod:Shallot"}],"event_choices":[{"cards_removed":["HollowMod:SlysStrikes"],"damage_healed":0,"gold_gain":0,"player_choice":"Take \u0026 Give","damage_taken":0,"max_hp_gain":0,"max_hp_loss":0,"event_name":"betterNote:BetterNote","floor":2,"gold_loss":0,"cards_obtained":["HollowMod:PogoStrike"]},{"damage_healed":0,"gold_gain":0,"cards_transformed":["HollowMod:NewLittleFool"],"player_choice":"Change","damage_taken":0,"max_hp_gain":0,"max_hp_loss":0,"event_name":"Living Wall","floor":7,"gold_loss":0,"cards_obtained":["HollowMod:MantisMark"]},{"damage_healed":0,"gold_gain":1,"player_choice":"Relic Relic ","damage_taken":30,"max_hp_gain":0,"max_hp_loss":0,"event_name":"betterThird:BetterScrap","floor":12,"gold_loss":0,"cards_obtained":["Omniscience"]},{"damage_healed":0,"gold_gain":0,"player_choice":"2","damage_taken":0,"max_hp_gain":0,"max_hp_loss":0,"event_name":"betterMatch:BetterMatch","floor":13,"gold_loss":0,"cards_obtained":["betterMatch:ColorlessUncommonCard"]},{"damage_healed":0,"gold_gain":1,"player_choice":"4","damage_taken":0,"max_hp_gain":0,"max_hp_loss":0,"event_name":"betterStone:BetterStone","floor":15,"gold_loss":0,"cards_obtained":["HollowMod:SlysStrikes"]}],"is_beta":false,"boss_relics":[],"items_purged_floors":[],"is_endless":false,"potions_floor_spawned":[1,4,11,14],"killed_by":"Slime Boss","ascension_level":0}}