{"host":"r458oihlpg8cxtvp","time":1611737777,"event":{"mods":["Act Like it!","Aspiration","BaseMod","Challenge The Spire","Colored Powertips","Conspire","Dota2Spire","Hallownest","Lobotomy","Minty Spire (QoL Compilation)","Relic Stats","Replay The Spire","Spicy Shops","StSLib","TestMod","[GremlinLeader]The Maniac","¡¾ÒÅÎï¿¨ÅÆ¡¿REMEMod"],"gold_per_floor":[110,125,125,140,140,140,153,172,224,224,253,253,273,288,288,385,385],"floor_reached":16,"language":"ZHS","playtime":432,"items_purged":[],"score":144,"play_id":"7d5af63c-6d85-4dfc-89fa-a6a830ab932f","local_time":"20210127165617","daily_mods":["Vintage","Heirloom","Time Dilation","Flight"],"is_ascension_mode":false,"campfire_choices":[{"data":"maniac:Strike","floor":6,"key":"SMITH"},{"data":"maniac:Precision","floor":10,"key":"SMITH"},{"floor":12,"key":"REST"},{"data":"maniac:Strike","floor":15,"key":"SMITH"}],"circlet_count":0,"master_deck":["maniac:Strike","maniac:Strike+1","maniac:Strike+1","maniac:Strike","maniac:Strike+1","maniac:Defend","maniac:Defend","maniac:Defend","maniac:Defend","maniac:BurnBlood","maniac:AbyssShackle","maniac:Precision+1","maniac:Strike"],"relics":["maniac:DamagedAnvil","maniac:BrokenHorn","replay:Trail_Library","testmod-TestBox","REME_ComplimentaryCards","testmod-SaigiyounoYou","testmod-HeartOfStrike","testmod-Brilliant","StrikeDummy","testmod-OneHitWonder","Pantograph","Pear","ReplayTheSpireMod:TigerMarble","Odd Mushroom","Dota2Spire:MonkeyKingBar","Dota2Spire:CrimsonGuard"],"acts_visited":["Exordium"],"potions_floor_usage":[8,16],"damage_taken":[{"damage":6,"enemies":"conspire:RoseBush","floor":1,"turns":1},{"damage":0,"enemies":"Small Slimes","floor":2,"turns":1},{"damage":0,"enemies":"Cultist","floor":4,"turns":2},{"damage":12,"enemies":"Looter","floor":7,"turns":2},{"damage":48,"enemies":"Exordium Thugs","floor":8,"turns":3},{"damage":0,"enemies":"The Mushroom Lair","floor":11,"turns":1},{"damage":0,"enemies":"2 Fungi Beasts","floor":13,"turns":1},{"damage":0,"enemies":"Large Slime","floor":14,"turns":3},{"damage":93,"enemies":"The Guardian","floor":16,"turns":7}],"seed_played":"4138211823005877628","potions_obtained":[{"floor":2,"key":"ColorlessPotion"},{"floor":11,"key":"Milkshake"}],"is_trial":true,"path_per_floor":["M","M","WH","M","?","R","M","M","T","R","?","R","M","M","R","B"],"character_chosen":"THE_MANIAC","items_purchased":[],"campfire_rested":1,"item_purchase_floors":[],"current_hp_per_floor":[76,77,77,80,80,80,71,39,39,39,40,67,68,73,73,8,8],"gold":385,"neow_bonus":"","is_daily":false,"chose_seed":false,"campfire_upgraded":3,"win_rate":0.0,"timestamp":1611737777,"path_taken":["M","M","WH","M","?","R","M","M","T","R","?","R","M","M","R","BOSS"],"items_purchased_type":[],"build_version":"2020-12-22","purchased_purges":0,"victory":false,"max_hp_per_floor":[80,80,80,80,80,80,80,90,90,90,90,90,90,90,90,90,90],"relic_stats":{"counters":[9,21],"Pantograph":17,"obtain_stats":[{"maniac:DamagedAnvil":0,"testmod-HeartOfStrike":0,"testmod-TestBox":0,"Pear":8,"Odd Mushroom":11,"testmod-SaigiyounoYou":0,"maniac:BrokenHorn":0,"testmod-Brilliant":1,"Dota2Spire:CrimsonGuard":14,"Pantograph":7,"ReplayTheSpireMod:TigerMarble":9,"StrikeDummy":2,"Dota2Spire:MonkeyKingBar":13,"testmod-OneHitWonder":4,"replay:Trail_Library":0,"REME_ComplimentaryCards":0},{"maniac:DamagedAnvil":0,"testmod-HeartOfStrike":0,"testmod-TestBox":0,"Pear":5,"Odd Mushroom":6,"testmod-SaigiyounoYou":0,"maniac:BrokenHorn":0,"testmod-Brilliant":1,"Dota2Spire:CrimsonGuard":8,"Pantograph":4,"ReplayTheSpireMod:TigerMarble":5,"StrikeDummy":2,"Dota2Spire:MonkeyKingBar":7,"testmod-OneHitWonder":3,"replay:Trail_Library":0,"REME_ComplimentaryCards":0},{"maniac:DamagedAnvil":0,"testmod-HeartOfStrike":0,"testmod-TestBox":0,"Pear":9,"Odd Mushroom":10,"testmod-SaigiyounoYou":0,"maniac:BrokenHorn":0,"testmod-Brilliant":1,"Dota2Spire:CrimsonGuard":14,"Pantograph":6,"ReplayTheSpireMod:TigerMarble":9,"StrikeDummy":2,"Dota2Spire:MonkeyKingBar":11,"testmod-OneHitWonder":4,"replay:Trail_Library":0,"REME_ComplimentaryCards":0}]},"card_choices":[],"player_experience":74410,"relics_obtained":[{"floor":1,"key":"testmod-Brilliant"},{"floor":2,"key":"StrikeDummy"},{"floor":4,"key":"testmod-OneHitWonder"},{"floor":7,"key":"Pantograph"},{"floor":8,"key":"Pear"},{"floor":9,"key":"ReplayTheSpireMod:TigerMarble"},{"floor":11,"key":"Odd Mushroom"},{"floor":13,"key":"Dota2Spire:MonkeyKingBar"},{"floor":14,"key":"Dota2Spire:CrimsonGuard"}],"event_choices":[{"damage_healed":0,"gold_gain":0,"player_choice":"Fought Mushrooms","damage_taken":0,"max_hp_gain":0,"max_hp_loss":0,"event_name":"Mushrooms","floor":11,"gold_loss":0}],"is_beta":false,"boss_relics":[],"items_purged_floors":[],"is_endless":true,"potions_floor_spawned":[2,11],"killed_by":"The Guardian","ascension_level":0}}