{"host":"ds3v42j7tpaaz1mg","time":1611730894,"event":{"mods":["AchievementEnabler","Aspiration","BaseMod","Bestiary","Better Altar","Better Note","Better Sensory Stone","BetterRewards","Block Reminder","Colored Powertips","Conspire","Downfall","Energized Spire","Halation","Hermit","Highlight Path","Hubris","Infinite Spire","Jorbs\u0027s Wanderer Trilogy","Minty Spire (QoL Compilation)","Relic Stats","Replay The Spire","StSLib","The Elementalist","The Servant 0.9.4"],"gold_per_floor":[99,99,99,99,44,57,57,57,57,75,85,106,106,121,131,131,131,131],"floor_reached":16,"language":"ENG","playtime":852,"items_purged":[],"score":117,"play_id":"f7486d40-179d-415f-90da-c579fccba18e","local_time":"20210127020134","is_ascension_mode":false,"campfire_choices":[{"data":"stsjorbsmod:Rebuke","floor":8,"key":"SMITH"}],"circlet_count":0,"master_deck":["sneckomod:Strike","sneckomod:Strike","sneckomod:Strike","sneckomod:Defend","sneckomod:Defend","sneckomod:Defend","sneckomod:TailWhip","sneckomod:SnekBite","sneckomod:Unknown","stsjorbsmod:Rebuke+1","sneckomod:WideSting","sneckomod:Unknown1Cost","stsjorbsmod:Procrastination","sneckomod:Nope","sneckomod:CheapStock","sneckomod:Rotation","sneckomod:UnknownDraw","sneckomod:SoulRoll","stsjorbsmod:GatherPower","sneckomod:UnknownX","sneckomod:UnknownBlock"],"relics":["sneckomod:SneckoSoul","downfall:HeartsMalice","Replay:Bottled Snecko","halation:EternalFortune"],"acts_visited":["Exordium"],"potions_floor_usage":[15,16,16],"damage_taken":[{"damage":0,"enemies":"Cultist","floor":2,"turns":1},{"damage":0,"enemies":"Small Slimes","floor":3,"turns":1},{"damage":0,"enemies":"2 Louse","floor":4,"turns":1},{"damage":0,"enemies":"downfall:FleeingMerchant","floor":5,"turns":4},{"damage":16,"enemies":"2 Fungi Beasts","floor":6,"turns":3},{"damage":8,"enemies":"Lots of Slimes","floor":10,"turns":2},{"damage":9,"enemies":"Large Slime","floor":11,"turns":6},{"damage":18,"enemies":"Blue Slaver","floor":12,"turns":6},{"damage":2,"enemies":"Exordium Wildlife","floor":14,"turns":3},{"damage":21,"enemies":"Large Slime","floor":15,"turns":6},{"damage":39,"enemies":"DF_ARCHETYPE_STREAMLINE","floor":16,"turns":4}],"seed_played":"-8847362319251485022","potions_obtained":[{"floor":6,"key":"bronze:BurnAndBuffPotion"},{"floor":10,"key":"bronze:BurnAndBuffPotion"},{"floor":11,"key":"PowerPotion"},{"floor":15,"key":"Fruit Juice"}],"is_trial":false,"path_per_floor":["R","M","M","M","$","M","T","R","?","M","M","M","R","M","M","B"],"character_chosen":"THE_SNECKO","items_purchased":["sneckomod:CheapStock"],"campfire_rested":0,"item_purchase_floors":[5],"current_hp_per_floor":[90,90,90,90,90,74,74,74,77,69,60,42,42,40,31,0,0,0],"gold":131,"neow_bonus":"THREE_ENEMY_KILL","is_daily":false,"chose_seed":false,"campfire_upgraded":1,"win_rate":0.0,"timestamp":1611730894,"path_taken":["R","M","?","M","?","M","T","R","?","M","M","M","R","M","M","BOSS"],"items_purchased_type":["Card"],"build_version":"2020-12-22","purchased_purges":0,"victory":false,"max_hp_per_floor":[90,90,90,90,90,90,90,90,93,93,93,93,93,93,105,108,108,108],"relic_stats":{"counters":[11,34],"obtain_stats":[{"halation:EternalFortune":9,"downfall:HeartsMalice":0,"Replay:Bottled Snecko":7,"sneckomod:SneckoSoul":0},{"halation:EternalFortune":5,"downfall:HeartsMalice":0,"Replay:Bottled Snecko":5,"sneckomod:SneckoSoul":0},{"halation:EternalFortune":7,"downfall:HeartsMalice":0,"Replay:Bottled Snecko":7,"sneckomod:SneckoSoul":0}]},"card_choices":[{"not_picked":["sneckomod:UnknownCommonAttack","sneckomod:QuickMove"],"picked":"sneckomod:Unknown1Cost","floor":2},{"not_picked":["sneckomod:QuickBite","sneckomod:DiceBlock"],"picked":"sneckomod:WideSting","floor":3},{"not_picked":["sneckomod:UnendingSupply","sneckomod:UnknownStrike"],"picked":"sneckomod:Unknown1Cost","floor":4},{"not_picked":["sneckomod:IronFang","sneckomod:QuickBite"],"picked":"sneckomod:Nope","floor":5},{"not_picked":["sneckomod:QuickMove","sneckomod:DiceCrush"],"picked":"sneckomod:Rotation","floor":6},{"not_picked":["sneckomod:QuickMove","sneckomod:UnknownCommonAttack"],"picked":"sneckomod:UnknownDraw","floor":10},{"not_picked":["sneckomod:QuickBite","sneckomod:MasterEye","sneckomod:SoulDraw"],"picked":"SKIP","floor":11},{"not_picked":["sneckomod:UnknownDraw","sneckomod:Mudshield"],"picked":"sneckomod:SoulRoll","floor":12},{"not_picked":["sneckomod:SoulCleanse","sneckomod:SerpentIdol"],"picked":"sneckomod:UnknownX","floor":14},{"not_picked":["sneckomod:WideSting","sneckomod:UnknownUncommonSkill"],"picked":"sneckomod:UnknownBlock","floor":15}],"player_experience":654904,"relics_obtained":[{"floor":7,"key":"Replay:Bottled Snecko"}],"event_choices":[],"is_beta":false,"boss_relics":[],"items_purged_floors":[],"is_endless":false,"potions_floor_spawned":[6,10,11,12,15],"killed_by":"DF_ARCHETYPE_STREAMLINE","ascension_level":0}}