{"host":"er8s5flrc5z1a07t","time":1611706798,"event":{"mods":["2.2 Compatiblity","Act Like it!","Aspiration","Bard","BaseMod","Better Note","Better Third Choice","Downfall","Duelist Mod","Elementarium","Energized Spire","GifTheSpireLib","Googly Eyes","Hermit","Hubris","Infinite Spire","Minty Spire (QoL Compilation)","Relic Stats","Shop Mod","StSLib","Stuff the Spire","Synergy Search","The Cursed"],"gold_per_floor":[99,116,131,146,2,18,41,57,57,57,57,57,57,73,88,189,189,189,203,215,232,332,352,375,375,403,403,403,403,420,430,446,543,543,543,555,555,571,590,348,401,401,401,401],"floor_reached":42,"language":"ENG","playtime":2565,"items_purged":["Slimebound:SelfFormingGoo","Slimebound:Strike_Slimebound","J.A.X."],"score":501,"play_id":"a99088da-4b54-4b84-960a-4f1204b483b0","local_time":"20210126191958","is_ascension_mode":true,"campfire_choices":[{"data":"Slimebound:Split","floor":1,"key":"SMITH"},{"data":"Slimebound:GrowthPunch","floor":10,"key":"SMITH"},{"data":"Slimebound:Gluttony","floor":13,"key":"SMITH"},{"data":"Slimebound:SpikyOuterGoop","floor":18,"key":"SMITH"},{"floor":25,"key":"REST"},{"floor":29,"key":"REST"},{"data":"Slimebound:Repurpose","floor":35,"key":"SMITH"}],"circlet_count":0,"master_deck":["Slimebound:Tackle","Slimebound:Defend_Slimebound","Slimebound:Defend_Slimebound","Slimebound:Defend_Slimebound","Slimebound:Defend_Slimebound","Slimebound:Split+1","Slimebound:CorrosiveSpit","Slimebound:LeechEnergy","Slimebound:MegaLick","Slimebound:GrowthPunch+1","Slimebound:SplitMire","Slimebound:SpikyOuterGoop+1","Slimebound:GoopSpray","Slimebound:Gluttony+1","Slimebound:ComboTackle","Slimebound:SlimeTap","Slimebound:ItLooksTasty","Slimebound:FormOfPuddle","Slimebound:SplitSpecialist","Slimebound:Recollect+1","Slimebound:LevelUp","Slimebound:SelfFormingGoo","Slimebound:SamplingLick+1","Slimebound:SpikyOuterGoop","Slimebound:Nibble","Slimebound:ViciousTackle","infinitespire:Starlight","Slimebound:MassFeed","Slimebound:Split","Slimebound:Repurpose+1","Slimebound:MinionMaster","CurseOfTheBell","Slimebound:RollThrough","infinitespire:FutureSight","Slimebound:TongueLash+1","Slimebound:SplitMire+1"],"relics":["Slimebound:AbsorbEndCombat","Blood Vial","Lantern","hubris:Towel","downfall:BrokenWingStatue","aspiration:RitualDagger","MutagenicStrength","Dream Catcher","StuffTheSpire:Barrel","hubris:Metronome","Slimebound:AbsorbEndCombatUpgraded","Calling Bell","Strawberry","infinitespire:Eraser","Ginger","Sundial","Sling","Vajra"],"acts_visited":["Exordium","TheCity","TheBeyond"],"potions_floor_usage":[21,21,23,30,31,32,40],"damage_taken":[{"damage":1,"enemies":"Cultist","floor":2,"turns":3},{"damage":8,"enemies":"2 Louse","floor":3,"turns":3},{"damage":2,"enemies":"Jaw Worm","floor":4,"turns":3},{"damage":5,"enemies":"downfall:FleeingMerchant","floor":5,"turns":4},{"damage":1,"enemies":"3 Louse","floor":6,"turns":3},{"damage":3,"enemies":"Gremlin Gang","floor":8,"turns":4},{"damage":3,"enemies":"Blue Slaver","floor":14,"turns":3},{"damage":0,"enemies":"3 Louse","floor":15,"turns":1},{"damage":24,"enemies":"DF_ARCHETYPE_STREAMLINE","floor":16,"turns":9},{"damage":33,"enemies":"Spheric Guardian","floor":19,"turns":5},{"damage":35,"enemies":"Centurion and Healer","floor":20,"turns":5},{"damage":52,"enemies":"Shelled Parasite and Fungi","floor":21,"turns":5},{"damage":42,"enemies":"downfall:Augmenter","floor":22,"turns":7},{"damage":36,"enemies":"Sentry and Sphere","floor":23,"turns":5},{"damage":44,"enemies":"Nightmare","floor":26,"turns":10},{"damage":57,"enemies":"Snake Plant","floor":30,"turns":5},{"damage":31,"enemies":"Shelled Parasite and Fungi","floor":31,"turns":5},{"damage":41,"enemies":"Snecko","floor":32,"turns":5},{"damage":93,"enemies":"IC_MUSHROOM_ARCHETYPE","floor":33,"turns":10},{"damage":78,"enemies":"3 Shapes","floor":36,"turns":5},{"damage":21,"enemies":"Orb Walker","floor":38,"turns":3},{"damage":91,"enemies":"4 Shapes","floor":39,"turns":8},{"damage":25,"enemies":"downfall:FleeingMerchant","floor":40,"turns":4},{"damage":78,"enemies":"Writhing Mass","floor":42,"turns":6}],"seed_played":"-477777526720001446","potions_obtained":[{"floor":4,"key":"Swift Potion"},{"floor":8,"key":"champ:CounterPotion"},{"floor":14,"key":"bronze:BurnAndBuffPotion"},{"floor":19,"key":"Slimebound:SlimedPotion"},{"floor":21,"key":"Fire Potion"},{"floor":22,"key":"Block Potion"},{"floor":23,"key":"BlessingOfTheForge"},{"floor":36,"key":"champ:CounterPotion"},{"floor":38,"key":"Ancient Potion"}],"is_trial":false,"path_per_floor":["R","M","M","M","$","M","T","M","?","R","?","?","R","M","M","B",null,"R","M","M","M","?","M","T","R","NM","AVR","?","R","M","M","M","B",null,"R","M","AVR","M","M","$","T","M"],"character_chosen":"SLIMEBOUND","items_purchased":["Slimebound:SpikyOuterGoop","Slimebound:GoopSpray","Sling"],"campfire_rested":2,"item_purchase_floors":[5,5,40],"current_hp_per_floor":[65,65,57,65,64,65,65,65,65,65,65,65,65,65,65,41,65,65,40,15,48,32,13,13,32,17,17,17,36,22,42,36,17,72,72,33,33,47,11,31,31,0,0,0],"gold":401,"neow_bonus":"RANDOM_COMMON_RELIC","is_daily":false,"chose_seed":false,"campfire_upgraded":5,"win_rate":0.0,"timestamp":1611706798,"path_taken":["R","M","M","M","$","?","T","M","?","R","?","?","R","M","M","BOSS","R","M","M","M","?","M","T","R","NM","AVR","?","R","M","?","M","BOSS","R","M","AVR","M","M","$","T","M"],"items_purchased_type":["Card","Card","Relic"],"build_version":"2020-12-22","purchased_purges":3,"victory":false,"max_hp_per_floor":[65,65,65,65,65,65,65,65,65,65,65,65,65,65,65,65,65,65,65,65,65,65,65,65,65,65,65,65,65,65,65,65,65,72,72,72,72,72,75,75,75,75,75,75],"relic_stats":{"Blood Vial":29,"Dream Catcher":2,"counters":[24,116],"Sundial":[0],"Ginger":[6],"obtain_stats":[{"Lantern":7,"StuffTheSpire:Barrel":26,"hubris:Metronome":27,"Vajra":41,"Ginger":34,"hubris:Towel":9,"Sling":40,"Blood Vial":0,"Calling Bell":34,"Dream Catcher":24,"downfall:BrokenWingStatue":12,"Sundial":37,"MutagenicStrength":22,"Strawberry":34,"Slimebound:AbsorbEndCombat":0,"aspiration:RitualDagger":17,"infinitespire:Eraser":34,"Slimebound:AbsorbEndCombatUpgraded":27},{"Lantern":5,"StuffTheSpire:Barrel":15,"hubris:Metronome":15,"Vajra":23,"Ginger":19,"hubris:Towel":6,"Sling":23,"Blood Vial":0,"Calling Bell":19,"Dream Catcher":14,"downfall:BrokenWingStatue":6,"Sundial":20,"MutagenicStrength":13,"Strawberry":19,"Slimebound:AbsorbEndCombat":0,"aspiration:RitualDagger":9,"infinitespire:Eraser":19,"Slimebound:AbsorbEndCombatUpgraded":15},{"Lantern":15,"StuffTheSpire:Barrel":69,"hubris:Metronome":69,"Vajra":111,"Ginger":92,"hubris:Towel":19,"Sling":111,"Blood Vial":0,"Calling Bell":92,"Dream Catcher":59,"downfall:BrokenWingStatue":19,"Sundial":97,"MutagenicStrength":54,"Strawberry":92,"Slimebound:AbsorbEndCombat":0,"aspiration:RitualDagger":32,"infinitespire:Eraser":92,"Slimebound:AbsorbEndCombatUpgraded":69}]},"card_choices":[{"not_picked":["Slimebound:FlameTackle","Slimebound:SplitMire"],"picked":"Slimebound:LeechEnergy","floor":2},{"not_picked":["Slimebound:Grow","Slimebound:DisruptingSlam"],"picked":"Slimebound:MegaLick","floor":3},{"not_picked":["Slimebound:Nibble","Slimebound:Schlurp"],"picked":"Slimebound:GrowthPunch","floor":4},{"not_picked":["Slimebound:Grow","Slimebound:PressTheAttack"],"picked":"Slimebound:SplitMire","floor":5},{"not_picked":["Slimebound:GoopTackle","Slimebound:Nibble"],"picked":"Slimebound:Gluttony","floor":6},{"not_picked":["Slimebound:Chomp","Slimebound:SplitAcid"],"picked":"Slimebound:ComboTackle","floor":8},{"not_picked":["Slimebound:LeechingTouch","Slimebound:ComboTackle"],"picked":"Slimebound:SlimeTap","floor":14},{"not_picked":["Slimebound:ServeAndProtect","Slimebound:AcidTongue"],"picked":"Slimebound:ItLooksTasty","floor":15},{"not_picked":["Slimebound:OneTwoCombo","Slimebound:FirmFortitude"],"picked":"Slimebound:SelfFormingGoo","floor":16},{"not_picked":["Slimebound:LeechEnergy+1","Slimebound:GrowthPunch"],"picked":"Slimebound:FormOfPuddle","floor":19},{"not_picked":["Slimebound:SplitAcid","Slimebound:PressTheAttack+1"],"picked":"Slimebound:SplitSpecialist","floor":20},{"not_picked":["Slimebound:SlimeTap","Slimebound:HauntingLick"],"picked":"Slimebound:Recollect+1","floor":21},{"not_picked":[],"picked":"J.A.X.","floor":22},{"not_picked":["Slimebound:SplitBruiser","Slimebound:LeechingTouch"],"picked":"Slimebound:SamplingLick+1","floor":22},{"not_picked":["Slimebound:ProtectTheBoss","Slimebound:SplitAcid+1"],"picked":"Slimebound:SpikyOuterGoop","floor":23},{"not_picked":["Slimebound:FinishingTackle","Slimebound:Prepare"],"picked":"Slimebound:Nibble","floor":25},{"not_picked":["Slimebound:RejuvenatingLick+1","Slimebound:PressTheAttack+1"],"picked":"Slimebound:ViciousTackle","floor":26},{"not_picked":["Slimebound:SpikyOuterGoop","Slimebound:PressTheAttack"],"picked":"Slimebound:Repurpose","floor":30},{"not_picked":["Slimebound:ViciousTackle","Slimebound:FormOfPuddle+1","Slimebound:Nibble+1"],"picked":"SKIP","floor":31},{"not_picked":["Slimebound:SlimeTap","Slimebound:SamplingLick","Slimebound:PressTheAttack"],"picked":"SKIP","floor":32},{"not_picked":["Slimebound:DuplicatedForm","Slimebound:SelfFormingGoo"],"picked":"Slimebound:MinionMaster","floor":33},{"not_picked":["Slimebound:Grow","Slimebound:ProtectTheBoss+1"],"picked":"Slimebound:RollThrough","floor":36},{"not_picked":["Slimebound:RejuvenatingLick+1","Slimebound:SplitLeeching+1"],"picked":"Slimebound:TongueLash+1","floor":38},{"not_picked":["Slimebound:LeechingTouch+1","Slimebound:SplitLeeching"],"picked":"Slimebound:SplitMire+1","floor":39},{"not_picked":["Slimebound:SlimeTap","Slimebound:LevelUp","Slimebound:FinishingTackle"],"picked":"SKIP","floor":40}],"player_experience":1160581,"relics_obtained":[{"floor":7,"key":"Lantern"},{"floor":22,"key":"MutagenicStrength"},{"floor":24,"key":"Dream Catcher"},{"floor":26,"key":"StuffTheSpire:Barrel"},{"floor":34,"key":"Strawberry"},{"floor":34,"key":"infinitespire:Eraser"},{"floor":34,"key":"Ginger"},{"floor":41,"key":"Vajra"}],"event_choices":[],"is_beta":false,"boss_relics":[{"not_picked":["hubris:Backtick","energizedSpire:NeverEndingSparkler"],"picked":"aspiration:RitualDagger"},{"not_picked":["Tiny House","Runic Dome"],"picked":"Calling Bell"}],"items_purged_floors":[27,37,40],"is_endless":false,"potions_floor_spawned":[4,8,14,16,19,21,22,23,36,38],"killed_by":"Writhing Mass","ascension_level":3}}