{"host":"5zotnur7vyqtklfj","time":1611725615,"event":{"mods":["AchievementEnabler","BaseMod","Block Reminder","Colored Map","Colored Powertips","Downfall","Hubris","Infinite Spire","Jorbs\u0027s Wanderer Trilogy","Minty Spire (QoL Compilation)","Replay The Spire","StSLib"],"gold_per_floor":[99,113,131,131,141,141,188,201,201,74,86,86,99,119,135,135,135,135],"floor_reached":16,"language":"ENG","playtime":3143,"items_purged":[],"score":96,"play_id":"f7032828-0750-4d43-baae-bdbc509fdc89","local_time":"20210127003335","is_ascension_mode":false,"campfire_choices":[{"data":"champ:Execute","floor":1,"key":"SMITH"},{"data":"champ:DancingMaster","floor":6,"key":"SMITH"},{"data":"champ:Endure","floor":9,"key":"SMITH"}],"circlet_count":0,"master_deck":["champ:Strike","champ:Strike","champ:Strike","champ:Strike","champ:Defend","champ:Defend","champ:Defend","champ:Defend","champ:Execute+1","champ:Taunt","champ:DancingMaster+1","champ:Endure","champ:Taunt","champ:FancyFootwork","champ:Endure+1","champ:StrikeOfGenius","champ:StrikeOfGenius","champ:Lariat","champ:Lariat"],"relics":["champ:ChampionCrown","Bronze Scales","hubris:Icosahedron"],"acts_visited":["Exordium"],"potions_floor_usage":[8,10],"damage_taken":[{"damage":10,"enemies":"Small Slimes","floor":2,"turns":3},{"damage":23,"enemies":"Cultist","floor":3,"turns":5},{"damage":10,"enemies":"2 Louse","floor":5,"turns":3},{"damage":33,"enemies":"Large Slime","floor":8,"turns":6},{"damage":25,"enemies":"downfall:FleeingMerchant","floor":10,"turns":4},{"damage":32,"enemies":"Exordium Thugs","floor":11,"turns":5},{"damage":22,"enemies":"Gremlin Gang","floor":13,"turns":5},{"damage":10,"enemies":"3 Louse","floor":14,"turns":3},{"damage":13,"enemies":"Large Slime","floor":15,"turns":10},{"damage":33,"enemies":"WA_ARCHETYPE_RETAIN","floor":16,"turns":4}],"seed_played":"4848267157003354710","potions_obtained":[{"floor":5,"key":"BlessingOfTheForge"},{"floor":8,"key":"AttackPotion"},{"floor":13,"key":"champ:CounterPotion"},{"floor":14,"key":"champ:UltimateStancePotion"},{"floor":15,"key":"Swift Potion"}],"is_trial":false,"path_per_floor":["R","M","M","?","M","R","T","M","R","$","M","?","M","M","M","B"],"character_chosen":"THE_CHAMP","items_purchased":["champ:StrikeOfGenius"],"campfire_rested":0,"item_purchase_floors":[10],"current_hp_per_floor":[63,63,60,60,60,60,60,52,52,52,40,40,33,33,30,0,0,0],"gold":135,"neow_bonus":"THREE_RARE_CARDS","is_daily":false,"chose_seed":false,"campfire_upgraded":3,"win_rate":0.0,"timestamp":1611725615,"path_taken":["R","M","M","?","?","R","T","M","R","$","M","?","M","M","M","BOSS"],"items_purchased_type":["Card"],"build_version":"2020-12-22","purchased_purges":0,"victory":false,"max_hp_per_floor":[90,90,90,90,90,90,90,90,90,90,90,90,90,90,90,90,90,90],"card_choices":[{"not_picked":["champ:GladiatorForm","champ:SwordThrow"],"picked":"champ:DancingMaster","floor":0},{"not_picked":["champ:BringItOn","champ:FanOfKnives"],"picked":"champ:Endure","floor":2},{"not_picked":["champ:FanOfKnives","champ:Haymaker","champ:PreciseThrust"],"picked":"SKIP","floor":3},{"not_picked":["champ:CrownThrow","champ:ShieldThrow"],"picked":"champ:FancyFootwork","floor":5},{"not_picked":["champ:RapidStrikes","champ:IronFortress"],"picked":"champ:Endure","floor":8},{"not_picked":["champ:FanOfKnives","champ:BladeFlurry","champ:Shatter"],"picked":"SKIP","floor":10},{"not_picked":["champ:FanOfKnives","champ:EndlessRage","champ:DeathBlow"],"picked":"SKIP","floor":11},{"not_picked":["champ:RapidStrikes","champ:AdrenalArmor"],"picked":"champ:Lariat","floor":13},{"not_picked":["champ:FlashCut","champ:Circumvent"],"picked":"champ:Lariat","floor":14},{"not_picked":["champ:EndlessRage","champ:BerserkersShout","champ:Shatter"],"picked":"SKIP","floor":15}],"player_experience":440363,"relics_obtained":[{"floor":7,"key":"Bronze Scales"}],"event_choices":[],"is_beta":false,"boss_relics":[],"items_purged_floors":[],"is_endless":false,"potions_floor_spawned":[5,8,13,14,15],"killed_by":"WA_ARCHETYPE_RETAIN","ascension_level":0}}