{"host":"2eswhqk6sgfpt1j1","time":1611749932,"event":{"mods":["Act Like it!","BaseMod","Colored Powertips","Hallownest","Lobotomy","Minty Spire (QoL Compilation)","Replay The Spire","StSLib","The Bug Knight","The Cursed","The Hierophant","The Servant 0.9.4"],"gold_per_floor":[41,59,59,77,87,87,87,98,98,120,132,26,39,39,39,39,39],"floor_reached":16,"language":"ZHS","playtime":640,"items_purged":[],"score":94,"play_id":"bb3b123a-d44d-49c5-92e6-d097833de318","local_time":"20210127201852","is_ascension_mode":false,"campfire_choices":[{"data":"HollowMod:DescendingDark","floor":6,"key":"SMITH"},{"data":"HollowMod:PogoStrike","floor":11,"key":"SMITH"},{"data":"HollowMod:SiblingsSouls","floor":15,"key":"SMITH"}],"circlet_count":0,"master_deck":["HollowMod:NailStrikeStart","HollowMod:NailStrikeStart","HollowMod:NailStrikeStart","HollowMod:NailStrikeStart","HollowMod:QuickDashStart","HollowMod:QuickDashStart","HollowMod:QuickDashStart","HollowMod:QuickDashStart","HollowMod:FocusHealStart","HollowMod:PogoStrike+1","HollowMod:DescendingDark+1","HollowMod:SharpenedShadows","HollowMod:DescendingDark","HollowMod:SiblingsSouls+1"],"relics":["HollowMod:VesselMask","Hallownest:StagBellRelic1","Hallownest:DreamNailRelic","MawBank"],"acts_visited":["Hallownest:Greenpath"],"potions_floor_usage":[8,16],"damage_taken":[{"damage":0,"enemies":"Hallownest:monsterHuskWarrior","floor":1,"turns":3},{"damage":0,"enemies":"2_ Uuma","floor":2,"turns":4},{"damage":1,"enemies":"Hallownest:2_MossCreeps","floor":4,"turns":4},{"damage":8,"enemies":"Hallownest:2_Tiktiks_1_Baldur_1_Crawlid","floor":5,"turns":3},{"damage":21,"enemies":"Hallownest:1_Ooma_and_2_Uuma","floor":8,"turns":13},{"damage":31,"enemies":"Hallownest:Guard_and_Warrior","floor":10,"turns":8},{"damage":1,"enemies":"Hallownest:monsterMossCharger","floor":13,"turns":4},{"damage":59,"enemies":"Hallownest:BossFalseKnight","floor":16,"turns":6}],"seed_played":"8301477567877581157","potions_obtained":[{"floor":2,"key":"Regen Potion"},{"floor":13,"key":"Weak Potion"}],"is_trial":false,"path_per_floor":["M","M","?","?","M","R","?","M","T","M","R","$","M","?","R","B"],"character_chosen":"THE_BUGKNIGHT","items_purchased":["HollowMod:SharpenedShadows","HollowMod:DescendingDark"],"campfire_rested":0,"item_purchase_floors":[12,12],"current_hp_per_floor":[75,75,75,74,66,66,66,72,72,47,47,47,46,46,46,0,0],"gold":39,"neow_bonus":"RANDOM_EVENT","is_daily":false,"chose_seed":false,"campfire_upgraded":3,"win_rate":0.0,"timestamp":1611749932,"path_taken":["M","M","?","?","M","R","?","?","T","M","R","$","M","?","R","BOSS"],"items_purchased_type":["Card","Card"],"build_version":"2020-12-22","purchased_purges":0,"victory":false,"max_hp_per_floor":[75,75,75,75,75,75,75,75,75,75,75,75,75,75,75,75,75],"card_choices":[{"not_picked":["HollowMod:NewJinnsSoul","HollowMod:VengefulVoid"],"picked":"HollowMod:DescendingDark","floor":1},{"not_picked":["HollowMod:CycloneSlash","HollowMod:SoulStrike","HollowMod:DesolateDive"],"picked":"SKIP","floor":2},{"not_picked":["HollowMod:NewGlowingWomb","HollowMod:DashSlash","HollowMod:SoulVessel"],"picked":"SKIP","floor":4},{"not_picked":["HollowMod:DreamGate","HollowMod:InfectedCysts","HollowMod:PerfectDash"],"picked":"SKIP","floor":5},{"not_picked":["HollowMod:HeavyBlow","HollowMod:CycloneSlash","HollowMod:QuirrelsAssistance"],"picked":"SKIP","floor":8},{"not_picked":["HollowMod:NewGlowingWomb","HollowMod:SharpenedNail","HollowMod:LifebloodCore"],"picked":"SKIP","floor":10},{"not_picked":["HollowMod:DashSlash","HollowMod:SoulEater"],"picked":"HollowMod:SiblingsSouls","floor":13}],"player_experience":418875,"relics_obtained":[{"floor":9,"key":"MawBank"}],"event_choices":[],"is_beta":false,"boss_relics":[],"items_purged_floors":[],"is_endless":false,"potions_floor_spawned":[2,13],"killed_by":"Hallownest:BossFalseKnight","ascension_level":0}}