{"host":"rolltorest","time":1611715367,"event":{"mods":["BaseMod","Jorbs\u0027s Wanderer Trilogy","Koishi","Minty Spire (QoL Compilation)","Relic Stats","Robot Space Explorer","Slay the Relics Exporter","StSLib","The Servant 0.9.4"],"gold_per_floor":[111,125,125,144,34,64,64,95,150,213,246,264,294,323,323,323,323],"floor_reached":16,"language":"ENG","playtime":451,"items_purged":[],"score":256,"play_id":"0c1b7b17-cb63-4c00-8dcc-e62d9d67c283","local_time":"20210126184247","is_ascension_mode":true,"campfire_choices":[{"data":"Koishi:MindStellarRelief","floor":7,"key":"SMITH"},{"data":"Koishi:MentalBreakdown","floor":15,"key":"SMITH"}],"circlet_count":0,"master_deck":["AscendersBane","Koishi:BasicStrike","Koishi:BasicStrike","Koishi:BasicStrike","Koishi:BasicStrike","Koishi:BasicDefend","Koishi:BasicDefend","Koishi:BasicDefend","Koishi:BasicDefend","Koishi:Provoke","Koishi:HauntingSlash","Koishi:MindStellarRelief+1","Koishi:Prune","Koishi:StingingMind+1","Koishi:DreadfulBlow","Koishi:BloodcurdlingScream","Koishi:PredatoryInstincts","Koishi:PredatoryInstincts","Koishi:FleetingPhantom","Koishi:Whimsy","Koishi:MentalBreakdown+1"],"relics":["Koishi:ImaginaryFriend","Shuriken","Juzu Bracelet","Oddly Smooth Stone","Toy Ornithopter","Toxic Egg 2","Bag of Marbles"],"acts_visited":["Exordium"],"potions_floor_usage":[],"damage_taken":[{"damage":0,"enemies":"Jaw Worm","floor":1,"turns":5},{"damage":6,"enemies":"2 Louse","floor":2,"turns":2},{"damage":7,"enemies":"Small Slimes","floor":4,"turns":3},{"damage":17,"enemies":"Lagavulin","floor":6,"turns":8},{"damage":8,"enemies":"Gremlin Nob","floor":8,"turns":3},{"damage":19,"enemies":"Lagavulin","floor":11,"turns":7},{"damage":3,"enemies":"Blue Slaver","floor":12,"turns":3},{"damage":27,"enemies":"Gremlin Nob","floor":14,"turns":4},{"damage":31,"enemies":"Hexaghost","floor":16,"turns":10}],"seed_played":"-2081479876266819830","potions_obtained":[{"floor":1,"key":"FairyPotion"},{"floor":6,"key":"LiquidMemories"}],"is_trial":false,"path_per_floor":["M","M","?","M","$","E","R","E","T","?","E","M","?","E","R","B"],"character_chosen":"KOISHI","items_purchased":["Koishi:BloodcurdlingScream","Koishi:PredatoryInstincts"],"campfire_rested":0,"item_purchase_floors":[5,5],"current_hp_per_floor":[37,32,32,30,30,30,30,28,28,28,28,34,34,12,12,0,0],"gold":323,"neow_bonus":"THREE_RARE_CARDS","is_daily":false,"chose_seed":false,"campfire_upgraded":2,"win_rate":0.0,"timestamp":1611715367,"path_taken":["M","M","?","M","$","E","R","E","T","?","E","M","?","E","R","BOSS"],"items_purchased_type":["Card","Card"],"build_version":"2020-12-18","purchased_purges":0,"victory":false,"max_hp_per_floor":[57,57,57,57,57,57,57,57,57,57,57,57,57,57,57,57,57],"relic_stats":{"counters":[9,45],"Shuriken":[2],"Juzu Bracelet":0,"obtain_stats":[{"Shuriken":6,"Oddly Smooth Stone":9,"Juzu Bracelet":8,"Bag of Marbles":14,"Toxic Egg 2":13,"Toy Ornithopter":11,"Koishi:ImaginaryFriend":0},{"Shuriken":4,"Oddly Smooth Stone":5,"Juzu Bracelet":5,"Bag of Marbles":8,"Toxic Egg 2":7,"Toy Ornithopter":6,"Koishi:ImaginaryFriend":0},{"Shuriken":18,"Oddly Smooth Stone":21,"Juzu Bracelet":21,"Bag of Marbles":35,"Toxic Egg 2":31,"Toy Ornithopter":28,"Koishi:ImaginaryFriend":0}],"Toy Ornithopter":0},"card_choices":[{"not_picked":["Koishi:ImGoingToCallYouNow","Koishi:Heartbroken"],"picked":"Koishi:MindStellarRelief","floor":0},{"not_picked":["Koishi:Bloodlust","Koishi:MindNumbingTerror"],"picked":"Koishi:Prune","floor":1},{"not_picked":["Koishi:UnconsciousUrges","Koishi:RacingHeart"],"picked":"Koishi:StingingMind","floor":2},{"not_picked":["Koishi:PhantomStrike","Koishi:MassHysteria"],"picked":"Koishi:DreadfulBlow","floor":4},{"not_picked":["Koishi:EmbryosDream","Koishi:MassHysteria"],"picked":"Koishi:PredatoryInstincts","floor":6},{"not_picked":["Koishi:PhilosophyOfTheDespised","Koishi:FleetingPhantom","Koishi:Prune"],"picked":"SKIP","floor":8},{"not_picked":["Koishi:PhilosophyOfTheDespised","Koishi:Prune"],"picked":"Koishi:FleetingPhantom","floor":8},{"not_picked":["Koishi:FleetingPhantom","Koishi:UnconsciousUrges","Koishi:SubconsciousSweep"],"picked":"SKIP","floor":11},{"not_picked":["Koishi:Jaunt","Koishi:FourthEye"],"picked":"Koishi:Whimsy","floor":12},{"not_picked":["Koishi:EmbryosDream+1","Koishi:LastRemote"],"picked":"Koishi:MentalBreakdown","floor":14}],"player_experience":2241668,"relics_obtained":[{"floor":6,"key":"Shuriken"},{"floor":8,"key":"Juzu Bracelet"},{"floor":9,"key":"Oddly Smooth Stone"},{"floor":11,"key":"Toy Ornithopter"},{"floor":14,"key":"Bag of Marbles"}],"event_choices":[{"damage_healed":0,"gold_gain":0,"player_choice":"Grow","damage_taken":0,"max_hp_gain":0,"max_hp_loss":0,"event_name":"Living Wall","floor":3,"gold_loss":0,"cards_upgraded":["Koishi:StingingMind"]},{"damage_healed":0,"gold_gain":63,"player_choice":"Gained Gold","damage_taken":0,"max_hp_gain":0,"max_hp_loss":0,"event_name":"Golden Wing","floor":10,"gold_loss":0},{"damage_healed":0,"gold_gain":30,"player_choice":"Searched \u00272\u0027 times","damage_taken":0,"relics_obtained":["Toxic Egg 2"],"max_hp_gain":0,"max_hp_loss":0,"event_name":"Dead Adventurer","floor":13,"gold_loss":0}],"is_beta":true,"boss_relics":[],"items_purged_floors":[],"is_endless":false,"potions_floor_spawned":[1,6,12,14],"killed_by":"Hexaghost","ascension_level":20}}