{"host":"fuszjwm6fqgjjp4d","time":1611718395,"event":{"mods":["BaseMod","Bestiary","Colored Map","DeckTracker","Minty Spire (QoL Compilation)","Permanent Neow","Relic Sorter","Relic Stats","StSLib"],"gold_per_floor":[18,30,30,40,54,54,80,80,80,80,94,105,115,144,144,215,215,225,238,163,163,191,191,218,218,218,218,218],"floor_reached":27,"language":"ENG","playtime":965,"items_purged":[],"score":536,"play_id":"34aa5d45-5b6b-4d45-856e-d75ebed45c9f","local_time":"20210126213315","is_ascension_mode":true,"campfire_choices":[{"data":"Eruption","floor":6,"key":"SMITH"},{"data":"ThirdEye","floor":8,"key":"SMITH"},{"data":"Conclude","floor":10,"key":"SMITH"},{"data":"ForeignInfluence","floor":15,"key":"SMITH"},{"data":"Devotion","floor":23,"key":"SMITH"},{"data":"Tantrum","floor":25,"key":"SMITH"}],"circlet_count":0,"master_deck":["AscendersBane","Strike_P+1","Strike_P+1","Strike_P+1","Defend_P+1","Defend_P+1","Defend_P+1","Defend_P+1","Eruption+1","Vigilance","Conclude+1","ThirdEye+1","FlurryOfBlows","FollowUp","CutThroughFate","ForeignInfluence+1","Brilliance","Devotion+1","Pray+1","Prostrate","Tantrum+1"],"relics":["PureWater","Incense Burner","Bottled Lightning","StrikeDummy","Ornamental Fan","Coffee Dripper","Red Mask","Bottled Flame","Peace Pipe"],"acts_visited":["Exordium","TheCity"],"potions_floor_usage":[5,14,16,18,19],"damage_taken":[{"damage":0,"enemies":"Cultist","floor":1,"turns":2},{"damage":0,"enemies":"Jaw Worm","floor":2,"turns":5},{"damage":0,"enemies":"Small Slimes","floor":4,"turns":2},{"damage":0,"enemies":"3 Louse","floor":5,"turns":1},{"damage":13,"enemies":"3 Sentries","floor":7,"turns":3},{"damage":3,"enemies":"Exordium Wildlife","floor":11,"turns":2},{"damage":0,"enemies":"Looter","floor":12,"turns":2},{"damage":0,"enemies":"Red Slaver","floor":13,"turns":1},{"damage":0,"enemies":"Lagavulin","floor":14,"turns":3},{"damage":44,"enemies":"The Guardian","floor":16,"turns":6},{"damage":10,"enemies":"3 Byrds","floor":18,"turns":5},{"damage":6,"enemies":"2 Thieves","floor":19,"turns":3},{"damage":0,"enemies":"Masked Bandits","floor":22,"turns":2},{"damage":21,"enemies":"Gremlin Leader","floor":24,"turns":4},{"damage":16,"enemies":"Book of Stabbing","floor":27,"turns":2}],"seed_played":"7704788482372913991","potions_obtained":[{"floor":1,"key":"AttackPotion"},{"floor":7,"key":"Strength Potion"},{"floor":11,"key":"DuplicationPotion"},{"floor":14,"key":"SpeedPotion"},{"floor":18,"key":"BlessingOfTheForge"}],"is_trial":false,"path_per_floor":["M","M","$","M","M","R","E","R","T","R","M","M","M","E","R","B",null,"M","M","?","?","?","R","E","R","T","E"],"character_chosen":"WATCHER","items_purchased":[],"campfire_rested":0,"item_purchase_floors":[],"current_hp_per_floor":[61,61,61,61,61,61,48,48,48,48,45,45,45,45,45,1,51,41,35,35,35,35,35,14,14,14,0,0],"gold":218,"neow_bonus":"ONE_RARE_RELIC","is_daily":false,"chose_seed":false,"campfire_upgraded":6,"win_rate":0.0,"timestamp":1611718395,"path_taken":["M","M","?","M","M","R","E","R","T","R","M","M","M","E","R","BOSS","M","M","?","?","?","R","E","R","T","E"],"items_purchased_type":[],"build_version":"2020-12-22","purchased_purges":0,"victory":false,"max_hp_per_floor":[68,68,68,68,68,68,68,68,68,68,68,68,68,68,68,68,68,68,68,68,68,68,68,68,68,68,68,68],"relic_stats":{"Peace Pipe":0,"counters":[15,43],"Ornamental Fan":[68],"obtain_stats":[{"Peace Pipe":26,"Bottled Flame":24,"Ornamental Fan":14,"Incense Burner":0,"Coffee Dripper":17,"Red Mask":22,"Bottled Lightning":7,"PureWater":0,"StrikeDummy":9},{"Peace Pipe":14,"Bottled Flame":14,"Ornamental Fan":9,"Incense Burner":0,"Coffee Dripper":10,"Red Mask":13,"Bottled Lightning":5,"PureWater":0,"StrikeDummy":5},{"Peace Pipe":41,"Bottled Flame":41,"Ornamental Fan":21,"Incense Burner":0,"Coffee Dripper":27,"Red Mask":37,"Bottled Lightning":13,"PureWater":0,"StrikeDummy":13}]},"card_choices":[{"not_picked":["Swivel","Consecrate"],"picked":"Conclude","floor":1},{"not_picked":["Crescendo","CrushJoints"],"picked":"ThirdEye","floor":2},{"not_picked":["Worship","PathToVictory"],"picked":"FlurryOfBlows","floor":4},{"not_picked":["LikeWater","EmptyMind"],"picked":"FollowUp","floor":5},{"not_picked":["Indignation","ThirdEye","ClearTheMind"],"picked":"SKIP","floor":7},{"not_picked":["Nirvana","DeusExMachina"],"picked":"CutThroughFate","floor":11},{"not_picked":["EmptyFist","WreathOfFlame"],"picked":"ForeignInfluence","floor":12},{"not_picked":["Fasting2","ClearTheMind","FlurryOfBlows"],"picked":"SKIP","floor":13},{"not_picked":["Nirvana","Protect"],"picked":"Brilliance","floor":14},{"not_picked":["Establishment","DevaForm"],"picked":"Devotion","floor":16},{"not_picked":["WaveOfTheHand","EmptyBody"],"picked":"Pray+1","floor":18},{"not_picked":["EmptyBody","BowlingBash","Consecrate"],"picked":"SKIP","floor":19},{"not_picked":["WheelKick+1","BowlingBash"],"picked":"Prostrate","floor":22},{"not_picked":["Evaluate","InnerPeace"],"picked":"Tantrum","floor":24}],"player_experience":1357830,"relics_obtained":[{"floor":7,"key":"Bottled Lightning"},{"floor":9,"key":"StrikeDummy"},{"floor":14,"key":"Ornamental Fan"},{"floor":22,"key":"Red Mask"},{"floor":24,"key":"Bottled Flame"},{"floor":26,"key":"Peace Pipe"}],"event_choices":[{"cards_removed":["Strike_P"],"damage_healed":0,"gold_gain":0,"player_choice":"Gave Gold","damage_taken":0,"max_hp_gain":0,"max_hp_loss":0,"event_name":"Beggar","floor":20,"gold_loss":75},{"damage_healed":0,"gold_gain":0,"player_choice":"Simplicity","damage_taken":0,"max_hp_gain":0,"max_hp_loss":0,"event_name":"Back to Basics","floor":21,"gold_loss":0,"cards_upgraded":["Strike_P","Strike_P","Strike_P","Defend_P","Defend_P","Defend_P","Defend_P"]},{"damage_healed":0,"gold_gain":0,"player_choice":"Fought Bandits","damage_taken":0,"max_hp_gain":0,"max_hp_loss":0,"event_name":"Masked Bandits","floor":22,"gold_loss":0}],"is_beta":false,"boss_relics":[{"not_picked":["Busted Crown","Runic Pyramid"],"picked":"Coffee Dripper"}],"items_purged_floors":[],"is_endless":false,"potions_floor_spawned":[1,7,11,12,14,18],"killed_by":"Book of Stabbing","ascension_level":20}}