{"host":"922zt4fjsmmy4kg9","time":1611720385,"event":{"mods":["A Magickal Journey","Act Like it!","BaseMod","Better Third Choice","Downfall","Friendly Minions","Hermit","HololiveMod","Hubris","Jorbs\u0027s Wanderer Trilogy","Kiyohime????","Koishi","Marisa????????","Minty Spire (QoL Compilation)","Quick Restart","Reimu??????","Shop Mod","Spicy Shops","StSLib","SuperFastMode","The Animator","The Disciple","The Runesmith"],"gold_per_floor":[99,99,99,199,45,74,74,93,193,106,131,146,180,200,211,211,211,211],"floor_reached":16,"language":"ENG","playtime":689,"items_purged":[],"score":124,"play_id":"a05b1370-78d3-4f12-8554-904b036859d1","local_time":"20210127150625","is_ascension_mode":true,"campfire_choices":[{"data":"hexamod:Sear","floor":1,"key":"SMITH"}],"circlet_count":0,"master_deck":["hexamod:Strike","hexamod:Strike","hexamod:Strike","hexamod:Strike","hexamod:Defend","hexamod:Defend","hexamod:Sear+1","hexamod:Float","hexamod:RadiantFlame+1","hexamod:HauntingEcho","hexamod:RainOfEmbers","hexamod:BurningTouch","hexamod:PhantomCloak","hexamod:ForkedFlame","hexamod:StepThrough","hexamod:SoulSteal","hexamod:HeatCrush","hexamod:ExtraCrispy","hexamod:FourthSeal","hexamod:EmpoweredFlame","hexamod:ShieldOfDarkness","hexamod:SecondSeal"],"relics":["hexamod:SpiritBrand","downfall:HeartsMalice","Juzu Bracelet","InkBottle","hubris:PeanutButter","Oddly Smooth Stone","Bottled Flame"],"acts_visited":["Exordium"],"potions_floor_usage":[9,13,13,14,16,16,16],"damage_taken":[{"damage":0,"enemies":"2 Louse","floor":2,"turns":1},{"damage":0,"enemies":"Small Slimes","floor":3,"turns":1},{"damage":0,"enemies":"downfall:FleeingMerchant","floor":5,"turns":1},{"damage":11,"enemies":"Lagavulin","floor":6,"turns":5},{"damage":0,"enemies":"Cultist","floor":8,"turns":3},{"damage":18,"enemies":"downfall:Heads","floor":9,"turns":6},{"damage":0,"enemies":"downfall:FleeingMerchant","floor":10,"turns":4},{"damage":23,"enemies":"3 Sentries","floor":11,"turns":4},{"damage":10,"enemies":"Gremlin Gang","floor":12,"turns":4},{"damage":5,"enemies":"Gremlin Nob","floor":13,"turns":3},{"damage":2,"enemies":"Large Slime","floor":14,"turns":4},{"damage":2,"enemies":"2 Fungi Beasts","floor":15,"turns":4},{"damage":9,"enemies":"SI_SHIV_ARCHETYPE","floor":16,"turns":5}],"seed_played":"-8544265338133124703","potions_obtained":[{"floor":8,"key":"Strength Potion"},{"floor":11,"key":"SkillPotion"},{"floor":12,"key":"BlessingOfTheForge"},{"floor":13,"key":"hexamod:InfernoChargePotion"},{"floor":13,"key":"Fruit Juice"},{"floor":15,"key":"Strength Potion"},{"floor":15,"key":"LiquidBronze"}],"is_trial":false,"path_per_floor":["R","M","M","?","$","E","T","M","?","$","E","M","E","M","M","B"],"character_chosen":"THE_SPIRIT","items_purchased":["Juzu Bracelet","hexamod:HeatCrush"],"campfire_rested":0,"item_purchase_floors":[5,10],"current_hp_per_floor":[70,70,70,70,70,59,59,59,41,41,18,8,3,6,4,0,0,0],"gold":211,"neow_bonus":"THREE_ENEMY_KILL","is_daily":false,"chose_seed":false,"campfire_upgraded":1,"win_rate":0.0,"timestamp":1611720385,"path_taken":["R","M","M","?","$","E","T","M","?","$","E","M","E","M","M","BOSS"],"items_purchased_type":["Relic","Card"],"build_version":"2020-12-22","purchased_purges":0,"victory":false,"max_hp_per_floor":[70,70,70,70,70,70,70,70,70,70,70,70,70,75,75,75,75,75],"card_choices":[{"not_picked":["hexamod:ThermalTransfer","hexamod:FastForward"],"picked":"hexamod:RadiantFlame","floor":2},{"not_picked":["hexamod:FastForward","hexamod:NightmareGuise"],"picked":"hexamod:HauntingEcho","floor":3},{"not_picked":["hexamod:FastForward","hexamod:Hexaguard"],"picked":"hexamod:RainOfEmbers","floor":5},{"not_picked":["hexamod:PhantomFireball","hexamod:ShieldOfDarkness"],"picked":"hexamod:BurningTouch","floor":6},{"not_picked":["hexamod:Firestarter","hexamod:CatchUp"],"picked":"hexamod:PhantomCloak","floor":8},{"not_picked":["hexamod:HauntingEcho","hexamod:HeatMetal"],"picked":"hexamod:ForkedFlame","floor":9},{"not_picked":["hexamod:GhostShield","hexamod:HeatCrush"],"picked":"hexamod:SoulSteal","floor":10},{"not_picked":["hexamod:SpectersWail","hexamod:RainOfEmbers"],"picked":"hexamod:ExtraCrispy","floor":11},{"not_picked":["hexamod:NightmareStrike","hexamod:CatchUp"],"picked":"hexamod:FourthSeal","floor":12},{"not_picked":["hexamod:CatchUp","hexamod:SpectralSpark"],"picked":"hexamod:EmpoweredFlame","floor":13},{"not_picked":["hexamod:Rewind","hexamod:Haunt"],"picked":"hexamod:ShieldOfDarkness","floor":14},{"not_picked":["hexamod:RecurringNightmare","hexamod:SoulSteal"],"picked":"hexamod:SecondSeal","floor":15}],"player_experience":1352482,"relics_obtained":[{"floor":6,"key":"InkBottle"},{"floor":7,"key":"hubris:PeanutButter"},{"floor":11,"key":"Oddly Smooth Stone"},{"floor":13,"key":"Bottled Flame"}],"event_choices":[],"is_beta":false,"boss_relics":[],"items_purged_floors":[],"is_endless":false,"potions_floor_spawned":[8,11,12,13,15],"killed_by":"SI_SHIV_ARCHETYPE","ascension_level":1}}