{"host":"l2dnabsh5e0fsksb","time":1611715046,"event":{"mods":["2.2 Compatiblity","BaseMod","Downfall","Minty Spire (QoL Compilation)","Quick Restart","StSLib"],"gold_per_floor":[99,99,99,99,99,133,133,145,173,73,86,86,86,96,114,216,216,216,236,42,42,56,56,56,81,93,93,104,122,22,85,104,203,203,203,217,217,217,267,167,167,180,509,524,550,550,583,597,613,613,613,647,6,6,6,6],"floor_reached":57,"language":"ENG","playtime":2661,"items_purged":[],"score":1818,"play_id":"bc91eac4-1293-4954-801c-8b789ee8724e","local_time":"20210127130726","is_ascension_mode":true,"campfire_choices":[{"floor":1.0,"key":"RECALL"},{"data":"bronze:Iterate","floor":10.0,"key":"SMITH"},{"data":"bronze:ChosenStrike","floor":12.0,"key":"SMITH"},{"floor":18.0,"key":"REST"},{"floor":27.0,"key":"REST"},{"data":"bronze:ItsAFeature","floor":30.0,"key":"SMITH"},{"data":"bronze:Verify","floor":35.0,"key":"SMITH"},{"data":"expansioncontent:InvincibleStrength","floor":40.0,"key":"SMITH"},{"data":"bronze:Repulsor","floor":46,"key":"SMITH"},{"data":"bronze:Mutator","floor":54,"key":"SMITH"}],"circlet_count":0,"master_deck":["bronze:Strike","bronze:Strike","bronze:Strike","bronze:Strike","bronze:Defend","bronze:Defend","bronze:Defend","bronze:Defend","bronze:Replicate","bronze:Separator","bronze:Replicate","bronze:FollowUp","bronze:Iterate+1","bronze:Iterate","bronze:ChosenStrike+1","bronze:DelayedSlice","bronze:DelayedGuard","bronze:ItsAFeature+1","bronze:Verify+1","bronze:Allocate","bronze:Deprecate","bronze:BronzeOrb","bronze:DelayedSlice","bronze:FineTuning","bronze:FineTuning","bronze:ChildClass+1","bronze:Terminator","bronze:HardenedForm","bronze:WhirlingStrike","expansioncontent:YouAreMine","expansioncontent:InvincibleStrength+1","expansioncontent:PrepareCrush","bronze:Repulsor+1","bronze:ForceShield+1","bronze:Branch+1","bronze:ForceShield","bronze:Constructor","bronze:Constructor+1","bronze:InfiniteBeams","bronze:Mutator+1","bronze:BuggyMess"],"relics":["bronze:BronzeCore","downfall:HeartsMalice","hexamod:BolsterEngine","champ:DuelingGlove","Mummified Hand","Oddly Smooth Stone","downfall:HeartBlessingRed","bronze:MakeshiftBattery","Medical Kit","Ancient Tea Set","Dead Branch","Gremlin Horn","downfall:HeartBlessingGreen","Pantograph","Coffee Dripper","Mango","downfall:HeartBlessingBlue","Mercury Hourglass","Old Coin","Du-Vu Doll","bronze:Mallet","Lantern","FossilizedHelix"],"acts_visited":["Exordium","TheCity","TheBeyond","TheEnding"],"potions_floor_usage":[45,45,48,48,50,56,56,56],"damage_taken":[{"damage":0.0,"enemies":"Small Slimes","floor":2.0,"turns":1.0},{"damage":0.0,"enemies":"2 Louse","floor":5.0,"turns":1.0},{"damage":0.0,"enemies":"Gremlin Nob","floor":6.0,"turns":1.0},{"damage":0.0,"enemies":"Cultist","floor":8.0,"turns":2.0},{"damage":17.0,"enemies":"Lagavulin","floor":9.0,"turns":6.0},{"damage":4.0,"enemies":"2 Fungi Beasts","floor":11.0,"turns":2.0},{"damage":6.0,"enemies":"Lots of Slimes","floor":14.0,"turns":2.0},{"damage":9.0,"enemies":"Blue Slaver","floor":15.0,"turns":4.0},{"damage":8.0,"enemies":"WA_ARCHETYPE_RETAIN","floor":16.0,"turns":4.0},{"damage":4.0,"enemies":"Shell Parasite","floor":19.0,"turns":3.0},{"damage":0.0,"enemies":"downfall:FleeingMerchant","floor":20.0,"turns":4.0},{"damage":6.0,"enemies":"Sentry and Sphere","floor":22.0,"turns":3.0},{"damage":10.0,"enemies":"Book of Stabbing","floor":25.0,"turns":4.0},{"damage":14.0,"enemies":"Snake Plant","floor":26.0,"turns":3.0},{"damage":0.0,"enemies":"Cultist and Chosen","floor":28.0,"turns":3.0},{"damage":0.0,"enemies":"Snecko","floor":29.0,"turns":3.0},{"damage":15.0,"enemies":"downfall:FleeingMerchant","floor":31.0,"turns":3.0},{"damage":0.0,"enemies":"Snake Plant","floor":32.0,"turns":1.0},{"damage":13.0,"enemies":"SI_MIRROR_ARCHETYPE","floor":33.0,"turns":7.0},{"damage":0.0,"enemies":"Orb Walker","floor":36.0,"turns":2.0},{"damage":0.0,"enemies":"Orb Walker","floor":39.0,"turns":4.0},{"damage":0.0,"enemies":"3 Shapes","floor":42.0,"turns":2.0},{"damage":4.0,"enemies":"Giant Head","floor":43.0,"turns":7.0},{"damage":29.0,"enemies":"Writhing Mass","floor":44.0,"turns":5.0},{"damage":26,"enemies":"Nemesis","floor":45,"turns":3},{"damage":0,"enemies":"Giant Head","floor":47,"turns":6},{"damage":13,"enemies":"Transient","floor":48,"turns":5},{"damage":6,"enemies":"Sphere and 2 Shapes","floor":49,"turns":2},{"damage":34,"enemies":"DF_ARCHETYPE_ORBS","floor":50,"turns":6},{"damage":100,"enemies":"downfall:CharBossMerchant","floor":52,"turns":8},{"damage":10,"enemies":"downfall:NeowBoss","floor":55,"turns":9},{"damage":48,"enemies":"downfall:NeowBossFinal","floor":56,"turns":7}],"seed_played":"-9217587071793421821","potions_obtained":[{"floor":8.0,"key":"sneckomod:MuddlingPotion"},{"floor":9.0,"key":"bronze:FreeFunctionsPotion"},{"floor":15.0,"key":"Explosive Potion"},{"floor":16.0,"key":"champ:CounterPotion"},{"floor":22.0,"key":"bronze:FreeFunctionsPotion"},{"floor":25.0,"key":"LiquidBronze"},{"floor":45,"key":"SkillPotion"},{"floor":47,"key":"Energy Potion"},{"floor":49,"key":"FairyPotion"}],"is_trial":false,"path_per_floor":["R","M","?","?","M","E","T","M","E","R","M","R","?","M","M","B",null,"R","M","$","?","M","?","T","E","M","R","M","M","R","$","M","B",null,"R","M","?","?","?","R","T","M","E","M","E","R","E","M","M","B",null,"E","$","R","B","B",null],"character_chosen":"THE_AUTOMATON","items_purchased":["Medical Kit","bronze:BronzeOrb","Pantograph","PowerPotion","bronze:Mutator","EntropicBrew","FossilizedHelix","bronze:BuggyMess"],"campfire_rested":2,"item_purchase_floors":[20,20,31,53,53,53,53,53],"current_hp_per_floor":[63,63,60,60,60,60,60,60,43,43,39,39,39,33,24,16,57,70,66,66,66,60,60,60,50,36,57,57,57,57,42,42,54,66,66,66,66,56,84,94,94,94,90,61,35,35,35,22,16,7,72,28,28,28,43,20],"gold":6,"neow_bonus":"THREE_ENEMY_KILL","is_daily":false,"chose_seed":false,"campfire_upgraded":7,"win_rate":0.0,"timestamp":1611715046,"path_taken":["R","M","?","?","M","E","T","?","E","R","M","R","?","?","M","BOSS","R","M","?","?","M","?","T","E","M","R","M","M","R","$","M","BOSS","R","M","?","?","?","R","T","?","E","?","E","R","E","M","M","BOSS","E","$","R","BOSS","BOSS"],"items_purchased_type":["Relic","Card","Relic","Potion","Card","Potion","Relic","Card"],"build_version":"2020-12-22","purchased_purges":0,"victory":true,"max_hp_per_floor":[70,70,70,70,70,70,70,70,70,70,70,70,70,70,70,70,70,70,70,70,70,70,70,70,70,70,70,70,70,70,70,70,70,70,70,70,70,70,84,94,94,94,94,94,94,94,94,94,94,94,94,94,94,94,94,94],"card_choices":[{"not_picked":["bronze:BitShift","bronze:BronzeArmor"],"picked":"bronze:Separator","floor":2.0},{"not_picked":["bronze:FineTuning","bronze:Constructor"],"picked":"bronze:FollowUp","floor":5.0},{"not_picked":["bronze:FindAndReplace","bronze:BuggyMess"],"picked":"bronze:Iterate","floor":6.0},{"not_picked":["bronze:DelayedGuard","bronze:BronzeOrb"],"picked":"bronze:Iterate","floor":8.0},{"not_picked":["bronze:Frontload","bronze:DelayedSlice"],"picked":"bronze:ChosenStrike","floor":9.0},{"not_picked":["bronze:Return","bronze:OilSpill"],"picked":"bronze:DelayedSlice","floor":11.0},{"not_picked":["bronze:Deprecate","bronze:Fortify"],"picked":"bronze:DelayedGuard","floor":14.0},{"not_picked":["bronze:Invalidate","bronze:Separator"],"picked":"bronze:ItsAFeature","floor":15.0},{"not_picked":["bronze:CleanCode","bronze:RecursiveStrike"],"picked":"bronze:Verify","floor":16.0},{"not_picked":["bronze:Turbo","bronze:Backtrace"],"picked":"bronze:Allocate","floor":19.0},{"not_picked":["bronze:NullPointer","bronze:Safeguard"],"picked":"bronze:Deprecate","floor":20.0},{"not_picked":["bronze:Turbo","bronze:Separator"],"picked":"bronze:DelayedSlice","floor":22.0},{"not_picked":["bronze:Turbo","bronze:Overload"],"picked":"bronze:FineTuning","floor":25.0},{"not_picked":["bronze:DelayedSlice","bronze:Shield+1"],"picked":"bronze:FineTuning","floor":26.0},{"not_picked":["bronze:Deprecate","bronze:Constructor+1"],"picked":"bronze:ChildClass+1","floor":28.0},{"not_picked":["bronze:NullPointer+1","bronze:Overheat","bronze:ItsAFeature"],"picked":"SKIP","floor":29.0},{"not_picked":["bronze:Fortify","bronze:Shield","bronze:GetLatest"],"picked":"SKIP","floor":31.0},{"not_picked":["bronze:Safeguard+1","bronze:Overload"],"picked":"bronze:Terminator","floor":32.0},{"not_picked":["bronze:ShipIt","bronze:Assembly"],"picked":"bronze:HardenedForm","floor":33.0},{"not_picked":["bronze:Shield","bronze:Invalidate"],"picked":"bronze:WhirlingStrike","floor":36.0},{"not_picked":["expansioncontent:GuardianWhirl","expansioncontent:AwakenDeath"],"picked":"expansioncontent:YouAreMine","floor":38.0},{"not_picked":["expansioncontent:Hexaburn","expansioncontent:PolyBeam"],"picked":"expansioncontent:InvincibleStrength","floor":38.0},{"not_picked":["expansioncontent:YouAreMine","expansioncontent:AwakenDeath"],"picked":"expansioncontent:PrepareCrush","floor":38.0},{"not_picked":["bronze:Invalidate+1","bronze:Branch+1"],"picked":"bronze:Repulsor","floor":42.0},{"not_picked":["bronze:WildBeam+1","bronze:Separator"],"picked":"bronze:ForceShield+1","floor":43.0},{"not_picked":["bronze:ChosenStrike+1","bronze:Shield","bronze:ForLoop+1"],"picked":"SKIP","floor":44.0},{"not_picked":["bronze:BurnOut","bronze:Separator+1"],"picked":"bronze:Branch+1","floor":45},{"not_picked":["bronze:WhirlingStrike","bronze:Frontload"],"picked":"bronze:ForceShield","floor":47},{"not_picked":["bronze:ForceShield","bronze:Branch"],"picked":"bronze:Constructor","floor":48},{"not_picked":["bronze:Overheat+1","bronze:Overload+1"],"picked":"bronze:Constructor+1","floor":49},{"not_picked":["bronze:CutThrough+1","bronze:Assembly"],"picked":"bronze:InfiniteBeams","floor":52}],"player_experience":1846551,"relics_obtained":[{"floor":6.0,"key":"champ:DuelingGlove"},{"floor":7.0,"key":"Mummified Hand"},{"floor":9.0,"key":"Oddly Smooth Stone"},{"floor":24.0,"key":"Dead Branch"},{"floor":25.0,"key":"Gremlin Horn"},{"floor":39.0,"key":"Mango"},{"floor":41.0,"key":"Mercury Hourglass"},{"floor":43.0,"key":"Old Coin"},{"floor":45,"key":"Du-Vu Doll"},{"floor":47,"key":"bronze:Mallet"},{"floor":52,"key":"Lantern"}],"event_choices":[{"damage_healed":0.0,"max_hp_gain":0.0,"max_hp_loss":0.0,"gold_gain":0.0,"event_name":"Scrap Ooze","player_choice":"Success","floor":3.0,"gold_loss":0.0,"damage_taken":3.0,"relics_obtained":["hexamod:BolsterEngine"]},{"cards_removed":["bronze:Goto"],"damage_healed":0.0,"max_hp_gain":0.0,"max_hp_loss":0.0,"gold_gain":0.0,"event_name":"Wheel of Change","player_choice":"Card Removal","floor":13.0,"gold_loss":0.0,"damage_taken":0.0},{"damage_healed":0.0,"max_hp_gain":0.0,"max_hp_loss":0.0,"gold_gain":0.0,"event_name":"Vampires","player_choice":"Ignored","floor":23.0,"gold_loss":0.0,"damage_taken":0.0}],"is_beta":false,"boss_relics":[{"not_picked":["Astrolabe","Velvet Choker"],"picked":"bronze:MakeshiftBattery"},{"not_picked":["Runic Dome","Snecko Eye"],"picked":"Coffee Dripper"}],"items_purged_floors":[],"is_endless":false,"potions_floor_spawned":[8,9,15,16,22,25,32,33,36,45,47,49],"ascension_level":9}}