{"host":"xobdcpbm4ckypiai","time":1611763220,"event":{"mods":["BaseMod","Conspire","Energized Spire","FoggyMod","Minty Spire (QoL Compilation)","Permanent Neow","Relic Filter Mod","Relic Stats","Reliquary","Replay The Spire","Spicy Shops","StSLib","The Jungle","UnlockEverythingMod","¡¾ÒÅÎï¿¨ÅÆ¡¿REMEMod"],"gold_per_floor":[109,109,109,34,109,109,109,109,109,109,127,127,127,138,138,237,187,204,204,204,32,43,43,43,43,43,43,61,61,61,61,61,164,164,181,197,274,124,124,34,69,85,108,142,142,17,17,17,17,17],"floor_reached":51,"language":"ZHS","playtime":1839,"items_purged":["Defend_B","Strike_B","Defend_B"],"score":833,"play_id":"76702857-10c6-4cc5-9604-fab8a2603ad3","local_time":"20210128000020","is_ascension_mode":false,"campfire_choices":[{"data":"Beam Cell","floor":6.0,"key":"SMITH"},{"data":"Go for the Eyes","floor":8.0,"key":"SMITH"},{"data":"Dualcast","floor":10.0,"key":"SMITH"},{"floor":15.0,"key":"DIG"},{"data":"Creative AI","floor":23.0,"key":"SMITH"},{"data":"REME_Whirling","floor":27.0,"key":"SMITH"},{"data":"REME_ForAll","floor":29.0,"key":"SMITH"},{"data":"REME_Shoggoth","floor":45.0,"key":"SMITH"}],"circlet_count":0,"master_deck":["Defend_B+1","Dualcast+1","Beam Cell+1","Flash of Steel","All For One","Go for the Eyes+1","Rip and Tear","REME_Whirling+1","FTL+1","ReplayGash","Creative AI+1","Strike_B","Reprogram+1","Gash","Reinforced Body","ReplayGash","Turbo+1","REME_ForAll+1","REME_Shoggoth+1","Beam Cell+1","Gash","Madness","Madness","Crystallizer+1","REME_ForAll"],"relics":["Cracked Core","REME_ComplimentaryCards","reliquary:SharkskinSheath","Prayer Wheel","Replay:Bottled Flurry","Bag of Marbles","energizedSpire:HugeHouse","Sundial","conspire:SlowCooker","reliquary:BoilingFlask","Replay:Antivirus Software","reliquary:PurpleTingedLeaf","Ancient Tea Set","MealTicket"],"acts_visited":["Exordium","Exordium","TheBeyond"],"potions_floor_usage":[50],"damage_taken":[{"damage":12.0,"enemies":"Small Slimes","floor":1.0,"turns":4.0},{"damage":4.0,"enemies":"Jaw Worm","floor":11.0,"turns":2.0},{"damage":0.0,"enemies":"2 Louse","floor":14.0,"turns":1.0},{"damage":9.0,"enemies":"Slime Boss","floor":16.0,"turns":5.0},{"damage":16.0,"enemies":"theJungle:Flameango_and_Byrd","floor":18.0,"turns":3.0},{"damage":7.0,"enemies":"Shell Parasite","floor":22.0,"turns":4.0},{"damage":0.0,"enemies":"theJungle:SlimyTreeVines","floor":28.0,"turns":3.0},{"damage":15.0,"enemies":"theJungle:QueenSpyder","floor":33.0,"turns":5.0},{"damage":0.0,"enemies":"Orb Walker","floor":35.0,"turns":1.0},{"damage":0.0,"enemies":"3 Darklings","floor":36.0,"turns":1.0},{"damage":0.0,"enemies":"R_Hoarder","floor":41.0,"turns":2.0},{"damage":10.0,"enemies":"4 Shapes","floor":42.0,"turns":2.0},{"damage":0.0,"enemies":"Nemesis","floor":44.0,"turns":1.0},{"damage":0,"enemies":"conspire:OrnateMirror","floor":50,"turns":1}],"seed_played":"-6975715418863257189","potions_obtained":[{"floor":11.0,"key":"Energy Potion"},{"floor":14.0,"key":"AttackPotion"},{"floor":28.0,"key":"REME_GoldPotion"},{"floor":42.0,"key":"Weak Potion"},{"floor":44.0,"key":"SteroidPotion"},{"floor":49.0,"key":"Adrenaline Potion"},{"floor":49.0,"key":"FearPotion"},{"floor":49.0,"key":"Elixir"}],"is_trial":false,"path_per_floor":["M","?","?","$","?","R","?","R","T","R","M","?","?","M","R","B",null,"M","?","?","$","M","R","?","?","T","R","M","R","?","$","R","B",null,"M","M","T","$","?","?","E","M","T","E","R","$","?","$","R","B",null],"character_chosen":"DEFECT","items_purchased":["ReplayGash","Replay:Antivirus Software"],"campfire_rested":0,"item_purchase_floors":[21,38],"current_hp_per_floor":[63,68,68,68,57,57,57,57,57,57,53,53,53,53,53,44,75,59,59,69,69,62,62,62,62,62,62,62,62,62,62,75,60,75,75,75,75,75,66,66,66,57,57,58,58,73,73,75,75,75],"gold":17,"neow_bonus":"RANDOM_COMMON_RELIC","is_daily":false,"chose_seed":false,"campfire_upgraded":7,"win_rate":0.0,"timestamp":1611763220,"path_taken":["M","?","?","?","?","R","?","R","T","R","?","?","?","?","R","BOSS","M","?","?","?","?","R","?","?","T","R","?","R","?","?","R","BOSS","M","?","?","$","?","?","E","?","T","E","R","$","?","?","R","BOSS"],"items_purchased_type":["Card","Relic"],"build_version":"2020-12-22","purchased_purges":3,"victory":true,"max_hp_per_floor":[75,80,80,80,80,80,80,80,80,80,80,80,80,80,80,80,75,75,75,75,75,75,75,75,75,75,75,75,75,75,75,75,75,75,75,75,75,75,75,75,75,75,75,75,75,75,75,75,75,75],"relic_stats":{"counters":[14,35],"Sundial":[2],"Prayer Wheel":9,"MealTicket":17,"obtain_stats":[{"reliquary:BoilingFlask":37,"conspire:SlowCooker":34,"Ancient Tea Set":43,"Sundial":26,"Prayer Wheel":1,"MealTicket":44,"Replay:Bottled Flurry":9,"Bag of Marbles":15,"energizedSpire:HugeHouse":17,"Replay:Antivirus Software":38,"Cracked Core":0,"reliquary:PurpleTingedLeaf":41,"REME_ComplimentaryCards":0,"reliquary:SharkskinSheath":0},{"reliquary:BoilingFlask":10,"conspire:SlowCooker":8,"Ancient Tea Set":12,"Sundial":6,"Prayer Wheel":1,"MealTicket":13,"Replay:Bottled Flurry":1,"Bag of Marbles":3,"energizedSpire:HugeHouse":4,"Replay:Antivirus Software":10,"Cracked Core":0,"reliquary:PurpleTingedLeaf":11,"REME_ComplimentaryCards":0,"reliquary:SharkskinSheath":0},{"reliquary:BoilingFlask":29,"conspire:SlowCooker":27,"Ancient Tea Set":33,"Sundial":19,"Prayer Wheel":3,"MealTicket":34,"Replay:Bottled Flurry":4,"Bag of Marbles":7,"energizedSpire:HugeHouse":12,"Replay:Antivirus Software":29,"Cracked Core":0,"reliquary:PurpleTingedLeaf":31,"REME_ComplimentaryCards":0,"reliquary:SharkskinSheath":0}]},"card_choices":[{"not_picked":["BasicCrystalCard","Stack"],"picked":"Chill","floor":1.0},{"not_picked":["Time Bomb","Cold Snap"],"picked":"Beam Cell","floor":1.0},{"not_picked":["ReplayTheSpireMod:Reroute Power","Cold Snap"],"picked":"REME_Whirling","floor":11.0},{"not_picked":["Lockon","Go for the Eyes"],"picked":"FTL","floor":11.0},{"not_picked":["Chill","Auto Shields"],"picked":"ReplayGash","floor":14.0},{"not_picked":["ReplayTheSpireMod:GoodbyeWorld","Darkness","Sweeping Beam"],"picked":"SKIP","floor":14.0},{"not_picked":["Thunder Strike","Core Surge"],"picked":"Creative AI","floor":16.0},{"not_picked":["Ball Lightning+1","Beam Cell"],"picked":"Gash","floor":18.0},{"not_picked":["Ball Lightning","Compile Driver"],"picked":"Reinforced Body","floor":18.0},{"not_picked":["ReplayTheSpireMod:GoodbyeWorld","Rip and Tear"],"picked":"Turbo+1","floor":22.0},{"not_picked":["Doom and Gloom+1","Compile Driver+1","Coolheaded"],"picked":"SKIP","floor":22.0},{"not_picked":["Conserve Battery","Cold Snap"],"picked":"REME_ForAll","floor":28.0},{"not_picked":["Lockon","Steam Power","BasicCrystalCard"],"picked":"SKIP","floor":28.0},{"not_picked":["REME_ForAll","Multi-Cast"],"picked":"REME_Shoggoth","floor":33.0},{"not_picked":["Lockon","Heatsinks","Force Field+1"],"picked":"SKIP","floor":35.0},{"not_picked":["Stack","ReplayTheSpireMod:Repulse+1","Lockon"],"picked":"SKIP","floor":35.0},{"not_picked":["Consume+1","Sweeping Beam+1"],"picked":"Beam Cell+1","floor":36.0},{"not_picked":["Beam Cell+1","Sunder+1"],"picked":"Gash","floor":36.0},{"not_picked":["ReplayTheSpireMod:Calculation Training+1","Recycle+1","Stack+1"],"picked":"SKIP","floor":41.0},{"not_picked":["Undo+1","Time Bomb+1"],"picked":"Crystallizer+1","floor":42.0},{"not_picked":["Defragment+1","Ball Lightning+1","Turbo+1"],"picked":"SKIP","floor":42.0},{"not_picked":["REME_Compress","Hello World"],"picked":"REME_ForAll","floor":44.0}],"player_experience":65250,"relics_obtained":[{"floor":9.0,"key":"Replay:Bottled Flurry"},{"floor":15.0,"key":"Bag of Marbles"},{"floor":26.0,"key":"Sundial"},{"floor":37.0,"key":"reliquary:BoilingFlask"},{"floor":41.0,"key":"reliquary:PurpleTingedLeaf"},{"floor":43.0,"key":"Ancient Tea Set"},{"floor":44.0,"key":"MealTicket"}],"event_choices":[{"damage_healed":0.0,"max_hp_gain":5.0,"max_hp_loss":0.0,"gold_gain":0.0,"event_name":"Big Fish","player_choice":"Donut","floor":2.0,"gold_loss":0.0,"damage_taken":0.0},{"damage_healed":0.0,"max_hp_gain":0.0,"max_hp_loss":0.0,"gold_gain":75.0,"event_name":"World of Goop","player_choice":"Gather Gold","floor":5.0,"gold_loss":0.0,"damage_taken":11.0},{"damage_healed":0.0,"max_hp_gain":0.0,"max_hp_loss":0.0,"gold_gain":0.0,"event_name":"Match and Keep!","player_choice":"4 cards matched","floor":7.0,"gold_loss":0.0,"damage_taken":0.0,"cards_obtained":["Flash of Steel","All For One","Go for the Eyes","Rip and Tear"]},{"cards_removed":["Zap"],"damage_healed":0.0,"max_hp_gain":0.0,"max_hp_loss":0.0,"gold_gain":0.0,"event_name":"Living Wall","player_choice":"Forget","floor":12.0,"gold_loss":0.0,"damage_taken":0.0},{"cards_removed":["Strike_B"],"damage_healed":0.0,"max_hp_gain":0.0,"max_hp_loss":0.0,"gold_gain":0.0,"event_name":"Purifier","player_choice":"Purged","floor":13.0,"gold_loss":0.0,"damage_taken":0.0},{"damage_healed":0.0,"max_hp_gain":0.0,"max_hp_loss":0.0,"gold_gain":0.0,"event_name":"Accursed Blacksmith","player_choice":"Forge","floor":25.0,"gold_loss":0.0,"damage_taken":0.0,"cards_upgraded":["Reprogram"]},{"cards_removed":["Strike_B"],"damage_healed":0.0,"max_hp_gain":0.0,"max_hp_loss":0.0,"gold_gain":0.0,"event_name":"Bonfire Elementals","player_choice":"Offered Basic","floor":30.0,"gold_loss":0.0,"damage_taken":0.0},{"damage_healed":0.0,"max_hp_gain":0.0,"max_hp_loss":0.0,"gold_gain":0.0,"event_name":"Winding Halls","player_choice":"Embrace Madness","floor":39.0,"gold_loss":0.0,"damage_taken":9.0,"cards_obtained":["Madness","Madness"]},{"cards_removed":["Defend_B"],"damage_healed":0.0,"max_hp_gain":0.0,"max_hp_loss":0.0,"gold_gain":0.0,"event_name":"Designer","player_choice":"Upgrade and Remove","floor":40.0,"gold_loss":90.0,"damage_taken":0.0,"cards_upgraded":["Defend_B"]},{"damage_healed":0.0,"max_hp_gain":0.0,"max_hp_loss":0.0,"gold_gain":0.0,"event_name":"Lab","player_choice":"Got Potions","floor":49.0,"gold_loss":0.0,"damage_taken":0.0}],"is_beta":false,"boss_relics":[{"not_picked":["Replay:Wanted Poster","Replay:Fungal Core"],"picked":"energizedSpire:HugeHouse"},{"not_picked":["Busted Crown","Fusion Hammer"],"picked":"conspire:SlowCooker"}],"items_purged_floors":[4,21,46],"is_endless":false,"potions_floor_spawned":[11,14,28,42,44],"ascension_level":0}}