{"host":"6q94iy5iz6612v89","time":1611782477,"event":{"mods":["2.2 Compatiblity","AchievementEnabler","BaseMod","Colored Map","DeckTracker","Keyboard Shortcuts","Marisa£¨Ùöéë¡¡Øª×âÞÞ£©","Minty Spire (QoL Compilation)","Permanent Neow","StSLib","SuperFastMode"],"gold_per_floor":[118,131,143,160,160,160,173,204,204,217,244,261,233,9,9,87,87,104,115,115,126,26,26,26,46,46,46,80,80,100,110,110,110,110],"floor_reached":33,"language":"KOR","playtime":683,"items_purged":["Strike_MRS","Strike_MRS"],"score":587,"play_id":"3c0d6de6-d388-4b02-b0d8-97affaab8ed0","local_time":"20210128062117","is_ascension_mode":true,"campfire_choices":[{"data":"BlazingStar","floor":6.0,"key":"SMITH"},{"floor":15,"key":"REST"},{"floor":23,"key":"REST"},{"floor":27,"key":"REST"},{"data":"SuperNova","floor":29,"key":"SMITH"},{"floor":32,"key":"REST"}],"circlet_count":0,"master_deck":["AscendersBane","Strike_MRS","Strike_MRS","Defend_MRS","Defend_MRS","Defend_MRS","Defend_MRS+1","MasterSpark","UpSweep","ChargeUpSpray+1","BlazingStar+1","SuperNova+1","EnergyFlow+1","SporeBomb+1","DragonMeteor+1"],"relics":["MiniHakkero","Lantern","Potion Belt","Nunchaku","PreservedInsect","Philosopher\u0027s Stone","FaceOfCleric","StrikeDummy"],"acts_visited":["Exordium","TheCity"],"potions_floor_usage":[8,11,12,16,19,28],"damage_taken":[{"damage":0.0,"enemies":"Cultist","floor":1.0,"turns":2.0},{"damage":0.0,"enemies":"Small Slimes","floor":2.0,"turns":2.0},{"damage":2.0,"enemies":"Jaw Worm","floor":3.0,"turns":3.0},{"damage":10.0,"enemies":"3 Louse","floor":4.0,"turns":3.0},{"damage":8.0,"enemies":"Blue Slaver","floor":7.0,"turns":3.0},{"damage":6,"enemies":"Lagavulin","floor":8,"turns":6},{"damage":9,"enemies":"Red Slaver","floor":10,"turns":2},{"damage":12,"enemies":"Gremlin Nob","floor":11,"turns":3},{"damage":0,"enemies":"Exordium Thugs","floor":12,"turns":4},{"damage":0,"enemies":"Slime Boss","floor":16,"turns":5},{"damage":29,"enemies":"3 Byrds","floor":18,"turns":5},{"damage":0,"enemies":"2 Thieves","floor":19,"turns":1},{"damage":24,"enemies":"Snake Plant","floor":21,"turns":4},{"damage":15,"enemies":"3 Cultists","floor":25,"turns":4},{"damage":11,"enemies":"Book of Stabbing","floor":28,"turns":2},{"damage":0,"enemies":"Snecko","floor":30,"turns":2},{"damage":10,"enemies":"Centurion and Healer","floor":31,"turns":3},{"damage":91,"enemies":"Automaton","floor":33,"turns":6}],"seed_played":"-2639509802258228563","potions_obtained":[{"floor":0.0,"key":"Explosive Potion"},{"floor":0.0,"key":"Energy Potion"},{"floor":2.0,"key":"Dexterity Potion"},{"floor":8,"key":"EssenceOfSteel"},{"floor":11,"key":"Block Potion"},{"floor":12,"key":"AttackPotion"},{"floor":18,"key":"AttackPotion"},{"floor":25,"key":"LiquidMemories"}],"is_trial":false,"path_per_floor":["M","M","M","M","?","R","M","E","T","M","E","M","?","$","R","B",null,"M","M","?","M","$","R","?","M","T","R","E","R","M","M","R","B"],"character_chosen":"MARISA","items_purchased":["PreservedInsect"],"campfire_rested":4,"item_purchase_floors":[14],"current_hp_per_floor":[68,68,66,56,41,41,33,27,27,18,6,6,6,6,28,28,63,34,34,34,10,10,32,32,18,18,40,30,30,31,22,45,0,0],"gold":110,"neow_bonus":"THREE_SMALL_POTIONS","is_daily":false,"chose_seed":false,"campfire_upgraded":2,"win_rate":0.0,"timestamp":1611782477,"path_taken":["M","?","M","M","?","R","M","E","T","M","E","M","?","$","R","BOSS","M","M","?","M","$","R","?","M","T","R","E","R","M","M","R","BOSS"],"items_purchased_type":["Relic"],"build_version":"2020-12-22","purchased_purges":2,"victory":false,"max_hp_per_floor":[75,75,75,75,75,75,75,75,75,75,75,75,75,75,75,75,75,75,75,75,75,75,75,75,76,76,76,77,77,78,79,79,79,79],"card_choices":[{"not_picked":["LuminesStrike","MilkyWay","Acceleration"],"picked":"SKIP","floor":1.0},{"not_picked":["OrrerysSun","SporeBomb"],"picked":"ChargeUpSpray","floor":2.0},{"not_picked":["AsteroidBelt","DC"],"picked":"BlazingStar","floor":3.0},{"not_picked":["OpenUniverse","DarkMatter","EnergyRecoil"],"picked":"SKIP","floor":4.0},{"not_picked":["DragonMeteor","SporeBomb","MilkyWay"],"picked":"SKIP","floor":7},{"not_picked":["Occultation","MagicChant","IllusionStar"],"picked":"SKIP","floor":8},{"not_picked":["DragonMeteor","SporeBomb","Robbery"],"picked":"SKIP","floor":10},{"not_picked":["DarkSpark","Robbery","SporeBomb"],"picked":"SKIP","floor":11},{"not_picked":["LuminesStrike","RefractionSpark","GasGiant"],"picked":"SKIP","floor":12},{"not_picked":["BinaryStars","BlazingStar"],"picked":"SuperNova","floor":16},{"not_picked":["DarkMatter+1","DC","UnstableBomb"],"picked":"SKIP","floor":18},{"not_picked":["MysteriousBeam","SporeBomb+1"],"picked":"EnergyFlow+1","floor":19},{"not_picked":["MysteriousBeam","Singularity","LuminesStrike"],"picked":"SKIP","floor":21},{"not_picked":["Singularity","MysteriousBeam","MilkyWay"],"picked":"SKIP","floor":25},{"not_picked":["UnstableBomb","BlazeAway"],"picked":"SporeBomb+1","floor":28},{"not_picked":["ShootingEcho","UnstableBomb","FairyDestructionRay"],"picked":"SKIP","floor":30},{"not_picked":["ShootingEcho","TreasureHunter"],"picked":"DragonMeteor+1","floor":31}],"player_experience":1506810,"relics_obtained":[{"floor":8,"key":"Lantern"},{"floor":9,"key":"Potion Belt"},{"floor":11,"key":"Nunchaku"},{"floor":28,"key":"StrikeDummy"}],"event_choices":[{"damage_healed":0.0,"max_hp_gain":0.0,"max_hp_loss":0.0,"gold_gain":0.0,"event_name":"Shining Light","player_choice":"Entered Light","floor":5.0,"gold_loss":0.0,"damage_taken":15.0,"cards_upgraded":["ChargeUpSpray","Defend_MRS"]},{"damage_healed":0,"gold_gain":0,"player_choice":"Left Gold","damage_taken":0,"max_hp_gain":0,"max_hp_loss":0,"event_name":"World of Goop","floor":13,"gold_loss":28},{"damage_healed":0,"gold_gain":0,"player_choice":"Ignored","damage_taken":0,"max_hp_gain":0,"max_hp_loss":0,"event_name":"The Mausoleum","floor":20,"gold_loss":0},{"damage_healed":0,"gold_gain":0,"player_choice":"Trade","damage_taken":0,"relics_obtained":["FaceOfCleric"],"max_hp_gain":0,"max_hp_loss":0,"event_name":"FaceTrader","floor":24,"gold_loss":0}],"is_beta":false,"boss_relics":[{"not_picked":["Empty Cage","BewitchedHakkero"],"picked":"Philosopher\u0027s Stone"}],"items_purged_floors":[14,22],"is_endless":false,"potions_floor_spawned":[2,8,11,12,18,25],"killed_by":"Automaton","ascension_level":13}}