{"host":"ctlqibkg0sskiu65","time":1611728743,"event":{"mods":["AchievementEnabler","Aspiration","BaseMod","BetterRewards","Colored Map","Colored Powertips","Conspire","Fiend Mod","Infinite Spire","Minty Spire (QoL Compilation)","Quick Restart","Replay The Spire","Shop Mod","StSLib","The Bladedancer","The Cursed","The Hierophant","The Jungle","The Kombatant","The Servant 0.9.4","TheBandit"],"gold_per_floor":[112,37,37,37,49,49,64,64,64,64,64,64],"floor_reached":11,"language":"ENG","playtime":260,"items_purged":["wariomod:Strike"],"score":116,"play_id":"4040b0d0-a936-44bc-826e-f01348b4049c","local_time":"20210127002543","is_ascension_mode":true,"campfire_choices":[{"data":"conspire:PoisonWeapons","floor":6.0,"key":"SMITH"},{"data":"Deadly Poison","floor":8.0,"key":"SMITH"},{"data":"Neutralize","floor":10.0,"key":"SMITH"}],"circlet_count":0,"master_deck":["AscendersBane","Strike_G","Strike_G","Strike_G","Strike_G","Strike_G","Defend_G","Defend_G","Defend_G","Defend_G","Defend_G","Survivor","Neutralize+1","Defend_S","Deadly Poison+1","conspire:PoisonWeapons+1"],"relics":["Ring of the Snake","The Specimen","Toy Ornithopter","aspiration:HummingbirdHeart"],"acts_visited":[],"potions_floor_usage":[],"damage_taken":[{"damage":14.0,"enemies":"Cultist","floor":1.0,"turns":6.0},{"damage":6.0,"enemies":"Small Slimes","floor":5.0,"turns":6.0},{"damage":1.0,"enemies":"Jaw Worm","floor":7.0,"turns":3.0},{"damage":68,"enemies":"Gremlin Nob","floor":11,"turns":5}],"seed_played":"7346987223890450678","potions_obtained":[{"floor":5.0,"key":"Poison Potion"}],"is_trial":false,"path_per_floor":["M","$","T","?","M","R","M","R","T","R","E"],"character_chosen":"THE_SILENT","items_purchased":[],"campfire_rested":0,"item_purchase_floors":[],"current_hp_per_floor":[45,45,45,45,39,39,43,43,43,43,0,0],"gold":64,"neow_bonus":"ONE_RARE_RELIC","is_daily":false,"chose_seed":false,"campfire_upgraded":3,"win_rate":0.0,"timestamp":1611728743,"path_taken":["M","$","?","?","M","R","M","R","T","R","E"],"items_purchased_type":[],"build_version":"2020-12-22","purchased_purges":1,"victory":false,"max_hp_per_floor":[66,66,66,66,66,66,66,66,66,66,66,66],"card_choices":[{"not_picked":["Flying Knee","Expertise"],"picked":"Deadly Poison","floor":1.0},{"not_picked":["Underhanded Strike","ReplayTheSpireMod:Scrap Shanks"],"picked":"conspire:PoisonWeapons","floor":5.0},{"not_picked":["Slice","ReplayTheSpireMod:Scrap Shanks","Choke"],"picked":"SKIP","floor":7.0}],"player_experience":251749,"relics_obtained":[{"floor":3.0,"key":"Toy Ornithopter"},{"floor":9.0,"key":"aspiration:HummingbirdHeart"}],"event_choices":[{"damage_healed":0.0,"max_hp_gain":0.0,"max_hp_loss":0.0,"gold_gain":0.0,"event_name":"Transmorgrifier","player_choice":"Ignored","floor":4.0,"gold_loss":0.0,"damage_taken":0.0}],"is_beta":false,"boss_relics":[],"items_purged_floors":[2],"is_endless":false,"potions_floor_spawned":[5],"killed_by":"Gremlin Nob","ascension_level":18}}