{"host":"v79nb9qnzs8cga96","time":1611773816,"event":{"mods":["Aspiration","BaseMod","Better Note","Block Reminder","GifTheSpireLib","Minty Spire (QoL Compilation)","Quarter Circle Forward PUNCH!","SacredBarkPlus","Slumbering Mod","Small Relic Pack","StSLib","Stuff the Spire","The Florist","The Poker Player","The Spell Scribe","[IsaacMod]????"],"gold_per_floor":[119,210,165,182,182,209,134,160,184,203,228,228,241,260,260,358,358,376,360,41,41,54,87,98,132,157,489,220,220,220,220,220,220,220],"floor_reached":33,"language":"ENG","playtime":1734,"items_purged":["Regret"],"score":339,"play_id":"754bd692-352f-46c4-8b1b-dc83c9a468bb","local_time":"20210127205656","is_ascension_mode":true,"campfire_choices":[{"floor":12,"key":"REST"},{"floor":15,"key":"REST"},{"floor":29,"key":"REST"},{"floor":32,"key":"REST"}],"circlet_count":0,"master_deck":["Strike_G","Strike_G","Strike_G","Strike_G","Strike_G","Defend_G","Defend_G","Defend_G","Defend_G","Defend_G","Survivor","Neutralize","Deadly Poison","Finisher","Bane","PiercingWail","A Thousand Cuts","Deflect+1","EpicFetus","Bouncing Flask","StuffTheSpire:Incantation","Footwork"],"relics":["HushsDoor","aspiration:FutureDiary","Chaos","StuffTheSpire:RedRose","ClockworkSouvenir","qcfpunch:Combat_Fatigues","HoveringKite","Membership Card","PreservedInsect","Calipers","Nloth\u0027s Gift","StuffTheSpire:Expresso","Juzu Bracelet","Old Coin","Ornamental Fan","Ancient Tea Set"],"acts_visited":["Exordium","TheCity"],"potions_floor_usage":[8,11,24,25,27,33,33],"damage_taken":[{"damage":0,"enemies":"2 Louse","floor":1,"turns":3},{"damage":0,"enemies":"Cultist","floor":4,"turns":4},{"damage":27,"enemies":"Gremlin Nob","floor":6,"turns":5},{"damage":13,"enemies":"Lagavulin","floor":8,"turns":6},{"damage":0,"enemies":"Jaw Worm","floor":10,"turns":3},{"damage":8,"enemies":"3 Sentries","floor":11,"turns":8},{"damage":0,"enemies":"Red Slaver","floor":13,"turns":3},{"damage":0,"enemies":"Large Slime","floor":14,"turns":2},{"damage":28,"enemies":"Slime Boss","floor":16,"turns":11},{"damage":5,"enemies":"3 Byrds","floor":18,"turns":3},{"damage":9,"enemies":"2 Thieves","floor":19,"turns":4},{"damage":0,"enemies":"Centurion and Healer","floor":22,"turns":7},{"damage":24,"enemies":"Book of Stabbing","floor":23,"turns":5},{"damage":7,"enemies":"Shelled Parasite and Fungi","floor":24,"turns":4},{"damage":29,"enemies":"Gremlin Leader","floor":25,"turns":7},{"damage":14,"enemies":"Slavers","floor":27,"turns":4},{"damage":64,"enemies":"Collector","floor":33,"turns":6}],"seed_played":"-2808570896870432642","potions_obtained":[{"floor":4,"key":"AttackPotion"},{"floor":6,"key":"Fire Potion"},{"floor":8,"key":"EssenceOfSteel"},{"floor":11,"key":"Swift Potion"},{"floor":18,"key":"Poison Potion"},{"floor":24,"key":"FairyPotion"},{"floor":27,"key":"Energy Potion"},{"floor":31,"key":"Regen Potion"},{"floor":31,"key":"AttackPotion"}],"is_trial":false,"path_per_floor":["M","?","?","M","?","E","$","E","T","M","E","R","M","M","R","B",null,"M","M","$","?","M","E","M","E","T","E","$","R","?","?","R","B"],"character_chosen":"THE_SILENT","items_purchased":["PreservedInsect","Calipers","EpicFetus","Ornamental Fan","Ancient Tea Set","StuffTheSpire:Incantation","Footwork"],"campfire_rested":4,"item_purchase_floors":[20,20,20,28,28,28,28],"current_hp_per_floor":[70,55,55,55,55,28,28,15,15,15,7,28,28,28,49,21,70,65,56,56,56,56,32,25,21,21,7,7,28,28,28,49,0,0],"gold":220,"neow_bonus":"BOSS_RELIC","is_daily":false,"chose_seed":false,"campfire_upgraded":0,"win_rate":0.0,"timestamp":1611773816,"path_taken":["M","?","?","M","?","E","$","E","T","M","E","R","M","M","R","BOSS","M","M","$","?","M","E","M","E","T","E","?","R","?","?","R","BOSS"],"items_purchased_type":["Relic","Relic","Card","Relic","Relic","Card","Card"],"build_version":"2020-12-22","purchased_purges":1,"victory":false,"max_hp_per_floor":[70,70,70,70,70,70,70,70,70,70,70,70,70,70,70,70,70,70,70,70,70,70,70,70,70,70,70,70,70,70,70,70,70,70],"card_choices":[{"not_picked":["Outmaneuver","Underhanded Strike"],"picked":"Deadly Poison","floor":1},{"not_picked":["StuffTheSpire:BumpUp","Backflip"],"picked":"Finisher","floor":4},{"not_picked":["Calculated Gamble","Finisher"],"picked":"Bane","floor":6},{"not_picked":["StuffTheSpire:Python","Dagger Spray","Escape Plan"],"picked":"SKIP","floor":8},{"not_picked":["Backflip","Glass Knife"],"picked":"PiercingWail","floor":10},{"not_picked":["Reflex","Acrobatics","Leg Sweep"],"picked":"SKIP","floor":11},{"not_picked":["Bane","StuffTheSpire:MirrorStance","Wraith Form v2"],"picked":"SKIP","floor":13},{"not_picked":["Bane","StuffTheSpire:MirrorStance","Wraith Form v2"],"picked":"SKIP","floor":13},{"not_picked":["StuffTheSpire:ClusterCrunch","Dagger Throw","Crippling Poison"],"picked":"SKIP","floor":14},{"not_picked":["Doppelganger","Grand Finale"],"picked":"A Thousand Cuts","floor":16},{"not_picked":["Accuracy","Dagger Spray","Leg Sweep+1"],"picked":"SKIP","floor":18},{"not_picked":["Reflex","Endless Agony"],"picked":"Deflect+1","floor":19},{"not_picked":["StuffTheSpire:BumpUp","Backflip","Acrobatics+1"],"picked":"SKIP","floor":22},{"not_picked":["StuffTheSpire:Shiver","Underhanded Strike","Masterful Stab+1"],"picked":"SKIP","floor":23},{"not_picked":["PiercingWail","Blade Dance","Leg Sweep"],"picked":"SKIP","floor":24},{"not_picked":["StuffTheSpire:Python","A Thousand Cuts","Dagger Spray+1"],"picked":"SKIP","floor":25},{"not_picked":["Tools of the Trade","PiercingWail"],"picked":"Bouncing Flask","floor":27}],"player_experience":376512,"relics_obtained":[{"floor":6,"key":"Turnip"},{"floor":8,"key":"ClockworkSouvenir"},{"floor":9,"key":"qcfpunch:Combat_Fatigues"},{"floor":11,"key":"HoveringKite"},{"floor":25,"key":"StuffTheSpire:Expresso"},{"floor":26,"key":"Juzu Bracelet"},{"floor":27,"key":"Old Coin"}],"event_choices":[{"damage_healed":0,"gold_gain":0,"player_choice":"Left Gold","damage_taken":0,"max_hp_gain":0,"max_hp_loss":0,"event_name":"World of Goop","floor":3,"gold_loss":45},{"damage_healed":0,"gold_gain":0,"player_choice":"Traded Relic","damage_taken":0,"relics_obtained":["Nloth\u0027s Gift"],"max_hp_gain":0,"max_hp_loss":0,"event_name":"N\u0027loth","floor":21,"relics_lost":["Turnip"],"gold_loss":0},{"damage_healed":0,"gold_gain":0,"player_choice":"Ignored","damage_taken":0,"max_hp_gain":0,"max_hp_loss":0,"event_name":"Transmorgrifier","floor":30,"gold_loss":0},{"damage_healed":0,"gold_gain":0,"player_choice":"Got Potions","damage_taken":0,"max_hp_gain":0,"max_hp_loss":0,"event_name":"Lab","floor":31,"gold_loss":0}],"is_beta":false,"boss_relics":[{"not_picked":["aspiration:MysteriousAuxiliaryCore","Red Skull"],"picked":"Membership Card"},{"not_picked":[]}],"items_purged_floors":[7],"is_endless":false,"potions_floor_spawned":[4,6,8,11,18,22,24,27],"killed_by":"Collector","ascension_level":1}}