{"host":"48dm3tz8j4qwgdv8","time":1611721582,"event":{"mods":["Act Like it!","Aspiration","BaseMod","Bestiary","Better Altar","Better Match","Better Note","Better Sensory Stone","Better Skull","Better Third Choice","Colored Map","Colored Powertips","DeckTracker","Downfall","Energized Spire","Hallownest","Highlight Path","Hubris","Infinite Spire","Mimic Mod","Minty Spire (QoL Compilation)","Permanent Neow","Quick Restart","Relic Sorter","Relic Stats","Replay The Spire","Shop Mod","Spicy Shops","StSLib","SuperFastMode","The Blue Laboratory"],"gold_per_floor":[99,295,305,315,330,345,345,379,39,39,67,67,67,0,20,20,20,20],"floor_reached":16,"language":"ENG","playtime":948,"items_purged":["ReplayTheSpireMod:Splinters","expansioncontent:YouAreMine"],"score":110,"play_id":"23535d4c-a5be-40b2-a15f-b32afef07f80","local_time":"20210127052622","is_ascension_mode":false,"campfire_choices":[{"data":"bronze:Goto","floor":1,"key":"SMITH"},{"floor":13,"key":"REST"}],"circlet_count":0,"master_deck":["bronze:Strike+1","bronze:Strike","bronze:Strike","bronze:Defend","bronze:Defend","bronze:Defend","bronze:Defend","bronze:Replicate+1","bronze:Goto+1","bronze:Return","bronze:GetLatest","bronze:OilSpill","bronze:Philosophize","bronze:Iterate","bronze:BronzeOrb","expansioncontent:QuickStudy+1","bronze:OilSpill","bronze:BronzeOrb","downfall:Malfunctioning","bronze:ForLoop"],"relics":["bronze:BronzeCore","Pantograph","Blood Vial","Pen Nib"],"acts_visited":["Exordium"],"potions_floor_usage":[],"damage_taken":[{"damage":1,"enemies":"Cultist","floor":3,"turns":3},{"damage":1,"enemies":"Jaw Worm","floor":4,"turns":2},{"damage":0,"enemies":"2 Louse","floor":5,"turns":2},{"damage":8,"enemies":"Red Slaver","floor":6,"turns":3},{"damage":15,"enemies":"Lagavulin","floor":8,"turns":5},{"damage":2,"enemies":"downfall:FleeingMerchant","floor":9,"turns":4},{"damage":21,"enemies":"Replay:BlueRogue","floor":11,"turns":6},{"damage":15,"enemies":"downfall:FleeingMerchant","floor":14,"turns":4},{"damage":5,"enemies":"Gremlin Gang","floor":15,"turns":4},{"damage":59,"enemies":"DF_ARCHETYPE_STREAMLINE","floor":16,"turns":6}],"seed_played":"-743328873398066633","potions_obtained":[{"floor":5,"key":"SneckoOil"},{"floor":8,"key":"blueLaboratory:EnragingPotion"},{"floor":15,"key":"Explosive Potion"}],"is_trial":false,"path_per_floor":["R","?","M","M","M","M","T","E","$","?","E","?","R","$","M","B"],"character_chosen":"THE_AUTOMATON","items_purchased":["expansioncontent:QuickStudy","bronze:OilSpill"],"campfire_rested":1,"item_purchase_floors":[9,9],"current_hp_per_floor":[70,70,69,68,68,60,60,45,45,45,26,26,47,34,31,0,0,0],"gold":20,"neow_bonus":"REMOVE_CARD","is_daily":false,"chose_seed":false,"campfire_upgraded":1,"win_rate":0.0,"timestamp":1611721582,"path_taken":["R","?","M","?","M","M","T","E","$","?","E","?","R","$","M","BOSS"],"items_purchased_type":["Card","Card"],"build_version":"2020-12-22","purchased_purges":2,"victory":false,"max_hp_per_floor":[70,70,70,70,70,70,70,70,70,70,70,70,70,70,70,70,70,70],"relic_stats":{"Blood Vial":10,"counters":[10,39],"Pantograph":25,"Pen Nib":[2],"obtain_stats":[{"Blood Vial":8,"bronze:BronzeCore":0,"Pantograph":7,"Pen Nib":11},{"Blood Vial":5,"bronze:BronzeCore":0,"Pantograph":4,"Pen Nib":7},{"Blood Vial":15,"bronze:BronzeCore":0,"Pantograph":10,"Pen Nib":25}]},"card_choices":[{"not_picked":["bronze:Repair","bronze:BugBarrage"],"picked":"bronze:Return","floor":2},{"not_picked":["bronze:Safeguard","bronze:Return"],"picked":"bronze:GetLatest","floor":3},{"not_picked":["bronze:Overload","bronze:BugBarrage"],"picked":"bronze:OilSpill","floor":4},{"not_picked":["bronze:CutThrough","bronze:Safeguard"],"picked":"bronze:Philosophize","floor":5},{"not_picked":["bronze:Repair","bronze:Turbo"],"picked":"bronze:Iterate","floor":6},{"not_picked":["bronze:Shield","bronze:DelayedGuard","bronze:BronzeArmor"],"picked":"SKIP","floor":8},{"not_picked":["bronze:BuggyMess","bronze:Allocate"],"picked":"bronze:BronzeOrb","floor":9},{"not_picked":["bronze:CutThrough","bronze:Shield"],"picked":"bronze:BronzeOrb","floor":11},{"not_picked":["bronze:ClassDefault","bronze:ThunderWave","bronze:Iterate"],"picked":"SKIP","floor":14},{"not_picked":["bronze:Optimize","bronze:FineTuning"],"picked":"bronze:ForLoop","floor":15}],"player_experience":461894,"relics_obtained":[{"floor":7,"key":"Pantograph"},{"floor":8,"key":"Blood Vial"},{"floor":11,"key":"Pen Nib"}],"event_choices":[],"is_beta":false,"boss_relics":[],"items_purged_floors":[9,14],"is_endless":false,"potions_floor_spawned":[5,8,15],"killed_by":"DF_ARCHETYPE_STREAMLINE","ascension_level":0}}