{"host":"0rxdudjy6rylha1k","time":1611734409,"event":{"mods":["Aspiration","BaseMod","Colored Map","Colored Powertips","Downfall","Highlight Path","Hubris","Minty Spire (QoL Compilation)","StSLib"],"gold_per_floor":[99,114,114,214,2,2,26,38,65,84,99,127,146,156,166,264,264,164,183,183,183,197,197,222,242,234,249,278,178,198,233,252,358,358,258,270,284,298,373,373,373,373,388,388,416,434,434,434,445,445,445,480,60,60,60,60,60,60],"floor_reached":56,"language":"ENG","playtime":6291,"items_purged":[],"score":1003,"play_id":"86465050-d2d5-4992-a2d3-1270ee651682","local_time":"20210127010009","is_ascension_mode":true,"campfire_choices":[{"floor":1.0,"key":"RECALL"},{"data":"hexamod:TimeOfNeed","floor":6.0,"key":"SMITH"},{"data":"hexamod:TimeWarp","floor":18.0,"key":"SMITH"},{"floor":23.0,"key":"REST"},{"floor":29.0,"key":"REST"},{"data":"hexamod:HexaLevel","floor":35.0,"key":"SMITH"},{"data":"hexamod:GhostflameBarrier","floor":40.0,"key":"SMITH"},{"data":"hexamod:ShieldOfDarkness","floor":42.0,"key":"SMITH"},{"floor":54.0,"key":"REST"}],"circlet_count":0,"master_deck":["hexamod:Defend","hexamod:Defend","hexamod:Defend","hexamod:Defend","hexamod:Sear","hexamod:Float","hexamod:TimeOfNeed+1","hexamod:GhostflameBarrier+1","hexamod:Firestarter","hexamod:PhantomFireball","hexamod:HeatMetal","hexamod:InspiringFlames","hexamod:TimeWarp+1","hexamod:EmpoweredFlame","hexamod:ShieldOfDarkness+1","hexamod:HeatMetal","hexamod:WildfireWeapon+1","Bite","Bite","Bite","Bite","Bite","hexamod:Hexaguard+1","hexamod:SpectersWail+1","hexamod:NightmareStrike+1","hexamod:Firestarter+1","hexamod:NightmareGuise+1","hexamod:TimeWarp","hexamod:HexaLevel+1","hexamod:PhantomFireball+1","hexamod:HeatShield+1","hexamod:FirstSeal","hexamod:TimeOfNeed"],"relics":["hexamod:SpiritBrand","Vajra","Oddly Smooth Stone","Regal Pillow","Strawberry","Busted Crown","downfall:HeartBlessingRed","Enchiridion","Toy Ornithopter","downfall:HeartBlessingBlue","Mango","hexamod:TheBrokenSeal","aspiration:SecretTechniqueScroll","downfall:HeartBlessingGreen","Question Card","Ginger","Bottled Tornado","Ornamental Fan","Blue Candle","Pen Nib","hexamod:RecyclingMachine"],"acts_visited":["Exordium","TheCity","TheBeyond","TheEnding"],"potions_floor_usage":[55,55,55],"damage_taken":[{"damage":0.0,"enemies":"Small Slimes","floor":2.0,"turns":3.0},{"damage":0.0,"enemies":"downfall:FleeingMerchant","floor":5.0,"turns":4.0},{"damage":0.0,"enemies":"2 Louse","floor":8.0,"turns":3.0},{"damage":22.0,"enemies":"Lagavulin","floor":9.0,"turns":4.0},{"damage":1.0,"enemies":"Jaw Worm","floor":10.0,"turns":3.0},{"damage":0.0,"enemies":"Exordium Wildlife","floor":11.0,"turns":3.0},{"damage":11.0,"enemies":"3 Sentries","floor":12.0,"turns":9.0},{"damage":12.0,"enemies":"Exordium Thugs","floor":13.0,"turns":5.0},{"damage":2.0,"enemies":"Blue Slaver","floor":14.0,"turns":3.0},{"damage":2.0,"enemies":"Exordium Wildlife","floor":15.0,"turns":7.0},{"damage":18.0,"enemies":"SI_SHIV_ARCHETYPE","floor":16.0,"turns":6.0},{"damage":17.0,"enemies":"Shell Parasite","floor":19.0,"turns":6.0},{"damage":15.0,"enemies":"Chosen and Byrds","floor":22.0,"turns":6.0},{"damage":1.0,"enemies":"Centurion and Healer","floor":25.0,"turns":6.0},{"damage":17.0,"enemies":"Shelled Parasite and Fungi","floor":27.0,"turns":5.0},{"damage":38.0,"enemies":"Slavers","floor":28.0,"turns":6.0},{"damage":1.0,"enemies":"Chosen and Byrds","floor":30.0,"turns":4.0},{"damage":39.0,"enemies":"Book of Stabbing","floor":31.0,"turns":6.0},{"damage":7.0,"enemies":"Snecko","floor":32.0,"turns":5.0},{"damage":89.0,"enemies":"DF_ARCHETYPE_CLAW","floor":33.0,"turns":13.0},{"damage":0.0,"enemies":"3 Shapes","floor":36.0,"turns":5.0},{"damage":24.0,"enemies":"3 Darklings","floor":37.0,"turns":5.0},{"damage":13.0,"enemies":"Maw","floor":38.0,"turns":6.0},{"damage":4.0,"enemies":"Jaw Worm Horde","floor":43.0,"turns":3.0},{"damage":11.0,"enemies":"Nemesis","floor":45.0,"turns":7.0},{"damage":22.0,"enemies":"Writhing Mass","floor":46.0,"turns":5.0},{"damage":0.0,"enemies":"4 Shapes","floor":49.0,"turns":5.0},{"damage":45.0,"enemies":"IC_BLOCK_ARCHETYPE","floor":50.0,"turns":10.0},{"damage":87.0,"enemies":"downfall:CharBossMerchant","floor":52.0,"turns":11.0},{"damage":40,"enemies":"downfall:NeowBoss","floor":55,"turns":18},{"damage":94,"enemies":"downfall:NeowBossFinal","floor":56,"turns":11}],"seed_played":"-3919332556513968050","potions_obtained":[{"floor":8.0,"key":"FearPotion"},{"floor":10.0,"key":"PowerPotion"},{"floor":11.0,"key":"BlessingOfTheForge"},{"floor":14.0,"key":"LiquidBronze"},{"floor":15.0,"key":"CultistPotion"},{"floor":16.0,"key":"Dexterity Potion"},{"floor":19.0,"key":"Dexterity Potion"},{"floor":27.0,"key":"Regen Potion"},{"floor":27.0,"key":"SpeedPotion"},{"floor":28.0,"key":"GamblersBrew"},{"floor":30.0,"key":"hexamod:InfernoChargePotion"},{"floor":30.0,"key":"hexamod:EctoCoolerPotion"},{"floor":32.0,"key":"Guardian:BlockOnCardUsePotion"},{"floor":33.0,"key":"BlessingOfTheForge"},{"floor":38.0,"key":"hexamod:SoulburnPotion"},{"floor":43.0,"key":"EssenceOfSteel"},{"floor":46.0,"key":"CultistPotion"},{"floor":49.0,"key":"hexamod:SoulburnPotion"}],"is_trial":false,"path_per_floor":["R","M","?","?","$","R","T","M","E","M","M","E","M","M","M","B",null,"R","M","?","?","M","R","T","M","?","M","E","R","M","E","M","B",null,"R","M","M","M","?","R","T","R","M","T","E","M","?","?","M","B",null,"E","$","R","B","B"],"character_chosen":"THE_SPIRIT","items_purchased":["Vajra","hexamod:PhantomFireball","hexamod:RecyclingMachine","Guardian:BlockOnCardUsePotion","BlessingOfTheForge","hexamod:TimeOfNeed","bronze:BurnAndBuffPotion"],"campfire_rested":3,"item_purchase_floors":[5,5,53,53,53,53,53],"current_hp_per_floor":[63,63,63,63,63,63,63,63,41,40,40,36,24,22,20,2,58,58,41,25,25,21,51,51,53,46,47,32,63,63,49,46,70,83,83,85,73,70,70,70,70,70,75,75,85,69,64,64,68,53,79,15,15,56,66,0,0,0],"gold":60,"neow_bonus":"ONE_RANDOM_RARE_CARD","is_daily":false,"chose_seed":false,"campfire_upgraded":5,"win_rate":0.0,"timestamp":1611734409,"path_taken":["R","M","?","?","$","R","T","M","E","M","M","E","M","M","M","BOSS","R","M","?","?","M","R","T","?","?","M","E","R","M","E","M","BOSS","R","M","M","M","?","R","T","R","M","?","E","M","?","?","M","BOSS","E","$","R","BOSS","BOSS"],"items_purchased_type":["Relic","Card","Relic","Potion","Potion","Card","Potion"],"build_version":"2020-12-22","purchased_purges":0,"victory":false,"max_hp_per_floor":[70,70,70,70,70,70,70,70,70,70,70,77,77,77,77,77,77,77,77,77,53,53,53,53,53,53,53,53,63,63,77,77,87,87,87,87,87,87,87,87,87,87,87,87,87,87,87,87,87,87,87,87,87,87,87,87,87,87],"card_choices":[{"not_picked":["hexamod:BurningTouch","hexamod:SecondSeal"],"picked":"hexamod:GhostflameBarrier","floor":2.0},{"not_picked":["hexamod:ChargedBarrage","hexamod:HauntingEcho"],"picked":"hexamod:Firestarter","floor":5.0},{"not_picked":["hexamod:PhantomCloak","hexamod:HeatMetal"],"picked":"hexamod:ThermalTransfer","floor":8.0},{"not_picked":["hexamod:DynamicBlow","hexamod:SwordOfDarkness"],"picked":"hexamod:HeatMetal","floor":9.0},{"not_picked":["hexamod:BacktrackSmack","hexamod:GhostLash"],"picked":"hexamod:InspiringFlames","floor":10.0},{"not_picked":["hexamod:FlamesFromBeyond","hexamod:ThermalTransfer"],"picked":"hexamod:TimeWarp","floor":11.0},{"not_picked":["hexamod:SpectersWail","hexamod:UnlimitedPower"],"picked":"hexamod:EmpoweredFlame","floor":12.0},{"not_picked":["hexamod:StepThrough","hexamod:FastForward","hexamod:Haunt"],"picked":"SKIP","floor":13.0},{"not_picked":["hexamod:NightmareGuise","hexamod:SwordOfDarkness"],"picked":"hexamod:ShieldOfDarkness","floor":14.0},{"not_picked":["hexamod:RetreatToShadows","hexamod:HauntingEcho"],"picked":"hexamod:HeatMetal","floor":15.0},{"not_picked":["hexamod:ApocalypticArmor","hexamod:FlameSwitch"],"picked":"hexamod:WildfireWeapon","floor":16.0},{"not_picked":["hexamod:ShieldOfDarkness"],"picked":"SKIP","floor":19.0},{"not_picked":[],"picked":"hexamod:Hexaguard+1","floor":22.0},{"not_picked":[],"picked":"hexamod:SpectersWail+1","floor":25.0},{"not_picked":["hexamod:SkipABeat"],"picked":"SKIP","floor":27.0},{"not_picked":["hexamod:PowerFromBeyond"],"picked":"SKIP","floor":27.0},{"not_picked":[],"picked":"hexamod:NightmareStrike+1","floor":28.0},{"not_picked":[],"picked":"hexamod:Firestarter+1","floor":28.0},{"not_picked":[],"picked":"hexamod:NightmareGuise+1","floor":30.0},{"not_picked":[],"picked":"hexamod:FifthSeal","floor":31.0},{"not_picked":["hexamod:BacktrackSmack"],"picked":"SKIP","floor":31.0},{"not_picked":[],"picked":"hexamod:SixthSeal","floor":32.0},{"not_picked":["hexamod:RetreatToShadows"],"picked":"SKIP","floor":32.0},{"not_picked":[],"picked":"hexamod:TimeWarp","floor":33.0},{"not_picked":[],"picked":"hexamod:HexaLevel","floor":33.0},{"not_picked":["hexamod:SwordOfDarkness+1"],"picked":"SKIP","floor":36.0},{"not_picked":["hexamod:DynamicBlow"],"picked":"SKIP","floor":37.0},{"not_picked":["hexamod:GhostLash+1"],"picked":"SKIP","floor":38.0},{"not_picked":["hexamod:Haunt","hexamod:BurningTouch+1"],"picked":"SKIP","floor":43.0},{"not_picked":["hexamod:EmpoweredFlame"],"picked":"hexamod:PhantomFireball+1","floor":45.0},{"not_picked":["hexamod:ExtraCrispy"],"picked":"hexamod:HeatShield+1","floor":46.0},{"not_picked":["hexamod:NightmareStrike"],"picked":"hexamod:FirstSeal","floor":49.0},{"not_picked":["hexamod:FastForward","hexamod:FirstSeal"],"picked":"SKIP","floor":52.0}],"player_experience":2707272,"relics_obtained":[{"floor":7.0,"key":"Oddly Smooth Stone"},{"floor":9.0,"key":"Regal Pillow"},{"floor":12.0,"key":"Strawberry"},{"floor":20.0,"key":"Enchiridion"},{"floor":28.0,"key":"Toy Ornithopter"},{"floor":31.0,"key":"Mango"},{"floor":39.0,"key":"Question Card"},{"floor":41.0,"key":"Ginger"},{"floor":44.0,"key":"Bottled Tornado"},{"floor":45.0,"key":"Ornamental Fan"},{"floor":52.0,"key":"Pen Nib"}],"event_choices":[{"damage_healed":0.0,"max_hp_gain":0.0,"max_hp_loss":24.0,"gold_gain":0.0,"event_name":"Vampires","player_choice":"Became a vampire","floor":21.0,"gold_loss":0.0,"damage_taken":0.0,"cards_obtained":["Bite","Bite","Bite","Bite","Bite"]}],"is_beta":false,"boss_relics":[{"not_picked":["hubris:TerracottaHorce","aspiration:RunicSpoon"],"picked":"Busted Crown"},{"not_picked":["hexamod:IceCube","bronze:MakeshiftBattery"],"picked":"aspiration:SecretTechniqueScroll"}],"items_purged_floors":[],"is_endless":false,"potions_floor_spawned":[8,10,11,14,15,16,19,27,30,32,33,38,43,46,49],"killed_by":"downfall:NeowBossFinal","ascension_level":6}}