{"host":"jjunaul04msmo6r1","time":1611723703,"event":{"mods":["BaseMod","Better Third Choice","Booster Modes","Colored Map","Downfall","Minty Spire (QoL Compilation)","Relic Stats","StSLib","UnlockEverythingMod","everything is the same but u backflip on backflip"],"gold_per_floor":[99,115,127,127,43,53,53,53,78,178,196,226,161,196,206,305,305,205,225,244,244,344,364,432,532,566,275,360,260,271,300,317,415,415,315,330,349,403,403,418,418,438,472,484,351,374,374,403,431,431,431,467,231,231,231,231],"floor_reached":57,"language":"ENG","playtime":7770,"items_purged":["bronze:Strike","downfall:Bewildered","Injury","downfall:Bewildered"],"score":1423,"play_id":"db3003ad-0e5a-4bfd-966e-5908d962d5f2","local_time":"20210126220143","is_ascension_mode":true,"campfire_choices":[{"floor":1,"key":"RECALL"},{"data":"bronze:HardenedForm","floor":18,"key":"SMITH"},{"data":"bronze:Repulsor","floor":29,"key":"SMITH"},{"data":"bronze:Shell","floor":35,"key":"SMITH"},{"data":"bronze:DecaBeam","floor":54,"key":"SMITH"}],"circlet_count":0,"master_deck":["bronze:Strike","bronze:Strike","bronze:Defend","bronze:Defend","bronze:Defend","bronze:Defend","bronze:Replicate","bronze:Goto","bronze:WhirlingStrike","bronze:Deprecate","bronze:Frontload","bronze:FollowUp","bronze:OilSpill+1","bronze:Flail","bronze:Repair","bronze:Shell+1","bronze:HardenedForm+1","bronze:FineTuning","bronze:AlphaBuild","bronze:FineTuning+1","bronze:OilSpill","Pride","bronze:Assembly","bronze:DecaBeam+1","bronze:BugBarrage+1","bronze:Repulsor+1","bronze:Terminator+1","bronze:Virus","bronze:Break","bronze:BronzeArmor+1","bronze:ItsAFeature","bronze:ShipIt","bronze:ItsAFeature","bronze:ItsAFeature+1","bronze:Philosophize+1","bronze:Verify","bronze:Iterate"],"relics":["bronze:BronzeCore","Pocketwatch","Regal Pillow","Guardian:PocketSentry","Smiling Mask","Oddly Smooth Stone","Ancient Tea Set","Coffee Dripper","downfall:HeartBlessingRed","sneckomod:BabySnecko","bronze:SilverBullet","Potion Belt","downfall:HeartBlessingBlue","Orichalcum","Cursed Key","downfall:HeartBlessingGreen","Ginger","Nunchaku","Centennial Puzzle","Mercury Hourglass","Whetstone","CeramicFish","bronze:BottledCode","Omamori","Unceasing Top"],"acts_visited":["Exordium","TheCity","TheBeyond","TheEnding"],"potions_floor_usage":[14,25,32,44,52,55,55,55,56,56],"damage_taken":[{"damage":7,"enemies":"2 Louse","floor":2,"turns":2},{"damage":0,"enemies":"Cultist","floor":3,"turns":3},{"damage":0,"enemies":"downfall:FleeingMerchant","floor":5,"turns":4},{"damage":0,"enemies":"Jaw Worm","floor":6,"turns":4},{"damage":1,"enemies":"Lagavulin","floor":9,"turns":5},{"damage":2,"enemies":"Blue Slaver","floor":11,"turns":3},{"damage":2,"enemies":"3 Sentries","floor":12,"turns":5},{"damage":4,"enemies":"downfall:FleeingMerchant","floor":13,"turns":4},{"damage":2,"enemies":"Gremlin Nob","floor":14,"turns":3},{"damage":0,"enemies":"3 Louse","floor":15,"turns":2},{"damage":10,"enemies":"SI_SHIV_ARCHETYPE","floor":16,"turns":8},{"damage":1,"enemies":"Chosen","floor":19,"turns":3},{"damage":5,"enemies":"3 Byrds","floor":20,"turns":3},{"damage":0,"enemies":"Shelled Parasite and Fungi","floor":23,"turns":4},{"damage":17,"enemies":"Shelled Parasite and Fungi","floor":25,"turns":5},{"damage":0,"enemies":"Gremlin Leader","floor":26,"turns":7},{"damage":0,"enemies":"downfall:FleeingMerchant","floor":27,"turns":4},{"damage":0,"enemies":"Snake Plant","floor":30,"turns":3},{"damage":6,"enemies":"Book of Stabbing","floor":31,"turns":3},{"damage":1,"enemies":"3 Cultists","floor":32,"turns":3},{"damage":48,"enemies":"DF_ARCHETYPE_CLAW","floor":33,"turns":8},{"damage":0,"enemies":"3 Darklings","floor":36,"turns":4},{"damage":9,"enemies":"Orb Walker","floor":37,"turns":2},{"damage":3,"enemies":"2 Orb Walkers","floor":38,"turns":5},{"damage":8,"enemies":"Sphere and 2 Shapes","floor":40,"turns":4},{"damage":0,"enemies":"Jaw Worm Horde","floor":42,"turns":2},{"damage":29,"enemies":"Nemesis","floor":43,"turns":5},{"damage":5,"enemies":"Spire Growth","floor":44,"turns":5},{"damage":1,"enemies":"downfall:FleeingMerchant","floor":45,"turns":3},{"damage":0,"enemies":"Giant Head","floor":48,"turns":6},{"damage":0,"enemies":"4 Shapes","floor":49,"turns":2},{"damage":31,"enemies":"WA_ARCHETYPE_DIVINITY","floor":50,"turns":7},{"damage":0,"enemies":"downfall:CharBossMerchant","floor":52,"turns":5},{"damage":38,"enemies":"downfall:NeowBoss","floor":55,"turns":12},{"damage":31,"enemies":"downfall:NeowBossFinal","floor":56,"turns":9}],"seed_played":"1904772516338692587","potions_obtained":[{"floor":3,"key":"SpeedPotion"},{"floor":9,"key":"LiquidMemories"},{"floor":11,"key":"SpeedPotion"},{"floor":12,"key":"Regen Potion"},{"floor":14,"key":"Energy Potion"},{"floor":15,"key":"LiquidMemories"},{"floor":23,"key":"CultistPotion"},{"floor":25,"key":"GamblersBrew"},{"floor":31,"key":"SneckoOil"},{"floor":32,"key":"AttackPotion"},{"floor":36,"key":"AttackPotion"},{"floor":40,"key":"Fruit Juice"},{"floor":44,"key":"Energy Potion"},{"floor":52,"key":"Strength Potion"}],"is_trial":false,"path_per_floor":["R","M","M","?","$","M","T","?","E","?","M","E","$","E","M","B",null,"R","M","M","?","?","M","T","?","E","$","?","R","M","E","M","B",null,"R","M","M","?","?","M","T","M","E","M","$","?","?","E","M","B",null,"E","$","R","B","B",null],"character_chosen":"THE_AUTOMATON","items_purchased":["bronze:FollowUp","bronze:Repulsor","Potion Belt","Mercury Hourglass","bronze:ItsAFeature","Whetstone","bronze:Verify","bronze:Iterate"],"campfire_rested":0,"item_purchase_floors":[5,27,27,45,45,45,53,53],"current_hp_per_floor":[77,70,70,70,70,70,70,64,63,63,61,66,62,77,77,67,77,77,76,77,77,77,77,77,67,74,77,63,73,73,67,73,25,87,87,87,86,87,87,79,79,79,50,57,63,63,63,71,71,47,82,82,82,82,44,20],"gold":231,"neow_bonus":"TEN_PERCENT_HP_BONUS","is_daily":false,"chose_seed":false,"campfire_upgraded":4,"win_rate":0.0,"timestamp":1611723703,"path_taken":["R","M","M","?","$","?","T","?","E","?","M","E","?","E","M","BOSS","R","M","M","?","?","M","T","?","E","?","?","R","M","E","M","BOSS","R","M","M","?","?","M","T","M","E","M","$","?","?","E","M","BOSS","E","$","R","BOSS","BOSS"],"items_purchased_type":["Card","Card","Relic","Relic","Card","Relic","Card","Card"],"build_version":"2020-12-22","purchased_purges":4,"victory":true,"max_hp_per_floor":[77,77,77,77,77,77,77,77,77,77,77,77,77,77,77,77,77,77,77,77,77,77,77,77,77,77,77,77,87,87,87,87,87,87,87,87,87,87,87,87,87,87,87,92,92,92,82,82,82,82,82,82,82,82,82,82],"relic_stats":{"Regal Pillow":0,"counters":[35,155],"CeramicFish":36,"Ginger":[35],"Whetstone":["bronze:OilSpill","bronze:BugBarrage"],"Orichalcum":[84],"Smiling Mask":250,"Cursed Key":2,"Mercury Hourglass":[106],"Nunchaku":[15],"Centennial Puzzle":[15],"obtain_stats":[{"Regal Pillow":8,"bronze:BronzeCore":0,"CeramicFish":46,"downfall:HeartBlessingGreen":35,"Ginger":38,"Whetstone":45,"Smiling Mask":9,"Ancient Tea Set":14,"Cursed Key":34,"Nunchaku":41,"Centennial Puzzle":43,"downfall:HeartBlessingBlue":29,"Potion Belt":27,"downfall:HeartBlessingRed":18,"Oddly Smooth Stone":12,"Guardian:PocketSentry":8,"Omamori":48,"Orichalcum":31,"Mercury Hourglass":45,"bronze:BottledCode":47,"sneckomod:BabySnecko":21,"Coffee Dripper":17,"bronze:SilverBullet":26,"Unceasing Top":52,"Pocketwatch":7},{"Regal Pillow":4,"bronze:BronzeCore":0,"CeramicFish":29,"downfall:HeartBlessingGreen":21,"Ginger":24,"Whetstone":29,"Smiling Mask":5,"Ancient Tea Set":9,"Cursed Key":21,"Nunchaku":25,"Centennial Puzzle":27,"downfall:HeartBlessingBlue":17,"Potion Belt":17,"downfall:HeartBlessingRed":11,"Oddly Smooth Stone":7,"Guardian:PocketSentry":4,"Omamori":30,"Orichalcum":19,"Mercury Hourglass":29,"bronze:BottledCode":29,"sneckomod:BabySnecko":13,"Coffee Dripper":11,"bronze:SilverBullet":16,"Unceasing Top":33,"Pocketwatch":4},{"Regal Pillow":13,"bronze:BronzeCore":0,"CeramicFish":114,"downfall:HeartBlessingGreen":85,"Ginger":96,"Whetstone":114,"Smiling Mask":18,"Ancient Tea Set":32,"Cursed Key":85,"Nunchaku":100,"Centennial Puzzle":107,"downfall:HeartBlessingBlue":68,"Potion Belt":68,"downfall:HeartBlessingRed":42,"Oddly Smooth Stone":25,"Guardian:PocketSentry":13,"Omamori":120,"Orichalcum":74,"Mercury Hourglass":114,"bronze:BottledCode":114,"sneckomod:BabySnecko":48,"Coffee Dripper":42,"bronze:SilverBullet":64,"Unceasing Top":134,"Pocketwatch":13}],"Unceasing Top":[0],"Pocketwatch":[90]},"card_choices":[{"not_picked":["bronze:Branch","bronze:Invalidate"],"picked":"bronze:WhirlingStrike","floor":2},{"not_picked":["bronze:Boost","bronze:WhirlingStrike"],"picked":"bronze:Deprecate","floor":3},{"not_picked":["bronze:Shield","bronze:DelayedSlice"],"picked":"bronze:Frontload","floor":5},{"not_picked":["bronze:Frontload","bronze:FindAndReplace"],"picked":"bronze:OilSpill","floor":6},{"not_picked":["bronze:Shell","bronze:DarkDash"],"picked":"bronze:Flail","floor":9},{"not_picked":["bronze:BuggyMess","bronze:Shield"],"picked":"bronze:Repair","floor":11},{"not_picked":["bronze:Shield","bronze:GetLatest","bronze:DelayedSlice"],"picked":"SKIP","floor":12},{"not_picked":["bronze:GetLatest","bronze:Repair"],"picked":"bronze:Shell","floor":13},{"not_picked":["bronze:Safeguard","bronze:Repair"],"picked":"bronze:HardenedForm","floor":14},{"not_picked":["bronze:WhirlingStrike","bronze:Separator"],"picked":"bronze:FineTuning","floor":15},{"not_picked":["bronze:Assembly","bronze:HyperBeam"],"picked":"bronze:AlphaBuild","floor":16},{"not_picked":["bronze:Separator","bronze:Invalidate+1"],"picked":"bronze:FineTuning+1","floor":19},{"not_picked":["bronze:BugBarrage+1","bronze:Deprecate"],"picked":"bronze:OilSpill","floor":20},{"not_picked":["bronze:Constructor","bronze:Overload"],"picked":"bronze:Assembly","floor":23},{"not_picked":[],"picked":"bronze:DecaBeam","floor":25},{"not_picked":["bronze:Boost","bronze:OilSpill"],"picked":"bronze:BugBarrage","floor":26},{"not_picked":["bronze:WhirlingStrike","bronze:Flail+1","bronze:Shell"],"picked":"SKIP","floor":27},{"not_picked":["bronze:FineTuning+1","bronze:OilSpill+1"],"picked":"bronze:Terminator+1","floor":30},{"not_picked":["bronze:DelayedGuard","bronze:ForLoop"],"picked":"bronze:Virus","floor":31},{"not_picked":["bronze:Backtrace+1","bronze:Fortify","bronze:DelayedSlice"],"picked":"SKIP","floor":32},{"not_picked":["bronze:Virus","bronze:AlphaBuild"],"picked":"bronze:Break","floor":33},{"not_picked":["bronze:Backtrace","bronze:Fortify+1"],"picked":"bronze:BronzeArmor+1","floor":36},{"not_picked":["bronze:FineTuning","bronze:BugBarrage","bronze:Shield+1"],"picked":"SKIP","floor":37},{"not_picked":["bronze:DarkDash","bronze:Repair+1"],"picked":"bronze:ItsAFeature","floor":38},{"not_picked":["bronze:ChosenStrike","bronze:FollowUp+1","bronze:Frontload+1"],"picked":"SKIP","floor":40},{"not_picked":["bronze:Boost+1","bronze:Frontload","bronze:BuggyMess"],"picked":"SKIP","floor":42},{"not_picked":["bronze:DigitalCarnage+1","bronze:Branch"],"picked":"bronze:ShipIt","floor":43},{"not_picked":["bronze:Frontload+1","bronze:Branch+1","bronze:WhirlingStrike+1"],"picked":"SKIP","floor":44},{"not_picked":["bronze:Return","bronze:WildBeam","bronze:BitShift"],"picked":"SKIP","floor":45},{"not_picked":["bronze:Terminator+1","bronze:Repair","bronze:Frontload+1"],"picked":"SKIP","floor":48},{"not_picked":["bronze:Backtrace+1","bronze:BuggyMess"],"picked":"bronze:ItsAFeature+1","floor":49},{"not_picked":["bronze:ForLoop+1","bronze:ChosenStrike+1"],"picked":"bronze:Philosophize+1","floor":52}],"player_experience":468051,"relics_obtained":[{"floor":7,"key":"Pocketwatch"},{"floor":9,"key":"Smiling Mask"},{"floor":12,"key":"Oddly Smooth Stone"},{"floor":14,"key":"Ancient Tea Set"},{"floor":26,"key":"bronze:SilverBullet"},{"floor":31,"key":"Orichalcum"},{"floor":38,"key":"Ginger"},{"floor":41,"key":"Nunchaku"},{"floor":43,"key":"Centennial Puzzle"},{"floor":46,"key":"CeramicFish"},{"floor":48,"key":"Omamori"},{"floor":52,"key":"Unceasing Top"}],"event_choices":[{"cards_removed":["bronze:Strike"],"damage_healed":0,"gold_gain":0,"player_choice":"Offered Basic","damage_taken":0,"max_hp_gain":0,"max_hp_loss":0,"event_name":"Bonfire Elementals","floor":4,"gold_loss":0},{"damage_healed":0,"gold_gain":1,"player_choice":"Relic Relic ","damage_taken":6,"max_hp_gain":0,"max_hp_loss":0,"event_name":"betterThird:BetterScrap","floor":8,"gold_loss":0,"cards_obtained":["Buffer"]},{"damage_healed":0,"gold_gain":0,"player_choice":"Fight","damage_taken":0,"max_hp_gain":0,"max_hp_loss":0,"event_name":"Mysterious Sphere","floor":38,"gold_loss":0}],"is_beta":false,"boss_relics":[{"not_picked":["Black Star","SacredBark"],"picked":"Coffee Dripper"},{"not_picked":["expansioncontent:StudyCardRelic","Busted Crown"],"picked":"Cursed Key"}],"items_purged_floors":[13,27,45,53],"is_endless":false,"potions_floor_spawned":[3,9,11,12,14,15,16,19,23,25,31,32,36,37,40,44,48,52],"ascension_level":1}}