{"host":"qbvxbacgnxuisbbe","time":1611712311,"event":{"mods":["Alarm Clock","BaseMod","Humility","Minty Spire (QoL Compilation)","StSLib"],"gold_per_floor":[115,40,55,55,72,72,91,91,91,16,35,35,35],"floor_reached":12,"language":"ENG","playtime":415,"items_purged":["Strike_R"],"score":140,"play_id":"6f175e05-6833-4479-a948-976fee866505","local_time":"20210127015151","is_ascension_mode":true,"campfire_choices":[{"data":"Searing Blow","floor":6,"key":"SMITH"},{"data":"Searing Blow+1","floor":8,"key":"SMITH"}],"circlet_count":0,"master_deck":["AscendersBane","Strike_R","Strike_R","Strike_R","Defend_R","Defend_R","Defend_R","Bash","True Grit","Clash","Searing Blow+2","Blood for Blood","Pommel Strike"],"relics":["Burning Blood","WingedGreaves","Unceasing Top"],"acts_visited":["Exordium"],"potions_floor_usage":[12],"damage_taken":[{"damage":19,"enemies":"Jaw Worm","floor":1,"turns":4},{"damage":3,"enemies":"Small Slimes","floor":3,"turns":3},{"damage":6,"enemies":"2 Louse","floor":5,"turns":3},{"damage":37,"enemies":"Large Slime","floor":7,"turns":7},{"damage":3,"enemies":"3 Louse","floor":11,"turns":4},{"damage":11,"enemies":"Gremlin Nob","floor":12,"turns":3}],"seed_played":"8653891814946284321","potions_obtained":[{"floor":11,"key":"BloodPotion"}],"is_trial":false,"path_per_floor":["M","?","M","?","M","R","M","R","T","$","M","E"],"character_chosen":"IRONCLAD","items_purchased":[],"campfire_rested":0,"item_purchase_floors":[],"current_hp_per_floor":[55,55,58,51,51,51,20,20,20,20,23,25,25],"gold":35,"neow_bonus":"ONE_RARE_RELIC","is_daily":false,"chose_seed":false,"campfire_upgraded":2,"win_rate":0.0,"timestamp":1611712311,"path_taken":["M","?","M","?","M","R","M","R","T","$","M","E"],"items_purchased_type":[],"build_version":"2020-12-22","purchased_purges":1,"victory":false,"max_hp_per_floor":[68,68,68,68,68,68,68,68,68,68,68,68,68],"card_choices":[{"not_picked":["Clash","Body Slam"],"picked":"True Grit","floor":1},{"not_picked":["Burning Pact","Flex"],"picked":"Clash","floor":3},{"not_picked":["Headbutt","Entrench"],"picked":"Searing Blow","floor":5},{"not_picked":["Perfected Strike","Flex"],"picked":"Blood for Blood","floor":7},{"not_picked":["True Grit","Flex"],"picked":"Pommel Strike","floor":11}],"player_experience":152107,"relics_obtained":[{"floor":9,"key":"Unceasing Top"}],"event_choices":[{"cards_removed":["Defend_R"],"damage_healed":0,"gold_gain":0,"player_choice":"Card Removal","damage_taken":0,"max_hp_gain":0,"max_hp_loss":0,"event_name":"The Cleric","floor":2,"gold_loss":75},{"cards_removed":["Strike_R"],"damage_healed":0,"gold_gain":0,"player_choice":"Card Removal","damage_taken":7,"max_hp_gain":0,"max_hp_loss":0,"event_name":"Golden Wing","floor":4,"gold_loss":0}],"is_beta":false,"boss_relics":[],"items_purged_floors":[10],"is_endless":false,"potions_floor_spawned":[11],"killed_by":"Gremlin Nob","ascension_level":20,"is_humility":true}}