{"host":"c1oza4x7xlyuasvd","time":1611768544,"event":{"mods":["ATMod(°¢èªMod)","Arknights The Spire","BaseMod","Better Vampires","Colored Powertips","Marisa£¨ìFÓê¡¡Ä§ÀíÉ³£©","Minty Spire (QoL Compilation)","MostiFishMod","StSLib","TestMod","Waifu the Spire","¡¾ÒÅÎï¿¨ÅÆ¡¿REMEMod"],"gold_per_floor":[117,117,133,151,168,168,168,195,195,195,222,71,85,105,105,206,206,223,241,254,154,154,184,196,231,231,260,275,291,291,291,291,395,395,414,465,465,485,485,485],"floor_reached":41,"language":"ZHS","playtime":2007,"items_purged":["ats:Strike C","ats:Strike V"],"score":813,"play_id":"82bc104a-6b95-490c-9c96-4488819a59b9","local_time":"20210128012904","is_ascension_mode":false,"campfire_choices":[{"data":"AT_Dispersion","floor":7.0,"key":"SMITH"},{"data":"REME_Fury","floor":10.0,"key":"SMITH"},{"data":"ats:Assault Order","floor":15.0,"key":"SMITH"},{"data":"ats:Emotion Absorption","floor":30,"key":"SMITH"},{"data":"ats:Roar Of Ursus","floor":32,"key":"SMITH"}],"circlet_count":0,"master_deck":["ats:Strike G+1","ats:Strike S","ats:Armor Crushing Shot+1","ats:Defend","ats:Defend","ats:Defend","ats:Emotion Absorption+1","AT_Dispersion+1","REME_Fury+1","ats:Blood Oath","ats:Song Of Battle","ats:Hammer On","ats:Assault Order+1","ats:Consecutive Shot Auto","ats:Leaping Hammer","ats:Phantom","ats:Chain Hook","ats:Overload","ats:Calcification","ats:Rapid Magazine","ats:Neurotoxin","ats:Echo Reverb","ats:Overload+1","ats:Chain Hook+1","ats:Roar Of Ursus+1","Ghostly","Ghostly","Ghostly","Ghostly","Ghostly","ats:Dogmatic Field+1"],"relics":["ats:Sanity","testmod-TestBox","AT_ATBox","DaveBox","REME_ComplimentaryCards","testmod-ArcanaOfDestiny","EGODaCapo","NeowsBlessing","SynthV:TestCard","ats:Originium","Pantograph","Pear","Sundial","testmod-PortableAltar","Akabeko","DianDianMeat","testmod-TurbochargingSystem","ShadowXiaoBlade","Mango"],"acts_visited":["Exordium","TheCity","TheBeyond"],"potions_floor_usage":[23,23,25],"damage_taken":[{"damage":0.0,"enemies":"Jaw Worm","floor":1.0,"turns":1.0},{"damage":0.0,"enemies":"Small Slimes","floor":3.0,"turns":2.0},{"damage":0.0,"enemies":"Cultist","floor":4.0,"turns":2.0},{"damage":10.0,"enemies":"Exordium Thugs","floor":5.0,"turns":6.0},{"damage":15.0,"enemies":"3 Sentries","floor":8.0,"turns":9.0},{"damage":6.0,"enemies":"Lagavulin","floor":11.0,"turns":6.0},{"damage":0.0,"enemies":"Looter","floor":13.0,"turns":2.0},{"damage":0.0,"enemies":"Large Slime","floor":14.0,"turns":4.0},{"damage":4.0,"enemies":"The Guardian","floor":16.0,"turns":8.0},{"damage":20,"enemies":"2 Thieves","floor":18,"turns":5},{"damage":28,"enemies":"3 Byrds","floor":19,"turns":7},{"damage":9,"enemies":"Centurion and Healer","floor":20,"turns":8},{"damage":3,"enemies":"Book of Stabbing","floor":23,"turns":4},{"damage":21,"enemies":"Cultist and Chosen","floor":24,"turns":7},{"damage":12,"enemies":"Slavers","floor":25,"turns":6},{"damage":7,"enemies":"Gremlin Leader","floor":27,"turns":5},{"damage":1,"enemies":"Snecko","floor":28,"turns":3},{"damage":1,"enemies":"Centurion and Healer","floor":29,"turns":3},{"damage":4,"enemies":"Automaton","floor":33,"turns":7},{"damage":0,"enemies":"3 Shapes","floor":35,"turns":3},{"damage":2,"enemies":"2 Orb Walkers","floor":36,"turns":3},{"damage":0,"enemies":"Orb Walker","floor":38,"turns":1},{"damage":1,"enemies":"Donu and Deca","floor":40,"turns":5}],"seed_played":"7269815731458269310","potions_obtained":[{"floor":1.0,"key":"Energy Potion"},{"floor":5.0,"key":"GamblersBrew"},{"floor":13.0,"key":"ColorlessPotion"},{"floor":16.0,"key":"testmod-SpacePotion"},{"floor":18,"key":"CultistPotion"},{"floor":19,"key":"Block Potion"},{"floor":25,"key":"testmod-SpacePotion"},{"floor":33,"key":"Weak Potion"},{"floor":38,"key":"Strength Potion"}],"is_trial":false,"path_per_floor":["M","?","M","M","M","?","R","E","T","R","E","$","M","M","R","B",null,"M","M","M","$","?","E","M","E","T","E","M","M","R","?","R","B",null,"M","?","?","M","?","B",null],"character_chosen":"DOCTOR_CLASS","items_purchased":["ats:Phantom"],"campfire_rested":0,"item_purchase_floors":[12],"current_hp_per_floor":[72,58,61,61,57,72,72,63,73,73,70,70,70,76,76,79,82,68,47,46,46,46,47,30,23,23,20,24,28,28,53,53,62,65,64,75,75,75,74,72],"gold":485,"neow_bonus":"THREE_ENEMY_KILL","is_daily":false,"chose_seed":false,"campfire_upgraded":5,"win_rate":0.0,"timestamp":1611768544,"path_taken":["M","?","M","M","M","?","R","E","T","R","E","$","M","M","R","BOSS","M","?","M","$","?","E","M","E","T","E","M","M","R","?","R","BOSS","M","?","?","?","?","BOSS"],"items_purchased_type":["Card"],"build_version":"2020-12-22","purchased_purges":2,"victory":true,"max_hp_per_floor":[72,72,72,72,72,72,72,72,82,82,82,82,82,82,82,82,82,81,80,79,78,77,76,75,74,73,72,72,73,72,60,59,66,65,64,77,76,75,74,73],"card_choices":[{"not_picked":["ats:Very Hot Blade","ats:Consecutive Shot Auto"],"picked":"ats:Blood Oath","floor":1.0},{"not_picked":["ats:Revitalization","ats:LN2 Cannon","ats:Apocalypse","ats:Very Hot Blade"],"picked":"ats:Song Of Battle","floor":3.0},{"not_picked":["ats:Song Of Battle","ats:Guardian Obelisk","ats:Sashimi Platter","ats:Nebulous Foxfire"],"picked":"ats:Hammer On","floor":4.0},{"not_picked":["ats:Encircling Forest","ats:Flexible Camouflage","ats:Powerful Strike","ats:Revitalization"],"picked":"ats:Assault Order","floor":5.0},{"not_picked":["ats:Healing Drone","ats:Flexible Camouflage","ats:Closed Bolt Burst Fire","ats:Spore Proliferation"],"picked":"ats:Consecutive Shot Auto","floor":8.0},{"not_picked":["ats:Automatic Cover","ats:Fractured Body","ats:Guardian Obelisk","ats:Volcano"],"picked":"ats:Leaping Hammer","floor":11.0},{"not_picked":["ats:Leaping Hammer","ats:Blood Oath","ats:Absolute Focus","ats:Hammer On"],"picked":"ats:Chain Hook","floor":13.0},{"not_picked":["ats:Serious Mode","ats:Closed Bolt Burst Fire","ats:Curse Doll","ats:Revitalization"],"picked":"ats:Overload","floor":14.0},{"not_picked":["ats:Volcano","ats:Soul Rend","ats:Durian","ats:Dogmatic Field"],"picked":"ats:Calcification","floor":16.0},{"not_picked":["ats:Blood Oath+1","ats:Apocalypse","ats:Consecutive Shot Auto","ats:Poison Spread+1"],"picked":"ats:Rapid Magazine","floor":18},{"not_picked":["ats:Poison Spread","ats:Guard Mode","ats:Rapid Magazine","ats:Cat Scratch","ats:Hammer On"],"picked":"SKIP","floor":19},{"not_picked":["ats:Apocalypse","ats:Cat Scratch","ats:Curse Doll","ats:Hammer On"],"picked":"ats:Neurotoxin","floor":20},{"not_picked":["ats:Steam Pump","ats:Automatic Cover","ats:Healing Drone","ats:Ignite"],"picked":"ats:Echo Reverb","floor":23},{"not_picked":["ats:Closed Bolt Burst Fire","ats:Guard Mode","ats:Defend Order+1","ats:Absolute Focus"],"picked":"ats:Overload+1","floor":24},{"not_picked":["ats:Powerful Strike","ats:Curse Doll+1","ats:Hammer On","ats:Blood Oath+1","ats:Red Shift"],"picked":"SKIP","floor":25},{"not_picked":["ats:Steam Pump+1","ats:Neurotoxin","ats:Burning Ground+1","ats:Flexible Camouflage","ats:Collapsing Strike"],"picked":"SKIP","floor":27},{"not_picked":["ats:Very Hot Blade","ats:Guard Mode","ats:Ignite","ats:Powerful Strike"],"picked":"ats:Chain Hook+1","floor":28},{"not_picked":["ats:Defend Order","ats:Consecutive Shot Auto","ats:Explosion Area Strengthen","ats:Apocalypse"],"picked":"ats:Roar Of Ursus","floor":29},{"not_picked":["ats:Nebulous Foxfire","ats:Wolf Pack","ats:Disruption Kick","ats:Calcification"],"picked":"ats:Dogmatic Field","floor":33},{"not_picked":["ats:Closed Bolt Burst Fire+1","ats:Explosion Area Strengthen+1","ats:Apocalypse+1","ats:Powerful Strike+1","ats:Blood Oath"],"picked":"SKIP","floor":35},{"not_picked":["ats:Assault Order+1","ats:Healing Strengthening+1","ats:Hook Shot","ats:Cat Scratch+1","ats:LN2 Cannon"],"picked":"SKIP","floor":38}],"player_experience":203866,"relics_obtained":[{"floor":1.0,"key":"SynthV:TestCard"},{"floor":8.0,"key":"ats:Originium"},{"floor":8.0,"key":"Pantograph"},{"floor":9.0,"key":"Pear"},{"floor":11.0,"key":"ats:Originium"},{"floor":11.0,"key":"Sundial"},{"floor":23,"key":"ats:Originium"},{"floor":23,"key":"Akabeko"},{"floor":25,"key":"ats:Originium"},{"floor":25,"key":"DianDianMeat"},{"floor":27,"key":"testmod-TurbochargingSystem"},{"floor":36,"key":"Mango"}],"event_choices":[{"damage_healed":0.0,"max_hp_gain":0.0,"max_hp_loss":0.0,"gold_gain":0.0,"event_name":"Shining Light","player_choice":"Entered Light","floor":2.0,"gold_loss":0.0,"damage_taken":14.0,"cards_upgraded":["ats:Strike G","ats:Armor Crushing Shot"]},{"damage_healed":15.0,"max_hp_gain":0.0,"max_hp_loss":0.0,"gold_gain":0.0,"event_name":"Wheel of Change","player_choice":"Full Heal","floor":6.0,"gold_loss":0.0,"damage_taken":0.0},{"cards_removed":["ats:Defend"],"damage_healed":0,"gold_gain":0,"player_choice":"Elegance","damage_taken":0,"max_hp_gain":0,"max_hp_loss":0,"event_name":"Back to Basics","floor":22,"gold_loss":0},{"damage_healed":0,"gold_gain":0,"player_choice":"Became a Ghost","damage_taken":0,"max_hp_gain":0,"max_hp_loss":36,"event_name":"Ghosts","floor":31,"gold_loss":0,"cards_obtained":["Ghostly","Ghostly","Ghostly","Ghostly","Ghostly"]},{"damage_healed":0,"gold_gain":0,"player_choice":"Fight","damage_taken":0,"max_hp_gain":0,"max_hp_loss":0,"event_name":"Mysterious Sphere","floor":36,"gold_loss":0},{"damage_healed":0,"gold_gain":0,"player_choice":"Upgraded","damage_taken":0,"max_hp_gain":0,"max_hp_loss":0,"event_name":"Upgrade Shrine","floor":37,"gold_loss":0,"cards_upgraded":["ats:Dogmatic Field"]},{"damage_healed":0,"gold_gain":0,"player_choice":"Took Portal","damage_taken":0,"max_hp_gain":0,"max_hp_loss":0,"event_name":"SecretPortal","floor":39,"gold_loss":0}],"is_beta":false,"boss_relics":[{"not_picked":["Pandora\u0027s Box","Tiny House"],"picked":"testmod-PortableAltar"},{"not_picked":["xbg","NightmareShop"],"picked":"ShadowXiaoBlade"}],"items_purged_floors":[12,21],"is_endless":false,"potions_floor_spawned":[1,5,13,14,16,18,19,25,33,38],"ascension_level":0}}