{"host":"d4nr47a59rmbesnz","time":1611771367,"event":{"mods":["A Magickal Journey","BaseMod","Better Third Choice","Hermit","Minty Spire (QoL Compilation)","Quick Restart","Replay The Spire","Shade Mod","StSLib","The Bladedancer","The Cursed","The Death Knight","The Disciple","The Forsaken","The Hierophant","The Necromancer","The Spell Scribe","The Valiant"],"gold_per_floor":[117,127,127,144,159,159,177,191,191,209,209,225,254,254,254,349,349,365,365,15,31,43,43,61,61,87,87,87,87,105,140,140,140,140],"floor_reached":33,"language":"ENG","playtime":2007,"items_purged":[],"score":321,"play_id":"287855d1-ceaa-43e5-9139-b79f7be70d85","local_time":"20210127211607","is_ascension_mode":false,"campfire_choices":[{"data":"blademaster:Sharpen","floor":6,"key":"SMITH"},{"data":"blademaster:AspectOfWind","floor":11,"key":"SMITH"},{"floor":15,"key":"REST"},{"floor":23,"key":"REST"},{"data":"blademaster:Blindside","floor":25,"key":"SMITH"},{"data":"blademaster:LightningDraw","floor":28,"key":"SMITH"},{"floor":32,"key":"REST"}],"circlet_count":0,"master_deck":["blademaster:Strike","blademaster:Strike","blademaster:Strike","blademaster:Strike","blademaster:Defend","blademaster:Defend","blademaster:Defend","blademaster:Defend","blademaster:RagingBlow","blademaster:HighVoltage","blademaster:CullingStrike","blademaster:Bloodbath","blademaster:Sharpen+1","blademaster:AspectOfWind+1","blademaster:AspectOfLightning","blademaster:LightningDraw+1","blademaster:AirSlash","blademaster:Sharpen","blademaster:Stability","blademaster:Empower","blademaster:ChargingUp","blademaster:Empower","blademaster:Stormstrike","blademaster:Reversal+1","blademaster:Sharpen+1","blademaster:Blindside+1","blademaster:FuriousStrike","blademaster:Stability+1"],"relics":["blademaster:DancersAmulet","ReplayTheSpireMod:TigerMarble","Pear","Replay:Wax Seal","Black Star","Happy Flower","Orichalcum","WingedGreaves","DeathKnight:PutricidesVial"],"acts_visited":["Exordium","TheCity"],"potions_floor_usage":[10,13,16,16,31,31,31],"damage_taken":[{"damage":6,"enemies":"2 Louse","floor":1,"turns":5},{"damage":0,"enemies":"Small Slimes","floor":2,"turns":3},{"damage":6,"enemies":"Jaw Worm","floor":4,"turns":3},{"damage":0,"enemies":"2 Fungi Beasts","floor":5,"turns":3},{"damage":5,"enemies":"Looter","floor":7,"turns":2},{"damage":16,"enemies":"Exordium Thugs","floor":8,"turns":7},{"damage":5,"enemies":"Large Slime","floor":10,"turns":8},{"damage":7,"enemies":"Blue Slaver","floor":12,"turns":2},{"damage":20,"enemies":"3 Sentries","floor":13,"turns":7},{"damage":13,"enemies":"Fading Forest","floor":16,"turns":11},{"damage":47,"enemies":"3 Byrds","floor":18,"turns":8},{"damage":0,"enemies":"Spheric Guardian","floor":21,"turns":3},{"damage":22,"enemies":"Snake Plant","floor":22,"turns":4},{"damage":0,"enemies":"Cultist and Chosen","floor":24,"turns":4},{"damage":8,"enemies":"Snecko","floor":30,"turns":6},{"damage":14,"enemies":"Slavers","floor":31,"turns":2},{"damage":59,"enemies":"Champ","floor":33,"turns":9}],"seed_played":"5198843036988697069","potions_obtained":[{"floor":1,"key":"Weak Potion"},{"floor":4,"key":"Explosive Potion"},{"floor":7,"key":"Swift Potion"},{"floor":13,"key":"Weak Potion"},{"floor":18,"key":"SpeedPotion"},{"floor":24,"key":"DistilledChaos"},{"floor":30,"key":"Explosive Potion"}],"is_trial":false,"path_per_floor":["M","M","?","M","M","R","M","M","T","M","R","M","E","?","R","B",null,"M","?","$","M","M","R","M","R","T","?","R","?","M","E","R","B"],"character_chosen":"THE_BLADEMASTER","items_purchased":["blademaster:Empower","Happy Flower","SteroidPotion","blademaster:Stormstrike"],"campfire_rested":3,"item_purchase_floors":[20,20,20,20],"current_hp_per_floor":[76,76,69,63,63,63,58,42,52,47,47,40,20,50,77,74,92,45,45,45,45,23,50,50,50,50,50,50,50,42,28,55,0,0],"gold":140,"neow_bonus":"TEN_PERCENT_HP_BONUS","is_daily":false,"chose_seed":false,"campfire_upgraded":4,"win_rate":0.0,"timestamp":1611771367,"path_taken":["M","M","?","M","M","R","M","M","T","M","R","M","E","?","R","BOSS","M","?","$","M","M","R","M","R","T","?","R","?","?","E","R","BOSS"],"items_purchased_type":["Card","Relic","Potion","Card"],"build_version":"2020-12-22","purchased_purges":0,"victory":false,"max_hp_per_floor":[82,82,82,82,82,82,82,82,92,92,92,92,92,92,92,92,92,92,92,92,92,92,92,92,92,92,92,92,92,92,92,92,92,92],"card_choices":[{"not_picked":["blademaster:CombatPrep","blademaster:DaggerAndCloak"],"picked":"blademaster:CullingStrike","floor":1},{"not_picked":["blademaster:Thrust","blademaster:Sunder"],"picked":"blademaster:Bloodbath","floor":2},{"not_picked":["blademaster:Blockade","blademaster:Quickstep"],"picked":"blademaster:Sharpen","floor":4},{"not_picked":["blademaster:Safeguard","blademaster:AncestralHealing"],"picked":"blademaster:AspectOfWind","floor":5},{"not_picked":["blademaster:Thrust","blademaster:BladeMastery"],"picked":"blademaster:AspectOfLightning","floor":7},{"not_picked":["blademaster:AspectOfWind","blademaster:Sharpen"],"picked":"blademaster:LightningDraw","floor":8},{"not_picked":["blademaster:Quickness","blademaster:LeechingStrike"],"picked":"blademaster:AirSlash","floor":10},{"not_picked":["blademaster:AwakeningDefend","blademaster:DancingEdge"],"picked":"blademaster:Sharpen","floor":12},{"not_picked":["blademaster:Bloodbath","blademaster:Cut"],"picked":"blademaster:Stability","floor":13},{"not_picked":["blademaster:CloudOfSteel","blademaster:ColdBlood"],"picked":"blademaster:Empower","floor":16},{"not_picked":["blademaster:Frontflip+1","blademaster:Slice"],"picked":"blademaster:ChargingUp","floor":18},{"not_picked":["blademaster:DancingEdge","blademaster:EyeOfTheTornado"],"picked":"blademaster:Reversal+1","floor":21},{"not_picked":["blademaster:AspectOfLightning","blademaster:CombatPrep"],"picked":"blademaster:Sharpen+1","floor":22},{"not_picked":["blademaster:Momentum","blademaster:CombatPrep"],"picked":"blademaster:Blindside","floor":24},{"not_picked":["blademaster:Stability","blademaster:Frontflip+1"],"picked":"blademaster:FuriousStrike","floor":30},{"not_picked":["blademaster:AirSlash","blademaster:BrainBloom"],"picked":"blademaster:Stability+1","floor":31}],"player_experience":66721,"relics_obtained":[{"floor":9,"key":"Pear"},{"floor":13,"key":"Replay:Wax Seal"},{"floor":13,"key":"blademaster:FuryEveryTurnPerk"},{"floor":26,"key":"Orichalcum"},{"floor":31,"key":"WingedGreaves"},{"floor":31,"key":"blademaster:OnAttackedChargePerk"},{"floor":31,"key":"DeathKnight:PutricidesVial"}],"event_choices":[{"damage_healed":0,"gold_gain":0,"player_choice":"Relic ","damage_taken":7,"max_hp_gain":0,"max_hp_loss":0,"event_name":"betterThird:BetterScrap","floor":3,"gold_loss":0,"cards_obtained":["Replay:Vibes"]},{"damage_healed":30,"gold_gain":0,"player_choice":"Banana","damage_taken":0,"max_hp_gain":0,"max_hp_loss":0,"event_name":"Big Fish","floor":14,"gold_loss":0},{"damage_healed":0,"gold_gain":0,"player_choice":"Ignored","damage_taken":0,"max_hp_gain":0,"max_hp_loss":0,"event_name":"Vampires","floor":19,"gold_loss":0},{"damage_healed":0,"gold_gain":0,"player_choice":"Ignored","damage_taken":0,"max_hp_gain":0,"max_hp_loss":0,"event_name":"Ghosts","floor":29,"gold_loss":0}],"is_beta":false,"boss_relics":[{"not_picked":["Replay:Ancient Bell","Replay:Drink Me"],"picked":"Black Star"}],"items_purged_floors":[],"is_endless":false,"potions_floor_spawned":[1,4,7,13,18,24,30],"killed_by":"Champ","ascension_level":0}}