{"host":"cgwysqtmt736mr58","time":1611717681,"event":{"mods":["2.2 Compatiblity","Aspiration","BaseMod","Beaked The Cultist","Colored Map","Colored Powertips","Downfall","Googly Eyes","Halation","Hermit","Hubris","Infinite Spire","Lobotomy","LobotomyExtend","Marisa????????","Minty Spire (QoL Compilation)","Relic Stats","Replay The Spire","Shade Mod","StSLib","The Bug Knight","The Construct","The Cursed","The Disciple","The Exalted","The Jungle","The Necromancer","The Runesmith","The Servant 0.9.4","The Wild Card","Waifu the Spire","Yuri Mod"],"gold_per_floor":[99,114,127,140,140,140,140,140,85,85,70,70,86,102,116,218,218,18,29,45,45,59,69,69,69,69,82,67,67,67,67,83,83,101,205,205,205,217,236,253,91,108,133,133,163,163,263,280,280,160,177,177,177],"floor_reached":54,"language":"ENG","playtime":2061,"items_purged":["Amnesia"],"score":859,"play_id":"a45eb257-e6c3-4947-a28a-5bca7c63cebb","local_time":"20210127142121","is_ascension_mode":true,"campfire_choices":[{"floor":1,"key":"DIG"},{"floor":8,"key":"RECALL"},{"floor":12,"key":"REST"},{"floor":29,"key":"REST"},{"data":"theWildCard:Metatron","floor":31,"key":"SMITH"},{"data":"bronze:HardenedForm","floor":37,"key":"SMITH"},{"data":"expansioncontent:PolyBeam","floor":44,"key":"SMITH"},{"data":"bronze:ItsAFeature","floor":46,"key":"SMITH"},{"floor":49,"key":"REST"}],"circlet_count":0,"master_deck":["bronze:Strike","bronze:Strike","bronze:Strike","bronze:Defend","bronze:Defend","bronze:Defend","bronze:Defend+1","bronze:Replicate","bronze:Goto","bronze:Separator","bronze:Assembly","bronze:OilSpill","bronze:OilSpill+1","theWildCard:Metatron+1","bronze:Separator","bronze:Fortify","bronze:DelayedSlice","bronze:InfiniteLoop","bronze:DelayedSlice+1","bronze:ChosenStrike","bronze:OilSpill+1","bronze:DelayedSlice","bronze:Iterate","bronze:WhirlingStrike","bronze:HardenedForm+1","bronze:Iterate+1","bronze:BronzeOrb","bronze:Repulsor","bronze:ItsAFeature+1","expansioncontent:PolyBeam+1","bronze:Flail","Parasite","ReplayTheSpireMod:IOU","bronze:DelayedSlice","Parasite"],"relics":["bronze:BronzeCore","halation:AfternoonTea","LetterFromLob","aspiration:RitualDagger","downfall:HeartBlessingBlue","downfall:HeartBlessingRed","ReplayTheSpireMod:Shallot","downfall:ExtraCursedKey","aspiration:SecretTechniqueScroll","Runesmith:Nanobots","infinitespire:Satchel","Singing Bowl"],"acts_visited":["Exordium","TheCity","TheBeyond"],"potions_floor_usage":[16,16,16,22,22,35,40,42,42,45,52,52],"damage_taken":[{"damage":0,"enemies":"Small Slimes","floor":2,"turns":5},{"damage":4,"enemies":"2 Louse","floor":3,"turns":2},{"damage":7,"enemies":"Jaw Worm","floor":4,"turns":2},{"damage":2,"enemies":"downfall:FleeingMerchant","floor":9,"turns":4},{"damage":7,"enemies":"downfall:FleeingMerchant","floor":11,"turns":4},{"damage":0,"enemies":"Blue Slaver","floor":13,"turns":2},{"damage":7,"enemies":"3 Louse","floor":14,"turns":3},{"damage":12,"enemies":"2 Fungi Beasts","floor":15,"turns":2},{"damage":43,"enemies":"SI_SHIV_ARCHETYPE","floor":16,"turns":6},{"damage":10,"enemies":"Spheric Guardian","floor":19,"turns":3},{"damage":12,"enemies":"3 Byrds","floor":20,"turns":2},{"damage":20,"enemies":"Shelled Parasite and Fungi","floor":22,"turns":2},{"damage":34,"enemies":"Sentry and Sphere","floor":23,"turns":4},{"damage":31,"enemies":"Snake Plant","floor":27,"turns":3},{"damage":30,"enemies":"downfall:FleeingMerchant","floor":28,"turns":4},{"damage":3,"enemies":"3 Cultists","floor":32,"turns":1},{"damage":21,"enemies":"Shelled Parasite and Fungi","floor":34,"turns":2},{"damage":31,"enemies":"WA_ARCHETYPE_CALM","floor":35,"turns":5},{"damage":6,"enemies":"3 Darklings","floor":38,"turns":2},{"damage":7,"enemies":"3 Shapes","floor":39,"turns":1},{"damage":28,"enemies":"Writhing Mass","floor":40,"turns":4},{"damage":3,"enemies":"downfall:FleeingMerchant","floor":41,"turns":1},{"damage":22,"enemies":"Transient","floor":42,"turns":5},{"damage":14,"enemies":"Nemesis","floor":45,"turns":3},{"damage":7,"enemies":"4 Shapes","floor":48,"turns":2},{"damage":33,"enemies":"Writhing Mass","floor":51,"turns":4},{"damage":104,"enemies":"IC_BLOCK_ARCHETYPE","floor":52,"turns":9}],"seed_played":"-2969910815105358417","potions_obtained":[{"floor":2,"key":"Strength Potion"},{"floor":13,"key":"Dexterity Potion"},{"floor":15,"key":"Fire Potion"},{"floor":16,"key":"Regen Potion"},{"floor":19,"key":"AttackPotion"},{"floor":27,"key":"Strength Potion"},{"floor":32,"key":"Block Potion"},{"floor":34,"key":"Slimebound:ThreeZeroPotion"},{"floor":40,"key":"EssenceOfSteel"},{"floor":42,"key":"infinitespire:BlackPotion"},{"floor":45,"key":"Elixir"}],"is_trial":false,"path_per_floor":["R_BF","M","M","M","?","?","T","R","$","?","$","R","M","M","M","B",null,"R_BF","M","M","$","M","M","T","PTL","PTL","M","$","R","?","R","M","?","M","B",null,"R","M","M","M","$","M","T","R","E","R","?","M","R","$","M","B",null,null],"character_chosen":"THE_AUTOMATON","items_purchased":["bronze:OilSpill+1","Runesmith:Nanobots","bronze:ItsAFeature","SteroidPotion","expansioncontent:PolyBeam","Guardian:BlockOnCardUsePotion","bronze:DelayedSlice"],"campfire_rested":3,"item_purchase_floors":[9,41,41,41,41,50,50],"current_hp_per_floor":[77,77,73,66,66,66,66,66,64,64,57,77,77,70,58,15,77,87,77,65,65,50,16,16,16,16,77,70,87,92,92,92,92,81,81,92,92,90,88,75,76,92,92,92,94,94,94,93,96,96,93,43,43],"gold":177,"neow_bonus":"TEN_PERCENT_HP_BONUS","is_daily":false,"chose_seed":false,"campfire_upgraded":4,"win_rate":0.0,"timestamp":1611717681,"path_taken":["R_BF","M","M","M","?","?","T","R","?","?","$","R","M","?","M","BOSS","R_BF","M","?","?","M","M","T","PTL","PTL","?","$","R","?","R","M","?","M","BOSS","R","M","M","?","$","M","T","R","E","R","?","M","R","$","M","BOSS"],"items_purchased_type":["Card","Relic","Card","Potion","Card","Potion","Card"],"build_version":"2020-12-22","purchased_purges":1,"victory":true,"max_hp_per_floor":[77,77,77,77,77,77,77,77,77,77,77,77,77,77,77,77,77,87,87,87,87,87,87,87,87,87,87,87,87,92,92,92,92,92,92,92,92,92,92,92,92,92,92,92,94,94,94,96,96,96,98,98,98],"relic_stats":{"Singing Bowl":6,"counters":[27,87],"obtain_stats":[{"Runesmith:Nanobots":41,"bronze:BronzeCore":0,"downfall:HeartBlessingRed":18,"ReplayTheSpireMod:Shallot":24,"Singing Bowl":45,"downfall:HeartBlessingBlue":18,"infinitespire:Satchel":43,"downfall:ExtraCursedKey":30,"LetterFromLob":2,"halation:AfternoonTea":1,"aspiration:RitualDagger":17,"aspiration:SecretTechniqueScroll":36},{"Runesmith:Nanobots":22,"bronze:BronzeCore":0,"downfall:HeartBlessingRed":9,"ReplayTheSpireMod:Shallot":13,"Singing Bowl":24,"downfall:HeartBlessingBlue":9,"infinitespire:Satchel":23,"downfall:ExtraCursedKey":15,"LetterFromLob":1,"halation:AfternoonTea":0,"aspiration:RitualDagger":9,"aspiration:SecretTechniqueScroll":18},{"Runesmith:Nanobots":64,"bronze:BronzeCore":0,"downfall:HeartBlessingRed":30,"ReplayTheSpireMod:Shallot":41,"Singing Bowl":72,"downfall:HeartBlessingBlue":30,"infinitespire:Satchel":69,"downfall:ExtraCursedKey":48,"LetterFromLob":5,"halation:AfternoonTea":0,"aspiration:RitualDagger":30,"aspiration:SecretTechniqueScroll":56}]},"card_choices":[{"not_picked":["bronze:Frontload","bronze:Overload"],"picked":"bronze:Separator","floor":2},{"not_picked":["bronze:Frontload","bronze:CutThrough"],"picked":"bronze:Assembly","floor":3},{"not_picked":["bronze:DelayedGuard","bronze:Shell"],"picked":"bronze:OilSpill","floor":4},{"not_picked":["bronze:CutThrough","bronze:Deprecate","bronze:Overheat"],"picked":"SKIP","floor":9},{"not_picked":["bronze:Break","bronze:Allocate"],"picked":"bronze:Separator","floor":11},{"not_picked":["bronze:Overheat","bronze:Safeguard"],"picked":"bronze:Fortify","floor":13},{"not_picked":["bronze:BuggyMess","bronze:Frontload"],"picked":"bronze:DelayedSlice","floor":14},{"not_picked":["bronze:BitShift","bronze:FollowUp","bronze:Deprecate"],"picked":"SKIP","floor":15},{"not_picked":["bronze:ThunderWave","bronze:FindAndReplace"],"picked":"bronze:InfiniteLoop","floor":16},{"not_picked":["bronze:Shield","bronze:Separator"],"picked":"bronze:DelayedSlice+1","floor":19},{"not_picked":["bronze:DelayedGuard","bronze:CutThrough"],"picked":"bronze:ChosenStrike","floor":20},{"not_picked":["bronze:DelayedSlice","bronze:Frontload+1"],"picked":"bronze:OilSpill+1","floor":22},{"not_picked":["bronze:BugBarrage+1","bronze:Frontload","bronze:BurnOut"],"picked":"SKIP","floor":23},{"not_picked":["bronze:Repulsor","bronze:Overheat+1"],"picked":"bronze:DelayedSlice","floor":27},{"not_picked":["bronze:ForceShield","bronze:Frontload","bronze:MaxOutput"],"picked":"SKIP","floor":28},{"not_picked":["bronze:CloningBeam","bronze:Philosophize"],"picked":"bronze:Iterate","floor":32},{"not_picked":["bronze:Turbo","bronze:Safeguard"],"picked":"bronze:WhirlingStrike","floor":34},{"not_picked":["bronze:AlphaBuild","bronze:ShipIt"],"picked":"bronze:HardenedForm","floor":35},{"not_picked":["bronze:Refactor+1","bronze:WildBeam"],"picked":"bronze:Iterate+1","floor":38},{"not_picked":["bronze:BugBarrage+1","bronze:Turbo+1"],"picked":"bronze:BronzeOrb","floor":39},{"not_picked":["bronze:Constructor","bronze:Philosophize"],"picked":"bronze:Repulsor","floor":40},{"not_picked":["bronze:Shield","bronze:Philosophize+1","bronze:Turbo"],"picked":"SKIP","floor":41},{"not_picked":["bronze:Constructor+1","bronze:WildBeam"],"picked":"bronze:Flail","floor":42},{"not_picked":["bronze:BuggyMess+1","bronze:Turbo+1","bronze:HyperBeam"],"picked":"Singing Bowl","floor":45},{"not_picked":["bronze:Repulsor+1","bronze:WildBeam","bronze:DelayedGuard+1"],"picked":"Singing Bowl","floor":48},{"not_picked":["bronze:Constructor","bronze:BronzeOrb","bronze:WhirlingStrike"],"picked":"Singing Bowl","floor":51}],"player_experience":1061468,"relics_obtained":[{"floor":1,"key":"halation:AfternoonTea"},{"floor":2,"key":"LetterFromLob"},{"floor":24,"key":"ReplayTheSpireMod:Shallot"},{"floor":43,"key":"infinitespire:Satchel"},{"floor":45,"key":"Singing Bowl"}],"event_choices":[],"is_beta":false,"boss_relics":[{"not_picked":["Astrolabe","halation:SmartPhone"],"picked":"aspiration:RitualDagger"},{"not_picked":["ReplayTheSpireMod:DimensionalGlitch","hubris:BlackHole"],"picked":"aspiration:SecretTechniqueScroll"}],"items_purged_floors":[41],"is_endless":false,"potions_floor_spawned":[2,13,15,16,19,27,32,34,40,42,45],"ascension_level":3}}