{"host":"qsusua7l529r8z9k","time":1611722666,"event":{"mods":["BaseMod","Minty Spire (QoL Compilation)","StSLib"],"gold_per_floor":[118,118,43,63,87,118,118,153,153,173,173,16,16,59,59,59,59],"floor_reached":16,"language":"ZHS","playtime":560,"items_purged":[],"score":218,"play_id":"2e94b249-83be-4ee7-b626-d5bc52ac1668","local_time":"20210127124426","is_ascension_mode":true,"campfire_choices":[{"floor":7.0,"key":"REST"},{"floor":11.0,"key":"REST"},{"data":"Blade Dance","floor":13.0,"key":"SMITH"},{"data":"Prepared","floor":15,"key":"SMITH"}],"circlet_count":0,"master_deck":["AscendersBane","Strike_G","Strike_G","Strike_G","Strike_G","Defend_G","Defend_G","Defend_G","Defend_G","Defend_G","Survivor+1","Neutralize","Impatience","All Out Attack","PiercingWail","Flechettes","Acrobatics+1","Blade Dance+1","Prepared+1"],"relics":["Ring of the Snake","Golden Idol","PreservedInsect","Unceasing Top","Darkstone Periapt","Omamori","War Paint"],"acts_visited":["Exordium"],"potions_floor_usage":[16],"damage_taken":[{"damage":0.0,"enemies":"2 Louse","floor":1.0,"turns":4.0},{"damage":9.0,"enemies":"Jaw Worm","floor":4.0,"turns":5.0},{"damage":3.0,"enemies":"Cultist","floor":5.0,"turns":4.0},{"damage":37.0,"enemies":"Lagavulin","floor":6.0,"turns":9.0},{"damage":19.0,"enemies":"Gremlin Nob","floor":8.0,"turns":4.0},{"damage":5.0,"enemies":"Gremlin Gang","floor":10.0,"turns":8.0},{"damage":5.0,"enemies":"3 Sentries","floor":14.0,"turns":5.0},{"damage":17,"enemies":"The Guardian","floor":16,"turns":9}],"seed_played":"-2946517848368160181","potions_obtained":[{"floor":1.0,"key":"Poison Potion"},{"floor":5.0,"key":"DuplicationPotion"},{"floor":6.0,"key":"Swift Potion"}],"is_trial":false,"path_per_floor":["M","?","?","M","M","E","R","E","T","M","R","$","R","E","R","B"],"character_chosen":"THE_SILENT","items_purchased":["Omamori"],"campfire_rested":2,"item_purchase_floors":[12],"current_hp_per_floor":[59,59,59,50,47,10,28,9,9,4,22,22,22,17,17,0,0],"gold":59,"neow_bonus":"RANDOM_COLORLESS","is_daily":false,"chose_seed":false,"campfire_upgraded":2,"win_rate":0.0,"timestamp":1611722666,"path_taken":["M","?","?","M","M","E","R","E","T","M","R","$","R","E","R","BOSS"],"items_purchased_type":["Relic"],"build_version":"2020-12-22","purchased_purges":0,"victory":false,"max_hp_per_floor":[66,60,60,60,60,60,60,60,60,60,60,60,60,60,60,60,60],"card_choices":[{"not_picked":["Discovery","Good Instincts"],"picked":"Impatience","floor":0.0},{"not_picked":["Deflect","Noxious Fumes"],"picked":"All Out Attack","floor":1.0},{"not_picked":["Predator","Dagger Spray"],"picked":"PiercingWail","floor":4.0},{"not_picked":["Flying Knee","Underhanded Strike","Outmaneuver"],"picked":"SKIP","floor":5.0},{"not_picked":["Storm of Steel","Underhanded Strike"],"picked":"Flechettes","floor":6.0},{"not_picked":["Deflect","Escape Plan"],"picked":"Acrobatics","floor":8.0},{"not_picked":["Outmaneuver","Bouncing Flask"],"picked":"Blade Dance","floor":10.0},{"not_picked":["Concentrate","Dodge and Roll"],"picked":"Prepared","floor":14}],"player_experience":493519,"relics_obtained":[{"floor":6.0,"key":"PreservedInsect"},{"floor":8.0,"key":"Unceasing Top"},{"floor":9.0,"key":"Darkstone Periapt"},{"floor":14,"key":"War Paint"}],"event_choices":[{"damage_healed":0.0,"max_hp_gain":0.0,"max_hp_loss":6.0,"gold_gain":0.0,"event_name":"Golden Idol","player_choice":"Lose Max HP","floor":2.0,"gold_loss":0.0,"damage_taken":0.0,"relics_obtained":["Golden Idol"]},{"cards_removed":["Strike_G"],"damage_healed":0.0,"max_hp_gain":0.0,"max_hp_loss":0.0,"gold_gain":0.0,"event_name":"The Cleric","player_choice":"Card Removal","floor":3.0,"gold_loss":75.0,"damage_taken":0.0}],"is_beta":false,"boss_relics":[],"items_purged_floors":[],"is_endless":false,"potions_floor_spawned":[1,5,6],"killed_by":"The Guardian","ascension_level":17}}