{"host":"bxn2em57qlx5u4i0","time":1611727074,"event":{"mods":["BaseMod","Colored Map","Colored Powertips","Highlight Path","Minty Spire (QoL Compilation)","Random Character Button","Relic Sorter","Relic Stats","StSLib","SuperFastMode"],"gold_per_floor":[111,10,10,10,10,54,54,90,90,90,90,114,152,227,227,323,323,346,18,38,88,108,149,149,187,210,245,260,303,326,376,376,471,471,490,100,114,114,447,476,488,534,627,656,700,239,239,251,251,251,251,251,251,23,49,49],"floor_reached":57,"language":"ENG","playtime":2612,"items_purged":["Strike_G","Strike_G","Strike_G","Strike_G","Defend_G"],"score":3464,"play_id":"73848f79-2993-40cc-ad2e-72bc95ca76ea","local_time":"20210127005754","is_ascension_mode":true,"campfire_choices":[{"data":"Flying Knee","floor":7.0,"key":"SMITH"},{"data":"Neutralize","floor":11.0,"key":"SMITH"},{"data":"Footwork","floor":15.0,"key":"SMITH"},{"data":"Wraith Form v2","floor":24.0,"key":"SMITH"},{"data":"Wraith Form v2","floor":32.0,"key":"SMITH"},{"floor":47.0,"key":"RECALL"},{"data":"Strike_G","floor":49.0,"key":"PURGE"},{"data":"Apotheosis","floor":53.0,"key":"SMITH"}],"circlet_count":0,"master_deck":["AscendersBane","Defend_G","Defend_G","Defend_G","Defend_G","Survivor","Neutralize+1","Flying Knee+1","Dagger Throw+1","Blur","Infinite Blades","Footwork+1","Bouncing Flask","Wraith Form v2+1","Wraith Form v2+1","Catalyst","Calculated Gamble","Tools of the Trade","Acrobatics","Wraith Form v2","Bouncing Flask","Sadistic Nature","Apotheosis+1","Backflip","Acrobatics","Noxious Fumes","PiercingWail"],"relics":["Ring of the Serpent","NeowsBlessing","Pantograph","Peace Pipe","Tingsha","FossilizedHelix","Coffee Dripper","TwistedFunnel","Thread and Needle","StrikeDummy","MealTicket","Ancient Tea Set","Tough Bandages","HornCleat","MawBank","Bag of Marbles","Kunai","Pear","Vajra"],"acts_visited":["Exordium","TheCity","TheBeyond","TheEnding"],"potions_floor_usage":[56,56],"damage_taken":[{"damage":0.0,"enemies":"Jaw Worm","floor":1.0,"turns":1.0},{"damage":0.0,"enemies":"Gremlin Nob","floor":6.0,"turns":1.0},{"damage":0.0,"enemies":"3 Sentries","floor":8.0,"turns":2.0},{"damage":0.0,"enemies":"Small Slimes","floor":12.0,"turns":3.0},{"damage":10.0,"enemies":"Lagavulin","floor":13.0,"turns":8.0},{"damage":23.0,"enemies":"Slime Boss","floor":16.0,"turns":12.0},{"damage":0.0,"enemies":"2 Thieves","floor":18.0,"turns":5.0},{"damage":0.0,"enemies":"Chosen","floor":20.0,"turns":5.0},{"damage":6.0,"enemies":"Snake Plant","floor":22.0,"turns":4.0},{"damage":9.0,"enemies":"Gremlin Leader","floor":23.0,"turns":12.0},{"damage":0.0,"enemies":"Slavers","floor":25.0,"turns":6.0},{"damage":14.0,"enemies":"Book of Stabbing","floor":27.0,"turns":6.0},{"damage":0.0,"enemies":"3 Cultists","floor":28.0,"turns":5.0},{"damage":15.0,"enemies":"Slavers","floor":29.0,"turns":7.0},{"damage":0.0,"enemies":"Centurion and Healer","floor":30.0,"turns":6.0},{"damage":0.0,"enemies":"Champ","floor":33.0,"turns":15.0},{"damage":0.0,"enemies":"3 Darklings","floor":35.0,"turns":7.0},{"damage":0.0,"enemies":"3 Shapes","floor":37.0,"turns":5.0},{"damage":0.0,"enemies":"Reptomancer","floor":40.0,"turns":9.0},{"damage":0.0,"enemies":"Giant Head","floor":42.0,"turns":9.0},{"damage":0.0,"enemies":"Spire Growth","floor":44.0,"turns":5.0},{"damage":0.0,"enemies":"Nemesis","floor":45.0,"turns":7.0},{"damage":0.0,"enemies":"Transient","floor":48.0,"turns":6.0},{"damage":52.0,"enemies":"Awakened One","floor":50.0,"turns":16.0},{"damage":12.0,"enemies":"Donu and Deca","floor":51.0,"turns":11.0},{"damage":0.0,"enemies":"Shield and Spear","floor":55.0,"turns":8.0},{"damage":0,"enemies":"The Heart","floor":56,"turns":7}],"seed_played":"-2345175093096870510","potions_obtained":[{"floor":6.0,"key":"Fire Potion"},{"floor":8.0,"key":"Regen Potion"},{"floor":13.0,"key":"LiquidMemories"},{"floor":16.0,"key":"AttackPotion"},{"floor":18.0,"key":"GhostInAJar"},{"floor":23.0,"key":"LiquidMemories"},{"floor":27.0,"key":"Poison Potion"},{"floor":30.0,"key":"Swift Potion"},{"floor":33.0,"key":"SneckoOil"},{"floor":35.0,"key":"PowerPotion"}],"is_trial":false,"path_per_floor":["M","$","?","?","?","E","R","E","T","?","R","M","E","?","R","B",null,"M","$","M","?","M","E","R","E","T","E","M","E","M","?","R","B",null,"M","$","M","?","?","E","?","E","T","M","E","$","R","M","R","B","B",null,"R","$","E","B",null],"character_chosen":"THE_SILENT","items_purchased":["Dagger Throw","TwistedFunnel","AttackPotion","HornCleat","Pear","PiercingWail","Energy Potion"],"campfire_rested":0,"item_purchase_floors":[2,19,19,36,46,46,54],"current_hp_per_floor":[59,59,64,64,64,64,64,64,64,64,64,64,61,50,50,41,58,58,58,58,52,46,37,37,37,37,23,23,8,8,8,8,33,56,56,64,64,54,54,54,54,54,54,54,54,74,74,74,74,22,35,64,64,74,74,74],"gold":49,"neow_bonus":"THREE_ENEMY_KILL","is_daily":false,"chose_seed":false,"campfire_upgraded":6,"win_rate":0.0,"timestamp":1611727074,"path_taken":["M","$","?","?","?","E","R","E","T","?","R","?","E","?","R","BOSS","M","$","M","?","M","E","R","E","T","E","?","E","M","?","R","BOSS","M","$","?","?","?","E","?","E","T","?","E","?","R","M","R","BOSS","BOSS","R","$","E","BOSS"],"items_purchased_type":["Card","Relic","Potion","Relic","Relic","Card","Potion"],"build_version":"2020-12-22","purchased_purges":5,"victory":true,"max_hp_per_floor":[66,66,71,64,64,64,64,64,64,64,64,64,64,64,64,64,64,64,64,64,64,64,64,64,64,64,64,64,64,64,64,64,64,64,64,64,64,64,64,64,64,64,64,64,64,74,74,74,74,74,74,74,74,74,74,74],"relic_stats":{"Peace Pipe":1,"Tough Bandages":[639],"counters":[27,188],"Pantograph":64,"Tingsha":[592],"MealTicket":28,"Kunai":[3],"MawBank":72,"obtain_stats":[{"TwistedFunnel":19,"Pear":46,"NeowsBlessing":0,"Golden Idol":4,"Vajra":55,"Tingsha":9,"Thread and Needle":23,"Ancient Tea Set":27,"MawBank":40,"Peace Pipe":8,"Tough Bandages":29,"HornCleat":36,"Pantograph":6,"MealTicket":26,"Coffee Dripper":17,"Bag of Marbles":42,"Kunai":45,"StrikeDummy":25,"FossilizedHelix":13,"Ring of the Serpent":34,"Ring of the Snake":0},{"TwistedFunnel":7,"Pear":22,"NeowsBlessing":0,"Golden Idol":1,"Vajra":26,"Tingsha":3,"Thread and Needle":10,"Ancient Tea Set":12,"MawBank":19,"Peace Pipe":3,"Tough Bandages":14,"HornCleat":17,"Pantograph":2,"MealTicket":11,"Coffee Dripper":6,"Bag of Marbles":20,"Kunai":22,"StrikeDummy":11,"FossilizedHelix":5,"Ring of the Serpent":16,"Ring of the Snake":0},{"TwistedFunnel":32,"Pear":140,"NeowsBlessing":0,"Golden Idol":1,"Vajra":181,"Tingsha":4,"Thread and Needle":53,"Ancient Tea Set":65,"MawBank":119,"Peace Pipe":4,"Tough Bandages":77,"HornCleat":105,"Pantograph":2,"MealTicket":59,"Coffee Dripper":27,"Bag of Marbles":128,"Kunai":140,"StrikeDummy":59,"FossilizedHelix":15,"Ring of the Serpent":98,"Ring of the Snake":0}]},"card_choices":[{"not_picked":["Bane","Outmaneuver"],"picked":"Flying Knee","floor":1.0},{"not_picked":["Cloak And Dagger","Flying Knee"],"picked":"Blur","floor":6.0},{"not_picked":["Cloak And Dagger","Slice"],"picked":"Infinite Blades","floor":8.0},{"not_picked":["Dodge and Roll","Predator"],"picked":"Footwork","floor":12.0},{"not_picked":["Flechettes","Endless Agony","Bouncing Flask"],"picked":"SKIP","floor":13.0},{"not_picked":["Flechettes","Endless Agony"],"picked":"Bouncing Flask","floor":13.0},{"not_picked":["Die Die Die","Night Terror"],"picked":"Wraith Form v2","floor":16.0},{"not_picked":["Skewer","Poisoned Stab","Blade Dance"],"picked":"SKIP","floor":18.0},{"not_picked":["Heel Hook+1","Acrobatics","Slice"],"picked":"SKIP","floor":20.0},{"not_picked":["Flying Knee","Outmaneuver","Underhanded Strike"],"picked":"SKIP","floor":22.0},{"not_picked":["Calculated Gamble","Concentrate"],"picked":"Wraith Form v2","floor":23.0},{"not_picked":["Eviscerate","Caltrops"],"picked":"Catalyst","floor":25.0},{"not_picked":["Sucker Punch","Prepared","Deflect"],"picked":"SKIP","floor":27.0},{"not_picked":["Bane","Concentrate"],"picked":"Calculated Gamble","floor":28.0},{"not_picked":["Leg Sweep","Underhanded Strike"],"picked":"Tools of the Trade","floor":29.0},{"not_picked":["Blade Dance","Poisoned Stab+1"],"picked":"Acrobatics","floor":30.0},{"not_picked":["Adrenaline","Storm of Steel"],"picked":"Wraith Form v2","floor":33.0},{"not_picked":["Slice","Cloak And Dagger"],"picked":"Bouncing Flask","floor":35.0},{"not_picked":["Riddle With Holes","Slice","Bane+1"],"picked":"SKIP","floor":37.0},{"not_picked":["Swift Strike","Secret Technique"],"picked":"Sadistic Nature","floor":38.0},{"not_picked":["Mind Blast","Master of Strategy"],"picked":"Apotheosis","floor":38.0},{"not_picked":["Dodge and Roll","Dagger Throw"],"picked":"Backflip","floor":40.0},{"not_picked":["Accuracy","Choke"],"picked":"Acrobatics","floor":42.0},{"not_picked":["Choke","Deflect","Blade Dance"],"picked":"SKIP","floor":44.0},{"not_picked":["Leg Sweep","Flying Knee"],"picked":"Noxious Fumes","floor":45.0},{"not_picked":["Expertise","Finisher+1","Prepared"],"picked":"SKIP","floor":48.0},{"not_picked":["Grand Finale","Endless Agony","Dagger Throw"],"picked":"SKIP","floor":55.0}],"player_experience":2948794,"relics_obtained":[{"floor":6.0,"key":"Pantograph"},{"floor":8.0,"key":"Peace Pipe"},{"floor":9.0,"key":"Tingsha"},{"floor":13.0,"key":"FossilizedHelix"},{"floor":23.0,"key":"Thread and Needle"},{"floor":25.0,"key":"StrikeDummy"},{"floor":26.0,"key":"MealTicket"},{"floor":27.0,"key":"Ancient Tea Set"},{"floor":29.0,"key":"Tough Bandages"},{"floor":40.0,"key":"MawBank"},{"floor":42.0,"key":"Bag of Marbles"},{"floor":45.0,"key":"Kunai"},{"floor":55.0,"key":"Vajra"}],"event_choices":[{"damage_healed":0.0,"max_hp_gain":5.0,"max_hp_loss":0.0,"gold_gain":0.0,"event_name":"Big Fish","player_choice":"Donut","floor":3.0,"gold_loss":0.0,"damage_taken":0.0},{"damage_healed":0.0,"max_hp_gain":0.0,"max_hp_loss":7.0,"gold_gain":0.0,"event_name":"Golden Idol","player_choice":"Lose Max HP","floor":4.0,"gold_loss":0.0,"damage_taken":0.0,"relics_obtained":["Golden Idol"]},{"damage_healed":0.0,"max_hp_gain":0.0,"max_hp_loss":0.0,"gold_gain":0.0,"event_name":"Living Wall","player_choice":"Grow","floor":5.0,"gold_loss":0.0,"damage_taken":0.0,"cards_upgraded":["Dagger Throw"]},{"damage_healed":0.0,"max_hp_gain":0.0,"max_hp_loss":0.0,"gold_gain":0.0,"event_name":"Lab","player_choice":"Got Potions","floor":10.0,"gold_loss":0.0,"damage_taken":0.0},{"damage_healed":0.0,"max_hp_gain":0.0,"max_hp_loss":0.0,"gold_gain":75.0,"event_name":"World of Goop","player_choice":"Gather Gold","floor":14.0,"gold_loss":0.0,"damage_taken":11.0},{"damage_healed":0.0,"max_hp_gain":0.0,"max_hp_loss":0.0,"gold_gain":50.0,"event_name":"FaceTrader","player_choice":"Touch","floor":21.0,"gold_loss":0.0,"damage_taken":6.0},{"damage_healed":0.0,"max_hp_gain":0.0,"max_hp_loss":0.0,"gold_gain":50.0,"event_name":"Golden Shrine","player_choice":"Pray","floor":31.0,"gold_loss":0.0,"damage_taken":0.0},{"damage_healed":0.0,"max_hp_gain":0.0,"max_hp_loss":0.0,"gold_gain":0.0,"event_name":"SensoryStone","player_choice":"Memory 3","floor":38.0,"gold_loss":0.0,"damage_taken":10.0},{"damage_healed":0.0,"max_hp_gain":0.0,"max_hp_loss":0.0,"gold_gain":333.0,"event_name":"The Moai Head","player_choice":"Gave Idol","floor":39.0,"relics_lost":["Golden Idol"],"gold_loss":0.0,"damage_taken":0.0},{"damage_healed":0.0,"max_hp_gain":0.0,"max_hp_loss":0.0,"gold_gain":0.0,"event_name":"Match and Keep!","player_choice":"0 cards matched","floor":41.0,"gold_loss":0.0,"damage_taken":0.0,"cards_obtained":[]}],"is_beta":false,"boss_relics":[{"not_picked":["Velvet Choker","Calling Bell"],"picked":"Coffee Dripper"},{"not_picked":["Astrolabe","Black Star"],"picked":"Ring of the Serpent"}],"items_purged_floors":[2,19,36,46,54],"is_endless":false,"potions_floor_spawned":[6,8,13,16,18,23,27,30,33,35,37,44],"ascension_level":20}}