{"host":"qrt7o4dq2qslzw13","time":1611776762,"event":{"mods":["BaseMod","Colored Map","Colored Powertips","Minty Spire (QoL Compilation)","Quick Restart","Replay The Spire","Shop Mod","StSLib","SuperFastMode"],"gold_per_floor":[116,116,116,116,116,135,147,147,147,162,162,162,176,176,176,205,6,6,107,107,125,50,65,65,82,82,22,22,22,22,22,35,35,35,235,235,235],"floor_reached":36,"language":"ENG","playtime":556,"items_purged":[],"score":361,"play_id":"f0117149-4d08-48d5-a04c-b0ecff7bce58","local_time":"20210127144602","is_ascension_mode":true,"campfire_choices":[{"data":"Eruption","floor":9.0,"key":"SMITH"},{"data":"ClearTheMind","floor":11.0,"key":"SMITH"},{"floor":14.0,"key":"REST"},{"floor":18.0,"key":"REST"},{"floor":26.0,"key":"REST"},{"data":"Ragnarok","floor":30.0,"key":"SMITH"},{"data":"EmptyMind","floor":33.0,"key":"SMITH"}],"circlet_count":0,"master_deck":["Strike_P","Strike_P+1","Strike_P+1","Defend_P","Defend_P","Defend_P","Defend_P","Eruption+1","Vigilance","Strike_P","Defend_P","ClearTheMind+1","Evaluate","EmptyMind+1","Tantrum","Prostrate","Fasting2","Fasting2","Ragnarok+1","MasterReality","Protect+1","Conclude","InnerPeace","Doubt","Replay:ManipulateFuture","Sanctity","SpiritShield","Bandage Up"],"relics":["PureWater","Calipers","Onion Ring","Iron Hammer","Nunchaku","VioletLotus","MutagenicStrength","Ring of Hypnosis","StrikeDummy"],"acts_visited":["Exordium","TheCity"],"potions_floor_usage":[36,36,36],"damage_taken":[{"damage":23.0,"enemies":"Cultist","floor":1.0,"turns":6.0},{"damage":5.0,"enemies":"Small Slimes","floor":6.0,"turns":3.0},{"damage":0.0,"enemies":"2 Louse","floor":7.0,"turns":1.0},{"damage":4.0,"enemies":"2 Fungi Beasts","floor":10.0,"turns":3.0},{"damage":18.0,"enemies":"Lots of Slimes","floor":13.0,"turns":7.0},{"damage":15.0,"enemies":"Lagavulin","floor":16.0,"turns":3.0},{"damage":49.0,"enemies":"Fading Forest","floor":19.0,"turns":11.0},{"damage":5.0,"enemies":"Shell Parasite","floor":21.0,"turns":3.0},{"damage":7.0,"enemies":"2 Thieves","floor":23.0,"turns":3.0},{"damage":2.0,"enemies":"Chosen and Byrds","floor":25.0,"turns":5.0},{"damage":3.0,"enemies":"Snake Plant","floor":32.0,"turns":4.0},{"damage":62,"enemies":"Champ","floor":36,"turns":4}],"seed_played":"8068036503393705198","potions_obtained":[{"floor":7.0,"key":"Weak Potion"},{"floor":10.0,"key":"Strength Potion"},{"floor":16.0,"key":"SkillPotion"},{"floor":19.0,"key":"Languid Potion"},{"floor":23.0,"key":"LiquidBronze"},{"floor":31.0,"key":"BottledMiracle"},{"floor":31.0,"key":"AttackPotion"}],"is_trial":false,"path_per_floor":["M","?","PTL","PTL","PTL","M","M","?","R","M","R","T","M","R","?","E","$","R","B",null,"M","?","M","?","M","R","?","?","T","R","?","M","R","?","R_BF","B"],"character_chosen":"WATCHER","items_purchased":["Fasting2","Ragnarok"],"campfire_rested":3,"item_purchase_floors":[17,17],"current_hp_per_floor":[42,42,42,42,42,37,37,61,61,57,57,57,39,60,46,31,31,52,11,57,52,52,45,45,43,64,64,64,64,64,64,61,61,61,61,3,3],"gold":235,"neow_bonus":"ONE_RARE_RELIC","is_daily":false,"chose_seed":false,"campfire_upgraded":4,"win_rate":0.0,"timestamp":1611776762,"path_taken":["M","?","PTL","PTL","PTL","?","M","?","R","M","R","T","M","R","?","E","$","R","BOSS","M","?","M","?","M","R","?","?","T","R","?","?","R","?","R_BF","BOSS"],"items_purchased_type":["Card","Card"],"build_version":"2020-12-22","purchased_purges":0,"victory":false,"max_hp_per_floor":[72,72,72,72,72,72,72,72,72,72,72,72,72,72,72,72,72,72,72,72,72,72,72,72,72,72,72,72,72,72,72,72,72,72,72,72,72],"card_choices":[{"not_picked":["Sanctity","SandsOfTime"],"picked":"Prostrate","floor":1.0},{"not_picked":["PathToVictory","Vengeance"],"picked":"ClearTheMind","floor":6.0},{"not_picked":["Halt","Vengeance"],"picked":"Evaluate","floor":7.0},{"not_picked":["SashWhip","PathToVictory"],"picked":"EmptyMind","floor":10.0},{"not_picked":["SashWhip","Halt"],"picked":"Tantrum","floor":13.0},{"not_picked":["ClearTheMind","PathToVictory"],"picked":"Prostrate","floor":16.0},{"not_picked":["Replay:AllIn","Devotion"],"picked":"MasterReality","floor":19.0},{"not_picked":["FollowUp","Replay:BluntJabs"],"picked":"Protect+1","floor":21.0},{"not_picked":["ClearTheMind","Weave+1"],"picked":"Conclude","floor":23.0},{"not_picked":["Sanctity","ClearTheMind+1"],"picked":"InnerPeace","floor":25.0},{"not_picked":["Consecrate+1","InnerPeace+1"],"picked":"Replay:ManipulateFuture","floor":32.0}],"player_experience":603527,"relics_obtained":[{"floor":12.0,"key":"Iron Hammer"},{"floor":16.0,"key":"Nunchaku"},{"floor":28.0,"key":"Ring of Hypnosis"},{"floor":29.0,"key":"StrikeDummy"}],"event_choices":[{"cards_removed":["Prostrate"],"damage_healed":0.0,"max_hp_gain":0.0,"max_hp_loss":0.0,"gold_gain":0.0,"event_name":"WeMeetAgain","player_choice":"Gave Card","floor":2.0,"gold_loss":0.0,"damage_taken":0.0,"relics_obtained":["Onion Ring"]},{"damage_healed":24.0,"max_hp_gain":0.0,"max_hp_loss":0.0,"gold_gain":0.0,"event_name":"Big Fish","player_choice":"Banana","floor":8.0,"gold_loss":0.0,"damage_taken":0.0},{"damage_healed":0.0,"max_hp_gain":0.0,"max_hp_loss":0.0,"gold_gain":0.0,"event_name":"Shining Light","player_choice":"Entered Light","floor":15.0,"gold_loss":0.0,"damage_taken":14.0,"cards_upgraded":["Strike_P","Strike_P"]},{"cards_removed":["Strike_P"],"damage_healed":0.0,"max_hp_gain":0.0,"max_hp_loss":0.0,"gold_gain":0.0,"event_name":"Beggar","player_choice":"Gave Gold","floor":22.0,"gold_loss":75.0,"damage_taken":0.0},{"damage_healed":0.0,"max_hp_gain":0.0,"max_hp_loss":0.0,"gold_gain":0.0,"event_name":"Drug Dealer","player_choice":"Inject Mutagens","floor":24.0,"gold_loss":0.0,"damage_taken":0.0,"relics_obtained":["MutagenicStrength"]},{"damage_healed":0.0,"max_hp_gain":0.0,"max_hp_loss":0.0,"gold_gain":0.0,"event_name":"Lab","player_choice":"Got Potions","floor":31.0,"gold_loss":0.0,"damage_taken":0.0},{"damage_healed":0.0,"max_hp_gain":0.0,"max_hp_loss":0.0,"gold_gain":0.0,"event_name":"Match and Keep!","player_choice":"3 cards matched","floor":34.0,"gold_loss":0.0,"damage_taken":0.0,"cards_obtained":["Sanctity","SpiritShield","Bandage Up"]},{"damage_healed":0.0,"max_hp_gain":0.0,"max_hp_loss":0.0,"gold_gain":200.0,"event_name":"Wheel of Change","player_choice":"Gold","floor":35.0,"gold_loss":0.0,"damage_taken":0.0}],"is_beta":false,"boss_relics":[{"not_picked":["Ectoplasm","Fusion Hammer"],"picked":"VioletLotus"}],"items_purged_floors":[],"is_endless":false,"potions_floor_spawned":[7,10,16,19,23],"killed_by":"Champ","ascension_level":8}}