{"host":"zrtolk9726p85qr7","time":1611713701,"event":{"mods":["BaseMod","BetterRewards","Colored Powertips","Minty Spire (QoL Compilation)","Permanent Neow","Quick Restart","Spire Arcade","StSLib","The Animator","The Necromancer","The Wild Card"],"gold_per_floor":[115,115,132,147,164,197,207,207,207,207,218,234,146,174,174,271,271,286,286,132,132,152,152,183,198,198,198,298,264,279,279,279,279,279],"floor_reached":33,"language":"ENG","playtime":1838,"items_purged":[],"score":267,"play_id":"d6b82b53-333f-4950-ab0e-6a1018878468","local_time":"20210127031501","is_ascension_mode":false,"campfire_choices":[{"floor":8.0,"key":"REST"},{"floor":10.0,"key":"RECALL"},{"floor":15.0,"key":"REST"},{"floor":23.0,"key":"REST"},{"floor":27,"key":"REST"},{"floor":32,"key":"REST"}],"circlet_count":0,"master_deck":["Strike_R","Strike_R","Strike_R","Strike_R","Strike_R","Defend_R","Defend_R","Defend_R","Defend_R","Bash","Clash","Anger","Inflame","Intimidate","Clash","Infernal Blade","Dramatic Entrance","Bludgeon","Shrug It Off+1","Double Tap","Searing Blow+1","Thunderclap+1"],"relics":["Burning Blood","InkBottle","Odd Mushroom","Black Star","Nilry\u0027s Codex","Ancient Tea Set","Du-Vu Doll","Darkstone Periapt","Vajra","Calipers","Molten Egg 2"],"acts_visited":["Exordium","TheCity"],"potions_floor_usage":[24,28,33,33,33],"damage_taken":[{"damage":1.0,"enemies":"2 Louse","floor":1.0,"turns":3.0},{"damage":0.0,"enemies":"Cultist","floor":3.0,"turns":2.0},{"damage":10.0,"enemies":"Small Slimes","floor":4.0,"turns":3.0},{"damage":14.0,"enemies":"Blue Slaver","floor":5.0,"turns":3.0},{"damage":40.0,"enemies":"Lagavulin","floor":6.0,"turns":7.0},{"damage":0.0,"enemies":"Large Slime","floor":7.0,"turns":2.0},{"damage":0.0,"enemies":"3 Louse","floor":11.0,"turns":2.0},{"damage":2.0,"enemies":"Blue Slaver","floor":12.0,"turns":2.0},{"damage":28.0,"enemies":"The Mushroom Lair","floor":14.0,"turns":4.0},{"damage":54.0,"enemies":"Hexaghost","floor":16.0,"turns":8.0},{"damage":17.0,"enemies":"Spheric Guardian","floor":18.0,"turns":4.0},{"damage":2.0,"enemies":"Chosen","floor":22.0,"turns":4.0},{"damage":26,"enemies":"Slavers","floor":24,"turns":4},{"damage":28,"enemies":"Centurion and Healer","floor":25,"turns":5},{"damage":17,"enemies":"Colosseum Slavers","floor":28,"turns":4},{"damage":10,"enemies":"Colosseum Nobs","floor":28,"turns":4},{"damage":18,"enemies":"Cultist and Chosen","floor":30,"turns":6},{"damage":73,"enemies":"Automaton","floor":33,"turns":8}],"seed_played":"-6650426724136351153","potions_obtained":[{"floor":0.0,"key":"Fruit Juice"},{"floor":0.0,"key":"Fire Potion"},{"floor":0.0,"key":"SteroidPotion"},{"floor":4.0,"key":"CultistPotion"},{"floor":6.0,"key":"Weak Potion"},{"floor":14.0,"key":"DuplicationPotion"},{"floor":16.0,"key":"EssenceOfSteel"},{"floor":28,"key":"PowerPotion"},{"floor":30,"key":"Explosive Potion"}],"is_trial":false,"path_per_floor":["M","?","M","M","M","E","M","R","T","R","M","M","$","?","R","B",null,"M","?","$","?","M","R","E","M","T","R","?","$","M","?","R","B"],"character_chosen":"IRONCLAD","items_purchased":["Dramatic Entrance","Ancient Tea Set","Searing Blow+1"],"campfire_rested":5,"item_purchase_floors":[13,20,29],"current_hp_per_floor":[80,80,80,81,73,39,45,70,70,70,76,80,80,58,83,35,85,74,58,58,58,62,85,65,43,43,68,53,53,41,41,66,0,0],"gold":279,"neow_bonus":"THREE_SMALL_POTIONS","is_daily":false,"chose_seed":false,"campfire_upgraded":0,"win_rate":0.0,"timestamp":1611713701,"path_taken":["M","?","M","?","M","E","M","R","T","R","M","M","?","?","R","BOSS","M","?","$","?","M","R","E","M","T","R","?","?","M","?","R","BOSS"],"items_purchased_type":["Card","Relic","Card"],"build_version":"2020-12-22","purchased_purges":0,"victory":false,"max_hp_per_floor":[80,80,80,85,85,85,85,85,85,85,85,85,85,85,85,85,85,85,85,85,85,85,85,85,85,85,85,85,85,85,85,85,85,85],"card_choices":[{"not_picked":["Flex","Dark Embrace"],"picked":"Clash","floor":1.0},{"not_picked":["Power Through","Rupture"],"picked":"Anger","floor":3.0},{"not_picked":["Metallicize","Havoc"],"picked":"Inflame","floor":4.0},{"not_picked":["Sword Boomerang","Thunderclap"],"picked":"Intimidate","floor":5.0},{"not_picked":["Cleave","Body Slam"],"picked":"Clash","floor":6.0},{"not_picked":["Barricade","Perfected Strike","Havoc"],"picked":"SKIP","floor":7.0},{"not_picked":["Clothesline","Perfected Strike"],"picked":"Infernal Blade","floor":11.0},{"not_picked":["Warcry","True Grit","Disarm"],"picked":"SKIP","floor":12.0},{"not_picked":["Corruption","Barricade"],"picked":"Bludgeon","floor":16.0},{"not_picked":["Hemokinesis","Shockwave","Headbutt+1"],"picked":"SKIP","floor":18.0},{"not_picked":["Cleave+1","Rupture"],"picked":"Shrug It Off+1","floor":22.0},{"not_picked":["Battle Trance+1","Intimidate+1"],"picked":"Double Tap","floor":24},{"not_picked":["Perfected Strike","Sentinel","Iron Wave"],"picked":"SKIP","floor":25},{"not_picked":["Hemokinesis+1","Power Through+1"],"picked":"Thunderclap+1","floor":30}],"player_experience":113665,"relics_obtained":[{"floor":6.0,"key":"InkBottle"},{"floor":14.0,"key":"Odd Mushroom"},{"floor":19.0,"key":"Nilry\u0027s Codex"},{"floor":24,"key":"Du-Vu Doll"},{"floor":24,"key":"Darkstone Periapt"},{"floor":26,"key":"Vajra"},{"floor":28,"key":"Calipers"},{"floor":28,"key":"Molten Egg 2"}],"event_choices":[{"damage_healed":0.0,"max_hp_gain":0.0,"max_hp_loss":0.0,"gold_gain":0.0,"event_name":"Wheel of Change","player_choice":"Full Heal","floor":2.0,"gold_loss":0.0,"damage_taken":0.0},{"damage_healed":0.0,"max_hp_gain":0.0,"max_hp_loss":0.0,"gold_gain":0.0,"event_name":"Mushrooms","player_choice":"Fought Mushrooms","floor":14.0,"gold_loss":0.0,"damage_taken":0.0},{"damage_healed":0.0,"max_hp_gain":0.0,"max_hp_loss":0.0,"gold_gain":0.0,"event_name":"Cursed Tome","player_choice":"Obtained Book","floor":19.0,"gold_loss":0.0,"damage_taken":16.0},{"damage_healed":0.0,"max_hp_gain":0.0,"max_hp_loss":0.0,"gold_gain":0.0,"event_name":"The Mausoleum","player_choice":"Ignored","floor":21.0,"gold_loss":0.0,"damage_taken":0.0},{"damage_healed":0,"gold_gain":0,"player_choice":"Fight","damage_taken":0,"max_hp_gain":0,"max_hp_loss":0,"event_name":"Colosseum","floor":28,"gold_loss":0},{"damage_healed":0,"gold_gain":0,"player_choice":"Fought Nobs","damage_taken":0,"max_hp_gain":0,"max_hp_loss":0,"event_name":"Colosseum","floor":28,"gold_loss":0},{"damage_healed":0,"gold_gain":0,"player_choice":"Ignored","damage_taken":0,"max_hp_gain":0,"max_hp_loss":0,"event_name":"Ghosts","floor":31,"gold_loss":0}],"is_beta":false,"boss_relics":[{"not_picked":["SlaversCollar","Runic Pyramid"],"picked":"Black Star"}],"items_purged_floors":[],"is_endless":false,"potions_floor_spawned":[4,6,11,14,16,18,24,28,30],"killed_by":"Automaton","ascension_level":0}}