{"host":"gbsupkmj5cka9iw4","time":1611733192,"event":{"mods":["BaseMod","Better Note","BetterRewards","Minty Spire (QoL Compilation)","Say the Spire","Shop Mod","StSLib"],"gold_per_floor":[112,126,51,51,66,66,66,96,96,108,170,200,211,221,221,297,297,315,334,334,128,140,140,158,192,215,245,259,50,50,150,150,221,221,240,292,292,229,243,243,273,291,318,349,349,377,377,387,387,387],"floor_reached":51,"language":"ENG","playtime":3805,"items_purged":["Strike_R","Pain","Strike_R+1"],"score":1717,"play_id":"6c97b682-e23e-457d-92ec-fce9fb809589","local_time":"20210127163952","is_ascension_mode":true,"campfire_choices":[{"data":"Bash","floor":6,"key":"SMITH"},{"data":"Wild Strike","floor":15,"key":"SMITH"},{"floor":23,"key":"REST"},{"floor":32,"key":"REST"},{"floor":40,"key":"REST"},{"floor":45,"key":"REST"},{"floor":49,"key":"REST"}],"circlet_count":0,"master_deck":["AscendersBane","Strike_R+1","Strike_R+1","Strike_R+1","Defend_R+1","Defend_R+1","Defend_R+1","Bash+1","Shrug It Off","Evolve","Battle Trance","Bloodletting","Ghostly Armor","Thunderclap","Wild Strike+1","Uppercut","Pommel Strike","Twin Strike","Clothesline+1","Pommel Strike","Iron Wave+1","Wild Strike","Wild Strike+1","Apotheosis","Bandage Up","Offering","Purity","Dark Shackles","Finesse","Second Wind+1","Shrug It Off+1","Disarm+1"],"relics":["Burning Blood","StrikeDummy","SlaversCollar","Lee\u0027s Waffle","WarpedTongs","Oddly Smooth Stone","Bottled Lightning","Toy Ornithopter","Bag of Marbles","Runic Cube","Nilry\u0027s Codex","Membership Card","Eternal Feather","Centennial Puzzle","Gremlin Horn","Orichalcum","Fusion Hammer","Dead Branch","Juzu Bracelet","Boot","Toxic Egg 2","Bronze Scales"],"acts_visited":["Exordium","TheCity","TheBeyond"],"potions_floor_usage":[11,16,16,25,44,50],"damage_taken":[{"damage":3,"enemies":"Cultist","floor":1,"turns":4},{"damage":10,"enemies":"Small Slimes","floor":2,"turns":3},{"damage":9,"enemies":"Jaw Worm","floor":5,"turns":3},{"damage":29,"enemies":"3 Sentries","floor":8,"turns":6},{"damage":3,"enemies":"Red Slaver","floor":10,"turns":2},{"damage":7,"enemies":"3 Sentries","floor":11,"turns":7},{"damage":21,"enemies":"Gremlin Nob","floor":12,"turns":5},{"damage":2,"enemies":"3 Louse","floor":13,"turns":2},{"damage":3,"enemies":"Looter","floor":14,"turns":3},{"damage":8,"enemies":"Slime Boss","floor":16,"turns":4},{"damage":38,"enemies":"3 Byrds","floor":18,"turns":5},{"damage":4,"enemies":"Chosen","floor":19,"turns":3},{"damage":13,"enemies":"Snecko","floor":22,"turns":3},{"damage":6,"enemies":"3 Cultists","floor":24,"turns":3},{"damage":23,"enemies":"Gremlin Leader","floor":25,"turns":6},{"damage":25,"enemies":"Slavers","floor":27,"turns":5},{"damage":14,"enemies":"Centurion and Healer","floor":28,"turns":7},{"damage":49,"enemies":"Automaton","floor":33,"turns":8},{"damage":5,"enemies":"3 Darklings","floor":35,"turns":5},{"damage":23,"enemies":"2 Orb Walkers","floor":36,"turns":5},{"damage":6,"enemies":"3 Shapes","floor":39,"turns":1},{"damage":3,"enemies":"Reptomancer","floor":41,"turns":5},{"damage":14,"enemies":"Transient","floor":42,"turns":5},{"damage":50,"enemies":"Giant Head","floor":44,"turns":6},{"damage":17,"enemies":"Reptomancer","floor":46,"turns":4},{"damage":12,"enemies":"Spire Growth","floor":48,"turns":4},{"damage":75,"enemies":"Awakened One","floor":50,"turns":11}],"seed_played":"4823129047218155324","potions_obtained":[{"floor":2,"key":"Regen Potion"},{"floor":8,"key":"Fire Potion"},{"floor":11,"key":"Dexterity Potion"},{"floor":13,"key":"DistilledChaos"},{"floor":22,"key":"Weak Potion"},{"floor":24,"key":"LiquidMemories"},{"floor":25,"key":"PowerPotion"},{"floor":36,"key":"Regen Potion"},{"floor":44,"key":"AttackPotion"},{"floor":48,"key":"Energy Potion"}],"is_trial":false,"path_per_floor":["M","M","$","?","M","R","$","E","T","M","?","E","M","M","R","B",null,"M","M","?","$","M","R","M","E","T","E","M","$","?","?","R","B",null,"M","?","?","$","M","R","E","M","T","E","R","E","?","M","R","B",null],"character_chosen":"IRONCLAD","items_purchased":["Lee\u0027s Waffle","Shrug It Off","Evolve","Membership Card","Apotheosis","Bandage Up","Orichalcum"],"campfire_rested":5,"item_purchase_floors":[0,0,0,21,29,29,29],"current_hp_per_floor":[82,78,78,78,75,75,75,52,52,55,69,54,58,61,61,69,79,47,49,33,33,26,50,50,38,38,19,11,11,11,11,50,13,65,72,61,51,51,51,82,82,80,80,44,82,77,77,75,82,19],"gold":387,"neow_bonus":"","is_daily":false,"chose_seed":false,"campfire_upgraded":2,"win_rate":0.0,"timestamp":1611733192,"path_taken":["M","?","$","?","?","R","?","E","T","M","?","E","M","M","R","BOSS","M","M","?","$","M","R","M","E","T","E","M","$","?","?","R","BOSS","M","?","?","?","?","R","E","M","T","E","R","E","?","M","R","BOSS"],"items_purchased_type":["Relic","Card","Card","Relic","Card","Card","Relic"],"build_version":"2020-12-22","purchased_purges":3,"victory":true,"max_hp_per_floor":[82,82,82,82,82,82,82,82,82,82,82,82,82,82,82,82,82,82,82,82,82,82,82,82,82,82,82,82,82,82,82,82,82,82,82,82,82,82,82,82,82,82,82,82,82,82,82,82,82,82],"card_choices":[{"not_picked":["Iron Wave","Anger","Clash"],"picked":"SKIP","floor":1},{"not_picked":["Clothesline","Exhume"],"picked":"Battle Trance","floor":2},{"not_picked":["Headbutt","Havoc"],"picked":"Bloodletting","floor":5},{"not_picked":["Combust","Anger"],"picked":"Ghostly Armor","floor":8},{"not_picked":["Sword Boomerang","Rage"],"picked":"Thunderclap","floor":10},{"not_picked":["Sentinel","Clash"],"picked":"Wild Strike","floor":12},{"not_picked":["Headbutt","Body Slam"],"picked":"Uppercut","floor":13},{"not_picked":["Flex","Feel No Pain"],"picked":"Pommel Strike","floor":14},{"not_picked":["Fiend Fire","Juggernaut"],"picked":"Demon Form","floor":16},{"not_picked":["Clash+1","Cleave"],"picked":"Twin Strike","floor":18},{"not_picked":["Warcry","Bloodletting+1"],"picked":"Clothesline+1","floor":19},{"not_picked":["Uppercut","Clash+1"],"picked":"Pommel Strike","floor":22},{"not_picked":["Rampage","Rupture","Warcry"],"picked":"SKIP","floor":24},{"not_picked":["Clash","Demon Form"],"picked":"Iron Wave+1","floor":25},{"not_picked":["Iron Wave+1","Cleave"],"picked":"Wild Strike","floor":27},{"not_picked":["Sentinel","Cleave+1"],"picked":"Wild Strike+1","floor":28},{"not_picked":["Corruption","Exhume"],"picked":"Offering","floor":33},{"not_picked":["Pummel","Body Slam","Dual Wield"],"picked":"SKIP","floor":35},{"not_picked":["Madness","Panacea"],"picked":"Purity","floor":37},{"not_picked":["Thinking Ahead","Finesse"],"picked":"Dark Shackles","floor":37},{"not_picked":["Magnetism","PanicButton"],"picked":"Finesse","floor":37},{"not_picked":["Sentinel+1","Wild Strike","Entrench+1"],"picked":"SKIP","floor":39},{"not_picked":["Wild Strike","Clash+1","Searing Blow"],"picked":"SKIP","floor":41},{"not_picked":["Second Wind","Dropkick","Sword Boomerang"],"picked":"SKIP","floor":42},{"not_picked":["Barricade","Anger"],"picked":"Second Wind+1","floor":44},{"not_picked":["Infernal Blade+1","Havoc+1"],"picked":"Shrug It Off+1","floor":46},{"not_picked":["Iron Wave","Entrench+1"],"picked":"Disarm+1","floor":48}],"player_experience":746089,"relics_obtained":[{"floor":8,"key":"Oddly Smooth Stone"},{"floor":9,"key":"Bottled Lightning"},{"floor":11,"key":"Toy Ornithopter"},{"floor":12,"key":"Bag of Marbles"},{"floor":20,"key":"Nilry\u0027s Codex"},{"floor":25,"key":"Eternal Feather"},{"floor":26,"key":"Centennial Puzzle"},{"floor":27,"key":"Gremlin Horn"},{"floor":36,"key":"Dead Branch"},{"floor":41,"key":"Juzu Bracelet"},{"floor":43,"key":"Boot"},{"floor":44,"key":"Toxic Egg 2"},{"floor":46,"key":"Bronze Scales"}],"event_choices":[{"damage_healed":0,"gold_gain":0,"player_choice":"Rummage","damage_taken":0,"relics_obtained":["WarpedTongs"],"max_hp_gain":0,"max_hp_loss":0,"event_name":"Accursed Blacksmith","floor":4,"gold_loss":0,"cards_obtained":["Pain"]},{"damage_healed":0,"gold_gain":30,"player_choice":"Searched \u00273\u0027 times","damage_taken":0,"max_hp_gain":0,"max_hp_loss":0,"event_name":"Dead Adventurer","floor":11,"gold_loss":0},{"damage_healed":0,"gold_gain":0,"player_choice":"Obtained Book","damage_taken":16,"max_hp_gain":0,"max_hp_loss":0,"event_name":"Cursed Tome","floor":20,"gold_loss":0},{"damage_healed":0,"gold_gain":0,"player_choice":"Simplicity","damage_taken":0,"max_hp_gain":0,"max_hp_loss":0,"event_name":"Back to Basics","floor":30,"gold_loss":0,"cards_upgraded":["Strike_R","Strike_R","Strike_R","Strike_R","Defend_R","Defend_R","Defend_R"]},{"damage_healed":0,"gold_gain":100,"player_choice":"Pray","damage_taken":0,"max_hp_gain":0,"max_hp_loss":0,"event_name":"Golden Shrine","floor":31,"gold_loss":0},{"damage_healed":0,"gold_gain":0,"player_choice":"Fight","damage_taken":0,"max_hp_gain":0,"max_hp_loss":0,"event_name":"Mysterious Sphere","floor":36,"gold_loss":0},{"damage_healed":0,"gold_gain":0,"player_choice":"Memory 3","damage_taken":10,"max_hp_gain":0,"max_hp_loss":0,"event_name":"SensoryStone","floor":37,"gold_loss":0},{"cards_removed":["Demon Form"],"damage_healed":0,"gold_gain":0,"player_choice":"Removed Power","damage_taken":0,"max_hp_gain":0,"max_hp_loss":0,"event_name":"Falling","floor":47,"gold_loss":0}],"is_beta":false,"boss_relics":[{"not_picked":["Tiny House","Runic Dome"],"picked":"Runic Cube"},{"not_picked":["Black Star","Runic Pyramid"],"picked":"Fusion Hammer"}],"items_purged_floors":[3,21,38],"is_endless":false,"potions_floor_spawned":[2,8,10,11,13,22,24,25,36,39,44,48],"ascension_level":14}}