{"host":"vqgrg90fv56geajp","time":1611786938,"event":{"mods":["BaseMod","Colored Map","Colored Powertips","Minty Spire (QoL Compilation)","Quick Restart","Rare Cards Sparkle","Relic Stats"],"gold_per_floor":[110,110,130,130,148,183,193,193,193,224,224,28,42,53,53,131,131,141,153,166,91,107,107,119,119,143,178,178,213,213,213,213,213,213],"floor_reached":33,"language":"ENG","playtime":1921,"items_purged":["Decay"],"score":594,"play_id":"af592cae-a193-47b6-b5bf-7ea6b37bf7d4","local_time":"20210128003538","is_ascension_mode":true,"campfire_choices":[{"floor":8,"key":"REST"},{"floor":15,"key":"REST"},{"floor":23,"key":"REST"},{"floor":25,"key":"REST"},{"floor":28,"key":"REST"},{"floor":30,"key":"REST"},{"floor":32,"key":"REST"}],"circlet_count":0,"master_deck":["AscendersBane","Strike_G","Strike_G","Strike_G","Strike_G","Defend_G","Defend_G","Defend_G","Defend_G","Defend_G","Survivor","Neutralize","Corpse Explosion","Deadly Poison","Dodge and Roll","Bane","Setup","Wraith Form v2","Catalyst","Noxious Fumes","Leg Sweep","Deadly Poison","After Image","PiercingWail","Backflip+1","Dodge and Roll","Crippling Poison","Calculated Gamble","Blur+1","Backflip","Writhe"],"relics":["Ring of the Serpent","Blue Candle","Mercury Hourglass","The Courier","Pen Nib","Regal Pillow","HornCleat","Kunai","Matryoshka"],"acts_visited":["Exordium","TheCity"],"potions_floor_usage":[7,13,14,14,18,20,27,29,29],"damage_taken":[{"damage":4,"enemies":"Jaw Worm","floor":1,"turns":5},{"damage":0,"enemies":"2 Louse","floor":3,"turns":3},{"damage":1,"enemies":"Small Slimes","floor":5,"turns":4},{"damage":33,"enemies":"3 Sentries","floor":6,"turns":10},{"damage":2,"enemies":"Looter","floor":7,"turns":4},{"damage":32,"enemies":"Lagavulin","floor":10,"turns":7},{"damage":4,"enemies":"3 Louse","floor":13,"turns":2},{"damage":0,"enemies":"Exordium Wildlife","floor":14,"turns":5},{"damage":28,"enemies":"The Guardian","floor":16,"turns":10},{"damage":21,"enemies":"2 Thieves","floor":18,"turns":3},{"damage":3,"enemies":"Spheric Guardian","floor":19,"turns":5},{"damage":13,"enemies":"Snake Plant","floor":20,"turns":7},{"damage":2,"enemies":"Centurion and Healer","floor":22,"turns":5},{"damage":26,"enemies":"Snecko","floor":24,"turns":7},{"damage":21,"enemies":"Slavers","floor":27,"turns":3},{"damage":48,"enemies":"Book of Stabbing","floor":29,"turns":8},{"damage":77,"enemies":"Collector","floor":33,"turns":6}],"seed_played":"-4895334828651005646","potions_obtained":[{"floor":6,"key":"LiquidMemories"},{"floor":10,"key":"PowerPotion"},{"floor":13,"key":"Fruit Juice"},{"floor":16,"key":"Strength Potion"},{"floor":18,"key":"LiquidMemories"},{"floor":19,"key":"Fruit Juice"},{"floor":24,"key":"GhostInAJar"},{"floor":27,"key":"SteroidPotion"}],"is_trial":false,"path_per_floor":["M","?","M","?","M","E","M","R","T","E","?","$","M","M","R","B",null,"M","M","M","?","M","R","M","R","T","E","R","E","R","?","R","B"],"character_chosen":"THE_SILENT","items_purchased":["Catalyst","Noxious Fumes","Weak Potion"],"campfire_rested":7,"item_purchase_floors":[12,12,12],"current_hp_per_floor":[40,62,62,57,56,23,21,40,40,8,8,8,4,9,30,2,54,33,30,17,17,15,36,10,31,31,10,46,3,40,40,76,0,0],"gold":213,"neow_bonus":"THREE_RARE_CARDS","is_daily":false,"chose_seed":false,"campfire_upgraded":0,"win_rate":0.0,"timestamp":1611786938,"path_taken":["M","?","M","?","M","E","M","R","T","E","?","$","M","M","R","BOSS","M","?","M","?","M","R","M","R","T","E","R","E","R","?","R","BOSS"],"items_purchased_type":["Card","Card","Potion"],"build_version":"2020-12-22","purchased_purges":1,"victory":false,"max_hp_per_floor":[66,66,66,66,66,66,66,66,66,66,66,66,66,71,71,71,71,71,71,71,71,71,71,71,71,71,71,71,76,76,76,76,76,76],"relic_stats":{"Regal Pillow":44,"counters":[17,93],"Blue Candle":[1],"Pen Nib":[4],"Kunai":[0],"obtain_stats":[{"Regal Pillow":26,"HornCleat":27,"Matryoshka":31,"Blue Candle":4,"The Courier":9,"Pen Nib":10,"Kunai":29,"Ring of the Serpent":17,"Ring of the Snake":0,"Mercury Hourglass":6},{"Regal Pillow":14,"HornCleat":15,"Matryoshka":16,"Blue Candle":2,"The Courier":5,"Pen Nib":6,"Kunai":16,"Ring of the Serpent":9,"Ring of the Snake":0,"Mercury Hourglass":4},{"Regal Pillow":76,"HornCleat":79,"Matryoshka":87,"Blue Candle":8,"The Courier":25,"Pen Nib":32,"Kunai":87,"Ring of the Serpent":49,"Ring of the Snake":0,"Mercury Hourglass":22}],"Mercury Hourglass":[265]},"card_choices":[{"not_picked":["Phantasmal Killer","Glass Knife"],"picked":"Corpse Explosion","floor":0},{"not_picked":["Sucker Punch","Underhanded Strike"],"picked":"Deadly Poison","floor":1},{"not_picked":["Finisher","Prepared"],"picked":"Dodge and Roll","floor":3},{"not_picked":["Predator","Dagger Throw"],"picked":"Bane","floor":5},{"not_picked":["Acrobatics","Distraction"],"picked":"Setup","floor":6},{"not_picked":["Underhanded Strike","Accuracy","Slice"],"picked":"SKIP","floor":7},{"not_picked":["Tactician","Heel Hook"],"picked":"Wraith Form v2","floor":10},{"not_picked":["Outmaneuver","Acrobatics"],"picked":"Leg Sweep","floor":13},{"not_picked":["All Out Attack","Bane"],"picked":"Deadly Poison","floor":14},{"not_picked":["Unload","Adrenaline"],"picked":"After Image","floor":16},{"not_picked":["Prepared","Dagger Throw"],"picked":"PiercingWail","floor":18},{"not_picked":["Acrobatics","Sucker Punch+1"],"picked":"Backflip+1","floor":19},{"not_picked":["Slice","Dagger Spray+1"],"picked":"Dodge and Roll","floor":20},{"not_picked":["Finisher","Sucker Punch"],"picked":"Crippling Poison","floor":22},{"not_picked":["Poisoned Stab+1","Prepared"],"picked":"Calculated Gamble","floor":24},{"not_picked":["Backstab","Acrobatics"],"picked":"Blur+1","floor":27},{"not_picked":["Poisoned Stab","Envenom"],"picked":"Backflip","floor":29}],"player_experience":2512071,"relics_obtained":[{"floor":6,"key":"Mercury Hourglass"},{"floor":9,"key":"The Courier"},{"floor":10,"key":"Pen Nib"},{"floor":26,"key":"Regal Pillow"},{"floor":27,"key":"HornCleat"},{"floor":29,"key":"Kunai"}],"event_choices":[{"damage_healed":22,"gold_gain":0,"player_choice":"Banana","damage_taken":0,"max_hp_gain":0,"max_hp_loss":0,"event_name":"Big Fish","floor":2,"gold_loss":0},{"damage_healed":0,"gold_gain":0,"player_choice":"Success","damage_taken":5,"relics_obtained":["Blue Candle"],"max_hp_gain":0,"max_hp_loss":0,"event_name":"Scrap Ooze","floor":4,"gold_loss":0},{"damage_healed":0,"gold_gain":0,"player_choice":"Cursed","damage_taken":0,"max_hp_gain":0,"max_hp_loss":0,"event_name":"Wheel of Change","floor":11,"gold_loss":0,"cards_obtained":["Decay"]},{"cards_removed":["Strike_G"],"damage_healed":0,"gold_gain":0,"player_choice":"Gave Gold","damage_taken":0,"max_hp_gain":0,"max_hp_loss":0,"event_name":"Beggar","floor":21,"gold_loss":75},{"damage_healed":0,"gold_gain":0,"player_choice":"Opened","damage_taken":0,"relics_obtained":["Matryoshka"],"max_hp_gain":0,"max_hp_loss":0,"event_name":"The Mausoleum","floor":31,"gold_loss":0,"cards_obtained":["Writhe"]}],"is_beta":false,"boss_relics":[{"not_picked":["WristBlade","Velvet Choker"],"picked":"Ring of the Serpent"}],"items_purged_floors":[12],"is_endless":false,"potions_floor_spawned":[6,10,13,16,18,19,24,27],"killed_by":"Collector","ascension_level":20}}