{"host":"zk6vb2npgw3pu6j2","time":1611781615,"event":{"mods":["Act Like it!","Aspiration","Bard","BaseMod","Beaked The Cultist","Bestiary","Better Note","Better Sensory Stone","CapriCore","Conspire","Downfall","Friendly Minions","Gensokyo","GifTheSpireLib","Hallownest","Hermit","Hubris","Koishi","Marisa????????","Marked Mod","Minty Spire (QoL Compilation)","Quarter Circle Forward PUNCH!","Reimu??????","Replay The Spire","Retaliation","StSLib","The Administrix","The Alterego","The Blue Laboratory","The Bug Knight","The Construct","The Exalted","The Hierophant","The Immortal","The Marked","The Runesmith","The Senshi","The Servant 0.9.4","The Wild Card","TheVacant","Wandering Minibosses","yUi"],"gold_per_floor":[99,114,130,144,154,154,179,179,212,229,129,229,29,49,64,164,164,164,174,186,186,201,220,270,280,280,299,199,213,2,2,18,18,18,18],"floor_reached":33,"language":"ENG","playtime":2313,"items_purged":["hexamod:Strike"],"score":280,"play_id":"66b70ed7-9152-478b-8127-3c8a50ff937d","local_time":"20210127160655","is_ascension_mode":false,"campfire_choices":[{"floor":1,"key":"RECALL"},{"floor":13,"key":"REST"},{"floor":18,"key":"DIG"},{"floor":28,"key":"REST"}],"circlet_count":0,"master_deck":["hexamod:Strike","hexamod:Strike","hexamod:Defend","hexamod:Defend","hexamod:Defend","hexamod:Defend","hexamod:Sear","hexamod:Float","hexamod:ParanormalForm+1","hexamod:GhostOfSpirePast","hexamod:Again","hexamod:StepThrough","hexamod:ShieldOfDarkness","Injury","hexamod:NightmareGuise+1","hexamod:SpectersWail","Ghostly+1","hexamod:GhostOfSpireFuture","hexamod:GhostLash","hexamod:VolcanoVisage","hexamod:SpectersWail","hexamod:Hexaguard+1","hexamod:UnlimitedPower+1","hexamod:AdvancingGuard+1","hexamod:GhostLash","hexamod:FastForward+1","hexamod:NightmareStrike+1","hexamod:Hexaguard+1","hexamod:NightmareStrike","hexamod:PowerFromBeyond+1","hexamod:AdvancingGuard+1","hexamod:NightmareGuise+1"],"relics":["hexamod:SpiritBrand","Toxic Egg 2","Bronze Scales","Bromod:ArcaneTempo","Strawberry","downfall:HeartBlessingRed","downfall:HeartBlessingGreen","Bromod:ArcaneBarrier","MealTicket","downfall:HeartBlessingBlue"],"acts_visited":["Exordium","TheCity"],"potions_floor_usage":[9,16,16,22,27,27,33],"damage_taken":[{"damage":14,"enemies":"Small Slimes","floor":2,"turns":6},{"damage":0,"enemies":"conspire:RoseBush","floor":3,"turns":4},{"damage":12,"enemies":"Jaw Worm","floor":4,"turns":7},{"damage":7,"enemies":"Gremlin Gang","floor":5,"turns":4},{"damage":24,"enemies":"Gremlin Nob","floor":9,"turns":5},{"damage":2,"enemies":"Blue Slaver","floor":10,"turns":4},{"damage":0,"enemies":"Exordium Wildlife","floor":14,"turns":3},{"damage":10,"enemies":"Large Slime","floor":15,"turns":7},{"damage":12,"enemies":"IC_STATUS_ARCHETYPE","floor":16,"turns":9},{"damage":16,"enemies":"Shell Parasite","floor":19,"turns":5},{"damage":5,"enemies":"Chosen","floor":20,"turns":7},{"damage":22,"enemies":"Shelled Parasite and Fungi","floor":22,"turns":7},{"damage":10,"enemies":"Centurion and Healer","floor":23,"turns":10},{"damage":9,"enemies":"Sentry and Sphere","floor":25,"turns":7},{"damage":6,"enemies":"Snake Plant","floor":27,"turns":4},{"damage":28,"enemies":"Centurion and Healer","floor":29,"turns":9},{"damage":2,"enemies":"downfall:FleeingMerchant","floor":30,"turns":5},{"damage":3,"enemies":"Sentry and Sphere","floor":32,"turns":6},{"damage":47,"enemies":"DF_ARCHETYPE_CLAW","floor":33,"turns":5}],"seed_played":"1845836787985643265","potions_obtained":[{"floor":2,"key":"Explosive Potion"},{"floor":4,"key":"blueLaboratory:BottledHope"},{"floor":9,"key":"blueLaboratory:ImpenetrablePotion"},{"floor":14,"key":"blueLaboratory:CorrosionFlask"},{"floor":16,"key":"blueLaboratory:FrostheartPotion"},{"floor":22,"key":"Guardian:BlockOnCardUsePotion"},{"floor":27,"key":"Cursed Concoction"}],"is_trial":false,"path_per_floor":["R","M","M","M","M","?","T","?","E","M","?","?","R","M","M","B",null,"R","M","M","?","M","M","T","M","?","M","R","M","$","?","M","B"],"character_chosen":"THE_SPIRIT","items_purchased":["hexamod:PowerFromBeyond+1","hexamod:AdvancingGuard+1"],"campfire_rested":2,"item_purchase_floors":[30,30],"current_hp_per_floor":[70,56,56,44,37,37,37,37,20,18,18,18,41,41,31,19,77,77,61,56,56,34,24,24,15,15,9,45,17,30,30,27,0,0,0],"gold":18,"neow_bonus":"TRANSFORM_CARD","is_daily":false,"chose_seed":false,"campfire_upgraded":0,"win_rate":0.0,"timestamp":1611781615,"path_taken":["R","M","M","M","M","?","T","?","E","M","?","?","R","M","M","BOSS","R","M","M","?","M","M","T","M","?","M","R","?","$","?","M","BOSS"],"items_purchased_type":["Card","Card"],"build_version":"2020-12-22","purchased_purges":1,"victory":false,"max_hp_per_floor":[70,70,70,70,70,70,70,70,77,77,77,77,77,77,77,77,77,77,77,77,77,77,77,77,77,77,77,87,87,87,87,87,87,87,87],"card_choices":[{"not_picked":["hexamod:ThermalTransfer","hexamod:SkipABeat"],"picked":"hexamod:GhostOfSpirePast","floor":2},{"not_picked":["hexamod:PhantomFireball","hexamod:ThermalTransfer"],"picked":"hexamod:Again","floor":3},{"not_picked":["hexamod:SuperheatedStrike","hexamod:RadiantFlame"],"picked":"hexamod:StepThrough","floor":4},{"not_picked":["hexamod:NecessarySacrifice","hexamod:SuperheatedStrike"],"picked":"hexamod:ShieldOfDarkness","floor":5},{"not_picked":["hexamod:ChargedBarrage+1","hexamod:SkipABeat+1"],"picked":"hexamod:NightmareGuise+1","floor":9},{"not_picked":["hexamod:HeatShield+1","hexamod:ChargedBarrage+1"],"picked":"hexamod:SpectersWail","floor":10},{"not_picked":["hexamod:InspiringFlames+1","hexamod:ThermalTransfer"],"picked":"hexamod:GhostOfSpireFuture","floor":14},{"not_picked":["hexamod:GhostflameBarrier+1","hexamod:FlamesFromBeyond+1"],"picked":"hexamod:GhostLash","floor":15},{"not_picked":["hexamod:SearingWound+1","hexamod:WildfireWeapon"],"picked":"hexamod:VolcanoVisage","floor":16},{"not_picked":["hexamod:HauntingEcho","hexamod:GhostOfSpireFuture"],"picked":"hexamod:SpectersWail","floor":19},{"not_picked":["hexamod:RadiantFlame","hexamod:FirstSeal"],"picked":"hexamod:Hexaguard+1","floor":20},{"not_picked":["hexamod:BacktrackSmack","hexamod:GhostflameBarrier+1"],"picked":"hexamod:AdvancingGuard+1","floor":22},{"not_picked":["hexamod:SwordOfDarkness+1","hexamod:ChargedBarrage+1"],"picked":"hexamod:GhostLash","floor":23},{"not_picked":["hexamod:HeatMetal","hexamod:FlamesFromBeyond+1"],"picked":"hexamod:FastForward+1","floor":25},{"not_picked":["hexamod:ExtraCrispy","hexamod:ThermalTransfer"],"picked":"hexamod:NightmareStrike+1","floor":27},{"not_picked":["hexamod:BacktrackSmack","hexamod:Firestarter+1"],"picked":"hexamod:Hexaguard+1","floor":29},{"not_picked":["hexamod:ExtraCrispy","hexamod:RainOfEmbers+1"],"picked":"hexamod:NightmareStrike","floor":30},{"not_picked":["hexamod:FastForward+1","hexamod:UnlimitedPower+1"],"picked":"hexamod:NightmareGuise+1","floor":32}],"player_experience":281369,"relics_obtained":[{"floor":7,"key":"Bronze Scales"},{"floor":9,"key":"Strawberry"},{"floor":18,"key":"MealTicket"}],"event_choices":[{"damage_healed":0,"gold_gain":0,"player_choice":"Argue","damage_taken":0,"max_hp_gain":0,"max_hp_loss":0,"event_name":"conspire:LoneGhost","floor":11,"gold_loss":0},{"damage_healed":0,"gold_gain":0,"player_choice":"Take","damage_taken":0,"max_hp_gain":0,"max_hp_loss":0,"event_name":"betterNote:BetterNote","floor":21,"gold_loss":0,"cards_obtained":["hexamod:UnlimitedPower"]}],"is_beta":false,"boss_relics":[{"not_picked":["Busted Crown","hubris:GrandSneckoEye"],"picked":"Bromod:ArcaneBarrier"}],"items_purged_floors":[30],"is_endless":false,"potions_floor_spawned":[2,4,9,14,16,22,27],"killed_by":"DF_ARCHETYPE_CLAW","ascension_level":0}}