{"host":"cyiefo55v5hz1ih5","time":1611729123,"event":{"mods":["2.2 Compatiblity","AchievementEnabler","BaseMod","Downfall","GifTheSpireLib","Hubris","Minty Spire (QoL Compilation)","Replay The Spire","Spicy Shops","StSLib"],"gold_per_floor":[99,111,111,111,127,127,127,145,155,155,173,173,13,36,50,50,50,50],"floor_reached":16,"language":"ENG","playtime":1042,"items_purged":["bronze:Strike"],"score":92,"play_id":"ccaf7f18-86bc-416a-a437-3c06113c0046","local_time":"20210127013203","is_ascension_mode":false,"campfire_choices":[{"data":"bronze:Goto","floor":1,"key":"SMITH"},{"data":"bronze:Fortify","floor":10,"key":"SMITH"}],"circlet_count":0,"master_deck":["bronze:Strike+1","bronze:Defend","bronze:Defend+1","bronze:Defend+1","bronze:Defend","bronze:Replicate","bronze:Goto+1","bronze:Separator","bronze:Frontload","bronze:Fortify+1","bronze:Iterate","bronze:MaxOutput"],"relics":["bronze:BronzeCore","Thread and Needle","hubris:Towel","Odd Mushroom"],"acts_visited":["Exordium"],"potions_floor_usage":[16,16],"damage_taken":[{"damage":4,"enemies":"2 Louse","floor":2,"turns":3},{"damage":0,"enemies":"Jaw Worm","floor":5,"turns":4},{"damage":0,"enemies":"Small Slimes","floor":8,"turns":2},{"damage":0,"enemies":"2 Fungi Beasts","floor":9,"turns":2},{"damage":11,"enemies":"3 Louse","floor":11,"turns":2},{"damage":0,"enemies":"downfall:FleeingMerchant","floor":13,"turns":4},{"damage":35,"enemies":"The Mushroom Lair","floor":14,"turns":6},{"damage":4,"enemies":"Lots of Slimes","floor":15,"turns":4},{"damage":50,"enemies":"DF_ARCHETYPE_STREAMLINE","floor":16,"turns":14}],"seed_played":"3550498771427875736","potions_obtained":[{"floor":14,"key":"champ:CounterPotion"},{"floor":15,"key":"DuplicationPotion"}],"is_trial":false,"path_per_floor":["R","M","?","?","M","?","T","M","M","R","M","?","$","?","M","B"],"character_chosen":"THE_AUTOMATON","items_purchased":["bronze:MaxOutput"],"campfire_rested":0,"item_purchase_floors":[13],"current_hp_per_floor":[70,66,66,66,66,66,66,66,66,66,55,55,55,20,16,0,0,0],"gold":50,"neow_bonus":"REMOVE_CARD","is_daily":false,"chose_seed":false,"campfire_upgraded":2,"win_rate":0.0,"timestamp":1611729123,"path_taken":["R","M","?","?","M","?","T","?","M","R","M","?","$","?","M","BOSS"],"items_purchased_type":["Card"],"build_version":"2020-12-22","purchased_purges":1,"victory":false,"max_hp_per_floor":[70,70,70,70,70,70,70,70,70,70,70,70,70,70,70,70,70,70],"card_choices":[{"not_picked":["bronze:WildBeam","bronze:BitShift"],"picked":"bronze:Separator","floor":2},{"not_picked":["bronze:WildBeam","bronze:DelayedGuard","bronze:ClassDefault"],"picked":"SKIP","floor":5},{"not_picked":["bronze:BuggyMess","bronze:Shell"],"picked":"bronze:Fortify","floor":8},{"not_picked":["bronze:WildBeam","bronze:BuggyMess"],"picked":"bronze:Iterate","floor":9},{"not_picked":["bronze:Branch","bronze:OilSpill","bronze:Frontload"],"picked":"SKIP","floor":11},{"not_picked":["bronze:Invalidate","bronze:Overload","bronze:BitShift"],"picked":"SKIP","floor":13},{"not_picked":["bronze:Safeguard","bronze:NullPointer","bronze:Invalidate"],"picked":"SKIP","floor":15}],"player_experience":798664,"relics_obtained":[{"floor":7,"key":"Thread and Needle"},{"floor":14,"key":"Odd Mushroom"}],"event_choices":[{"cards_removed":["bronze:Strike"],"damage_healed":0,"gold_gain":0,"player_choice":"Forget","damage_taken":0,"max_hp_gain":0,"max_hp_loss":0,"event_name":"Living Wall","floor":6,"gold_loss":0},{"damage_healed":0,"gold_gain":0,"player_choice":"Fought Mushrooms","damage_taken":0,"max_hp_gain":0,"max_hp_loss":0,"event_name":"Mushrooms","floor":14,"gold_loss":0}],"is_beta":false,"boss_relics":[],"items_purged_floors":[13],"is_endless":false,"potions_floor_spawned":[14,15],"killed_by":"DF_ARCHETYPE_STREAMLINE","ascension_level":0}}