{"host":"7eytxr1oawi6r5nr","time":1611770263,"event":{"mods":["BaseMod","Better Third Choice","Curses Come First","Dark Map","Hermit","Hubris","Ironclad Rager","Jorbs\u0027s Wanderer Trilogy","Minty Spire (QoL Compilation)","Permanent Neow","Quick Restart","Rare Cards Sparkle","Reliquary","Replay The Spire","Robot Space Explorer","StSLib","The Cursed","The Disciple","The Dragon Tamer","The Forsaken","The Marked","The Mystic","The Runesmith","UnlockEverythingMod","Wide Potions"],"gold_per_floor":[113,131,147,120,132,161,85,85,85,85,85,85,85,85,85,184,184,194,213,213,225,241,241,260,291,316,316,328,328,347,279,279,374,374,374],"floor_reached":34,"language":"ENG","playtime":2063,"items_purged":[],"score":506,"play_id":"ea4fdf9e-ccf3-44d7-884c-a36370a91f6d","local_time":"20210127175743","is_ascension_mode":true,"campfire_choices":[{"data":"Bludgeon","floor":8.0,"key":"SMITH"},{"data":"Berserk","floor":11.0,"key":"SMITH"},{"data":"Feed","floor":13.0,"key":"SMITH"},{"data":"Hemokinesis","floor":15.0,"key":"SMITH"},{"floor":23.0,"key":"REST"},{"data":"Combust","floor":32.0,"key":"SMITH"}],"circlet_count":0,"master_deck":["Bash+1","ReplayTheSpireMod:Stacked+1","Seeing Red","Feed+1","Thunderclap","Berserk+1","Hemokinesis+1","Battle Trance","hubris:CleavingFinish","Ghostly Armor","Power Through+1","Clothesline","Wild Strike","Cleave","Bludgeon+1","Disarm","Flame Barrier+1","Double Tap","Uppercut","Ghostly Armor+1","Metallicize","Shrug It Off+1","Rupture+1","True Grit","Metallicize","Combust+1","Immolate"],"relics":["Pandora\u0027s Box","Replay:Rubber Ducky","Runic Cube","reliquary:Boomerang","reliquary:SharkskinSheath","hubris:BottledHeart","Cursed Key"],"acts_visited":["Exordium","TheCity"],"potions_floor_usage":[33,33],"damage_taken":[{"damage":2.0,"enemies":"Small Slimes","floor":1.0,"turns":1.0},{"damage":0.0,"enemies":"2 Louse","floor":2.0,"turns":2.0},{"damage":2.0,"enemies":"Jaw Worm","floor":3.0,"turns":2.0},{"damage":3.0,"enemies":"Looter","floor":5.0,"turns":4.0},{"damage":4.0,"enemies":"Lagavulin","floor":6.0,"turns":5.0},{"damage":7.0,"enemies":"The Guardian","floor":16.0,"turns":9.0},{"damage":8.0,"enemies":"Spheric Guardian","floor":18.0,"turns":5.0},{"damage":14.0,"enemies":"3 Byrds","floor":19.0,"turns":3.0},{"damage":9.0,"enemies":"Sentry and Sphere","floor":21.0,"turns":5.0},{"damage":4.0,"enemies":"Snake Plant","floor":22.0,"turns":4.0},{"damage":14.0,"enemies":"3 Cultists","floor":24.0,"turns":6.0},{"damage":33.0,"enemies":"Book of Stabbing","floor":25.0,"turns":8.0},{"damage":2.0,"enemies":"Snecko","floor":28.0,"turns":9.0},{"damage":0.0,"enemies":"Cultist and Chosen","floor":30.0,"turns":8.0},{"damage":0,"enemies":"Collector","floor":33,"turns":13}],"seed_played":"6509694323308598817","potions_obtained":[{"floor":2.0,"key":"AttackPotion"},{"floor":5.0,"key":"BlessingOfTheForge"},{"floor":19.0,"key":"Energy Potion"},{"floor":21.0,"key":"ColorlessPotion"},{"floor":24.0,"key":"Adrenaline Potion"},{"floor":25.0,"key":"Fire Potion"}],"is_trial":false,"path_per_floor":["M","M","M","$","M","E","$","R","T","?","R","?","R","?","R","B",null,"M","M","?","M","M","R","M","E","T","?","M","?","M","$","R","B",null],"character_chosen":"IRONCLAD","items_purchased":["Cleave","Disarm","Combust"],"campfire_rested":1,"item_purchase_floors":[4,7,31],"current_hp_per_floor":[81,84,82,82,79,78,78,78,78,78,78,60,60,60,60,53,89,81,67,50,45,41,70,60,27,27,27,29,1,1,1,1,1,1,1],"gold":374,"neow_bonus":"BOSS_RELIC","is_daily":false,"chose_seed":false,"campfire_upgraded":5,"win_rate":0.0,"timestamp":1611770263,"path_taken":["M","M","M","$","M","E","$","R","T","?","R","?","R","?","R","BOSS","M","M","?","M","M","R","M","E","T","?","M","?","M","$","R","BOSS"],"items_purchased_type":["Card","Card","Card"],"build_version":"2020-12-22","purchased_purges":0,"victory":false,"max_hp_per_floor":[83,86,86,86,86,89,89,89,89,89,89,89,89,89,89,89,89,89,89,94,98,98,98,102,102,102,102,106,1,1,1,1,1,1,1],"card_choices":[{"not_picked":["Iron Wave","Warcry"],"picked":"Power Through","floor":1.0},{"not_picked":["Dark Embrace","Flex"],"picked":"Clothesline","floor":2.0},{"not_picked":["Havoc","Armaments"],"picked":"Wild Strike","floor":3.0},{"not_picked":["Body Slam","Spot Weakness"],"picked":"Bludgeon","floor":5.0},{"not_picked":["Ghostly Armor","ReplayTheSpireMod:Strike From Hell"],"picked":"Fire Breathing","floor":6.0},{"not_picked":["Bludgeon","Fiend Fire"],"picked":"Double Tap","floor":16.0},{"not_picked":["Dropkick","Havoc"],"picked":"Uppercut","floor":18.0},{"not_picked":["Havoc","Heavy Blade"],"picked":"Ghostly Armor+1","floor":19.0},{"not_picked":["Anger","Blood for Blood"],"picked":"Metallicize","floor":21.0},{"not_picked":["Burning Pact","Dark Embrace"],"picked":"Shrug It Off+1","floor":22.0},{"not_picked":["Sentinel","Seeing Red"],"picked":"Rupture+1","floor":24.0},{"not_picked":["Armaments","ReplayTheSpireMod:LeadingStrike"],"picked":"True Grit","floor":25.0},{"not_picked":["Iron Wave","Replay:Undeath\u0027s Touch+1"],"picked":"Metallicize","floor":28.0},{"not_picked":["Clothesline","Uppercut","Armaments"],"picked":"SKIP","floor":30.0},{"not_picked":["Fiend Fire","Impervious"],"picked":"Immolate","floor":33}],"player_experience":147702,"relics_obtained":[{"floor":6.0,"key":"Replay:Rubber Ducky"},{"floor":25.0,"key":"reliquary:Boomerang"},{"floor":26.0,"key":"reliquary:SharkskinSheath"}],"event_choices":[{"damage_healed":78.0,"max_hp_gain":0.0,"max_hp_loss":89.0,"gold_gain":0.0,"event_name":"betterThird:BetterShining","player_choice":"Upgrade","floor":12.0,"gold_loss":0.0,"damage_taken":18.0,"cards_upgraded":["Power Through","Bash"]},{"damage_healed":0.0,"max_hp_gain":5.0,"max_hp_loss":0.0,"gold_gain":0.0,"event_name":"Forgotten Altar","player_choice":"Shed Blood","floor":20.0,"gold_loss":0.0,"damage_taken":22.0}],"is_beta":false,"boss_relics":[{"not_picked":["theForsaken:PaleLantern","Tiny House"],"picked":"Runic Cube"},{"not_picked":["Astrolabe","Black Star"],"picked":"Cursed Key"}],"items_purged_floors":[],"is_endless":false,"potions_floor_spawned":[2,5,19,21,24,25],"ascension_level":4}}