{"host":"ryxngjf8pd87tohs","time":1611733343,"event":{"mods":["AchievementEnabler","BaseMod","Colored Map","Colored Powertips","Minty Spire (QoL Compilation)","Quick Restart"],"gold_per_floor":[116,116,129,129,150,186,186,186,210,233,233,272,290,320,320,443,443,459,384,384,384,405,445,465,496,549,549,567,579,241,257,257,352,352,372,372,422,54,54,54,101,116,116,131,142,154,15,50,50,50],"floor_reached":51,"language":"ZHS","playtime":2947,"items_purged":["Strike_R","Strike_R","Strike_R"],"score":852,"play_id":"cded2702-c532-4137-9f7c-bec77acbacba","local_time":"20210127154223","is_ascension_mode":false,"campfire_choices":[{"data":"Infernal Blade","floor":7.0,"key":"SMITH"},{"floor":11.0,"key":"REST"},{"floor":15.0,"key":"REST"},{"data":"Hemokinesis","floor":32.0,"key":"SMITH"},{"data":"Madness","floor":40.0,"key":"SMITH"},{"floor":49,"key":"REST"}],"circlet_count":0,"master_deck":["Strike_R","Strike_R","Defend_R+1","Defend_R","Defend_R","Defend_R","Bash","Feed","Infernal Blade+1","Heavy Blade","Iron Wave","Intimidate","Shrug It Off","Headbutt","Limit Break","Reaper","Shrug It Off+1","Rupture+1","Hemokinesis+1","Pommel Strike+1","Juggernaut","Clash+1","Madness+1","Shrug It Off+1","Metallicize","Offering","Rage+1","Parasite","Spot Weakness+1","Infernal Blade+1","Rupture+1","Armaments+1"],"relics":["Burning Blood","Red Skull","Bloody Idol","Matryoshka","Bronze Scales","PreservedInsect","Dream Catcher","Odd Mushroom","Black Star","Centennial Puzzle","Gambling Chip","HornCleat","Toy Ornithopter","Mummified Hand","TungstenRod","MealTicket","Bag of Marbles","Membership Card","Lantern","Orichalcum","Runic Cube","Du-Vu Doll","Molten Egg 2","FossilizedHelix","Nunchaku","Meat on the Bone","DollysMirror","Question Card","War Paint"],"acts_visited":["Exordium","TheCity","TheBeyond"],"potions_floor_usage":[50,50],"damage_taken":[{"damage":7.0,"enemies":"2 Louse","floor":1.0,"turns":4.0},{"damage":6.0,"enemies":"Cultist","floor":3.0,"turns":3.0},{"damage":0.0,"enemies":"Small Slimes","floor":5.0,"turns":2.0},{"damage":36.0,"enemies":"Gremlin Nob","floor":6.0,"turns":5.0},{"damage":5.0,"enemies":"Exordium Thugs","floor":10.0,"turns":3.0},{"damage":21.0,"enemies":"Lagavulin","floor":12.0,"turns":7.0},{"damage":5.0,"enemies":"Large Slime","floor":13.0,"turns":5.0},{"damage":31.0,"enemies":"The Mushroom Lair","floor":14.0,"turns":5.0},{"damage":35.0,"enemies":"Slime Boss","floor":16.0,"turns":12.0},{"damage":1.0,"enemies":"3 Byrds","floor":18.0,"turns":4.0},{"damage":16.0,"enemies":"2 Thieves","floor":22.0,"turns":5.0},{"damage":36.0,"enemies":"Slavers","floor":23.0,"turns":7.0},{"damage":16.0,"enemies":"Centurion and Healer","floor":24.0,"turns":9.0},{"damage":37.0,"enemies":"Book of Stabbing","floor":25.0,"turns":4.0},{"damage":22.0,"enemies":"Snake Plant","floor":28.0,"turns":4.0},{"damage":20.0,"enemies":"3 Cultists","floor":29.0,"turns":6.0},{"damage":6.0,"enemies":"Centurion and Healer","floor":31.0,"turns":3.0},{"damage":107.0,"enemies":"Automaton","floor":33.0,"turns":12.0},{"damage":12.0,"enemies":"3 Darklings","floor":35.0,"turns":4.0},{"damage":36.0,"enemies":"Mind Bloom Boss Battle","floor":37.0,"turns":4.0},{"damage":4.0,"enemies":"3 Shapes","floor":42.0,"turns":3.0},{"damage":1.0,"enemies":"3 Darklings","floor":44.0,"turns":4.0},{"damage":6.0,"enemies":"Writhing Mass","floor":45.0,"turns":5.0},{"damage":12,"enemies":"Transient","floor":46,"turns":5},{"damage":0,"enemies":"Nemesis","floor":48,"turns":5},{"damage":30,"enemies":"Time Eater","floor":50,"turns":5}],"seed_played":"-3790115003752781802","potions_obtained":[{"floor":1.0,"key":"Fire Potion"},{"floor":5.0,"key":"SpeedPotion"},{"floor":8.0,"key":"Block Potion"},{"floor":8.0,"key":"Weak Potion"},{"floor":22.0,"key":"BlessingOfTheForge"},{"floor":24.0,"key":"Regen Potion"},{"floor":31.0,"key":"SteroidPotion"},{"floor":33.0,"key":"AttackPotion"},{"floor":37.0,"key":"HeartOfIron"},{"floor":44.0,"key":"Fire Potion"}],"is_trial":false,"path_per_floor":["M","?","M","?","M","E","R","?","T","M","R","E","M","?","R","B",null,"M","?","T","T","M","E","M","E","T","?","M","M","$","M","R","B",null,"M","?","?","$","?","R","T","M","T","M","M","M","$","E","R","B",null],"character_chosen":"IRONCLAD","items_purchased":["Membership Card","Lantern","Orichalcum","Metallicize","Molten Egg 2","FossilizedHelix","DollysMirror"],"campfire_rested":3,"item_purchase_floors":[30,30,30,38,38,38,47],"current_hp_per_floor":[82,82,85,64,73,43,43,43,43,44,70,55,59,37,65,39,98,101,101,101,101,91,73,81,69,69,69,58,66,81,92,92,19,110,109,96,77,92,92,92,97,110,110,110,110,109,110,113,113,116],"gold":50,"neow_bonus":"THREE_RARE_CARDS","is_daily":false,"chose_seed":false,"campfire_upgraded":3,"win_rate":0.0,"timestamp":1611733343,"path_taken":["M","?","?","?","M","E","R","?","T","?","R","E","M","?","R","BOSS","M","?","?","?","?","E","M","E","T","?","M","M","$","M","R","BOSS","M","?","?","$","?","R","?","M","T","?","M","M","?","E","R","BOSS"],"items_purchased_type":["Relic","Relic","Relic","Card","Relic","Relic","Relic"],"build_version":"2020-12-22","purchased_purges":3,"victory":true,"max_hp_per_floor":[83,83,86,86,89,89,89,89,89,89,89,89,92,95,95,98,98,101,101,101,101,101,104,107,107,107,107,107,110,110,110,110,110,110,110,110,110,110,110,110,110,110,110,110,110,110,110,113,113,116],"card_choices":[{"not_picked":["Corruption","Offering"],"picked":"Feed","floor":0.0},{"not_picked":["Warcry","Battle Trance"],"picked":"Infernal Blade","floor":1.0},{"not_picked":["Dark Embrace","Twin Strike","Perfected Strike"],"picked":"SKIP","floor":3.0},{"not_picked":["Whirlwind","Pommel Strike"],"picked":"Heavy Blade","floor":5.0},{"not_picked":["Rampage","Armaments","Fiend Fire"],"picked":"SKIP","floor":6.0},{"not_picked":["Anger","Sword Boomerang"],"picked":"Iron Wave","floor":10.0},{"not_picked":["Power Through","Anger"],"picked":"Intimidate","floor":12.0},{"not_picked":["Heavy Blade","Thunderclap"],"picked":"Shrug It Off","floor":13.0},{"not_picked":["Blood for Blood","Warcry"],"picked":"Headbutt","floor":14.0},{"not_picked":["Cleave","Warcry"],"picked":"Limit Break","floor":15.0},{"not_picked":["Feed","Offering"],"picked":"Reaper","floor":16.0},{"not_picked":["Heavy Blade","True Grit+1"],"picked":"Shrug It Off+1","floor":18.0},{"not_picked":["Twin Strike","Headbutt","Perfected Strike+1"],"picked":"SKIP","floor":22.0},{"not_picked":["Body Slam","Dark Embrace"],"picked":"Rupture+1","floor":23.0},{"not_picked":["Iron Wave","Body Slam+1","Cleave+1"],"picked":"SKIP","floor":24.0},{"not_picked":["Perfected Strike+1","Twin Strike"],"picked":"Hemokinesis","floor":25.0},{"not_picked":["Feel No Pain","Dark Embrace"],"picked":"Pommel Strike+1","floor":28.0},{"not_picked":["Power Through","Thunderclap+1","Shrug It Off"],"picked":"SKIP","floor":29.0},{"not_picked":["Shrug It Off","Armaments","Body Slam"],"picked":"SKIP","floor":31.0},{"not_picked":["Berserk","Reaper"],"picked":"Juggernaut","floor":33.0},{"not_picked":["Armaments","Anger+1"],"picked":"Clash+1","floor":35.0},{"not_picked":["Twin Strike+1","True Grit"],"picked":"Shrug It Off","floor":37.0},{"not_picked":["Twin Strike+1","Sword Boomerang+1"],"picked":"Offering","floor":42.0},{"not_picked":["Thunderclap+1","Sword Boomerang+1"],"picked":"Rage+1","floor":44.0},{"not_picked":["Sword Boomerang+1","Perfected Strike+1","Thunderclap+1"],"picked":"SKIP","floor":45.0},{"not_picked":["Burning Pact","Sword Boomerang+1"],"picked":"Spot Weakness+1","floor":46},{"not_picked":["Combust+1","Dropkick+1"],"picked":"Rupture+1","floor":48},{"not_picked":["Clothesline+1","Cleave+1","True Grit"],"picked":"Armaments+1","floor":49}],"player_experience":35138,"relics_obtained":[{"floor":6.0,"key":"Matryoshka"},{"floor":9.0,"key":"Bronze Scales"},{"floor":9.0,"key":"PreservedInsect"},{"floor":12.0,"key":"Dream Catcher"},{"floor":14.0,"key":"Odd Mushroom"},{"floor":20.0,"key":"Centennial Puzzle"},{"floor":20.0,"key":"Gambling Chip"},{"floor":21.0,"key":"HornCleat"},{"floor":23.0,"key":"Toy Ornithopter"},{"floor":23.0,"key":"Mummified Hand"},{"floor":25.0,"key":"TungstenRod"},{"floor":25.0,"key":"MealTicket"},{"floor":26.0,"key":"Bag of Marbles"},{"floor":37.0,"key":"Du-Vu Doll"},{"floor":41.0,"key":"Nunchaku"},{"floor":43.0,"key":"Meat on the Bone"},{"floor":48,"key":"Question Card"},{"floor":48,"key":"War Paint"}],"event_choices":[{"damage_healed":0.0,"max_hp_gain":0.0,"max_hp_loss":0.0,"gold_gain":0.0,"event_name":"WeMeetAgain","player_choice":"Gave Potion","floor":2.0,"gold_loss":0.0,"damage_taken":0.0,"relics_obtained":["Red Skull"]},{"damage_healed":0.0,"max_hp_gain":0.0,"max_hp_loss":0.0,"gold_gain":0.0,"event_name":"Golden Idol","player_choice":"Take Damage","floor":4.0,"gold_loss":0.0,"damage_taken":21.0,"relics_obtained":["Golden Idol"]},{"damage_healed":0.0,"max_hp_gain":0.0,"max_hp_loss":0.0,"gold_gain":0.0,"event_name":"Lab","player_choice":"Got Potions","floor":8.0,"gold_loss":0.0,"damage_taken":0.0},{"damage_healed":0.0,"max_hp_gain":0.0,"max_hp_loss":0.0,"gold_gain":0.0,"event_name":"Mushrooms","player_choice":"Fought Mushrooms","floor":14.0,"gold_loss":0.0,"damage_taken":0.0},{"cards_removed":["Injury"],"damage_healed":0.0,"max_hp_gain":0.0,"max_hp_loss":0.0,"gold_gain":0.0,"event_name":"Beggar","player_choice":"Gave Gold","floor":19.0,"gold_loss":75.0,"damage_taken":0.0},{"damage_healed":0.0,"max_hp_gain":0.0,"max_hp_loss":0.0,"gold_gain":0.0,"event_name":"Forgotten Altar","player_choice":"Gave Idol","floor":27.0,"relics_lost":["Golden Idol"],"gold_loss":0.0,"damage_taken":0.0,"relics_obtained":["Bloody Idol"]},{"damage_healed":0.0,"max_hp_gain":0.0,"max_hp_loss":0.0,"gold_gain":0.0,"event_name":"Winding Halls","player_choice":"Embrace Madness","floor":36.0,"gold_loss":0.0,"damage_taken":14.0,"cards_obtained":["Madness","Madness"]},{"damage_healed":0.0,"max_hp_gain":0.0,"max_hp_loss":0.0,"gold_gain":0.0,"event_name":"MindBloom","player_choice":"Fight","floor":37.0,"gold_loss":0.0,"damage_taken":0.0},{"cards_removed":["Madness"],"damage_healed":0.0,"max_hp_gain":0.0,"max_hp_loss":0.0,"gold_gain":0.0,"event_name":"Falling","player_choice":"Removed Skill","floor":39.0,"gold_loss":0.0,"damage_taken":0.0}],"is_beta":false,"boss_relics":[{"not_picked":["Fusion Hammer","Busted Crown"],"picked":"Black Star"},{"not_picked":["Coffee Dripper","SlaversCollar"],"picked":"Runic Cube"}],"items_purged_floors":[30,38,47],"is_endless":false,"potions_floor_spawned":[1,5,10,22,24,31,33,37,44,45],"ascension_level":0}}