{"host":"ja297la2wpvv1dvv","time":1611784854,"event":{"mods":["AchievementEnabler","BaseMod","Bestiary","Colored Map","Colored Powertips","Curses Come First","Minty Spire (QoL Compilation)","StSLib"],"gold_per_floor":[115,190,190,190,200,200,232,232,256,256,256,272,272,292,292,394,394,409,426,6,17,32,32,66,66,66,15,30,55,55,73,73,169,169,182,195,0,50,62,87,101,101,124,154,4,4,20,20,20,20],"floor_reached":51,"language":"ENG","playtime":6637,"items_purged":[],"score":780,"play_id":"df1ba5b4-f5bb-49c9-871e-a8f47913bb0b","local_time":"20210127160054","is_ascension_mode":true,"campfire_choices":[{"data":"Chaos","floor":6.0,"key":"SMITH"},{"floor":8.0,"key":"REST"},{"floor":11.0,"key":"REST"},{"data":"Zap","floor":13.0,"key":"SMITH"},{"floor":15.0,"key":"REST"},{"floor":23.0,"key":"REST"},{"data":"Defragment","floor":25.0,"key":"SMITH"},{"floor":30.0,"key":"REST"},{"floor":32.0,"key":"REST"},{"floor":42,"key":"REST"},{"floor":49,"key":"REST"}],"circlet_count":0,"master_deck":["Strike_B","Strike_B","Strike_B","Defend_B","Defend_B","Defend_B","Defend_B","Zap+1","Dualcast","Chaos+1","Cold Snap","Defragment","Defragment+1","Double Energy+1","Leap+1","Fission+1","Electrodynamics","Hologram+1","Glacier+1","Loop+1","Panache","Streamline","Darkness+1","Compile Driver+1","Ball Lightning","Capacitor","Barrage","Rebound","Conserve Battery+1","Storm","Redo+1","Biased Cognition","Compile Driver+1","Melter+1","Doom and Gloom","Streamline+1","FTL","Capacitor+1","Fission+1","Tempest+1","Conserve Battery+1","Writhe","Force Field+1"],"relics":["Cracked Core","Toxic Egg 2","Blood Vial","Potion Belt","Dream Catcher","Black Star","Orichalcum","Pear","Mercury Hourglass","Bottled Flame","Bag of Marbles","Ancient Tea Set","Fusion Hammer","Red Mask","Unceasing Top","Akabeko","WingedGreaves","Strawberry","Juzu Bracelet","Centennial Puzzle","Lantern"],"acts_visited":["Exordium","TheCity","TheBeyond"],"potions_floor_usage":[36,47,50,50,50,50,50],"damage_taken":[{"damage":2.0,"enemies":"2 Louse","floor":1.0,"turns":3.0},{"damage":0.0,"enemies":"Small Slimes","floor":5.0,"turns":3.0},{"damage":39.0,"enemies":"3 Sentries","floor":7.0,"turns":11.0},{"damage":0.0,"enemies":"Jaw Worm","floor":12.0,"turns":4.0},{"damage":14.0,"enemies":"Exordium Thugs","floor":14.0,"turns":4.0},{"damage":12.0,"enemies":"Hexaghost","floor":16.0,"turns":9.0},{"damage":10.0,"enemies":"Chosen","floor":18.0,"turns":6.0},{"damage":0.0,"enemies":"3 Byrds","floor":19.0,"turns":2.0},{"damage":25.0,"enemies":"Snake Plant","floor":21.0,"turns":4.0},{"damage":9.0,"enemies":"Shelled Parasite and Fungi","floor":22.0,"turns":5.0},{"damage":17.0,"enemies":"Slavers","floor":24.0,"turns":6.0},{"damage":36.0,"enemies":"Cultist and Chosen","floor":28.0,"turns":6.0},{"damage":21.0,"enemies":"Gremlin Leader","floor":29.0,"turns":6.0},{"damage":0.0,"enemies":"Chosen and Byrds","floor":31.0,"turns":2.0},{"damage":9.0,"enemies":"Automaton","floor":33.0,"turns":6.0},{"damage":5,"enemies":"3 Shapes","floor":35,"turns":4},{"damage":4,"enemies":"3 Darklings","floor":36,"turns":4},{"damage":0,"enemies":"Mind Bloom Boss Battle","floor":38,"turns":5},{"damage":20,"enemies":"Transient","floor":39,"turns":5},{"damage":1,"enemies":"Reptomancer","floor":40,"turns":4},{"damage":20,"enemies":"Spire Growth","floor":41,"turns":3},{"damage":52,"enemies":"Nemesis","floor":44,"turns":7},{"damage":10,"enemies":"Maw","floor":47,"turns":5},{"damage":78,"enemies":"Awakened One","floor":50,"turns":7}],"seed_played":"-8152649112437811781","potions_obtained":[{"floor":5.0,"key":"FocusPotion"},{"floor":7.0,"key":"LiquidBronze"},{"floor":12.0,"key":"Energy Potion"},{"floor":18.0,"key":"Block Potion"},{"floor":19.0,"key":"CultistPotion"},{"floor":28.0,"key":"Swift Potion"},{"floor":29.0,"key":"Fire Potion"},{"floor":33.0,"key":"SkillPotion"},{"floor":36,"key":"Block Potion"},{"floor":38,"key":"Fire Potion"},{"floor":40,"key":"DuplicationPotion"},{"floor":47,"key":"AttackPotion"}],"is_trial":false,"path_per_floor":["M","?","?","?","M","R","E","R","T","T","R","M","R","M","R","B",null,"M","M","$","M","M","R","E","R","T","$","M","E","R","M","R","B",null,"M","M","?","?","M","E","M","R","T","E","$","?","M","?","R","B",null],"character_chosen":"DEFECT","items_purchased":["Orichalcum","Loop","Panache","Streamline","Block Potion","Lantern"],"campfire_rested":8,"item_purchase_floors":[20,20,20,20,27,45],"current_hp_per_floor":[80,69,66,59,59,59,20,44,44,44,68,70,70,58,82,70,82,72,74,74,51,44,68,63,63,63,63,29,10,37,39,66,59,92,87,85,85,87,69,70,52,79,86,36,36,36,28,53,82,6],"gold":20,"neow_bonus":"TEN_PERCENT_HP_BONUS","is_daily":false,"chose_seed":false,"campfire_upgraded":3,"win_rate":0.0,"timestamp":1611784854,"path_taken":["M","?","?","?","?","R","E","R","T","?","R","M","R","M","R","BOSS","M","M","$","M","M","R","E","R","T","$","M","E","R","M","R","BOSS","M","M","?","?","M","E","M","R","T","E","$","?","M","?","R","BOSS"],"items_purchased_type":["Relic","Card","Card","Card","Potion","Relic"],"build_version":"2020-12-22","purchased_purges":0,"victory":true,"max_hp_per_floor":[82,82,82,82,82,82,82,82,82,82,82,82,82,82,82,82,82,82,82,82,82,82,82,92,92,92,92,92,92,92,92,92,92,92,92,92,92,92,92,92,92,92,99,99,99,99,99,99,99,99],"card_choices":[{"not_picked":["Ball Lightning","Consume"],"picked":"Chaos","floor":1.0},{"not_picked":["Rebound","Auto Shields+1"],"picked":"Cold Snap","floor":5.0},{"not_picked":["Redo+1","Stack+1"],"picked":"Defragment","floor":7.0},{"not_picked":["Heatsinks","Tempest+1"],"picked":"Defragment","floor":11.0},{"not_picked":["Hello World","Gash"],"picked":"Double Energy+1","floor":12.0},{"not_picked":["Stack+1","Redo+1"],"picked":"Leap+1","floor":14.0},{"not_picked":["Streamline","Cold Snap"],"picked":"Fission+1","floor":15.0},{"not_picked":["Buffer","Fission+1"],"picked":"Electrodynamics","floor":16.0},{"not_picked":["Conserve Battery+1","Self Repair"],"picked":"Hologram+1","floor":18.0},{"not_picked":["Tempest+1","Go for the Eyes"],"picked":"Glacier+1","floor":19.0},{"not_picked":["Hello World","Buffer"],"picked":"Darkness+1","floor":21.0},{"not_picked":["BootSequence+1","Gash"],"picked":"Compile Driver+1","floor":22.0},{"not_picked":["Beam Cell","Compile Driver"],"picked":"Ball Lightning","floor":23.0},{"not_picked":["Ball Lightning+1","Steam+1"],"picked":"Capacitor","floor":24.0},{"not_picked":["Go for the Eyes+1","Cold Snap+1"],"picked":"Barrage","floor":28.0},{"not_picked":["Amplify+1","Cold Snap+1"],"picked":"Rebound","floor":29.0},{"not_picked":["Stack+1","Rebound+1"],"picked":"Conserve Battery+1","floor":30.0},{"not_picked":["Melter","Double Energy+1"],"picked":"Storm","floor":31.0},{"not_picked":["Streamline","Stack+1"],"picked":"Redo+1","floor":32.0},{"not_picked":["Echo Form","Reboot+1"],"picked":"Biased Cognition","floor":33.0},{"not_picked":["Cold Snap","Consume+1"],"picked":"Compile Driver+1","floor":35},{"not_picked":["Cold Snap+1","Beam Cell"],"picked":"Melter+1","floor":36},{"not_picked":["Rip and Tear+1","Aggregate+1"],"picked":"Doom and Gloom","floor":38},{"not_picked":["Rebound+1","Electrodynamics"],"picked":"Streamline+1","floor":39},{"not_picked":["Hologram+1","Coolheaded+1"],"picked":"FTL","floor":40},{"not_picked":["Go for the Eyes+1","Rebound+1"],"picked":"Capacitor+1","floor":41},{"not_picked":["Rebound+1","Reprogram+1"],"picked":"Fission+1","floor":42},{"not_picked":["Beam Cell","BootSequence+1"],"picked":"Tempest+1","floor":44},{"not_picked":["Steam Power+1","Beam Cell"],"picked":"Conserve Battery+1","floor":47},{"not_picked":["Cold Snap","Gash"],"picked":"Force Field+1","floor":49}],"player_experience":204720,"relics_obtained":[{"floor":7.0,"key":"Blood Vial"},{"floor":9.0,"key":"Potion Belt"},{"floor":10.0,"key":"Dream Catcher"},{"floor":24.0,"key":"Pear"},{"floor":24.0,"key":"Mercury Hourglass"},{"floor":26.0,"key":"Bottled Flame"},{"floor":29.0,"key":"Bag of Marbles"},{"floor":29.0,"key":"Ancient Tea Set"},{"floor":38,"key":"Unceasing Top"},{"floor":40,"key":"Akabeko"},{"floor":40,"key":"WingedGreaves"},{"floor":43,"key":"Strawberry"},{"floor":44,"key":"Juzu Bracelet"},{"floor":44,"key":"Centennial Puzzle"}],"event_choices":[{"damage_healed":0.0,"max_hp_gain":0.0,"max_hp_loss":0.0,"gold_gain":75.0,"event_name":"World of Goop","player_choice":"Gather Gold","floor":2.0,"gold_loss":0.0,"damage_taken":11.0},{"damage_healed":0.0,"max_hp_gain":0.0,"max_hp_loss":0.0,"gold_gain":0.0,"event_name":"Scrap Ooze","player_choice":"Success","floor":3.0,"gold_loss":0.0,"damage_taken":3.0,"relics_obtained":["Toxic Egg 2"]},{"cards_removed":["Strike_B"],"damage_healed":0.0,"max_hp_gain":0.0,"max_hp_loss":0.0,"gold_gain":0.0,"event_name":"Golden Wing","player_choice":"Card Removal","floor":4.0,"gold_loss":0.0,"damage_taken":7.0},{"damage_healed":0,"gold_gain":0,"player_choice":"Paid","damage_taken":0,"relics_obtained":["Red Mask"],"max_hp_gain":0,"max_hp_loss":0,"event_name":"Tomb of Lord Red Mask","floor":37,"gold_loss":195},{"damage_healed":0,"gold_gain":0,"player_choice":"Fight","damage_taken":0,"max_hp_gain":0,"max_hp_loss":0,"event_name":"MindBloom","floor":38,"gold_loss":0},{"damage_healed":0,"gold_gain":0,"player_choice":"Forge","damage_taken":0,"max_hp_gain":0,"max_hp_loss":0,"event_name":"Accursed Blacksmith","floor":46,"gold_loss":0,"cards_upgraded":["Loop"]},{"damage_healed":25,"gold_gain":0,"player_choice":"Writhe","damage_taken":0,"max_hp_gain":0,"max_hp_loss":0,"event_name":"Winding Halls","floor":48,"gold_loss":0,"cards_obtained":["Writhe"]}],"is_beta":false,"boss_relics":[{"not_picked":["Runic Dome","SacredBark"],"picked":"Black Star"},{"not_picked":["Snecko Eye","Runic Pyramid"],"picked":"Fusion Hammer"}],"items_purged_floors":[],"is_endless":false,"potions_floor_spawned":[5,7,12,18,19,28,29,33,36,38,40,44,47],"ascension_level":1}}