{"host":"h4qgcirtxz6qax9j","time":1611727715,"event":{"mods":["2.2 Compatiblity","AchievementEnabler","BaseMod","Colored Powertips","Custom Start","Hermit","Marisa£¨Ùöéë¡¡Øª×âÞÞ£©","Minty Spire (QoL Compilation)","Replay The Spire","StSLib","SuperFastMode","The Servant 0.9.4"],"gold_per_floor":[114,75,75,89,89,121,141,141,141,158,237,237,252,265,265,364,364,382,399,201,211,211,211,211],"floor_reached":23,"language":"KOR","playtime":535,"items_purged":[],"score":237,"play_id":"caa7b3ef-3348-4c6d-94f3-59ec6b36cc25","local_time":"20210127150835","is_ascension_mode":true,"campfire_choices":[{"data":"OortCloud","floor":8,"key":"SMITH"},{"data":"PowerUp","floor":12,"key":"SMITH"},{"floor":15,"key":"DIG"}],"circlet_count":0,"master_deck":["Strike_MRS","Strike_MRS","Strike_MRS","Strike_MRS","Defend_MRS","Defend_MRS+1","Defend_MRS","Defend_MRS","MasterSpark","UpSweep","Spreading Infection","Sickly","GalacticHalo","OortCloud+1","PowerUp+1","DoubleSpark","GasGiant","SuperNova","WitchLeyline","EnergyFlow"],"relics":["MiniHakkero","Painkiller Herb","FaceOfCleric","Turnip","Replay:Multitool","Eternal Feather","Ornamental Fan","SlaversCollar","Ancient Tea Set"],"acts_visited":["Exordium","TheCity"],"potions_floor_usage":[16,16,16,23,23,23],"damage_taken":[{"damage":3,"enemies":"2 Louse","floor":1,"turns":3},{"damage":0,"enemies":"Cultist","floor":4,"turns":3},{"damage":5,"enemies":"3 Sentries","floor":6,"turns":9},{"damage":0,"enemies":"Jaw Worm","floor":7,"turns":3},{"damage":0,"enemies":"Exordium Wildlife","floor":10,"turns":4},{"damage":0,"enemies":"3 Louse","floor":13,"turns":4},{"damage":0,"enemies":"Looter","floor":14,"turns":3},{"damage":40,"enemies":"The Guardian","floor":16,"turns":10},{"damage":40,"enemies":"3 Byrds","floor":18,"turns":9},{"damage":0,"enemies":"Spheric Guardian","floor":19,"turns":5},{"damage":5,"enemies":"Centurion and Healer","floor":21,"turns":6},{"damage":30,"enemies":"Book of Stabbing","floor":23,"turns":4}],"seed_played":"5591039705691219274","potions_obtained":[{"floor":4,"key":"SneckoOil"},{"floor":7,"key":"CultistPotion"},{"floor":10,"key":"Languid Potion"},{"floor":16,"key":"Swift Potion"},{"floor":18,"key":"Explosive Potion"},{"floor":19,"key":"Block Potion"}],"is_trial":false,"path_per_floor":["?","T","?","?","?","E","?","T","T","?","T","T","?","?","T","B",null,"?","?","T","?","?","E"],"character_chosen":"MARISA","items_purchased":["OortCloud","WitchLeyline","Ancient Tea Set"],"campfire_rested":0,"item_purchase_floors":[2,20,20],"current_hp_per_floor":[72,72,72,73,73,69,70,70,70,71,71,79,80,81,81,42,82,43,44,44,40,24,0,0],"gold":211,"neow_bonus":"CURSED_BOSS_RELIC","is_daily":false,"chose_seed":false,"campfire_upgraded":2,"win_rate":0.0,"timestamp":1611727715,"path_taken":["?","T","?","?","?","E","?","T","T","?","?","T","?","?","T","BOSS","?","?","T","?","?","E"],"items_purchased_type":["Card","Card","Relic"],"build_version":"2020-12-22","purchased_purges":0,"victory":false,"max_hp_per_floor":[75,75,75,76,76,77,78,78,78,79,79,79,80,81,81,82,82,83,84,84,85,90,90,90],"card_choices":[{"not_picked":["WitchOfGreed","Acceleration"],"picked":"GalacticHalo","floor":1},{"not_picked":["Acceleration","ShootTheMoon"],"picked":"PowerUp","floor":4},{"not_picked":["OpenUniverse","NonDirectionalLaser"],"picked":"DoubleSpark","floor":6},{"not_picked":["Robbery","WitchOfGreed","EarthLightRay"],"picked":"SKIP","floor":7},{"not_picked":["MysteriousBeam","GalacticHalo"],"picked":"GasGiant","floor":10},{"not_picked":["UnstableBomb","ChargingUp","GrandCross"],"picked":"SKIP","floor":13},{"not_picked":["OneTimeOff","SatelliteIllusion","DC"],"picked":"SKIP","floor":14},{"not_picked":["TreasureHunter","MaximisePower"],"picked":"SuperNova","floor":16},{"not_picked":["Acceleration+1","PropBag","ShootTheMoon"],"picked":"SKIP","floor":18},{"not_picked":["PowerUp","UnstableBomb+1","BlazeAway+1"],"picked":"SKIP","floor":19},{"not_picked":["ShootingEcho+1","LuminesStrike+1"],"picked":"EnergyFlow","floor":21}],"player_experience":119789,"relics_obtained":[{"floor":6,"key":"Turnip"},{"floor":9,"key":"Replay:Multitool"},{"floor":11,"key":"Eternal Feather"},{"floor":15,"key":"Ornamental Fan"}],"event_choices":[{"damage_healed":0,"gold_gain":0,"player_choice":"Trade","damage_taken":0,"relics_obtained":["FaceOfCleric"],"max_hp_gain":0,"max_hp_loss":0,"event_name":"FaceTrader","floor":3,"gold_loss":0},{"damage_healed":0,"gold_gain":0,"player_choice":"Shed Blood","damage_taken":21,"max_hp_gain":5,"max_hp_loss":0,"event_name":"Forgotten Altar","floor":22,"gold_loss":0}],"is_beta":false,"boss_relics":[{"not_picked":["Kintsugi","Pandora\u0027s Box"],"picked":"SlaversCollar"}],"items_purged_floors":[],"is_endless":false,"potions_floor_spawned":[4,7,10,14,16,18,19],"killed_by":"Book of Stabbing","ascension_level":2}}