{"host":"bxn2em57qlx5u4i0","time":1611714823,"event":{"mods":["BaseMod","Colored Map","Colored Powertips","Highlight Path","Minty Spire (QoL Compilation)","Random Character Button","Relic Sorter","Relic Stats","StSLib","SuperFastMode"],"gold_per_floor":[20,33,33,50,70,70,95,95,146,176,176,186,186,186,186,258,258,269,269,269,296,314,340,340,373,400,400,413,448,467,382,382,453,453,463,463,49,74,94,94,110,136,148,160,38,38,55,80,80,80,80,80,80,80,106,106],"floor_reached":57,"language":"ENG","playtime":2479,"items_purged":["Dagger Spray"],"score":2802,"play_id":"463bf58c-a7ab-4943-864b-4cb67aa91f9b","local_time":"20210126213343","is_ascension_mode":true,"campfire_choices":[{"data":"All Out Attack","floor":6.0,"key":"SMITH"},{"data":"Leg Sweep","floor":8.0,"key":"SMITH"},{"data":"Flying Knee","floor":11.0,"key":"SMITH"},{"data":"Bullet Time","floor":13.0,"key":"SMITH"},{"data":"Neutralize","floor":15.0,"key":"SMITH"},{"data":"A Thousand Cuts","floor":24,"key":"SMITH"},{"data":"Calculated Gamble","floor":27,"key":"SMITH"},{"data":"Noxious Fumes","floor":32,"key":"SMITH"},{"data":"Catalyst","floor":40,"key":"SMITH"},{"data":"Footwork","floor":44,"key":"SMITH"},{"floor":49,"key":"RECALL"},{"data":"Catalyst","floor":53,"key":"SMITH"}],"circlet_count":0,"master_deck":["AscendersBane","Survivor","Neutralize+1","All Out Attack+1","Leg Sweep+1","Flying Knee+1","Predator+1","Backflip","Bullet Time+1","A Thousand Cuts+1","Sucker Punch+1","Adrenaline","Deflect","Glass Knife+1","Dodge and Roll","Underhanded Strike+1","Escape Plan","Outmaneuver","Dagger Throw+1","Calculated Gamble+1","Predator+1","Noxious Fumes+1","Envenom","Footwork+1","Catalyst+1","Catalyst+1","Acrobatics","Calculated Gamble","Leg Sweep"],"relics":["Ring of the Snake","TungstenRod","Molten Egg 2","Tiny Chest","Pen Nib","Pandora\u0027s Box","Meat on the Bone","Letter Opener","Snake Skull","Paper Crane","Blood Vial","Runic Pyramid","Medical Kit","Bag of Preparation","Happy Flower","MawBank","PreservedInsect","MealTicket","Gremlin Horn","Bronze Scales"],"acts_visited":["Exordium","TheCity","TheBeyond","TheEnding"],"potions_floor_usage":[23,29,29,56],"damage_taken":[{"damage":0.0,"enemies":"Small Slimes","floor":1.0,"turns":5.0},{"damage":2.0,"enemies":"Cultist","floor":2.0,"turns":5.0},{"damage":2.0,"enemies":"Jaw Worm","floor":4.0,"turns":5.0},{"damage":1.0,"enemies":"Looter","floor":5.0,"turns":4.0},{"damage":10.0,"enemies":"3 Sentries","floor":7.0,"turns":5.0},{"damage":21.0,"enemies":"Lagavulin","floor":10.0,"turns":7.0},{"damage":1.0,"enemies":"3 Louse","floor":12.0,"turns":3.0},{"damage":32.0,"enemies":"The Guardian","floor":16.0,"turns":13.0},{"damage":6.0,"enemies":"Shell Parasite","floor":18.0,"turns":2.0},{"damage":0,"enemies":"3 Byrds","floor":22,"turns":4},{"damage":18,"enemies":"Gremlin Leader","floor":23,"turns":5},{"damage":6,"enemies":"Slavers","floor":25,"turns":3},{"damage":0,"enemies":"Snake Plant","floor":28,"turns":2},{"damage":21,"enemies":"Gremlin Leader","floor":29,"turns":5},{"damage":11,"enemies":"Chosen and Byrds","floor":30,"turns":5},{"damage":7,"enemies":"Automaton","floor":33,"turns":7},{"damage":0,"enemies":"3 Darklings","floor":35,"turns":3},{"damage":0,"enemies":"Orb Walker","floor":39,"turns":4},{"damage":0,"enemies":"4 Shapes","floor":41,"turns":3},{"damage":6,"enemies":"Giant Head","floor":42,"turns":6},{"damage":0,"enemies":"Jaw Worm Horde","floor":47,"turns":3},{"damage":0,"enemies":"Reptomancer","floor":48,"turns":5},{"damage":51,"enemies":"Donu and Deca","floor":50,"turns":8},{"damage":15,"enemies":"Time Eater","floor":51,"turns":8},{"damage":15,"enemies":"Shield and Spear","floor":55,"turns":8},{"damage":49,"enemies":"The Heart","floor":56,"turns":8}],"seed_played":"-596435295268403363","potions_obtained":[{"floor":4.0,"key":"Swift Potion"},{"floor":12.0,"key":"AttackPotion"},{"floor":18.0,"key":"PowerPotion"},{"floor":25,"key":"BlessingOfTheForge"},{"floor":28,"key":"Fruit Juice"},{"floor":35,"key":"AttackPotion"},{"floor":41,"key":"Dexterity Potion"},{"floor":48,"key":"SteroidPotion"},{"floor":55,"key":"FairyPotion"}],"is_trial":false,"path_per_floor":["M","M","?","M","M","R","E","R","T","E","R","M","R","?","R","B",null,"M","?","?","T","M","E","R","E","T","R","M","E","M","?","R","B",null,"M","?","$","T","M","R","M","E","T","R","$","?","M","E","R","B","B",null,"R","$","E","B",null],"character_chosen":"THE_SILENT","items_purchased":["Medical Kit","Bag of Preparation","Footwork","Acrobatics"],"campfire_rested":0,"item_purchase_floors":[37,37,37,45],"current_hp_per_floor":[59,57,57,55,54,54,44,44,44,23,23,22,22,44,44,12,53,47,47,47,47,47,29,29,35,35,35,35,31,32,32,32,39,63,65,65,65,65,67,67,69,65,65,65,65,65,67,69,69,32,31,61,61,71,56,21],"gold":106,"neow_bonus":"ONE_RARE_RELIC","is_daily":false,"chose_seed":false,"campfire_upgraded":11,"win_rate":0.0,"timestamp":1611714823,"path_taken":["M","M","?","?","M","R","E","R","T","E","R","M","R","?","R","BOSS","M","?","?","?","M","E","R","E","T","R","M","E","?","?","R","BOSS","M","?","$","?","M","R","M","E","T","R","?","?","M","E","R","BOSS","BOSS","R","$","E","BOSS"],"items_purchased_type":["Relic","Relic","Card","Card"],"build_version":"2020-12-22","purchased_purges":1,"victory":true,"max_hp_per_floor":[66,66,66,66,66,66,66,66,66,66,66,66,66,66,66,66,66,66,66,66,66,66,66,66,66,66,66,66,71,71,71,71,71,71,71,71,71,71,71,71,71,71,71,71,71,71,71,71,71,71,71,71,71,71,71,71],"relic_stats":{"Happy Flower":[17],"Gremlin Horn":[2,2],"counters":[26,136],"Pen Nib":[21],"Snake Skull":[137],"PreservedInsect":138,"Bag of Preparation":[18],"Letter Opener":[245],"Medical Kit":[15],"MawBank":36,"Blood Vial":20,"Bronze Scales":[96],"Tiny Chest":2,"Pandora\u0027s Box":["Sucker Punch","Adrenaline","Deflect","Glass Knife","Doppelganger","Dodge and Roll","Underhanded Strike","Escape Plan","Outmaneuver"],"MealTicket":10,"obtain_stats":[{"Happy Flower":38,"Gremlin Horn":48,"Pen Nib":10,"Snake Skull":26,"PreservedInsect":43,"Bag of Preparation":37,"Letter Opener":25,"Paper Crane":29,"Medical Kit":37,"MawBank":42,"Blood Vial":31,"Bronze Scales":55,"Molten Egg 2":7,"Tiny Chest":9,"Pandora\u0027s Box":17,"MealTicket":46,"TungstenRod":0,"Ring of the Snake":0,"Meat on the Bone":23,"Runic Pyramid":34},{"Happy Flower":17,"Gremlin Horn":22,"Pen Nib":6,"Snake Skull":12,"PreservedInsect":20,"Bag of Preparation":17,"Letter Opener":12,"Paper Crane":14,"Medical Kit":17,"MawBank":20,"Blood Vial":15,"Bronze Scales":25,"Molten Egg 2":5,"Tiny Chest":5,"Pandora\u0027s Box":8,"MealTicket":20,"TungstenRod":0,"Ring of the Snake":0,"Meat on the Bone":11,"Runic Pyramid":16},{"Happy Flower":83,"Gremlin Horn":104,"Pen Nib":31,"Snake Skull":61,"PreservedInsect":96,"Bag of Preparation":83,"Letter Opener":61,"Paper Crane":68,"Medical Kit":83,"MawBank":96,"Blood Vial":73,"Bronze Scales":128,"Molten Egg 2":24,"Tiny Chest":24,"Pandora\u0027s Box":47,"MealTicket":96,"TungstenRod":0,"Ring of the Snake":0,"Meat on the Bone":58,"Runic Pyramid":80}],"TungstenRod":72,"Ring of the Snake":[52],"Meat on the Bone":84},"card_choices":[{"not_picked":["Deflect","Outmaneuver"],"picked":"All Out Attack","floor":1.0},{"not_picked":["PiercingWail","Dodge and Roll"],"picked":"Dagger Spray","floor":2.0},{"not_picked":["Sucker Punch","Slice"],"picked":"Leg Sweep","floor":4.0},{"not_picked":["Dodge and Roll","Prepared"],"picked":"Flying Knee","floor":5.0},{"not_picked":["Quick Slash+1","Infinite Blades"],"picked":"Predator+1","floor":7.0},{"not_picked":["Expertise","Blade Dance"],"picked":"Backflip","floor":10.0},{"not_picked":["Crippling Poison","Deflect"],"picked":"Bullet Time","floor":12.0},{"not_picked":["Phantasmal Killer","Doppelganger"],"picked":"A Thousand Cuts","floor":16.0},{"not_picked":["Dodge and Roll","Outmaneuver"],"picked":"Dagger Throw+1","floor":18.0},{"not_picked":["Slice+1","Cloak And Dagger","Dagger Throw+1"],"picked":"SKIP","floor":22},{"not_picked":["Dagger Spray+1","Flechettes+1","Concentrate"],"picked":"SKIP","floor":23},{"not_picked":["Crippling Poison","Dagger Throw+1"],"picked":"Predator+1","floor":25},{"not_picked":["Flying Knee+1","Choke+1","PiercingWail"],"picked":"SKIP","floor":28},{"not_picked":["Flying Knee+1","Envenom"],"picked":"Noxious Fumes","floor":29},{"not_picked":["Deflect","Dagger Throw+1","Deadly Poison"],"picked":"SKIP","floor":30},{"not_picked":["Die Die Die+1","Glass Knife+1"],"picked":"Envenom","floor":33},{"not_picked":["Bane+1","Masterful Stab+1","Quick Slash+1"],"picked":"SKIP","floor":35},{"not_picked":["Choke+1","Bane+1"],"picked":"Catalyst","floor":39},{"not_picked":["Deflect","Well Laid Plans","Slice+1"],"picked":"SKIP","floor":41},{"not_picked":["Dagger Throw+1","Backstab+1"],"picked":"Catalyst","floor":42},{"not_picked":["Quick Slash+1","Riddle With Holes+1","All Out Attack+1"],"picked":"SKIP","floor":47},{"not_picked":["All Out Attack+1","Cloak And Dagger"],"picked":"Calculated Gamble","floor":48},{"not_picked":["Prepared","Heel Hook+1"],"picked":"Leg Sweep","floor":55}],"player_experience":2940665,"relics_obtained":[{"floor":7.0,"key":"Molten Egg 2"},{"floor":9.0,"key":"Tiny Chest"},{"floor":10.0,"key":"Pen Nib"},{"floor":23,"key":"Meat on the Bone"},{"floor":25,"key":"Letter Opener"},{"floor":26,"key":"Snake Skull"},{"floor":29,"key":"Paper Crane"},{"floor":38,"key":"Happy Flower"},{"floor":42,"key":"MawBank"},{"floor":43,"key":"PreservedInsect"},{"floor":48,"key":"Gremlin Horn"},{"floor":55,"key":"Bronze Scales"}],"event_choices":[{"cards_removed":["Strike_G"],"damage_healed":0.0,"max_hp_gain":0.0,"max_hp_loss":0.0,"gold_gain":0.0,"event_name":"Bonfire Elementals","player_choice":"Offered Basic","floor":3.0,"gold_loss":0.0,"damage_taken":0.0},{"damage_healed":22.0,"max_hp_gain":0.0,"max_hp_loss":0.0,"gold_gain":0.0,"event_name":"Big Fish","player_choice":"Banana","floor":14.0,"gold_loss":0.0,"damage_taken":0.0},{"damage_healed":0.0,"max_hp_gain":0.0,"max_hp_loss":0.0,"gold_gain":0.0,"event_name":"The Mausoleum","player_choice":"Ignored","floor":19.0,"gold_loss":0.0,"damage_taken":0.0},{"damage_healed":0.0,"max_hp_gain":0.0,"max_hp_loss":0.0,"gold_gain":0.0,"event_name":"The Library","player_choice":"Read","floor":20.0,"gold_loss":0.0,"damage_taken":0.0,"cards_obtained":["Calculated Gamble"]},{"damage_healed":0,"gold_gain":0,"player_choice":"Obtained Relic","damage_taken":0,"relics_obtained":["Blood Vial"],"max_hp_gain":0,"max_hp_loss":0,"event_name":"Addict","floor":31,"gold_loss":85},{"cards_removed":["Doppelganger"],"damage_healed":0,"gold_gain":0,"player_choice":"Removed Skill","damage_taken":0,"max_hp_gain":0,"max_hp_loss":0,"event_name":"Falling","floor":36,"gold_loss":0},{"damage_healed":0,"gold_gain":0,"player_choice":"Gave Potion","damage_taken":0,"relics_obtained":["MealTicket"],"max_hp_gain":0,"max_hp_loss":0,"event_name":"WeMeetAgain","floor":46,"gold_loss":0}],"is_beta":false,"boss_relics":[{"not_picked":["SacredBark","Ectoplasm"],"picked":"Pandora\u0027s Box"},{"not_picked":["Empty Cage","Black Star"],"picked":"Runic Pyramid"}],"items_purged_floors":[45],"is_endless":false,"potions_floor_spawned":[4,12,18,25,28,35,41,48,55],"ascension_level":20}}