{"host":"e1y4kviho5jwd7e6","time":1611765422,"event":{"mods":["Act Like it!","Aspiration","BaseMod","Better Altar","Better Match","Better Note","Better Skull","Better Synergies","Better Third Choice","BetterRewards","CCEM2","Colored Powertips","Communication Mod","Conjunction","Conspire","Downfall","Energized Spire","Exacting","GifTheSpireLib","Hubris","Hyrulean Relics","Minty Spire (QoL Compilation)","Quarter Circle Forward PUNCH!","Replay The Spire","Small Relic Pack","Spicy Shops","StSLib","Stuff the Spire","The Blue Laboratory","Transform Curses","Uncapped"],"gold_per_floor":[134,150,168,184,184,184,194,194,194,194,194,269,56,84,138,240,240,251,50,50,50,50,50,50,80,148,148,178,213,213,228,228,369,369,382,396,396,345,365,365,375,375,402,402,444,455,345,345,345,345],"floor_reached":51,"language":"ENG","playtime":1452,"items_purged":["Decay"],"score":757,"play_id":"b205e3db-d467-4f89-a7b6-ae0dd7b47e56","local_time":"20210127113702","is_ascension_mode":false,"campfire_choices":[{"data":"Crippling Poison","floor":6,"key":"SMITH"},{"data":"Deadly Poison","floor":11,"key":"SMITH"},{"data":"Neutralize","floor":24,"key":"SMITH"},{"data":"Survivor","floor":27,"key":"SMITH"},{"floor":30,"key":"REST"},{"data":"Bane","floor":32,"key":"SMITH"},{"floor":40,"key":"REST"},{"floor":42,"key":"REST"},{"floor":44,"key":"REST"},{"floor":49,"key":"REST"}],"circlet_count":0,"master_deck":["conspire:GhostlyStrike","conspire:GhostlyStrike","conspire:GhostlyStrike","conspire:GhostlyStrike","conspire:GhostlyDefend","conspire:GhostlyDefend","conspire:GhostlyDefend","conspire:GhostlyDefend","conspire:GhostlyDefend","Survivor+1","Neutralize+1","Deadly Poison+1","Crippling Poison+1","Prepared+1","Immolate+1","Bane+1","Corpse Explosion+1","Catalyst+1","Deadly Poison+1","Distraction+1","Parasite"],"relics":["StuffTheSpire:Kangaroo","aspiration:FrozenJewel","Membership Card","Bottled Flame","energizedSpire:CursedPentagram","TwistedFunnel","Pantograph","aspiration:SeaSaltIceCream","Toxic Egg 2","CCEMRelics:SoftDrink","Bag of Preparation","qcfpunch:Duffel_Bag","Darkstone Periapt"],"acts_visited":["Exordium","TheCity","TheBeyond"],"potions_floor_usage":[7,16,16,33,39,39,50],"damage_taken":[{"damage":0,"enemies":"Jaw Worm","floor":1,"turns":5},{"damage":10,"enemies":"Cultist","floor":2,"turns":4},{"damage":1,"enemies":"2 Louse","floor":3,"turns":3},{"damage":2,"enemies":"Looter","floor":4,"turns":4},{"damage":2,"enemies":"Lots of Slimes","floor":7,"turns":3},{"damage":6,"enemies":"Exordium Thugs","floor":14,"turns":4},{"damage":4,"enemies":"Fading Forest","floor":16,"turns":11},{"damage":6,"enemies":"Spheric Guardian","floor":18,"turns":4},{"damage":8,"enemies":"2 Thieves","floor":25,"turns":2},{"damage":21,"enemies":"Slavers","floor":28,"turns":3},{"damage":4,"enemies":"Cultist and Chosen","floor":29,"turns":4},{"damage":11,"enemies":"Centurion and Healer","floor":31,"turns":2},{"damage":47,"enemies":"hubris:MusketHawk","floor":33,"turns":7},{"damage":7,"enemies":"Orb Walker","floor":35,"turns":3},{"damage":0,"enemies":"3 Shapes","floor":36,"turns":1},{"damage":55,"enemies":"Spire Growth","floor":39,"turns":5},{"damage":24,"enemies":"Sphere and 2 Shapes","floor":41,"turns":4},{"damage":17,"enemies":"Jaw Worm Horde","floor":45,"turns":3},{"damage":0,"enemies":"Writhing Mass","floor":46,"turns":4},{"damage":37,"enemies":"Donu and Deca","floor":50,"turns":4}],"seed_played":"-7933725875378086184","potions_obtained":[{"floor":2,"key":"blueLaboratory:StoneskinPotion"},{"floor":3,"key":"GhostInAJar"},{"floor":3,"key":"blueLaboratory:FrostheartPotion"},{"floor":25,"key":"CultistPotion"},{"floor":28,"key":"blueLaboratory:NullPotion"},{"floor":29,"key":"blueLaboratory:Moonshine"},{"floor":33,"key":"Energy Potion"},{"floor":45,"key":"blueLaboratory:NullPotion"}],"is_trial":false,"path_per_floor":["M","M","M","M","?","R","M","?","T","?","R","?","$","M","R","B",null,"M","$","?","?","$","?","R","M","T","R","E","M","R","M","R","B",null,"M","M","?","$","M","R","M","R","T","R","M","M","$","T","R","B",null],"character_chosen":"THE_SILENT","items_purchased":["Membership Card","Bottled Flame","TwistedFunnel","Pantograph","Catalyst+1","qcfpunch:Duffel_Bag"],"campfire_rested":5,"item_purchase_floors":[13,13,19,19,38,47],"current_hp_per_floor":[70,60,59,57,57,57,55,55,55,55,55,48,48,42,42,38,70,64,64,64,64,64,64,64,56,56,56,35,31,52,41,41,19,70,63,63,68,68,13,34,10,31,31,52,35,35,35,35,56,33],"gold":345,"neow_bonus":"BOSS_RELIC","is_daily":false,"chose_seed":false,"campfire_upgraded":5,"win_rate":0.0,"timestamp":1611765422,"path_taken":["M","M","M","M","?","R","?","?","T","?","R","?","$","?","R","BOSS","M","$","?","?","$","?","R","?","T","R","E","M","R","?","R","BOSS","M","?","?","$","M","R","M","R","T","R","M","?","$","?","R","BOSS"],"items_purchased_type":["Relic","Relic","Relic","Relic","Card","Relic"],"build_version":"2020-12-22","purchased_purges":1,"victory":true,"max_hp_per_floor":[70,70,70,70,70,70,70,70,70,70,70,70,70,70,70,70,70,70,70,70,70,70,70,70,70,70,70,70,70,70,70,70,70,70,70,70,70,70,70,70,70,70,70,70,70,70,70,70,70,70],"card_choices":[{"not_picked":["Acrobatics","hubris:Counter"],"picked":"Deadly Poison","floor":1},{"not_picked":["Cloak And Dagger","Tactician"],"picked":"Crippling Poison","floor":2},{"not_picked":["Dagger Throw","hubris:TrickCloak","StuffTheSpire:ReptileScales"],"picked":"SKIP","floor":3},{"not_picked":["ReplayTheSpireMod:Scrap Shanks","Underhanded Strike"],"picked":"Prepared","floor":4},{"not_picked":["StuffTheSpire:BumpUp","Dagger Throw","Hidden Blade"],"picked":"SKIP","floor":7},{"not_picked":["Dagger Spray","Acrobatics","Tools of the Trade"],"picked":"SKIP","floor":14},{"not_picked":["Setup+1","StuffTheSpire:Sprint+1","StuffTheSpire:Fury"],"picked":"SKIP","floor":18},{"not_picked":["Hidden Blade","Outmaneuver","Backflip"],"picked":"SKIP","floor":25},{"not_picked":["StuffTheSpire:Injection+1","Outmaneuver+1","Sucker Punch"],"picked":"SKIP","floor":28},{"not_picked":["Deflect+1","Dodge and Roll+1"],"picked":"Bane","floor":29},{"not_picked":["StuffTheSpire:DoubleShiv+1","Skewer","Dash+1"],"picked":"SKIP","floor":31},{"not_picked":["Unload","Storm of Steel+1"],"picked":"Corpse Explosion+1","floor":33},{"not_picked":["StuffTheSpire:Injection+1","hubris:Sniper+1","ReplayTheSpireMod:Tripwire+1"],"picked":"SKIP","floor":35},{"not_picked":["StuffTheSpire:Injection+1","Acrobatics+1","Quick Slash"],"picked":"SKIP","floor":36},{"not_picked":["Dodge and Roll+1","Outmaneuver+1","StuffTheSpire:ClusterCrunch"],"picked":"SKIP","floor":39},{"not_picked":["Slice","StuffTheSpire:Sprint+1"],"picked":"Deadly Poison+1","floor":41},{"not_picked":["Underhanded Strike","Cloak And Dagger+1"],"picked":"Distraction+1","floor":45},{"not_picked":["Footwork","Endless Agony","Prepared+1"],"picked":"SKIP","floor":46}],"player_experience":938919,"relics_obtained":[{"floor":9,"key":"aspiration:FrozenJewel"},{"floor":26,"key":"aspiration:SeaSaltIceCream"},{"floor":28,"key":"CCEMRelics:SoftDrink"},{"floor":43,"key":"Bag of Preparation"},{"floor":48,"key":"Darkstone Periapt"}],"event_choices":[{"damage_healed":0,"gold_gain":0,"player_choice":"Forge","damage_taken":0,"max_hp_gain":0,"max_hp_loss":0,"event_name":"Accursed Blacksmith","floor":5,"gold_loss":0,"cards_upgraded":["Prepared"]},{"damage_healed":0,"gold_gain":0,"player_choice":"Agree","damage_taken":0,"max_hp_gain":0,"max_hp_loss":0,"event_name":"conspire:LoneGhost","floor":8,"gold_loss":0},{"damage_healed":0,"gold_gain":75,"player_choice":"Touch","damage_taken":7,"max_hp_gain":0,"max_hp_loss":0,"event_name":"FaceTrader","floor":12,"gold_loss":0},{"cards_removed":["Prepared"],"damage_healed":0,"gold_gain":0,"player_choice":"Take \u0026 Give","damage_taken":0,"max_hp_gain":0,"max_hp_loss":0,"event_name":"betterNote:BetterNote","floor":20,"gold_loss":0,"cards_obtained":["Immolate"]},{"cards_removed":["conspire:GhostlyStrike"],"damage_healed":5,"gold_gain":0,"player_choice":"Offered Special","damage_taken":0,"max_hp_gain":0,"max_hp_loss":0,"event_name":"Bonfire Elementals","floor":37,"gold_loss":0}],"is_beta":false,"boss_relics":[{"not_picked":["hubris:GrandSneckoEye","conspire:RunicOctahedron"],"picked":"energizedSpire:CursedPentagram"},{"not_picked":["hubris:ScarierMask","hubris:BlackHole","Sozu"]}],"items_purged_floors":[47],"is_endless":false,"potions_floor_spawned":[2,3,25,29,33,36,45],"ascension_level":0}}