{"host":"y3tiaki6s4thc4y7","time":1611719469,"event":{"mods":["100% Spire Juice","2.2 Compatiblity","Act Like it!","Aspiration","BaseMod","Better Synergies","CapriCore","Challenge The Spire","ChefMod","Chen","Conspire","Halation","Hubris","Infinite Spire","Koishi","Marisa????????","Mimic Mod","Minty Spire (QoL Compilation)","Reimu??????","Relic Sorter","Remilia??????","Replay The Spire","Shop Mod","StSLib","The Immortal","The Marked","Unknown Chances","Yakumo Yukari mod"],"gold_per_floor":[109,128,147,165,181,214,224,239,269,298,313,340,340],"floor_reached":12,"language":"ENG","playtime":801,"items_purged":[],"score":106,"play_id":"e9fb07ef-d406-4c1f-9f08-f9870ce76bb2","local_time":"20210126215109","is_ascension_mode":false,"campfire_choices":[],"circlet_count":0,"master_deck":["theMarked:Strike","theMarked:Strike","theMarked:Strike","theMarked:Strike","theMarked:Strike","theMarked:Defend","theMarked:Defend","theMarked:Defend","theMarked:Defend","theMarked:SoldierOfQuellstein","theMarked:SwordAndMagic","theMarked:Overcharge","theMarked:Parkour","theMarked:OneWithTheBlade","theMarked:ElectricStrings","theMarked:ElectricStrings","theMarked:Electrify","theMarked:Parry","theMarked:Aftermath","theMarked:WastefulAttack","theMarked:Electrocute"],"relics":["theMarked:ArtifactOfAir","NeowsBlessing","aspiration:HiddenCompartment","Regal Pillow","Nunchaku","theMarked:Gun"],"acts_visited":["Exordium"],"potions_floor_usage":[6,6,10,10,12,12],"damage_taken":[{"damage":0,"enemies":"Small Slimes","floor":1,"turns":1},{"damage":0,"enemies":"Jaw Worm","floor":2,"turns":1},{"damage":0,"enemies":"Cultist","floor":3,"turns":1},{"damage":10,"enemies":"Looter","floor":4,"turns":3},{"damage":0,"enemies":"2 Fungi Beasts","floor":5,"turns":2},{"damage":9,"enemies":"3 Sentries","floor":6,"turns":7},{"damage":14,"enemies":"Lots of Slimes","floor":7,"turns":4},{"damage":11,"enemies":"Exordium Wildlife","floor":8,"turns":3},{"damage":1,"enemies":"Gremlin Gang","floor":9,"turns":5},{"damage":11,"enemies":"Replay:BlueRogue","floor":10,"turns":5},{"damage":4,"enemies":"Gremlin Gang","floor":11,"turns":3},{"damage":5,"enemies":"3 Sentries","floor":12,"turns":5}],"seed_played":"-7699647274471612326","potions_obtained":[{"floor":1,"key":"Energy Potion"},{"floor":2,"key":"Dexterity Potion"},{"floor":3,"key":"Dexterity Potion"},{"floor":6,"key":"Swift Potion"},{"floor":7,"key":"ZuzhouPotion:ReiMu"},{"floor":10,"key":"SpeedPotion"},{"floor":11,"key":"Fire Potion"}],"is_trial":false,"path_per_floor":["M","M","M","M","M","E","M","M","MIM","E","M","E"],"character_chosen":"THE_DEFAULT","items_purchased":[],"campfire_rested":0,"item_purchase_floors":[],"current_hp_per_floor":[70,70,70,60,60,51,37,26,25,14,10,5,5],"gold":340,"neow_bonus":"THREE_ENEMY_KILL","is_daily":false,"chose_seed":false,"campfire_upgraded":0,"win_rate":0.0,"timestamp":1611719469,"path_taken":["M","M","M","M","M","E","M","M","MIM","E","M","E"],"items_purchased_type":[],"build_version":"2020-12-22","purchased_purges":0,"victory":false,"max_hp_per_floor":[70,70,70,70,70,70,70,70,70,70,70,70,70],"card_choices":[{"not_picked":["theMarked:Opportunist","theMarked:Aftermath"],"picked":"theMarked:SwordAndMagic","floor":1},{"not_picked":["theMarked:EmpowerWeapon","theMarked:BanishingStrike"],"picked":"theMarked:Overcharge","floor":2},{"not_picked":["theMarked:Memento","theMarked:Frustration"],"picked":"theMarked:Parkour","floor":3},{"not_picked":["theMarked:BanishingWave","theMarked:TakeCover"],"picked":"theMarked:OneWithTheBlade","floor":4},{"not_picked":["theMarked:MuscleMemory","theMarked:ParalyzingBlade"],"picked":"theMarked:ElectricStrings","floor":5},{"not_picked":["theMarked:ResourceFulStrike","theMarked:WardOff"],"picked":"theMarked:ElectricStrings","floor":6},{"not_picked":["theMarked:Improvise","theMarked:TurnInvisible"],"picked":"theMarked:Electrify","floor":7},{"not_picked":["theMarked:ElectricStrings","theMarked:Improvise"],"picked":"theMarked:Parry","floor":8},{"not_picked":["theMarked:WardOff","theMarked:MysticalArsenal"],"picked":"theMarked:Aftermath","floor":9},{"not_picked":["theMarked:Overthink","theMarked:TwofoldDefense"],"picked":"theMarked:WastefulAttack","floor":10},{"not_picked":["theMarked:Frustration","theMarked:Opportunist"],"picked":"theMarked:Electrocute","floor":11}],"player_experience":133325,"relics_obtained":[{"floor":6,"key":"aspiration:HiddenCompartment"},{"floor":9,"key":"Regal Pillow"},{"floor":10,"key":"Nunchaku"},{"floor":12,"key":"theMarked:Gun"}],"event_choices":[],"is_beta":false,"boss_relics":[],"items_purged_floors":[],"is_endless":false,"potions_floor_spawned":[1,2,3,6,7,10,11],"killed_by":"3 Sentries","ascension_level":0}}