{"host":"jbj9vjxoxc0v9q6j","time":1611787933,"event":{"mods":["BaseMod","Downfall","Hermit","Minty Spire (QoL Compilation)","Replay The Spire","Shop Mod","StSLib","The Disciple","The Runesmith"],"gold_per_floor":[99,111,111,6,16,27,27,12,12,87,100,114,127,147,162,258,308,308,326,426,426,426,441,519,519,519,548,448,481,481,497,522,631,631,531,550,564,587,37,53,77,96,96,120,220,236,48,94,114,118,118,118],"floor_reached":50,"language":"ENG","playtime":9588,"items_purged":["Slimebound:Defend_Slimebound","Slimebound:Split+1","Slimebound:MassRepurpose+1"],"score":605,"play_id":"8ed94c82-3dc8-4d02-b6ae-d16cc2581214","local_time":"20210127175213","is_ascension_mode":true,"campfire_choices":[{"data":"Slimebound:Strike_Slimebound","floor":1,"key":"PURGE"},{"data":"Slimebound:Split","floor":9,"key":"SMITH"},{"data":"Slimebound:MassFeed","floor":18,"key":"SMITH"},{"data":"Slimebound:FormOfPuddle","floor":26,"key":"SMITH"},{"data":"Slimebound:MassRepurpose","floor":28,"key":"SMITH"},{"floor":30,"key":"RECALL"},{"data":"Spreading Infection","floor":35,"key":"PURGE"},{"data":"Slimebound:WasteNot","floor":43,"key":"SMITH"}],"circlet_count":0,"master_deck":["Slimebound:Strike_Slimebound","Slimebound:Tackle","Slimebound:Defend_Slimebound","Slimebound:Defend_Slimebound","Slimebound:Defend_Slimebound","Slimebound:CorrosiveSpit","Slimebound:MassFeed+1","Slimebound:GoopSpray","Slimebound:ForwardTackle","expansioncontent:YouAreMine","Slimebound:MegaLick+1","Slimebound:RollThrough","Slimebound:Repurpose","Slimebound:LeechingTouch+1","Slimebound:LivingWall","Slimebound:Schlurp","Slimebound:ViciousTackle+1","Slimebound:FormOfPuddle+1","Slimebound:SlimeSlap+1","Slimebound:SlimeSpikes","Slimebound:SplitSpecialist+1","Slimebound:Schlurp","Slimebound:TongueLash+1","Slimebound:OozeBath","Slimebound:SamplingLick+1","Slimebound:Dissolve+1","Slimebound:AcidTongue","Slimebound:WasteNot+1","Slimebound:GoopSpray+1","Slimebound:Schlurp+1","Slimebound:LivingWall+1","Slimebound:ViciousTackle+1","expansioncontent:QuickStudy"],"relics":["Slimebound:AbsorbEndCombat","Molten Egg 2","Tiny House","Runesmith:Locket","Meat on the Bone","ReplayTheSpireMod:Ring of Challenge","Mirror","Snack Pack","downfall:HeartBlessingGreen","Replay:Bandana","SacredBark","downfall:HeartBlessingRed","Bird Faced Urn"],"acts_visited":["Exordium","TheCity","TheBeyond"],"potions_floor_usage":[16,19,33,50],"damage_taken":[{"damage":17,"enemies":"Small Slimes","floor":2,"turns":5},{"damage":0,"enemies":"downfall:FleeingMerchant","floor":4,"turns":4},{"damage":2,"enemies":"2 Louse","floor":5,"turns":4},{"damage":7,"enemies":"Jaw Worm","floor":6,"turns":5},{"damage":8,"enemies":"downfall:FleeingMerchant","floor":8,"turns":4},{"damage":0,"enemies":"Gremlin Gang","floor":11,"turns":1},{"damage":1,"enemies":"Blue Slaver","floor":12,"turns":5},{"damage":7,"enemies":"Large Slime","floor":13,"turns":4},{"damage":13,"enemies":"Exordium Thugs","floor":14,"turns":7},{"damage":8,"enemies":"2 Fungi Beasts","floor":15,"turns":4},{"damage":87,"enemies":"WA_ARCHETYPE_RETAIN","floor":16,"turns":18},{"damage":54,"enemies":"3 Byrds","floor":19,"turns":9},{"damage":43,"enemies":"Colosseum Nobs","floor":20,"turns":8},{"damage":28,"enemies":"Chosen","floor":23,"turns":8},{"damage":51,"enemies":"Slavers","floor":27,"turns":10},{"damage":36,"enemies":"Replay:Snechameleon","floor":29,"turns":7},{"damage":5,"enemies":"Snecko","floor":31,"turns":5},{"damage":22,"enemies":"Shelled Parasite and Fungi","floor":32,"turns":10},{"damage":50,"enemies":"DF_ARCHETYPE_CLAW","floor":33,"turns":10},{"damage":20,"enemies":"3 Darklings","floor":36,"turns":6},{"damage":20,"enemies":"Orb Walker","floor":37,"turns":5},{"damage":51,"enemies":"Jaw Worm Horde","floor":38,"turns":7},{"damage":0,"enemies":"downfall:FleeingMerchant","floor":39,"turns":4},{"damage":11,"enemies":"Writhing Mass","floor":40,"turns":7},{"damage":11,"enemies":"Transient","floor":42,"turns":5},{"damage":63,"enemies":"Spire Growth","floor":44,"turns":8},{"damage":26,"enemies":"3 Darklings","floor":46,"turns":8},{"damage":11,"enemies":"downfall:FleeingMerchant","floor":47,"turns":4},{"damage":3,"enemies":"downfall:FleeingMerchant","floor":48,"turns":3},{"damage":24,"enemies":"Writhing Mass","floor":49,"turns":6},{"damage":360,"enemies":"IC_BLOCK_ARCHETYPE","floor":50,"turns":13}],"seed_played":"8087105948513872530","potions_obtained":[{"floor":11,"key":"FairyPotion"},{"floor":13,"key":"BlessingOfTheForge"},{"floor":14,"key":"SkillPotion"},{"floor":15,"key":"FairyPotion"},{"floor":16,"key":"Adrenaline Potion"},{"floor":19,"key":"SpeedPotion"},{"floor":25,"key":"CultistPotion"},{"floor":33,"key":"LiquidBronze"}],"is_trial":false,"path_per_floor":["R","M","?","$","M","M","T","$","R","?","M","M","M","M","M","B",null,"R","M","?","?","?","M","T","?","R","E","R","E","R","M","M","B",null,"R","M","M","M","$","M","T","M","R","M","?","M","$","$","M","B"],"character_chosen":"SLIMEBOUND","items_purchased":["expansioncontent:YouAreMine","Slimebound:WasteNot","Bird Faced Urn","Slimebound:ViciousTackle+1","expansioncontent:QuickStudy"],"campfire_rested":0,"item_purchase_floors":[4,39,39,47,48],"current_hp_per_floor":[65,60,60,64,72,74,74,70,70,70,88,94,91,82,84,8,109,109,61,20,20,109,85,85,85,85,58,58,42,42,57,59,33,125,125,111,97,70,76,75,75,72,72,33,33,31,38,49,45,0,0,0],"gold":118,"neow_bonus":"ONE_RANDOM_RARE_CARD","is_daily":false,"chose_seed":false,"campfire_upgraded":5,"win_rate":0.0,"timestamp":1611787933,"path_taken":["R","M","?","$","M","M","T","$","R","?","M","M","M","M","M","BOSS","R","M","?","?","?","?","T","?","R","E","R","E","R","M","M","BOSS","R","M","M","M","$","M","T","M","R","M","?","M","?","$","M","BOSS"],"items_purchased_type":["Card","Card","Relic","Card","Card"],"build_version":"2020-12-22","purchased_purges":3,"victory":false,"max_hp_per_floor":[65,71,71,71,77,80,80,80,80,80,92,95,95,95,101,104,109,109,109,109,109,109,109,109,109,109,113,113,113,113,117,121,125,125,125,125,125,129,129,129,129,129,129,133,133,137,137,137,137,137,137,137],"card_choices":[{"not_picked":["Slimebound:TongueLash","Slimebound:SamplingLick"],"picked":"Slimebound:GoopSpray","floor":2},{"not_picked":["Slimebound:LeechingTouch","Slimebound:SplitAcid"],"picked":"Slimebound:ForwardTackle","floor":4},{"not_picked":["Slimebound:SplitAcid","Slimebound:FlameTackle"],"picked":"Slimebound:MegaLick","floor":5},{"not_picked":["Slimebound:Grow","Slimebound:BestDefense"],"picked":"Slimebound:RollThrough","floor":6},{"not_picked":["Slimebound:SplitLeeching","Slimebound:ComboTackle+1"],"picked":"Slimebound:Repurpose","floor":8},{"not_picked":["Slimebound:BestDefense","Slimebound:SplitLeeching"],"picked":"Slimebound:LeechingTouch+1","floor":11},{"not_picked":["Slimebound:SplitAcid","Slimebound:ComboTackle+1"],"picked":"Slimebound:LivingWall","floor":12},{"not_picked":["Slimebound:ProtectTheBoss","Slimebound:GoopTackle+1"],"picked":"Slimebound:Schlurp","floor":13},{"not_picked":["Slimebound:GoopTackle+1","Slimebound:MinionMaster"],"picked":"Slimebound:ViciousTackle+1","floor":14},{"not_picked":["Slimebound:SplitAcid","Slimebound:RejuvenatingLick"],"picked":"Slimebound:FormOfPuddle","floor":15},{"not_picked":["Slimebound:OneTwoCombo+1","Slimebound:MassRepurpose"],"picked":"Slimebound:SlimeSlap+1","floor":16},{"not_picked":["Slimebound:DisruptingSlam+1","Slimebound:GoopTackle+1"],"picked":"Slimebound:SlimeSpikes","floor":17},{"not_picked":["Slimebound:SplitAcid","Slimebound:GoopTackle+1"],"picked":"Slimebound:SplitSpecialist+1","floor":19},{"not_picked":["Slimebound:DivideAndConquer+1","Slimebound:LeechingTouch+1","Slimebound:SlimeTap"],"picked":"SKIP","floor":23},{"not_picked":["Slimebound:FinishingTackle+1","Slimebound:ServeAndProtect"],"picked":"Slimebound:MassRepurpose","floor":27},{"not_picked":["Slimebound:Prepare","Slimebound:SamplingLick"],"picked":"Slimebound:Schlurp","floor":29},{"not_picked":["Slimebound:ComboTackle+1","Slimebound:GoopTackle+1","Slimebound:Schlurp"],"picked":"SKIP","floor":31},{"not_picked":["Slimebound:Schlurp","Slimebound:DisruptingSlam+1"],"picked":"Slimebound:TongueLash+1","floor":32},{"not_picked":["Slimebound:PrepareCrush","Slimebound:DuplicatedForm"],"picked":"Slimebound:OozeBath","floor":33},{"not_picked":["Slimebound:SplitAcid","Slimebound:ComboTackle+1"],"picked":"Slimebound:SamplingLick+1","floor":36},{"not_picked":["Slimebound:GoopTackle+1","Slimebound:SpikyOuterGoop+1","Slimebound:Replication"],"picked":"SKIP","floor":37},{"not_picked":["Slimebound:Prepare","Slimebound:SplitMire+1"],"picked":"Slimebound:Dissolve+1","floor":38},{"not_picked":["Slimebound:SplitMire","Slimebound:ItLooksTasty+1"],"picked":"Slimebound:AcidTongue","floor":39},{"not_picked":["Slimebound:DisruptingSlam+1","Slimebound:RejuvenatingLick"],"picked":"Slimebound:GoopSpray+1","floor":40},{"not_picked":["Slimebound:FinishingTackle+1","Slimebound:GoopTackle+1"],"picked":"Slimebound:Schlurp+1","floor":42},{"not_picked":["Slimebound:RollThrough+1","Slimebound:SplitAcid","Slimebound:PressTheAttack+1"],"picked":"SKIP","floor":44},{"not_picked":["Slimebound:SplitMire","Slimebound:PressTheAttack+1","Slimebound:HauntingLick"],"picked":"SKIP","floor":46},{"not_picked":["Slimebound:LevelUp+1","Slimebound:ItLooksTasty+1"],"picked":"Slimebound:LivingWall+1","floor":47},{"not_picked":["Slimebound:FormOfPuddle","Slimebound:PrepareCrush","Slimebound:RollThrough+1"],"picked":"SKIP","floor":48},{"not_picked":["Slimebound:Equalize+1","Slimebound:TongueLash+1","Slimebound:SplitLeeching"],"picked":"SKIP","floor":49}],"player_experience":1978757,"relics_obtained":[{"floor":7,"key":"Molten Egg 2"},{"floor":20,"key":"Runesmith:Locket"},{"floor":20,"key":"Meat on the Bone"},{"floor":21,"key":"ReplayTheSpireMod:Ring of Challenge"},{"floor":24,"key":"Mirror"},{"floor":27,"key":"Snack Pack"},{"floor":29,"key":"Replay:Bandana"}],"event_choices":[{"damage_healed":89,"gold_gain":0,"player_choice":"Full Heal","damage_taken":0,"max_hp_gain":0,"max_hp_loss":0,"event_name":"Wheel of Change","floor":22,"gold_loss":0}],"is_beta":false,"boss_relics":[{"not_picked":["Kintsugi","Busted Crown"],"picked":"Tiny House"},{"not_picked":["Replay:Drink Me","Runesmith:UraniumAnvil"],"picked":"SacredBark"}],"items_purged_floors":[39,47,48],"is_endless":false,"potions_floor_spawned":[11,13,14,15,16,19,23,31,32,33,36,37,44,49],"killed_by":"IC_BLOCK_ARCHETYPE","ascension_level":1}}