{"host":"i29s15dsg0c43zmx","time":1611784375,"event":{"mods":["AchievementEnabler","BaseMod","Colored Map","Minty Spire (QoL Compilation)","StSLib","The Death Knight"],"gold_per_floor":[115,115,125,125,149,188,40,40,90,125,141,141,141,161,161,282,282,301,74,95,129,54,54,98,98,98,123,123,222,222,236,236,362,362,382,382,143,167,167,201,201,240,321,337,351,414,146,73,73,73],"floor_reached":51,"language":"ENG","playtime":1942,"items_purged":["Strike_G","Strike_G","Strike_G"],"score":839,"play_id":"58b674ef-468b-4e5b-bfdb-72ac9481b3e1","local_time":"20210127225255","is_ascension_mode":true,"campfire_choices":[{"floor":8,"key":"REST"},{"data":"Blade Dance","floor":12,"key":"SMITH"},{"data":"Accuracy","floor":15,"key":"SMITH"},{"data":"Blade Dance","floor":23,"key":"SMITH"},{"data":"After Image","floor":25,"key":"SMITH"},{"data":"Storm of Steel","floor":28,"key":"SMITH"},{"data":"Backstab","floor":32,"key":"SMITH"},{"floor":41,"key":"RECALL"},{"floor":49,"key":"REST"}],"circlet_count":0,"master_deck":["Defend_G","Defend_G","Defend_G","Defend_G","Defend_G","Neutralize","After Image+1","Blade Dance+1","All Out Attack","Poisoned Stab","Poisoned Stab","Dodge and Roll","Accuracy+1","Adrenaline","Blade Dance+1","Storm of Steel+1","CurseOfTheBell","Noxious Fumes+1","Footwork","Backstab+1","Blade Dance+1","Infinite Blades+1","Backstab+1","Footwork","Burst","Accuracy+1","A Thousand Cuts","Envenom","Cloak And Dagger+1","Accuracy"],"relics":["Ring of the Snake","Golden Idol","Vajra","Strawberry","Calling Bell","Boot","Matryoshka","Prayer Wheel","Sling","Red Mask","StoneCalendar","Shuriken","WingedGreaves","Fusion Hammer","Anchor","Lantern","Omamori","Pen Nib","Singing Bowl","Bird Faced Urn","Potion Belt"],"acts_visited":["Exordium","TheCity","TheBeyond"],"potions_floor_usage":[24,33,33,42,46,50,50],"damage_taken":[{"damage":0,"enemies":"Small Slimes","floor":1,"turns":5},{"damage":0,"enemies":"2 Louse","floor":3,"turns":3},{"damage":0,"enemies":"Jaw Worm","floor":5,"turns":4},{"damage":28,"enemies":"Gremlin Nob","floor":6,"turns":5},{"damage":20,"enemies":"3 Sentries","floor":10,"turns":5},{"damage":0,"enemies":"Exordium Wildlife","floor":11,"turns":4},{"damage":0,"enemies":"Blue Slaver","floor":14,"turns":4},{"damage":2,"enemies":"Slime Boss","floor":16,"turns":8},{"damage":8,"enemies":"3 Byrds","floor":18,"turns":3},{"damage":8,"enemies":"Shell Parasite","floor":20,"turns":3},{"damage":0,"enemies":"Masked Bandits","floor":21,"turns":3},{"damage":5,"enemies":"Slavers","floor":24,"turns":4},{"damage":8,"enemies":"Centurion and Healer","floor":27,"turns":3},{"damage":0,"enemies":"Cultist and Chosen","floor":31,"turns":4},{"damage":12,"enemies":"Collector","floor":33,"turns":5},{"damage":0,"enemies":"Orb Walker","floor":35,"turns":2},{"damage":9,"enemies":"Giant Head","floor":40,"turns":5},{"damage":0,"enemies":"Nemesis","floor":42,"turns":3},{"damage":25,"enemies":"3 Darklings","floor":44,"turns":3},{"damage":7,"enemies":"4 Shapes","floor":45,"turns":3},{"damage":5,"enemies":"Mind Bloom Boss Battle","floor":46,"turns":5},{"damage":35,"enemies":"Time Eater","floor":50,"turns":6}],"seed_played":"4243655662627607694","potions_obtained":[{"floor":3,"key":"Strength Potion"},{"floor":5,"key":"Block Potion"},{"floor":10,"key":"EntropicBrew"},{"floor":24,"key":"Dexterity Potion"},{"floor":31,"key":"Block Potion"},{"floor":35,"key":"FearPotion"},{"floor":40,"key":"FearPotion"},{"floor":45,"key":"Swift Potion"},{"floor":46,"key":"LiquidMemories"}],"is_trial":false,"path_per_floor":["M","?","M","?","M","E","$","R","T","E","M","R","?","M","R","B",null,"M","$","M","?","?","R","E","R","T","M","R","?","?","M","R","B",null,"M","?","$","T","?","E","R","E","T","M","M","?","$","$","R","B",null],"character_chosen":"THE_SILENT","items_purchased":["Accuracy","Footwork","Sling","A Thousand Cuts","Potion Belt","Accuracy"],"campfire_rested":2,"item_purchase_floors":[7,19,19,37,47,48],"current_hp_per_floor":[70,70,70,53,53,25,25,46,53,33,33,33,58,58,58,56,77,69,69,61,61,61,61,56,56,56,48,48,48,48,48,48,36,77,77,77,77,77,77,68,68,68,68,47,42,39,39,39,64,45],"gold":73,"neow_bonus":"ONE_RANDOM_RARE_CARD","is_daily":false,"chose_seed":false,"campfire_upgraded":6,"win_rate":0.0,"timestamp":1611784375,"path_taken":["M","?","M","?","?","E","$","R","T","E","M","R","?","M","R","BOSS","M","$","M","?","?","R","E","R","T","M","R","?","?","M","R","BOSS","M","?","$","?","?","E","R","E","T","M","M","?","?","$","R","BOSS"],"items_purchased_type":["Card","Card","Relic","Card","Relic","Card"],"build_version":"2020-12-22","purchased_purges":3,"victory":true,"max_hp_per_floor":[70,70,70,70,70,70,70,70,77,77,77,77,77,77,77,77,77,77,77,77,77,77,77,77,77,77,77,77,77,77,77,77,77,77,77,77,77,77,77,77,77,77,77,81,83,85,85,85,85,85],"card_choices":[{"not_picked":["Quick Slash","Deadly Poison"],"picked":"Blade Dance","floor":1},{"not_picked":["Leg Sweep","Tactician"],"picked":"Poisoned Stab","floor":3},{"not_picked":["Acrobatics","Dodge and Roll"],"picked":"Poisoned Stab","floor":5},{"not_picked":["Dagger Throw","Prepared"],"picked":"Dodge and Roll","floor":6},{"not_picked":["Quick Slash","Bane"],"picked":"Adrenaline","floor":10},{"not_picked":["Eviscerate","PiercingWail","Riddle With Holes"],"picked":"SKIP","floor":11},{"not_picked":["Blur","Bane"],"picked":"Blade Dance","floor":14},{"not_picked":["Wraith Form v2","Unload"],"picked":"Storm of Steel","floor":16},{"not_picked":["Prepared+1","Choke"],"picked":"Noxious Fumes+1","floor":18},{"not_picked":["Outmaneuver","Crippling Poison","Calculated Gamble"],"picked":"SKIP","floor":18},{"not_picked":["Escape Plan","Flying Knee"],"picked":"Backstab+1","floor":20},{"not_picked":["Dodge and Roll","Masterful Stab+1","PiercingWail"],"picked":"SKIP","floor":20},{"not_picked":["Escape Plan","Cloak And Dagger"],"picked":"Blade Dance+1","floor":21},{"not_picked":["Riddle With Holes+1","Dagger Spray"],"picked":"Infinite Blades+1","floor":24},{"not_picked":["Quick Slash","Crippling Poison"],"picked":"Backstab","floor":27},{"not_picked":["Deadly Poison","PiercingWail","Masterful Stab"],"picked":"SKIP","floor":27},{"not_picked":["Burst","Slice+1"],"picked":"Footwork","floor":31},{"not_picked":["Sucker Punch+1","Crippling Poison","Prepared"],"picked":"SKIP","floor":31},{"not_picked":["Adrenaline","Bullet Time"],"picked":"Burst","floor":33},{"not_picked":["Predator","Cloak And Dagger","Heel Hook"],"picked":"SKIP","floor":35},{"not_picked":["Cloak And Dagger","Outmaneuver+1","Blur"],"picked":"SKIP","floor":35},{"not_picked":["Slice","Deadly Poison"],"picked":"Envenom","floor":40},{"not_picked":["Outmaneuver+1","Dagger Spray","Prepared"],"picked":"SKIP","floor":42},{"not_picked":["Storm of Steel","Flying Knee","Acrobatics+1"],"picked":"Singing Bowl","floor":44},{"not_picked":["Crippling Poison+1","Prepared","Backflip+1"],"picked":"Singing Bowl","floor":44},{"not_picked":["Acrobatics","Poisoned Stab","Bane+1"],"picked":"Singing Bowl","floor":45},{"not_picked":["Eviscerate+1","Footwork"],"picked":"Cloak And Dagger+1","floor":45},{"not_picked":["Flying Knee","Sucker Punch+1","Finisher+1"],"picked":"Singing Bowl","floor":46}],"player_experience":91793,"relics_obtained":[{"floor":6,"key":"Vajra"},{"floor":9,"key":"Strawberry"},{"floor":17,"key":"Boot"},{"floor":17,"key":"Matryoshka"},{"floor":17,"key":"Prayer Wheel"},{"floor":21,"key":"Red Mask"},{"floor":24,"key":"StoneCalendar"},{"floor":26,"key":"Shuriken"},{"floor":26,"key":"WingedGreaves"},{"floor":38,"key":"Anchor"},{"floor":38,"key":"Lantern"},{"floor":40,"key":"Omamori"},{"floor":42,"key":"Pen Nib"},{"floor":43,"key":"Singing Bowl"},{"floor":46,"key":"Bird Faced Urn"}],"event_choices":[{"damage_healed":0,"gold_gain":0,"cards_transformed":["Strike_G"],"player_choice":"Change","damage_taken":0,"max_hp_gain":0,"max_hp_loss":0,"event_name":"Living Wall","floor":2,"gold_loss":0,"cards_obtained":["All Out Attack"]},{"damage_healed":0,"gold_gain":0,"player_choice":"Take Damage","damage_taken":17,"relics_obtained":["Golden Idol"],"max_hp_gain":0,"max_hp_loss":0,"event_name":"Golden Idol","floor":4,"gold_loss":0},{"damage_healed":25,"gold_gain":0,"player_choice":"Banana","damage_taken":0,"max_hp_gain":0,"max_hp_loss":0,"event_name":"Big Fish","floor":13,"gold_loss":0},{"damage_healed":0,"gold_gain":0,"player_choice":"Fought Bandits","damage_taken":0,"max_hp_gain":0,"max_hp_loss":0,"event_name":"Masked Bandits","floor":21,"gold_loss":0},{"cards_removed":["Strike_G"],"damage_healed":0,"gold_gain":0,"player_choice":"Gave Gold","damage_taken":0,"max_hp_gain":0,"max_hp_loss":0,"event_name":"Beggar","floor":22,"gold_loss":75},{"damage_healed":0,"gold_gain":99,"player_choice":"Stole From Cult","damage_taken":0,"max_hp_gain":0,"max_hp_loss":0,"event_name":"Nest","floor":29,"gold_loss":0},{"damage_healed":0,"gold_gain":0,"player_choice":"Ignored","damage_taken":0,"max_hp_gain":0,"max_hp_loss":0,"event_name":"Ghosts","floor":30,"gold_loss":0},{"damage_healed":0,"gold_gain":0,"player_choice":"Copied","damage_taken":0,"max_hp_gain":0,"max_hp_loss":0,"event_name":"Duplicator","floor":36,"gold_loss":0,"cards_obtained":["Accuracy"]},{"cards_removed":["Survivor"],"damage_healed":0,"gold_gain":0,"player_choice":"Removed Skill","damage_taken":0,"max_hp_gain":0,"max_hp_loss":0,"event_name":"Falling","floor":39,"gold_loss":0},{"damage_healed":0,"gold_gain":0,"player_choice":"Fight","damage_taken":0,"max_hp_gain":0,"max_hp_loss":0,"event_name":"MindBloom","floor":46,"gold_loss":0}],"is_beta":false,"boss_relics":[{"not_picked":["Snecko Eye","Velvet Choker"],"picked":"Calling Bell"},{"not_picked":["Runic Dome","Runic Pyramid"],"picked":"Fusion Hammer"}],"items_purged_floors":[7,37,47],"is_endless":false,"potions_floor_spawned":[3,5,10,16,21,24,31,35,40,45,46],"ascension_level":1}}