{"host":"f0gpob8hq9vgebej","time":1611706368,"event":{"mods":["AchievementEnabler","BaseMod","Minty Spire (QoL Compilation)","Quick Restart","SuperFastMode"],"gold_per_floor":[19,19,37,37,50,50,84,9,57,57,57],"floor_reached":10,"language":"KOR","playtime":171,"items_purged":["Strike_G"],"score":106,"play_id":"0e0209e2-4146-4bd9-91d8-c806a7e4c5ba","local_time":"20210127091248","is_ascension_mode":true,"campfire_choices":[{"data":"Dagger Spray","floor":6,"key":"SMITH"}],"circlet_count":0,"master_deck":["AscendersBane","Strike_G","Strike_G","Strike_G","Defend_G","Defend_G","Defend_G","Defend_G","Defend_G","Survivor","Neutralize","Reflex","Dagger Spray+1","Eviscerate"],"relics":["Ring of the Snake","Blood Vial","Dream Catcher"],"acts_visited":["Exordium"],"potions_floor_usage":[7,7],"damage_taken":[{"damage":6,"enemies":"Cultist","floor":1,"turns":6},{"damage":1,"enemies":"Small Slimes","floor":3,"turns":4},{"damage":2,"enemies":"Jaw Worm","floor":5,"turns":6},{"damage":20,"enemies":"3 Sentries","floor":7,"turns":6},{"damage":32,"enemies":"Lagavulin","floor":10,"turns":6}],"seed_played":"6772272030900217390","potions_obtained":[{"floor":3,"key":"ColorlessPotion"},{"floor":5,"key":"Explosive Potion"}],"is_trial":false,"path_per_floor":["M","?","M","?","M","R","E","$","T","E"],"character_chosen":"THE_SILENT","items_purchased":[],"campfire_rested":0,"item_purchase_floors":[],"current_hp_per_floor":[71,71,70,70,68,68,48,48,48,18,18],"gold":57,"neow_bonus":"TWENTY_PERCENT_HP_BONUS","is_daily":false,"chose_seed":false,"campfire_upgraded":1,"win_rate":0.0,"timestamp":1611706368,"path_taken":["M","?","M","?","M","R","E","?","T","E"],"items_purchased_type":[],"build_version":"2020-12-22","purchased_purges":1,"victory":false,"max_hp_per_floor":[84,84,84,84,84,84,84,84,84,84,84],"card_choices":[{"not_picked":["Underhanded Strike","Sucker Punch"],"picked":"Reflex","floor":1},{"not_picked":["Backflip","Dodge and Roll"],"picked":"Dagger Spray","floor":3},{"not_picked":["Terror","Sucker Punch","Bane"],"picked":"SKIP","floor":5},{"not_picked":["Cloak And Dagger","Slice"],"picked":"Eviscerate","floor":7}],"player_experience":260549,"relics_obtained":[{"floor":7,"key":"Blood Vial"},{"floor":9,"key":"Dream Catcher"}],"event_choices":[{"damage_healed":0,"gold_gain":0,"player_choice":"Ignored","damage_taken":0,"max_hp_gain":0,"max_hp_loss":0,"event_name":"Golden Idol","floor":2,"gold_loss":0},{"cards_removed":["Strike_G"],"damage_healed":0,"gold_gain":0,"player_choice":"Forget","damage_taken":0,"max_hp_gain":0,"max_hp_loss":0,"event_name":"Living Wall","floor":4,"gold_loss":0}],"is_beta":false,"boss_relics":[],"items_purged_floors":[8],"is_endless":false,"potions_floor_spawned":[3,5],"killed_by":"Lagavulin","ascension_level":12}}