{"host":"gafwejejal4v72m6","time":1611759529,"event":{"mods":["Aspiration","BaseMod","BetterRewards","Clockwork Mod","Conspire","Hermit","Hubris","Minty Spire (QoL Compilation)","Rare Cards Sparkle","Shop Mod","StSLib","The Necromancer"],"gold_per_floor":[118,133,133,166,166,166,191,201,228,262,262,296,296,330,330,433,433,449,449,449,248,268,268,301,301,325,357,357,385,402,437,437,537,537,555,570,570,603,617,650,666,666,666,666,666],"floor_reached":44,"language":"RUS","playtime":5311,"items_purged":["hermit:Strike_Hermit"],"score":595,"play_id":"2d2b8390-664e-43d5-8462-c138d95584a2","local_time":"20210127215849","daily_mods":["Vintage","Colorless Cards","Heirloom","DeadlyEvents","Elite Swarm"],"is_ascension_mode":false,"campfire_choices":[{"data":"1","floor":6.0,"key":"LIFT"},{"floor":11.0,"key":"REST"},{"floor":13.0,"key":"REST"},{"floor":15.0,"key":"REST"},{"data":"2","floor":23.0,"key":"LIFT"},{"floor":25.0,"key":"REST"},{"floor":28,"key":"REST"},{"floor":32,"key":"REST"},{"floor":42,"key":"REST"}],"circlet_count":0,"master_deck":["hermit:Strike_Hermit","hermit:Strike_Hermit","hermit:Strike_Hermit","hermit:Defend_Hermit","hermit:Defend_Hermit","hermit:Defend_Hermit","hermit:Defend_Hermit","hermit:Snapshot","hermit:Covet","Clockwork:Clone","Metamorphosis","Clockwork:KaliMa","Panache","Clockwork:ZeroPointEnergy","Sadistic Nature","Decay","Magnetism","Clockwork:ElasticNanites","Clockwork:PerfectForm+1","Apotheosis","Clockwork:UnlimitedCogworks","hermit:Reprieve","Master of Strategy","hermit:EternalForm"],"relics":["hermit:Momento","hubris:Spice","Mercury Hourglass","Girya","Du-Vu Doll","Boot","hubris:DeckOfHolding","Clockwork:BeatingHeart","hubris:HollowSoul","hermit:RyeStalk","Blood Vial","Nunchaku","InkBottle","hubris:Backtick","conspire:InfiniteJournal","conspire:Dentures","Singing Bowl","aspiration:HiddenCompartment"],"acts_visited":["Exordium","TheCity","TheBeyond"],"potions_floor_usage":[27,27,31,40,41],"damage_taken":[{"damage":1.0,"enemies":"2 Louse","floor":1.0,"turns":2.0},{"damage":2.0,"enemies":"Small Slimes","floor":2.0,"turns":3.0},{"damage":14.0,"enemies":"conspire:MimicChest","floor":4.0,"turns":6.0},{"damage":42.0,"enemies":"Gremlin Nob","floor":7.0,"turns":5.0},{"damage":0.0,"enemies":"Jaw Worm","floor":8.0,"turns":3.0},{"damage":22.0,"enemies":"3 Sentries","floor":10.0,"turns":5.0},{"damage":15.0,"enemies":"Gremlin Nob","floor":12.0,"turns":4.0},{"damage":9.0,"enemies":"3 Sentries","floor":14.0,"turns":4.0},{"damage":44.0,"enemies":"The Guardian","floor":16.0,"turns":7.0},{"damage":2.0,"enemies":"Shell Parasite","floor":18.0,"turns":3.0},{"damage":38.0,"enemies":"conspire:FuzzyDice","floor":22.0,"turns":4.0},{"damage":13.0,"enemies":"conspire:Head Lice","floor":24.0,"turns":4.0},{"damage":21,"enemies":"Slavers","floor":27,"turns":3},{"damage":29,"enemies":"Gremlin Leader","floor":29,"turns":6},{"damage":8,"enemies":"3 Cultists","floor":30,"turns":3},{"damage":6,"enemies":"conspire:SneckoGhost","floor":31,"turns":5},{"damage":30,"enemies":"conspire:MysteriousRune","floor":33,"turns":6},{"damage":7,"enemies":"3 Shapes","floor":35,"turns":3},{"damage":31,"enemies":"3 Darklings","floor":36,"turns":3},{"damage":43,"enemies":"Nemesis","floor":38,"turns":7},{"damage":2,"enemies":"Maw","floor":39,"turns":5},{"damage":20,"enemies":"Giant Head","floor":40,"turns":8},{"damage":10,"enemies":"Transient","floor":41,"turns":5},{"damage":18,"enemies":"Nemesis","floor":44,"turns":1}],"seed_played":"1639156168386178996","potions_obtained":[{"floor":1.0,"key":"SkillPotion"},{"floor":4.0,"key":"Strength Potion"},{"floor":7.0,"key":"Ancient Potion"},{"floor":10.0,"key":"GamblersBrew"},{"floor":16.0,"key":"Block Potion"},{"floor":24.0,"key":"DistilledChaos"},{"floor":27,"key":"Fire Potion"},{"floor":29,"key":"Block Potion"},{"floor":38,"key":"Strength Potion"},{"floor":40,"key":"Energy Potion"}],"is_trial":true,"path_per_floor":["M","M","?","?","$","R","E","M","T","E","R","E","R","E","R","B",null,"M","?","?","$","M","R","E","R","T","E","R","E","M","E","R","B",null,"M","M","?","E","M","E","M","R","T","E"],"character_chosen":"HERMIT","items_purchased":["Magnetism","Clockwork:ElasticNanites"],"campfire_rested":7,"item_purchase_floors":[21,21],"current_hp_per_floor":[82,80,85,79,74,74,32,32,32,10,36,21,45,36,60,16,80,78,78,78,78,40,40,29,53,53,34,58,31,25,21,45,17,80,73,44,44,11,40,26,26,50,50,0,0],"gold":666,"neow_bonus":"","is_daily":false,"chose_seed":false,"campfire_upgraded":0,"win_rate":0.0,"timestamp":1611759529,"path_taken":["M","M","?","?","?","R","E","M","T","E","R","E","R","E","R","BOSS","M","?","?","$","?","R","E","R","T","E","R","?","?","?","R","BOSS","M","?","?","?","?","E","M","R","T","?"],"items_purchased_type":["Card","Card"],"build_version":"2020-12-22","purchased_purges":1,"victory":false,"max_hp_per_floor":[83,83,88,96,96,96,96,88,88,88,88,80,80,80,80,80,80,80,80,80,80,80,80,80,80,80,80,80,80,80,80,80,80,80,80,80,80,80,80,80,80,80,80,80,80],"card_choices":[{"not_picked":["Clockwork:MechanicalBulk","hermit:Gestalt"],"picked":"Clockwork:Clone","floor":4.0},{"not_picked":["hermit:Dissolve","Clockwork:TimeWalk"],"picked":"Metamorphosis","floor":7.0},{"not_picked":["hermit:Gambit","hermit:FinalCanter"],"picked":"Clockwork:KaliMa","floor":10.0},{"not_picked":["Secret Technique","hermit:FinalCanter"],"picked":"Panache","floor":12.0},{"not_picked":["hermit:Gambit","hermit:Dissolve"],"picked":"Clockwork:ZeroPointEnergy","floor":14.0},{"not_picked":["hubris:SpiceAddiction","hubris:SpiceAddiction"],"picked":"Sadistic Nature","floor":16.0},{"not_picked":["Clockwork:ZeroPointEnergy","hubris:SpiceAddiction"],"picked":"Clockwork:PerfectForm","floor":24.0},{"not_picked":["Metamorphosis","hubris:EnhanceAbility"],"picked":"Apotheosis","floor":27},{"not_picked":["Apotheosis","Clockwork:ReactiveNanites"],"picked":"Clockwork:UnlimitedCogworks","floor":29},{"not_picked":["Clockwork:Halt","hermit:FinalCanter"],"picked":"hermit:Reprieve","floor":31},{"not_picked":["hermit:OverwhelmingPower","hubris:SpiceAddiction"],"picked":"Master of Strategy","floor":33},{"not_picked":["hubris:SpiceAddiction","hubris:SpiceAddiction","hubris:SpiceAddiction"],"picked":"SKIP","floor":38},{"not_picked":["Panache","hubris:SpiceAddiction"],"picked":"hermit:EternalForm","floor":40}],"player_experience":107732,"relics_obtained":[{"floor":1.0,"key":"Mercury Hourglass"},{"floor":2.0,"key":"Girya"},{"floor":4.0,"key":"hubris:Spice"},{"floor":7.0,"key":"Du-Vu Doll"},{"floor":8.0,"key":"hubris:Spice"},{"floor":9.0,"key":"Boot"},{"floor":10.0,"key":"hubris:DeckOfHolding"},{"floor":12.0,"key":"hubris:Spice"},{"floor":18.0,"key":"hermit:RyeStalk"},{"floor":22.0,"key":"Blood Vial"},{"floor":26.0,"key":"Nunchaku"},{"floor":30,"key":"InkBottle"},{"floor":39,"key":"conspire:Dentures"},{"floor":40,"key":"Singing Bowl"},{"floor":41,"key":"aspiration:HiddenCompartment"}],"event_choices":[{"damage_healed":0.0,"max_hp_gain":5.0,"max_hp_loss":0.0,"gold_gain":0.0,"event_name":"Big Fish","player_choice":"Donut","floor":3.0,"gold_loss":0.0,"damage_taken":0.0},{"damage_healed":0.0,"max_hp_gain":0.0,"max_hp_loss":0.0,"gold_gain":0.0,"event_name":"Forgotten Altar","player_choice":"Smashed Altar","floor":19.0,"gold_loss":0.0,"damage_taken":0.0,"cards_obtained":["Decay"]},{"damage_healed":0,"gold_gain":0,"player_choice":"Forge","damage_taken":0,"max_hp_gain":0,"max_hp_loss":0,"event_name":"Accursed Blacksmith","floor":37,"gold_loss":0,"cards_upgraded":["Clockwork:PerfectForm"]}],"is_beta":false,"boss_relics":[{"not_picked":["hubris:Spice","hubris:TerracottaHorce"],"picked":"hubris:HollowSoul"},{"not_picked":["hubris:Spice","conspire:SeveredTorchhead"],"picked":"hubris:Backtick"}],"items_purged_floors":[5],"is_endless":false,"potions_floor_spawned":[1,4,7,10,16,24,27,29,30,38,39,40],"killed_by":"Nemesis","ascension_level":0}}