{"host":"vrsxkkch9ccrec7k","time":1611713841,"event":{"mods":["Act Like it!","BaseMod","Bestiary","Better Altar","Better Match","Better Note","Better Sensory Stone","Better Skull","Better Third Choice","Better Vampires","Downfall","Minty Spire (QoL Compilation)","Permanent Neow","Relic Stats","Spicy Shops","StSLib"],"gold_per_floor":[99,117,117,127,142,171,236,280,306,329,353,365,44,79,95,95,95,95],"floor_reached":16,"language":"ENG","playtime":1216,"items_purged":["champ:Strike"],"score":186,"play_id":"331a2ed7-7afe-4281-8a48-f8a309dbf7de","local_time":"20210126211721","is_ascension_mode":true,"campfire_choices":[{"data":"champ:Execute","floor":1,"key":"SMITH"},{"floor":12,"key":"REST"}],"circlet_count":0,"master_deck":["AscendersBane","champ:Strike","champ:Strike","champ:Strike+1","champ:Defend","champ:Defend","champ:Defend","champ:Defend","champ:Execute+1","champ:Taunt","champ:Duel","champ:PerfectedStrike","champ:IronFortress","champ:SwordSigil","champ:RageSigil","champ:TornadoPunch","champ:FocusedDefense","champ:GladiatorStyle","expansioncontent:YouAreMine","champ:LastStand"],"relics":["champ:ChampionCrown","MawBank","Ancient Tea Set","Art of War","Potion Belt","The Courier"],"acts_visited":["Exordium"],"potions_floor_usage":[5,6,8,10,14,16,16],"damage_taken":[{"damage":10,"enemies":"Small Slimes","floor":2,"turns":4},{"damage":30,"enemies":"Cultist","floor":4,"turns":3},{"damage":6,"enemies":"Jaw Worm","floor":5,"turns":4},{"damage":28,"enemies":"3 Sentries","floor":6,"turns":5},{"damage":24,"enemies":"Gremlin Nob","floor":8,"turns":4},{"damage":18,"enemies":"2 Fungi Beasts","floor":9,"turns":3},{"damage":29,"enemies":"Red Slaver","floor":10,"turns":3},{"damage":0,"enemies":"2 Fungi Beasts","floor":11,"turns":3},{"damage":10,"enemies":"downfall:FleeingMerchant","floor":13,"turns":4},{"damage":28,"enemies":"Lagavulin","floor":14,"turns":5},{"damage":45,"enemies":"Lots of Slimes","floor":15,"turns":4},{"damage":29,"enemies":"DF_ARCHETYPE_STREAMLINE","floor":16,"turns":6}],"seed_played":"4161188169194991831","potions_obtained":[{"floor":0,"key":"Slimebound:ThreeZeroPotion"},{"floor":0,"key":"Fruit Juice"},{"floor":0,"key":"LiquidMemories"},{"floor":5,"key":"Fire Potion"},{"floor":8,"key":"PowerPotion"},{"floor":9,"key":"Dexterity Potion"},{"floor":10,"key":"PowerPotion"}],"is_trial":false,"path_per_floor":["R","M","?","M","M","E","T","E","M","M","M","R","$","E","M","B"],"character_chosen":"THE_CHAMP","items_purchased":["Potion Belt","expansioncontent:YouAreMine"],"campfire_rested":1,"item_purchase_floors":[13,13],"current_hp_per_floor":[81,81,66,66,65,62,62,38,30,30,30,58,58,50,25,0,0,0],"gold":95,"neow_bonus":"THREE_SMALL_POTIONS","is_daily":false,"chose_seed":false,"campfire_upgraded":1,"win_rate":0.0,"timestamp":1611713841,"path_taken":["R","M","?","M","?","E","T","E","M","M","M","R","?","E","M","BOSS"],"items_purchased_type":["Relic","Card"],"build_version":"2020-12-22","purchased_purges":1,"victory":false,"max_hp_per_floor":[90,90,90,90,95,95,95,95,95,95,95,95,95,95,95,95,95,95],"relic_stats":{"counters":[12,48],"Art of War":[7],"MawBank":84,"obtain_stats":[{"Potion Belt":13,"champ:ChampionCrown":0,"The Courier":14,"Art of War":8,"MawBank":6,"Ancient Tea Set":7},{"Potion Belt":9,"champ:ChampionCrown":0,"The Courier":10,"Art of War":5,"MawBank":4,"Ancient Tea Set":4},{"Potion Belt":33,"champ:ChampionCrown":0,"The Courier":38,"Art of War":20,"MawBank":16,"Ancient Tea Set":16}]},"card_choices":[{"not_picked":["champ:FaceSlap","champ:PreciseThrust"],"picked":"champ:Duel","floor":2},{"not_picked":["champ:BladeFlurry","champ:Devastate"],"picked":"champ:PerfectedStrike","floor":4},{"not_picked":["champ:RecklessLeap","champ:PreciseThrust"],"picked":"champ:IronFortress","floor":5},{"not_picked":["champ:ShieldSigil","champ:FancyFootwork"],"picked":"champ:SwordSigil","floor":6},{"not_picked":["champ:BringItOn","champ:Haymaker"],"picked":"champ:RageSigil","floor":8},{"not_picked":["champ:BerserkersShout","champ:EnGarde"],"picked":"champ:TornadoPunch","floor":9},{"not_picked":["champ:ViciousMockery","champ:TornadoPunch"],"picked":"champ:FocusedDefense","floor":10},{"not_picked":["champ:CrownThrow","champ:FanOfKnives","champ:BladeFlurry"],"picked":"SKIP","floor":11},{"not_picked":["champ:RageSigil","champ:BringItOn"],"picked":"champ:GladiatorStyle","floor":13},{"not_picked":["champ:EnragedBash","champ:Encircle","champ:SkillfulDodge"],"picked":"SKIP","floor":14},{"not_picked":["champ:CrownThrow","champ:PreciseThrust"],"picked":"champ:LastStand","floor":15}],"player_experience":1750999,"relics_obtained":[{"floor":6,"key":"MawBank"},{"floor":7,"key":"Ancient Tea Set"},{"floor":8,"key":"Art of War"},{"floor":14,"key":"The Courier"}],"event_choices":[{"damage_healed":0,"gold_gain":0,"player_choice":"UP ","damage_taken":17,"relics_obtained":[],"max_hp_gain":0,"max_hp_loss":0,"event_name":"betterSkull:BetterSkull","floor":3,"gold_loss":0,"cards_upgraded":["champ:Strike"]}],"is_beta":false,"boss_relics":[],"items_purged_floors":[13],"is_endless":false,"potions_floor_spawned":[5,8,9,10,11],"killed_by":"DF_ARCHETYPE_STREAMLINE","ascension_level":10}}