{"host":"xkyjkr020mio9edy","time":1611721162,"event":{"mods":["AchievementEnabler","BaseMod","Clockwork Mod","Colored Map","Colored Powertips","Downfall","Glutton Mod","Gold Saver","Minty Spire (QoL Compilation)","Quick Restart","Replay The Spire","StSLib","The Necromancer","TheHeartMod"],"gold_per_floor":[52199,52213,51452,51478,51498,51533,51076,51076,51076,51088,50494,50494,50512,50512,50512,50614,50614,50631,50645,50645,50037,50048,50079,49381,49406,49406,49406,49426,49341,49374,49369,49369,49571,49571,49583,48808,48839,48939,48939,48939,49005,48040,48093,48166,48178,48216,48244,48262,48274,48361,48373,48385,47801,47865,47865],"floor_reached":56,"language":"ENG","playtime":3414,"items_purged":["Glutton:Flail","downfall:Haunted"],"score":1783,"play_id":"2baf3f38-27fc-4560-a788-282c46a53f0d","local_time":"20210126231922","is_ascension_mode":true,"campfire_choices":[{"floor":12,"key":"RECALL"},{"floor":15,"key":"REST"},{"floor":27,"key":"REST"},{"floor":32,"key":"REST"},{"floor":40,"key":"REST"},{"floor":49,"key":"REST"},{"floor":52,"key":"REST"}],"circlet_count":0,"master_deck":["Glutton:Strike+1","Glutton:Strike","Glutton:Strike","Glutton:Strike","Glutton:Strike","Glutton:Defend+1","Glutton:Defend","Glutton:ToxicResidue+1","Glutton:Chomp","Glutton:FeverVisions","Glutton:GoldenArmor+1","Chrysalis+1","Poisoned Strike+1","Jack Of All Trades","Pot Of Greed","Pot Of Greed+1","Glutton:Devour","Glutton:SelfFlagellate+1","Glutton:ToxicResidue+1","Glutton:Yearn","Glutton:Treat+1","Pot Of Greed+1","Glutton:LashOut+1","Glutton:Misery+1","Glutton:Thrombosis","Pot Of Greed","Glutton:EatAlive+1","Glutton:Borborygmi+1","Glutton:Bite+1","Auto Shields","Glutton:Enfeeblement+1","Glutton:Masochism+1","Glutton:Borborygmi+1","Glutton:Hoard","Mind Blast+1","Glutton:Bite+1","Glutton:Hoard+1","Glutton:ToxicResidue+1","Pot Of Greed","Glutton:Bite+1","Glutton:Chrysosphagy","Glutton:Mug+1","Glutton:ShedFat","Glutton:GuardStance+1","Glutton:LashOut+1","Glutton:Enfeeblement","Glutton:Toxicity+1","Glutton:ToxicResidue+1","Sadistic Nature","Glutton:Bite+1","Blind","Pot Of Greed","downfall:Haunted","downfall:Icky","Glutton:Vitality","ReplayTheSpireMod:Splinters","Overencumbered","Overencumbered","Glutton:Hoard","Blind","Hallucinations","Looming Evil","Parasite","Pot Of Greed+1","Glutton:Feed+1","Bandage Up","Glutton:Revivification+1"],"relics":["Fusion Hammer","Vajra","ReplayTheSpireMod:ShopPack","Matryoshka","Grinning Jar","Shuriken","Centennial Puzzle","DollysMirror","Molten Egg 2","Toy Ornithopter","Bag of Marbles","champ:Barbells","Glutton:Gemstone","Guardian:PocketSentry","PreservedInsect","Guide Book","Potion Belt","HornCleat","Mirror","Sundial","Replay:Bottled Snecko","Blood Vial","Cursed Key","Nunchaku","hexamod:CandleOfCauterizing","Darkstone Periapt","Pantograph","Replay:Bottled Eggs","Glutton:Lollipop","Glutton:LuckySock","MawBank","Anchor","Ring of Searing","Ring of Hypnosis","Gremlin Food","Replay:Mystery Machine","BranchBurnRelic","ReplayTheSpireMod:Shallot","Garlic","War Paint"],"acts_visited":["Exordium","TheCity","TheBeyond","TheEnding"],"potions_floor_usage":[6,16,19,33,41,50,50,55],"damage_taken":[{"damage":1,"enemies":"Cultist","floor":1,"turns":3},{"damage":2,"enemies":"Jaw Worm","floor":2,"turns":4},{"damage":6,"enemies":"2 Louse","floor":5,"turns":3},{"damage":46,"enemies":"Gremlin Nob","floor":6,"turns":5},{"damage":24,"enemies":"Large Slime","floor":10,"turns":5},{"damage":16,"enemies":"Lots of Slimes","floor":13,"turns":2},{"damage":19,"enemies":"Hexaghost","floor":16,"turns":6},{"damage":21,"enemies":"3 Byrds","floor":18,"turns":5},{"damage":33,"enemies":"Shell Parasite","floor":19,"turns":5},{"damage":3,"enemies":"Cultist and Chosen","floor":22,"turns":4},{"damage":8,"enemies":"Replay:Snechameleon","floor":23,"turns":3},{"damage":3,"enemies":"Gremlin Leader","floor":25,"turns":2},{"damage":0,"enemies":"Snecko","floor":28,"turns":2},{"damage":21,"enemies":"Centurion and Healer","floor":30,"turns":4},{"damage":0,"enemies":"Snake Plant","floor":31,"turns":1},{"damage":42,"enemies":"Collector","floor":33,"turns":7},{"damage":0,"enemies":"Orb Walker","floor":35,"turns":1},{"damage":4,"enemies":"3 Shapes","floor":37,"turns":2},{"damage":11,"enemies":"R_Hoarder","floor":41,"turns":5},{"damage":18,"enemies":"Reptomancer","floor":44,"turns":2},{"damage":0,"enemies":"Nemesis","floor":46,"turns":1},{"damage":5,"enemies":"Writhing Mass","floor":47,"turns":2},{"damage":19,"enemies":"R_Hoarder","floor":48,"turns":3},{"damage":73,"enemies":"Time Eater","floor":50,"turns":6},{"damage":74,"enemies":"Shield and Spear","floor":54,"turns":6},{"damage":194,"enemies":"The Heart","floor":55,"turns":9}],"seed_played":"6510667367306435926","potions_obtained":[{"floor":1,"key":"AttackPotion"},{"floor":2,"key":"Toxic Potion"},{"floor":6,"key":"Guardian:BlockOnCardUsePotion"},{"floor":13,"key":"Block Potion"},{"floor":18,"key":"SkillPotion"},{"floor":25,"key":"bronze:BurnAndBuffPotion"},{"floor":28,"key":"sneckomod:MuddlingPotion"},{"floor":30,"key":"Block Potion"},{"floor":33,"key":"SteroidPotion"},{"floor":54,"key":"Adrenaline Potion"}],"is_trial":false,"path_per_floor":["M","M","$","T","M","E","$","?","T","M","$","R","M","?","R","B",null,"M","M","?","$","M","E","$","E","T","R","M","?","M","M","R","B",null,"M","$","M","?","T","R","E","$","T","E","?","E","M","E","R","B",null,"R","$","E","B",null],"character_chosen":"GLUTTON","items_purchased":["Glutton:FeverVisions","Vajra","ReplayTheSpireMod:ShopPack","Glutton:GoldenArmor","Matryoshka","Centennial Puzzle","Glutton:ToxicResidue","Glutton:Yearn","Glutton:Treat","DollysMirror","Bag of Marbles","champ:Barbells","Glutton:Misery","Glutton:Thrombosis","Glutton:EatAlive+1","Glutton:Borborygmi+1","Guardian:PocketSentry","PreservedInsect","Glutton:Hoard","Guide Book","Mind Blast+1","HornCleat","Mirror","Glutton:ToxicResidue","Glutton:Bite+1","Glutton:Chrysosphagy","Nunchaku","hexamod:CandleOfCauterizing","Glutton:ToxicResidue","Sadistic Nature","Glutton:Bite+1","Blind","Glutton:Hoard","Glutton:Lollipop","Glutton:LuckySock","Dead Branch","Blind","ReplayTheSpireMod:Shallot","Garlic","Bandage Up"],"campfire_rested":6,"item_purchase_floors":[3,3,3,3,3,7,7,7,7,7,11,11,11,11,11,11,21,21,21,21,21,24,24,24,24,24,36,36,36,36,36,36,42,42,42,42,42,53,53,53],"current_hp_per_floor":[119,117,117,117,119,92,92,92,92,88,88,88,85,85,122,134,139,126,103,103,103,118,115,115,115,115,164,178,178,178,199,199,157,199,199,199,199,234,240,240,243,243,249,236,242,244,250,253,272,246,290,290,290,253,154],"gold":47865,"neow_bonus":"BOSS_RELIC","is_daily":false,"chose_seed":false,"campfire_upgraded":0,"win_rate":0.0,"timestamp":1611721162,"path_taken":["M","M","$","?","M","E","$","?","T","M","?","R","M","?","R","BOSS","M","M","?","$","?","E","?","E","T","R","M","?","M","M","R","BOSS","M","$","M","?","?","R","E","$","T","E","?","E","M","E","R","BOSS","R","$","E","BOSS"],"items_purchased_type":["Card","Relic","Relic","Card","Relic","Relic","Card","Card","Card","Relic","Relic","Relic","Card","Card","Card","Card","Relic","Relic","Card","Relic","Card","Relic","Relic","Card","Card","Card","Relic","Relic","Card","Card","Card","Card","Card","Relic","Relic","Relic","Card","Relic","Relic","Card"],"build_version":"2020-12-22","purchased_purges":2,"victory":true,"max_hp_per_floor":[120,120,120,120,120,120,120,120,120,122,122,122,124,124,124,139,139,147,149,149,149,164,166,166,166,166,166,180,180,199,199,199,199,199,199,199,199,234,240,240,254,254,260,260,266,266,272,272,272,290,290,290,290,290,308],"card_choices":[{"not_picked":["Glutton:Fever","Glutton:Devour"],"picked":"Glutton:ToxicResidue","floor":1},{"not_picked":["Glutton:Tantrum","Glutton:SelfFlagellate"],"picked":"Glutton:Chomp","floor":2},{"not_picked":["Apotheosis","HandOfGreed"],"picked":"Chrysalis","floor":3},{"not_picked":["Replay:Sssssssssshield","Bandage Up"],"picked":"Poisoned Strike","floor":3},{"not_picked":["ReplayTheSpireMod:Trickstab","Magnetism"],"picked":"Jack Of All Trades","floor":3},{"not_picked":["Glutton:FeebleKick","Glutton:Brace"],"picked":"Glutton:Devour","floor":5},{"not_picked":["Glutton:KneeJerk","Glutton:Scab"],"picked":"Glutton:SelfFlagellate","floor":6},{"not_picked":["Glutton:Devour+1","Glutton:SelfFlagellate"],"picked":"Glutton:LashOut+1","floor":10},{"not_picked":["Glutton:Voracity+1","Glutton:Delusion"],"picked":"Glutton:Bite+1","floor":13},{"not_picked":["Glutton:Reminisce+1","Glutton:Hemophilia"],"picked":"Glutton:Enfeeblement","floor":16},{"not_picked":["Glutton:LashOut+1","Glutton:Tantrum+1"],"picked":"Glutton:Masochism","floor":18},{"not_picked":["Glutton:SelfFlagellate","Glutton:Demolish+1"],"picked":"Glutton:Borborygmi+1","floor":19},{"not_picked":["Glutton:Profligacy+1","Glutton:Salivate"],"picked":"Glutton:Bite+1","floor":22},{"not_picked":["Glutton:Treat+1","Glutton:Brace+1"],"picked":"Glutton:Hoard+1","floor":23},{"not_picked":["Glutton:Clot+1","Glutton:ShareWeakness"],"picked":"Glutton:Mug+1","floor":25},{"not_picked":["Glutton:Devour+1","Glutton:Tantrum+1"],"picked":"Glutton:ShedFat","floor":28},{"not_picked":["Glutton:Demolish+1","Glutton:PainMeditation+1"],"picked":"Glutton:GuardStance","floor":30},{"not_picked":["Glutton:Yearn","Glutton:DistilledAgony+1"],"picked":"Glutton:LashOut+1","floor":31},{"not_picked":["Glutton:Treasure","Glutton:Reminisce+1"],"picked":"Glutton:Enfeeblement","floor":33},{"not_picked":["Glutton:Slam+1","Glutton:LashOut+1"],"picked":"Glutton:Toxicity+1","floor":35},{"not_picked":["Glutton:Rest+1","Glutton:Regurgitate+1","Glutton:KneeJerk+1"],"picked":"SKIP","floor":37},{"not_picked":["Glutton:GuardStance","Glutton:Scab+1","Glutton:Borborygmi+1"],"picked":"SKIP","floor":41},{"not_picked":["Glutton:GoldenArmor+1","Glutton:LashOut+1","Glutton:PainMeditation+1"],"picked":"SKIP","floor":44},{"not_picked":["Glutton:Treasure","Glutton:Salivate+1","Glutton:Treat"],"picked":"SKIP","floor":46},{"not_picked":["Glutton:Mug+1","Glutton:Rapacity+1"],"picked":"Glutton:Feed+1","floor":47},{"not_picked":["Glutton:Thrombosis+1","Glutton:Toxicity","Glutton:Feed+1"],"picked":"SKIP","floor":48},{"not_picked":["Glutton:Hoard+1","Glutton:Brace"],"picked":"Glutton:Revivification+1","floor":54}],"player_experience":127524,"relics_obtained":[{"floor":4,"key":"Grinning Jar"},{"floor":6,"key":"Shuriken"},{"floor":9,"key":"Molten Egg 2"},{"floor":9,"key":"Toy Ornithopter"},{"floor":23,"key":"Potion Belt"},{"floor":25,"key":"Sundial"},{"floor":26,"key":"Replay:Bottled Snecko"},{"floor":39,"key":"Pantograph"},{"floor":41,"key":"Replay:Bottled Eggs"},{"floor":43,"key":"MawBank"},{"floor":44,"key":"Anchor"},{"floor":45,"key":"Ring of Searing"},{"floor":45,"key":"Ring of Hypnosis"},{"floor":46,"key":"Gremlin Food"},{"floor":48,"key":"Replay:Mystery Machine"},{"floor":54,"key":"War Paint"}],"event_choices":[{"cards_removed":["Glutton:Strike"],"damage_healed":0,"gold_gain":0,"player_choice":"Purged","damage_taken":0,"max_hp_gain":0,"max_hp_loss":0,"event_name":"Purifier","floor":20,"gold_loss":0},{"damage_healed":0,"gold_gain":0,"player_choice":"Obtained Relic","damage_taken":0,"relics_obtained":["Blood Vial"],"max_hp_gain":0,"max_hp_loss":0,"event_name":"Addict","floor":29,"gold_loss":85}],"is_beta":false,"boss_relics":[{"not_picked":["Abe\u0027s Treasure","Philosopher\u0027s Stone"],"picked":"Glutton:Gemstone"},{"not_picked":["Honey Jar","Runic Dome"],"picked":"Cursed Key"}],"items_purged_floors":[3,42],"is_endless":false,"potions_floor_spawned":[1,2,6,13,18,25,28,30,33,37,46,54],"ascension_level":2}}