{"host":"mi0eibewekhugwl1","time":1611720037,"event":{"mods":["AchievementEnabler","BaseMod","Colored Map","Colored Powertips","DeckTracker","Keyboard Shortcuts","Minty Spire (QoL Compilation)","Quick Restart","Rare Cards Sparkle","Relic Stats","StSLib","SuperFastMode","everything is the same but u backflip on backflip"],"gold_per_floor":[117,117,135,285,285,285,299,299,299,122,137,53,66,81,81,155,205,219,134,134,110,110,110],"floor_reached":22,"language":"KOR","playtime":412,"items_purged":["Doubt"],"score":352,"play_id":"91824b3e-2af7-4958-a29b-57ba5aab8e8c","local_time":"20210127130037","is_ascension_mode":true,"campfire_choices":[{"data":"Backflip","floor":6,"key":"SMITH"},{"data":"Deadly Poison","floor":8,"key":"SMITH"},{"data":"Bouncing Flask","floor":15,"key":"SMITH"}],"circlet_count":0,"master_deck":["AscendersBane","Strike_G","Strike_G","Strike_G","Strike_G","Defend_G+1","Defend_G","Defend_G","Defend_G","Defend_G","Survivor","Neutralize+1","Backflip+1","Deadly Poison+1","Dagger Spray","Calculated Gamble","PiercingWail","Footwork","Bouncing Flask+1","Backflip","Tools of the Trade","Dodge and Roll"],"relics":["Ring of the Snake","NeowsBlessing","White Beast Statue","Tiny House","Strawberry"],"acts_visited":["Exordium","TheCity"],"potions_floor_usage":[16,22],"damage_taken":[{"damage":0,"enemies":"Jaw Worm","floor":1,"turns":1},{"damage":0,"enemies":"2 Louse","floor":3,"turns":1},{"damage":0,"enemies":"Cultist","floor":7,"turns":1},{"damage":0,"enemies":"2 Fungi Beasts","floor":11,"turns":3},{"damage":14,"enemies":"Large Slime","floor":13,"turns":10},{"damage":4,"enemies":"Looter","floor":14,"turns":4},{"damage":6,"enemies":"The Guardian","floor":16,"turns":9},{"damage":9,"enemies":"Spheric Guardian","floor":18,"turns":4},{"damage":18,"enemies":"2 Thieves","floor":21,"turns":4},{"damage":46,"enemies":"Cultist and Chosen","floor":22,"turns":7}],"seed_played":"-196733979460428417","potions_obtained":[{"floor":1,"key":"Ancient Potion"},{"floor":11,"key":"DuplicationPotion"},{"floor":13,"key":"SpeedPotion"},{"floor":16,"key":"FearPotion"},{"floor":17,"key":"CultistPotion"},{"floor":18,"key":"SpeedPotion"},{"floor":21,"key":"Block Potion"}],"is_trial":false,"path_per_floor":["M","?","M","?","?","R","M","R","T","$","M","$","M","M","R","B",null,"M","?","?","M","M"],"character_chosen":"THE_SILENT","items_purchased":["Dagger Spray","Calculated Gamble","Footwork"],"campfire_rested":0,"item_purchase_floors":[10,10,12],"current_hp_per_floor":[59,52,52,52,52,52,52,52,52,52,52,52,38,34,34,28,62,53,60,60,42,0,0],"gold":110,"neow_bonus":"THREE_ENEMY_KILL","is_daily":false,"chose_seed":false,"campfire_upgraded":3,"win_rate":0.0,"timestamp":1611720037,"path_taken":["M","?","M","?","?","R","M","R","T","$","?","$","M","M","R","BOSS","M","?","?","M","M"],"items_purchased_type":["Card","Card","Card"],"build_version":"2020-12-22","purchased_purges":1,"victory":false,"max_hp_per_floor":[66,66,66,66,66,66,66,66,66,66,66,66,66,66,66,66,71,71,78,78,78,78,78],"relic_stats":{"counters":[10,44],"obtain_stats":[{"Tiny House":17,"NeowsBlessing":0,"Strawberry":19,"White Beast Statue":9,"Ring of the Snake":0},{"Tiny House":7,"NeowsBlessing":0,"Strawberry":8,"White Beast Statue":3,"Ring of the Snake":0},{"Tiny House":29,"NeowsBlessing":0,"Strawberry":33,"White Beast Statue":3,"Ring of the Snake":0}],"Ring of the Snake":[20]},"card_choices":[{"not_picked":["Distraction","Accuracy","Acrobatics"],"picked":"SKIP","floor":1},{"not_picked":["Skewer","Prepared"],"picked":"Backflip","floor":3},{"not_picked":["Tactician","Reflex"],"picked":"Deadly Poison","floor":7},{"not_picked":["Quick Slash","Dagger Spray"],"picked":"PiercingWail","floor":11},{"not_picked":["Dagger Spray","Outmaneuver"],"picked":"Bouncing Flask","floor":13},{"not_picked":["Quick Slash","Prepared"],"picked":"Backflip","floor":14},{"not_picked":["Grand Finale","Doppelganger"],"picked":"Tools of the Trade","floor":16},{"not_picked":["Deflect","Choke"],"picked":"Dodge and Roll","floor":17},{"not_picked":["Cloak And Dagger","Flying Knee","Infinite Blades"],"picked":"SKIP","floor":18},{"not_picked":["Bane","Deadly Poison","PiercingWail"],"picked":"SKIP","floor":21}],"player_experience":1766160,"relics_obtained":[{"floor":9,"key":"White Beast Statue"}],"event_choices":[{"cards_removed":["Strike_G"],"damage_healed":0,"gold_gain":0,"player_choice":"Card Removal","damage_taken":7,"max_hp_gain":0,"max_hp_loss":0,"event_name":"Golden Wing","floor":2,"gold_loss":0},{"damage_healed":0,"gold_gain":150,"player_choice":"AGREE","damage_taken":0,"max_hp_gain":0,"max_hp_loss":0,"event_name":"Liars Game","floor":4,"gold_loss":0,"cards_obtained":["Doubt"]},{"damage_healed":0,"gold_gain":0,"player_choice":"Forge","damage_taken":0,"max_hp_gain":0,"max_hp_loss":0,"event_name":"Accursed Blacksmith","floor":5,"gold_loss":0,"cards_upgraded":["Neutralize"]},{"damage_healed":0,"gold_gain":0,"player_choice":"Obtained Relic","damage_taken":0,"relics_obtained":["Strawberry"],"max_hp_gain":0,"max_hp_loss":0,"event_name":"Addict","floor":19,"gold_loss":85},{"damage_healed":0,"gold_gain":0,"player_choice":"Ignored","damage_taken":0,"max_hp_gain":0,"max_hp_loss":0,"event_name":"Ghosts","floor":20,"gold_loss":0}],"is_beta":false,"boss_relics":[{"not_picked":["Snecko Eye","Ectoplasm"],"picked":"Tiny House"}],"items_purged_floors":[10],"is_endless":false,"potions_floor_spawned":[1,11,13,14,16,18,21],"killed_by":"Cultist and Chosen","ascension_level":20}}