{"host":"350rh84kbmtekt58","time":1611706789,"event":{"mods":["AchievementEnabler","Act Like it!","BaseMod","Better Synergies","Block Reminder","CapriCore","Challenge The Spire","Colored Map","Colored Powertips","Communication Mod","Downfall","Energized Spire","Friendly Minions","GifTheSpireLib","Highlight Path","Minty Spire (QoL Compilation)","Quick Restart","Replay The Spire","Shop Mod","StSLib","The Animator","The Disciple","The Immortal","The Marked","The Runesmith","The Servant 0.9.4","The Wild Card","Transform Curses","yUi"],"gold_per_floor":[117,117,3,21,34,62,125,137,164,189,207,29,104,104,104,201,201,212,200,200,200],"floor_reached":20,"language":"ENG","playtime":1965,"items_purged":["ReplayTheSpireMod:Restless Dread"],"score":184,"play_id":"791fe080-9d86-419d-82cc-d2093aedc446","local_time":"20210126181949","is_ascension_mode":false,"campfire_choices":[{"floor":15,"key":"REST"}],"circlet_count":0,"master_deck":["Strike_P","Strike_P","Strike_P","Strike_P","Defend_P","Defend_P","Defend_P","Defend_P","Eruption","Vigilance","Strike_B","sneckomod:Defend","Apotheosis","MentalFortress","CutThroughFate+1","Replay:Vibes","PathToVictory","Evaluate","ReplayTheSpireMod:Splinters","SashWhip","PathToVictory","BowlingBash","Prostrate","ReplayUltimateDefense","theWildCard:Odin","ConjureBlade","Prostrate","WaveOfTheHand+1"],"relics":["PureWater","Bronze Scales","Garlic","Ancient Tea Set","ReplayTheSpireMod:TigerMarble","Fusion Hammer"],"acts_visited":["Exordium","TheCity"],"potions_floor_usage":[5,10,16,19],"damage_taken":[{"damage":0,"enemies":"Small Slimes","floor":1,"turns":3},{"damage":0,"enemies":"Cultist","floor":4,"turns":3},{"damage":1,"enemies":"Jaw Worm","floor":5,"turns":4},{"damage":30,"enemies":"3 Sentries","floor":6,"turns":11},{"damage":5,"enemies":"Blue Slaver","floor":8,"turns":3},{"damage":2,"enemies":"Replay:BlueRogue","floor":10,"turns":5},{"damage":0,"enemies":"Red Slaver","floor":11,"turns":1},{"damage":16,"enemies":"Fading Forest","floor":16,"turns":11},{"damage":0,"enemies":"Shell Parasite","floor":18,"turns":4},{"damage":16,"enemies":"2 Thieves","floor":19,"turns":4},{"damage":67,"enemies":"Cultist and Chosen","floor":20,"turns":8}],"seed_played":"-4676987584474382401","potions_obtained":[{"floor":4,"key":"SkillPotion"},{"floor":6,"key":"sneckomod:MuddlingPotion"},{"floor":7,"key":"DuplicationPotion"},{"floor":18,"key":"Block Potion"}],"is_trial":false,"path_per_floor":["M","?","$","M","M","E","?","M","T","E","M","$","?","?","R","B",null,"M","M","M"],"character_chosen":"WATCHER","items_purchased":["CutThroughFate+1","ReplayUltimateDefense"],"campfire_rested":1,"item_purchase_floors":[3,12],"current_hp_per_floor":[72,72,72,72,71,41,41,36,36,34,34,34,23,23,44,42,72,72,56,0,0],"gold":200,"neow_bonus":"RANDOM_COLORLESS_2","is_daily":false,"chose_seed":false,"campfire_upgraded":0,"win_rate":0.0,"timestamp":1611706789,"path_taken":["M","?","$","?","M","E","?","M","T","E","?","$","?","?","R","BOSS","M","M","M"],"items_purchased_type":["Card","Card"],"build_version":"2020-12-22","purchased_purges":1,"victory":false,"max_hp_per_floor":[72,72,72,72,72,72,72,72,72,72,72,72,72,72,72,72,72,72,72,72,72],"card_choices":[{"not_picked":["ReplayTheSpireMod:Necrogeddon","Chrysalis"],"picked":"Apotheosis","floor":0},{"not_picked":["Crescendo","FlyingSleeves"],"picked":"MentalFortress","floor":1},{"not_picked":["WheelKick","FlyingSleeves"],"picked":"Replay:Vibes","floor":4},{"not_picked":["Halt","Weave"],"picked":"PathToVictory","floor":5},{"not_picked":["CrushJoints","EmptyMind"],"picked":"Evaluate","floor":6},{"not_picked":["Crescendo","EmptyMind"],"picked":"SashWhip","floor":7},{"not_picked":["Replay:AtTheReady","EmptyFist"],"picked":"PathToVictory","floor":8},{"not_picked":["Ragnarok","CutThroughFate"],"picked":"BowlingBash","floor":10},{"not_picked":["Replay:ManipulateFuture","EmptyBody"],"picked":"Prostrate","floor":11},{"not_picked":["SpiritShield","Blasphemy"],"picked":"ConjureBlade","floor":16},{"not_picked":["Pray","Conclude+1"],"picked":"Prostrate","floor":18},{"not_picked":["Swivel+1","EmptyFist"],"picked":"WaveOfTheHand+1","floor":19}],"player_experience":186992,"relics_obtained":[{"floor":6,"key":"Bronze Scales"},{"floor":7,"key":"Garlic"},{"floor":9,"key":"Ancient Tea Set"},{"floor":10,"key":"ReplayTheSpireMod:TigerMarble"}],"event_choices":[{"damage_healed":0,"gold_gain":0,"player_choice":"1 cards matched","damage_taken":0,"max_hp_gain":0,"max_hp_loss":0,"event_name":"Match and Keep!","floor":2,"gold_loss":0,"cards_obtained":["ReplayTheSpireMod:Restless Dread"]},{"damage_healed":0,"gold_gain":75,"player_choice":"Gather Gold","damage_taken":11,"max_hp_gain":0,"max_hp_loss":0,"event_name":"World of Goop","floor":13,"gold_loss":0}],"is_beta":false,"boss_relics":[{"not_picked":["Painkiller Herb","energizedSpire:BlackCloud"],"picked":"Fusion Hammer"}],"items_purged_floors":[3],"is_endless":false,"potions_floor_spawned":[4,6,18],"killed_by":"Cultist and Chosen","ascension_level":0}}