{"host":"vyiqbz5w606ur92t","time":1611790055,"event":{"mods":["BaseMod","Downfall","Minty Spire (QoL Compilation)","StSLib"],"gold_per_floor":[99,163,163,163,163,223,276,134,34,184,184,229,129,129,166,261,261,261,261,288,304,304,335,359,120,146,158,177,77,96,136,155,254,254,254,268,309,309,319,159,210,228,228,241,269,269,269,313,323,323,323,323],"floor_reached":50,"language":"ENG","playtime":5944,"items_purged":["champ:Strike","Writhe"],"score":587,"play_id":"bcca63ea-959d-4fbe-a1ec-094f8cb2aa76","local_time":"20210127232735","is_ascension_mode":false,"campfire_choices":[{"data":"HandOfGreed","floor":1,"key":"SMITH"},{"data":"champ:StanceDance","floor":9,"key":"SMITH"},{"floor":11,"key":"RECALL"},{"floor":13,"key":"REST"},{"data":"champ:IgnorePain","floor":18,"key":"SMITH"},{"data":"champ:ArenaPreparation","floor":29,"key":"SMITH"},{"data":"champ:StrikeOfGenius","floor":35,"key":"SMITH"},{"data":"expansioncontent:DashGenerateEvil","floor":47,"key":"SMITH"}],"circlet_count":0,"master_deck":["champ:Strike+1","champ:Strike+1","champ:Strike+1","champ:Defend","champ:Defend","champ:Defend","champ:Defend","champ:Execute","champ:Taunt","HandOfGreed+1","champ:StanceDance+1","champ:FanOfKnives","champ:GutPunch","champ:PreciseThrust","champ:FaceSlap","champ:Duel","champ:IgnorePain+1","champ:DeathBlow","champ:AdrenalArmor","champ:ArenaPreparation+1","champ:StrikeOfGenius+1","champ:ShieldSlam+1","champ:BringItOn","champ:Backstep+1","champ:Shatter+1","champ:FocusedBerserking","champ:MurderStrike","champ:TornadoPunch+1","champ:TripleStrike+1","expansioncontent:DashGenerateEvil+1","champ:RecklessLeap+1","champ:EndlessRage","champ:TornadoPunch+1"],"relics":["champ:ChampionCrown","Omamori","Art of War","champ:FightingForDummies","downfall:HeartBlessingGreen","CloakClasp","downfall:HeartBlessingRed","Calling Bell","Anchor","Ornamental Fan","Bird Faced Urn","PreservedInsect","Boot","Akabeko","Pen Nib","downfall:HeartBlessingBlue","Snecko Eye","Frozen Eye","Strawberry","Toy Ornithopter"],"acts_visited":["Exordium","TheCity","TheBeyond"],"potions_floor_usage":[16,28,28,33,33,40,50,50],"damage_taken":[{"damage":9,"enemies":"2 Louse","floor":2,"turns":4},{"damage":32,"enemies":"Gremlin Nob","floor":6,"turns":5},{"damage":20,"enemies":"downfall:FleeingMerchant","floor":8,"turns":4},{"damage":26,"enemies":"downfall:FleeingMerchant","floor":10,"turns":6},{"damage":0,"enemies":"Jaw Worm","floor":12,"turns":1},{"damage":10,"enemies":"Small Slimes","floor":15,"turns":2},{"damage":36,"enemies":"IC_STATUS_ARCHETYPE","floor":16,"turns":5},{"damage":10,"enemies":"Shell Parasite","floor":21,"turns":2},{"damage":22,"enemies":"Book of Stabbing","floor":23,"turns":5},{"damage":10,"enemies":"downfall:FleeingMerchant","floor":25,"turns":4},{"damage":38,"enemies":"Gremlin Leader","floor":26,"turns":4},{"damage":30,"enemies":"Snake Plant","floor":27,"turns":3},{"damage":10,"enemies":"Snecko","floor":28,"turns":2},{"damage":0,"enemies":"Cultist and Chosen","floor":30,"turns":2},{"damage":25,"enemies":"Snake Plant","floor":31,"turns":4},{"damage":30,"enemies":"Snecko","floor":32,"turns":5},{"damage":62,"enemies":"DF_ARCHETYPE_CLAW","floor":33,"turns":7},{"damage":7,"enemies":"Orb Walker","floor":36,"turns":3},{"damage":25,"enemies":"3 Shapes","floor":37,"turns":4},{"damage":0,"enemies":"Spire Growth","floor":39,"turns":4},{"damage":51,"enemies":"downfall:FleeingMerchant","floor":40,"turns":4},{"damage":38,"enemies":"Transient","floor":42,"turns":5},{"damage":40,"enemies":"Writhing Mass","floor":44,"turns":4},{"damage":25,"enemies":"Giant Head","floor":45,"turns":6},{"damage":20,"enemies":"Jaw Worm Horde","floor":48,"turns":4},{"damage":59,"enemies":"4 Shapes","floor":49,"turns":6},{"damage":144,"enemies":"WA_ARCHETYPE_DIVINITY","floor":50,"turns":7}],"seed_played":"-464397744028532829","potions_obtained":[{"floor":10,"key":"Energy Potion"},{"floor":12,"key":"SmokeBomb"},{"floor":15,"key":"AttackPotion"},{"floor":16,"key":"Slimebound:ThreeZeroPotion"},{"floor":26,"key":"Strength Potion"},{"floor":30,"key":"Strength Potion"},{"floor":33,"key":"BlessingOfTheForge"},{"floor":36,"key":"LiquidBronze"},{"floor":44,"key":"DuplicationPotion"}],"is_trial":false,"path_per_floor":["R","M","?","?","?","E","T","$","R","?","R","M","R","?","M","B",null,"R","?","T","M","?","E","T","$","E","M","M","R","M","M","M","B",null,"R","M","M","?","M","$","T","M","?","M","E","?","R","M","M","B"],"character_chosen":"THE_CHAMP","items_purchased":["champ:PreciseThrust","champ:AdrenalArmor","champ:ArenaPreparation","champ:TripleStrike","expansioncontent:DashGenerateEvil","Frozen Eye","Dexterity Potion","champ:CounterPotion"],"campfire_rested":1,"item_purchase_floors":[8,25,25,40,40,40,40,40],"current_hp_per_floor":[81,77,77,74,74,52,52,47,47,31,31,31,55,81,81,75,81,81,66,66,66,66,64,64,64,61,61,61,71,71,73,53,38,96,96,96,96,96,96,85,92,91,91,95,103,103,103,103,61,0,0,0],"gold":323,"neow_bonus":"RANDOM_COLORLESS_2","is_daily":false,"chose_seed":false,"campfire_upgraded":6,"win_rate":0.0,"timestamp":1611790055,"path_taken":["R","M","?","?","?","E","T","$","R","?","R","M","R","?","M","BOSS","R","?","?","M","?","E","T","$","E","M","M","R","?","M","M","BOSS","R","M","M","?","M","$","T","M","?","M","E","?","R","M","M","BOSS"],"items_purchased_type":["Card","Card","Card","Card","Card","Relic","Potion","Potion"],"build_version":"2020-12-22","purchased_purges":2,"victory":false,"max_hp_per_floor":[81,81,81,81,81,81,81,81,81,81,81,81,81,81,81,81,81,81,86,86,86,86,86,86,86,86,86,86,96,96,96,96,96,96,96,96,96,96,96,96,103,103,103,103,103,103,103,103,103,103,103,103],"card_choices":[{"not_picked":["Magnetism","Master of Strategy"],"picked":"HandOfGreed","floor":0},{"not_picked":["champ:EnragedBash","champ:BladeFlurry"],"picked":"champ:StanceDance","floor":2},{"not_picked":["champ:FancyFootwork","champ:LastStand"],"picked":"champ:FanOfKnives","floor":6},{"not_picked":["champ:TornadoPunch","champ:IgnorePain"],"picked":"champ:GutPunch","floor":8},{"not_picked":["champ:BladeFlurry","champ:Endure"],"picked":"champ:FaceSlap","floor":10},{"not_picked":["champ:Parry","champ:EnGarde"],"picked":"champ:Duel","floor":12},{"not_picked":["champ:Backstep","champ:Endure"],"picked":"champ:CrownThrow","floor":15},{"not_picked":["champ:Devastate","champ:ShieldThrow"],"picked":"champ:IgnorePain","floor":16},{"not_picked":["champ:Backstep","champ:IronFortress","champ:PerfectedStrike"],"picked":"SKIP","floor":21},{"not_picked":["champ:GutPunch","champ:DefensiveShout"],"picked":"champ:DeathBlow","floor":23},{"not_picked":["champ:TornadoPunch","champ:BladeFlurry","champ:DancingMaster"],"picked":"SKIP","floor":25},{"not_picked":["champ:Backstep+1","champ:CrownThrow"],"picked":"champ:StrikeOfGenius","floor":26},{"not_picked":["champ:GutPunch","champ:AdrenalArmor"],"picked":"champ:ShieldSlam+1","floor":27},{"not_picked":["champ:Shatter+1","champ:Backstep"],"picked":"champ:BringItOn","floor":28},{"not_picked":["champ:RecklessLeap+1","champ:ViciousMockery+1"],"picked":"champ:Backstep+1","floor":30},{"not_picked":["champ:AdrenalArmor+1","champ:DefensiveShout"],"picked":"champ:Shatter+1","floor":31},{"not_picked":["champ:ShieldSlam","champ:FalseCounter+1"],"picked":"champ:FocusedBerserking","floor":32},{"not_picked":["champ:LastStand","champ:DancingMaster"],"picked":"champ:MurderStrike","floor":33},{"not_picked":["champ:StanceDance","champ:PreciseThrust","champ:BladeFlurry+1"],"picked":"SKIP","floor":36},{"not_picked":["champ:CrownThrow","champ:FlashCut","champ:Backstep+1"],"picked":"SKIP","floor":37},{"not_picked":["champ:ViciousMockery+1","champ:CrownThrow+1"],"picked":"champ:TornadoPunch+1","floor":39},{"not_picked":["champ:DancingMaster","champ:EnGarde+1","champ:GutPunch+1"],"picked":"SKIP","floor":40},{"not_picked":["champ:FocusedDefense","champ:StanceDance","champ:BringItOn"],"picked":"SKIP","floor":42},{"not_picked":["champ:GutPunch","champ:DefensiveStyle","champ:BringItOn"],"picked":"SKIP","floor":44},{"not_picked":["champ:Backstep","champ:EnGarde"],"picked":"champ:RecklessLeap+1","floor":45},{"not_picked":["champ:CrownThrow","champ:EnGarde"],"picked":"champ:EndlessRage","floor":48},{"not_picked":["champ:ArenaPreparation","champ:Duel"],"picked":"champ:TornadoPunch+1","floor":49}],"player_experience":1129930,"relics_obtained":[{"floor":6,"key":"Art of War"},{"floor":7,"key":"champ:FightingForDummies"},{"floor":10,"key":"CloakClasp"},{"floor":17,"key":"Anchor"},{"floor":17,"key":"Ornamental Fan"},{"floor":17,"key":"Bird Faced Urn"},{"floor":20,"key":"PreservedInsect"},{"floor":23,"key":"Akabeko"},{"floor":26,"key":"Pen Nib"},{"floor":41,"key":"Strawberry"},{"floor":45,"key":"Toy Ornithopter"}],"event_choices":[{"damage_healed":0,"gold_gain":0,"player_choice":"Success","damage_taken":3,"relics_obtained":["Omamori"],"max_hp_gain":0,"max_hp_loss":0,"event_name":"Scrap Ooze","floor":4,"gold_loss":0},{"damage_healed":27,"gold_gain":0,"player_choice":"Banana","damage_taken":0,"max_hp_gain":0,"max_hp_loss":0,"event_name":"Big Fish","floor":14,"gold_loss":0},{"cards_removed":["champ:CrownThrow"],"damage_healed":0,"gold_gain":0,"player_choice":"Removed Attack","damage_taken":0,"max_hp_gain":0,"max_hp_loss":0,"event_name":"Falling","floor":43,"gold_loss":0}],"is_beta":false,"boss_relics":[{"not_picked":["Philosopher\u0027s Stone","Runic Pyramid"],"picked":"Calling Bell"},{"not_picked":["Pandora\u0027s Box","Runic Dome"],"picked":"Snecko Eye"}],"items_purged_floors":[8,25],"is_endless":false,"potions_floor_spawned":[10,12,15,16,21,23,26,30,33,36,42,44,49],"killed_by":"WA_ARCHETYPE_DIVINITY","ascension_level":0}}