{"host":"l84l8xigz5v5foa2","time":1611745216,"event":{"mods":["2.2 Compatiblity","AchievementEnabler","BaseMod","Better Note","Better Vampires","Card Filter","Colored Map","DeckTracker","Downfall","Gremlin Skip","Highlight Path","Keyboard Shortcuts","Minty Spire (QoL Compilation)","Permanent Neow","Quick Restart","Relic Filter","Relic Stats","StSLib","SuperFastMode","Transform Curses","Unknown Chances"],"gold_per_floor":[99,115,115,132,151,151,151,61,61,91,102,112,112,112,125,125,125,125],"floor_reached":16,"language":"ENG","playtime":496,"items_purged":["hexamod:Defend"],"score":204,"play_id":"b4ee1f84-5669-4fe5-ae93-eea128634acf","local_time":"20210127200016","is_ascension_mode":true,"campfire_choices":[{"data":"hexamod:Float","floor":1.0,"key":"SMITH"},{"data":"hexamod:SkipABeat","floor":6.0,"key":"SMITH"},{"data":"hexamod:HeatMetal","floor":9.0,"key":"SMITH"},{"floor":13.0,"key":"REST"}],"circlet_count":0,"master_deck":["AscendersBane","hexamod:Strike","hexamod:Strike","hexamod:Strike","hexamod:Defend","hexamod:Defend","hexamod:Defend","hexamod:Sear","hexamod:Float+1","hexamod:HeatMetal+1","hexamod:Float+1","hexamod:InspiringFlames","hexamod:SkipABeat+1","hexamod:PhantomFireball","hexamod:ForkedFlame","hexamod:FourthSeal"],"relics":["hexamod:SpiritBrand","Eternal Feather","Mummified Hand"],"acts_visited":["Exordium"],"potions_floor_usage":[16,16],"damage_taken":[{"damage":2.0,"enemies":"Jaw Worm","floor":2.0,"turns":3.0},{"damage":0.0,"enemies":"Cultist","floor":4.0,"turns":3.0},{"damage":3.0,"enemies":"2 Louse","floor":5.0,"turns":2.0},{"damage":0.0,"enemies":"downfall:FleeingMerchant","floor":8.0,"turns":4.0},{"damage":39.0,"enemies":"Gremlin Nob","floor":10.0,"turns":4.0},{"damage":10.0,"enemies":"Large Slime","floor":11.0,"turns":3.0},{"damage":0.0,"enemies":"2 Fungi Beasts","floor":12.0,"turns":4.0},{"damage":0.0,"enemies":"Gremlin Gang","floor":15.0,"turns":4.0},{"damage":44,"enemies":"DF_ARCHETYPE_STREAMLINE","floor":16,"turns":6}],"seed_played":"-6892152922522178626","potions_obtained":[{"floor":4.0,"key":"SneckoOil"},{"floor":5.0,"key":"Dexterity Potion"},{"floor":11.0,"key":"FearPotion"},{"floor":12.0,"key":"Slimebound:ThreeZeroPotion"},{"floor":15.0,"key":"champ:CounterPotion"}],"is_trial":false,"path_per_floor":["R","M","?","M","M","R","T","$","R","E","M","M","R","?","M","B"],"character_chosen":"THE_SPIRIT","items_purchased":[],"campfire_rested":1,"item_purchase_floors":[],"current_hp_per_floor":[57,55,55,55,52,52,52,52,58,19,9,9,36,36,36,0,0,0],"gold":125,"neow_bonus":"REMOVE_CARD","is_daily":false,"chose_seed":false,"campfire_upgraded":3,"win_rate":0.0,"timestamp":1611745216,"path_taken":["R","M","?","M","M","R","T","$","R","E","?","M","R","?","M","BOSS"],"items_purchased_type":[],"build_version":"2020-12-22","purchased_purges":1,"victory":false,"max_hp_per_floor":[63,63,63,63,63,63,63,63,63,63,63,63,63,63,63,63,63,63],"relic_stats":{"counters":[9,33],"Mummified Hand":[2],"Eternal Feather":15,"obtain_stats":[{"Mummified Hand":10,"Eternal Feather":7,"hexamod:SpiritBrand":0},{"Mummified Hand":5,"Eternal Feather":3,"hexamod:SpiritBrand":0},{"Mummified Hand":16,"Eternal Feather":8,"hexamod:SpiritBrand":0}]},"card_choices":[{"not_picked":["hexamod:InspiringFlames","hexamod:Hexaguard"],"picked":"hexamod:HeatMetal","floor":2.0},{"not_picked":["hexamod:ThermalTransfer","hexamod:BurningTouch"],"picked":"hexamod:InspiringFlames","floor":4.0},{"not_picked":["hexamod:BacktrackSmack","hexamod:NightmareGuise"],"picked":"hexamod:SkipABeat","floor":5.0},{"not_picked":["hexamod:RecurringNightmare","hexamod:GhostLash","hexamod:BurningTouch"],"picked":"SKIP","floor":8.0},{"not_picked":["hexamod:FlamesFromBeyond","hexamod:Hexaguard"],"picked":"hexamod:PhantomFireball","floor":10.0},{"not_picked":["hexamod:ThermalTransfer","hexamod:SpectersWail"],"picked":"hexamod:ForkedFlame","floor":11.0},{"not_picked":["hexamod:GhostShield","hexamod:ExtraCrispy","hexamod:GhostLash"],"picked":"SKIP","floor":12.0},{"not_picked":["hexamod:PowerFromBeyond","hexamod:SuperheatedStrike","hexamod:DynamicBlow"],"picked":"SKIP","floor":15.0}],"player_experience":3455764,"relics_obtained":[{"floor":7.0,"key":"Eternal Feather"},{"floor":10.0,"key":"Mummified Hand"}],"event_choices":[],"is_beta":false,"boss_relics":[],"items_purged_floors":[8],"is_endless":false,"potions_floor_spawned":[4,5,11,12],"killed_by":"DF_ARCHETYPE_STREAMLINE","ascension_level":20}}