{"host":"mydft8i2zzydgggw","time":1611788677,"event":{"mods":["AchievementEnabler","BaseMod","BetterRewards","Colored Map","Colored Powertips","DeckTracker","Keyboard Shortcuts","Minty Spire (QoL Compilation)","Rare Cards Sparkle","StSLib","SuperFastMode","everything is the same but u backflip on backflip"],"gold_per_floor":[114,134,153,153,153,153,165,165,165,200,210,56,83,93,93,93,93],"floor_reached":16,"language":"KOR","playtime":278,"items_purged":["Strike_B"],"score":202,"play_id":"2aec56d9-6a63-4e3e-9849-8006e042cb5a","local_time":"20210128080437","is_ascension_mode":true,"campfire_choices":[{"data":"Dualcast","floor":6,"key":"SMITH"},{"data":"Coolheaded","floor":8,"key":"SMITH"},{"floor":15,"key":"REST"}],"circlet_count":0,"master_deck":["AscendersBane","Strike_B","Strike_B","Strike_B+1","Defend_B","Defend_B","Defend_B+1","Defend_B","Zap","Dualcast+1","Coolheaded+1","Go for the Eyes","Leap","Self Repair","Self Repair","Capacitor"],"relics":["Cracked Core","NeowsBlessing","Matryoshka","Gremlin Horn","Toxic Egg 2"],"acts_visited":["Exordium"],"potions_floor_usage":[10,10,10,13,16],"damage_taken":[{"damage":0,"enemies":"2 Louse","floor":1,"turns":1},{"damage":0,"enemies":"Cultist","floor":2,"turns":1},{"damage":0,"enemies":"Jaw Worm","floor":3,"turns":1},{"damage":3,"enemies":"3 Louse","floor":7,"turns":4},{"damage":7,"enemies":"Lagavulin","floor":10,"turns":9},{"damage":5,"enemies":"Exordium Wildlife","floor":11,"turns":4},{"damage":9,"enemies":"3 Sentries","floor":13,"turns":8},{"damage":6,"enemies":"Looter","floor":14,"turns":4},{"damage":64,"enemies":"Slime Boss","floor":16,"turns":11}],"seed_played":"3429191984099550396","potions_obtained":[{"floor":3,"key":"EntropicBrew"},{"floor":5,"key":"LiquidMemories"},{"floor":13,"key":"DuplicationPotion"}],"is_trial":false,"path_per_floor":["M","M","M","?","?","R","M","R","T","E","M","$","E","M","R","B"],"character_chosen":"DEFECT","items_purchased":["Self Repair"],"campfire_rested":1,"item_purchase_floors":[12],"current_hp_per_floor":[64,64,64,43,43,43,40,40,40,33,28,28,26,34,55,0,0],"gold":93,"neow_bonus":"THREE_ENEMY_KILL","is_daily":false,"chose_seed":false,"campfire_upgraded":2,"win_rate":0.0,"timestamp":1611788677,"path_taken":["M","M","M","?","?","R","?","R","T","E","M","$","E","M","R","BOSS"],"items_purchased_type":["Card"],"build_version":"2020-12-22","purchased_purges":1,"victory":false,"max_hp_per_floor":[71,71,71,71,71,71,71,71,71,71,71,71,71,71,71,71,71],"card_choices":[{"not_picked":["Hologram","Sweeping Beam"],"picked":"Coolheaded","floor":1},{"not_picked":["Turbo","Streamline","Steam"],"picked":"SKIP","floor":2},{"not_picked":["Tempest","Redo","White Noise"],"picked":"SKIP","floor":3},{"not_picked":["Turbo","Rebound","Double Energy"],"picked":"SKIP","floor":7},{"not_picked":["Reboot","Stack"],"picked":"Go for the Eyes","floor":10},{"not_picked":["Darkness","BootSequence"],"picked":"Leap","floor":11},{"not_picked":["Chaos+1","Beam Cell"],"picked":"Self Repair","floor":13},{"not_picked":["Skim+1","Stack+1"],"picked":"Capacitor","floor":14}],"player_experience":227366,"relics_obtained":[{"floor":9,"key":"Matryoshka"},{"floor":10,"key":"Gremlin Horn"},{"floor":13,"key":"Toxic Egg 2"}],"event_choices":[{"damage_healed":0,"gold_gain":0,"player_choice":"Entered Light","damage_taken":21,"max_hp_gain":0,"max_hp_loss":0,"event_name":"Shining Light","floor":4,"gold_loss":0,"cards_upgraded":["Strike_B","Defend_B"]},{"damage_healed":0,"gold_gain":0,"player_choice":"Got Potions","damage_taken":0,"max_hp_gain":0,"max_hp_loss":0,"event_name":"Lab","floor":5,"gold_loss":0}],"is_beta":false,"boss_relics":[],"items_purged_floors":[12],"is_endless":false,"potions_floor_spawned":[3,7,13],"killed_by":"Slime Boss","ascension_level":16}}