{"host":"jbw470l122a0du6q","time":1611709019,"event":{"mods":["BaseMod","Better Altar","Better Match","Better Note","Better Sensory Stone","Better Skull","Better Third Choice","Dark Map","Downfall","Duelist Mod","GifTheSpireLib","Hermit","MarisaÅiñ∂âJÅ@ñÇóùçπÅj","Minty Spire (QoL Compilation)","StSLib","The Construct","The Cursed","The Disciple","The Marked","The Runesmith","The Servant 0.9.4"],"gold_per_floor":[138,148,167,184,184,210,210,244,270,270,289,289,314,331,331,331,331],"floor_reached":16,"language":"ENG","playtime":4923,"items_purged":[],"score":154,"play_id":"3a78ebf6-d201-43d9-ae12-d94281b3607f","local_time":"20210126195659","is_ascension_mode":true,"campfire_choices":[{"data":"theDuelist:SpellShatteringArrow","floor":7,"key":"SMITH"},{"floor":10,"key":"REST"},{"data":"theDuelist:SwordsRevealing","floor":12,"key":"SMITH"},{"data":"theDuelist:SkilledDarkMagician","floor":15,"key":"SMITH"}],"circlet_count":0,"master_deck":["theDuelist:CastleWalls","theDuelist:CastleWalls","theDuelist:DarkMagician","theDuelist:MysticalElf","theDuelist:MysticalElf","theDuelist:NeoMagic","theDuelist:NeoMagic","theDuelist:Sparks","theDuelist:Sparks","theDuelist:Sparks","theDuelist:DarkMagicianGirl","theDuelist:InjectionFairy","theDuelist:AncientElf","theDuelist:PotAvarice+1","theDuelist:SpellShatteringArrow+1","theDuelist:DoomShaman","theDuelist:SkilledDarkMagician+1","theDuelist:SwordsRevealing+1","theDuelist:SangaEarth","theDuelist:ExodiaRA","theDuelist:FrontierWiseman"],"relics":["theDuelist:MillenniumPuzzle","theDuelist:CardPoolRelic","theDuelist:CardPoolBasicRelic","theDuelist:BoosterPackPoolRelic","theDuelist:CardPoolAddRelic","theDuelist:CardPoolMinusRelic","theDuelist:CardPoolSaveRelic","theDuelist:CardPoolOptionsRelic","NeowsBlessing","BlueBox","theDuelist:StoneExxod","Centennial Puzzle","Ancient Tea Set"],"acts_visited":["Exordium"],"potions_floor_usage":[6,8,8],"damage_taken":[{"damage":0,"enemies":"Cultist","floor":1,"turns":1},{"damage":0,"enemies":"2 Louse","floor":2,"turns":1},{"damage":0,"enemies":"Jaw Worm","floor":3,"turns":1},{"damage":0,"enemies":"2 Fungi Beasts","floor":4,"turns":5},{"damage":0,"enemies":"3 Sentries","floor":6,"turns":8},{"damage":20,"enemies":"Gremlin Nob","floor":8,"turns":6},{"damage":0,"enemies":"Exordium Wildlife","floor":11,"turns":4},{"damage":22,"enemies":"3 Sentries","floor":13,"turns":9},{"damage":1,"enemies":"Lots of Slimes","floor":14,"turns":3},{"damage":66,"enemies":"Slime Boss","floor":16,"turns":10}],"seed_played":"-2763983053716008442","potions_obtained":[{"floor":2,"key":"Block Potion"},{"floor":3,"key":"theDuelist:BurningPotion"},{"floor":4,"key":"Block Potion"}],"is_trial":false,"path_per_floor":["M","M","M","M","?","E","R","E","T","R","M","R","E","M","R","B"],"character_chosen":"THE_DUELIST","items_purchased":[],"campfire_rested":1,"item_purchase_floors":[],"current_hp_per_floor":[80,80,80,80,80,80,80,61,61,80,80,80,58,61,61,0,0],"gold":331,"neow_bonus":"THREE_ENEMY_KILL","is_daily":false,"chose_seed":false,"campfire_upgraded":3,"win_rate":0.0,"timestamp":1611709019,"path_taken":["M","?","?","M","?","E","R","E","T","R","?","R","E","M","R","BOSS"],"items_purchased_type":[],"build_version":"2020-12-22","purchased_purges":0,"victory":false,"max_hp_per_floor":[80,80,80,80,80,80,80,80,80,80,80,80,80,80,80,80,80],"card_choices":[{"not_picked":["theDuelist:DoomShaman","theDuelist:InvitationDarkSleep","theDuelist:GeminiElf","theDuelist:IrisEarthMother"],"picked":"theDuelist:DarkMagicianGirl","floor":1},{"not_picked":["theDuelist:SangaThunder","theDuelist:WhiteMagicalHat","theDuelist:Illusionist","theDuelist:DoomShaman"],"picked":"theDuelist:InjectionFairy","floor":2},{"not_picked":["theDuelist:SpellShatteringArrow","theDuelist:DarkMagician","theDuelist:MysticalElf","theDuelist:TimeWizard"],"picked":"theDuelist:AncientElf","floor":3},{"not_picked":["theDuelist:EvilswarmHeliotrope","theDuelist:FeatherPho","theDuelist:EarthEffigy","theDuelist:WormBarses"],"picked":"theDuelist:PotAvarice","floor":4},{"not_picked":["theDuelist:DarkMagician","theDuelist:AltarTribute","theDuelist:LordD","theDuelist:BlizzardPrincess"],"picked":"theDuelist:SkilledDarkMagician","floor":6},{"not_picked":["theDuelist:Wildfire","theDuelist:MagicalBlast","theDuelist:CircleFireKings","theDuelist:GiantTrunade"],"picked":"theDuelist:SwordsRevealing","floor":8},{"not_picked":["theDuelist:BlizzardWarrior","theDuelist:SangaThunder","theDuelist:InjectionFairy","theDuelist:DarkMagician"],"picked":"theDuelist:SangaEarth","floor":11},{"not_picked":["theDuelist:SkilledDarkMagician","theDuelist:LordD","theDuelist:BlizzardPrincess","theDuelist:AncientElf"],"picked":"theDuelist:ExodiaRA","floor":13},{"not_picked":["theDuelist:BattleOx","theDuelist:BlackPendant","theDuelist:GilfordLegend","theDuelist:PreventRat"],"picked":"theDuelist:FrontierWiseman","floor":14}],"player_experience":49146,"relics_obtained":[{"floor":6,"key":"BlueBox"},{"floor":8,"key":"theDuelist:StoneExxod"},{"floor":9,"key":"Centennial Puzzle"},{"floor":13,"key":"Ancient Tea Set"}],"event_choices":[{"damage_healed":0,"gold_gain":0,"player_choice":"Upgraded","damage_taken":0,"max_hp_gain":0,"max_hp_loss":0,"event_name":"Upgrade Shrine","floor":5,"gold_loss":0,"cards_upgraded":["theDuelist:PotAvarice"]}],"is_beta":false,"boss_relics":[],"items_purged_floors":[],"is_endless":false,"potions_floor_spawned":[2,3,4],"killed_by":"Slime Boss","ascension_level":1}}