{"host":"hn9kwncajibu2nw8","time":1611713604,"event":{"mods":["AchievementEnabler","BaseMod","Block Reminder","Colored Powertips","DeckTracker","Highlight Path","KOR Keyword Fix","Minty Spire (QoL Compilation)","Quick Restart","Rare Cards Sparkle"],"gold_per_floor":[116,0,12,12,23,23,57,57,57,57,76,108,136,178,190,276,288,276,203,215,227,249,288,300,337,396,408,435,447,447],"floor_reached":29,"language":"KOR","playtime":1413,"items_purged":["Strike_G"],"score":520,"play_id":"7222ff08-7d05-47c6-9980-ab93c6ec58da","local_time":"20210127111324","is_ascension_mode":true,"campfire_choices":[{"data":"Neutralize","floor":6,"key":"SMITH"},{"data":"Footwork","floor":8,"key":"SMITH"},{"data":"Endless Agony","floor":10,"key":"SMITH"},{"data":"Caltrops","floor":15,"key":"SMITH"},{"data":"Footwork","floor":24,"key":"SMITH"},{"floor":27,"key":"REST"}],"circlet_count":0,"master_deck":["AscendersBane","Strike_G","Strike_G","Defend_G","Defend_G","Defend_G","Defend_G","Defend_G","Survivor","Neutralize+1","Endless Agony+1","Footwork+1","Eviscerate","Glass Knife","Caltrops+1","Adrenaline","Footwork+1","Venomology","Cloak And Dagger","Backflip"],"relics":["Ring of the Snake","HornCleat","Letter Opener","MawBank","Blood Vial","Black Star","Omamori","Bag of Preparation","Molten Egg 2","Pear","Mummified Hand"],"acts_visited":["Exordium","TheCity"],"potions_floor_usage":[7,11,18,25,25,29,29],"damage_taken":[{"damage":2,"enemies":"Cultist","floor":1,"turns":5},{"damage":0,"enemies":"Jaw Worm","floor":3,"turns":8},{"damage":0,"enemies":"Small Slimes","floor":5,"turns":6},{"damage":6,"enemies":"Gremlin Nob","floor":7,"turns":3},{"damage":1,"enemies":"Exordium Thugs","floor":11,"turns":4},{"damage":4,"enemies":"3 Sentries","floor":12,"turns":8},{"damage":1,"enemies":"Blue Slaver","floor":13,"turns":3},{"damage":11,"enemies":"Lagavulin","floor":14,"turns":9},{"damage":9,"enemies":"Hexaghost","floor":16,"turns":11},{"damage":0,"enemies":"2 Thieves","floor":18,"turns":4},{"damage":20,"enemies":"Chosen","floor":22,"turns":6},{"damage":6,"enemies":"Book of Stabbing","floor":23,"turns":7},{"damage":23,"enemies":"Slavers","floor":25,"turns":8},{"damage":19,"enemies":"Snecko","floor":28,"turns":7},{"damage":16,"enemies":"Gremlin Leader","floor":29,"turns":8}],"seed_played":"3679596248702965492","potions_obtained":[{"floor":3,"key":"Swift Potion"},{"floor":5,"key":"SkillPotion"},{"floor":11,"key":"GhostInAJar"},{"floor":13,"key":"SpeedPotion"},{"floor":23,"key":"BlessingOfTheForge"},{"floor":28,"key":"SpeedPotion"}],"is_trial":false,"path_per_floor":["M","$","M","?","M","R","E","R","T","R","M","E","M","E","R","B",null,"M","?","?","$","M","E","R","E","T","R","M","E"],"character_chosen":"THE_SILENT","items_purchased":["Footwork"],"campfire_rested":1,"item_purchase_floors":[2],"current_hp_per_floor":[63,63,63,63,63,63,57,57,57,57,56,52,51,40,40,33,62,64,64,64,64,46,42,42,31,31,55,38,24,24],"gold":447,"neow_bonus":"TEN_PERCENT_HP_BONUS","is_daily":false,"chose_seed":false,"campfire_upgraded":5,"win_rate":0.0,"timestamp":1611713604,"path_taken":["M","$","M","?","M","R","E","R","T","R","M","E","M","E","R","BOSS","M","?","?","$","?","E","R","E","T","R","M","E"],"items_purchased_type":["Card"],"build_version":"2020-12-22","purchased_purges":1,"victory":false,"max_hp_per_floor":[72,72,72,72,72,72,72,72,72,72,72,72,72,72,72,72,72,72,72,72,72,72,72,72,82,82,82,82,82,82],"card_choices":[{"not_picked":["Outmaneuver","Blade Dance"],"picked":"Endless Agony","floor":1},{"not_picked":["Tactician","Blade Dance","Bane"],"picked":"SKIP","floor":3},{"not_picked":["Endless Agony","Eviscerate","Tactician"],"picked":"SKIP","floor":5},{"not_picked":["Underhanded Strike","Bane","Eviscerate"],"picked":"SKIP","floor":7},{"not_picked":["Eviscerate","Sucker Punch","Poisoned Stab"],"picked":"SKIP","floor":11},{"not_picked":["Masterful Stab","Accuracy"],"picked":"Glass Knife","floor":12},{"not_picked":["Dodge and Roll","Heel Hook"],"picked":"Caltrops","floor":13},{"not_picked":["Deadly Poison","Riddle With Holes","Setup"],"picked":"SKIP","floor":14},{"not_picked":["A Thousand Cuts","Unload"],"picked":"Adrenaline","floor":16},{"not_picked":["Sucker Punch","Infinite Blades","Dagger Spray+1"],"picked":"SKIP","floor":18},{"not_picked":["Escape Plan","Acrobatics"],"picked":"Footwork","floor":22},{"not_picked":["Blur","Finisher+1"],"picked":"Venomology","floor":23},{"not_picked":["Blade Dance","Outmaneuver"],"picked":"Cloak And Dagger","floor":25},{"not_picked":["Well Laid Plans","Quick Slash+1"],"picked":"Backflip","floor":28}],"player_experience":479581,"relics_obtained":[{"floor":7,"key":"HornCleat"},{"floor":9,"key":"Letter Opener"},{"floor":12,"key":"MawBank"},{"floor":14,"key":"Blood Vial"},{"floor":23,"key":"Bag of Preparation"},{"floor":23,"key":"Molten Egg 2"},{"floor":25,"key":"Pear"},{"floor":25,"key":"Mummified Hand"}],"event_choices":[{"damage_healed":0,"gold_gain":0,"cards_transformed":["Strike_G"],"player_choice":"Change","damage_taken":0,"max_hp_gain":0,"max_hp_loss":0,"event_name":"Living Wall","floor":4,"gold_loss":0,"cards_obtained":["Eviscerate"]},{"damage_healed":0,"gold_gain":0,"player_choice":"Obtained Relic","damage_taken":0,"relics_obtained":["Omamori"],"max_hp_gain":0,"max_hp_loss":0,"event_name":"Addict","floor":19,"gold_loss":85},{"cards_removed":["Strike_G"],"damage_healed":0,"gold_gain":0,"player_choice":"Offered Basic","damage_taken":0,"max_hp_gain":0,"max_hp_loss":0,"event_name":"Bonfire Elementals","floor":20,"gold_loss":0}],"is_beta":false,"boss_relics":[{"not_picked":["WristBlade","Ring of the Serpent"],"picked":"Black Star"}],"items_purged_floors":[2],"is_endless":false,"potions_floor_spawned":[3,5,11,13,14,23,28],"killed_by":"Gremlin Leader","ascension_level":17}}