{"host":"fevvm7bbzuh4s1jc","time":1611712706,"event":{"mods":["BaseMod","Highlight Path","Minty Spire (QoL Compilation)","Relic Stats"],"gold_per_floor":[109,109,121,134,150,177,177,177,177],"floor_reached":8,"language":"ENG","playtime":328,"items_purged":[],"score":116,"play_id":"71de91d4-a850-447e-87be-ed9d72ce48b7","local_time":"20210126205826","is_ascension_mode":true,"campfire_choices":[{"floor":7,"key":"REST"}],"circlet_count":0,"master_deck":["AscendersBane","Strike_B","Strike_B","Strike_B","Strike_B","Defend_B","Defend_B","Defend_B","Defend_B","Zap","Dualcast","Sweeping Beam","Rebound","Cold Snap","Conserve Battery","Genetic Algorithm"],"relics":["Philosopher\u0027s Stone","MealTicket"],"acts_visited":["Exordium"],"potions_floor_usage":[6,8],"damage_taken":[{"damage":6,"enemies":"Jaw Worm","floor":1,"turns":4},{"damage":4,"enemies":"2 Louse","floor":3,"turns":3},{"damage":13,"enemies":"Small Slimes","floor":4,"turns":3},{"damage":4,"enemies":"3 Louse","floor":5,"turns":2},{"damage":8,"enemies":"3 Sentries","floor":6,"turns":8},{"damage":51,"enemies":"Gremlin Nob","floor":8,"turns":4}],"seed_played":"6055461327890237829","potions_obtained":[{"floor":3,"key":"SpeedPotion"},{"floor":5,"key":"DuplicationPotion"}],"is_trial":false,"path_per_floor":["M","?","M","M","M","E","R","E"],"character_chosen":"DEFECT","items_purchased":[],"campfire_rested":1,"item_purchase_floors":[],"current_hp_per_floor":[58,58,54,41,37,29,50,0,0],"gold":177,"neow_bonus":"BOSS_RELIC","is_daily":false,"chose_seed":false,"campfire_upgraded":0,"win_rate":0.0,"timestamp":1611712706,"path_taken":["M","?","M","M","M","E","R","E"],"items_purchased_type":[],"build_version":"2020-12-22","purchased_purges":0,"victory":false,"max_hp_per_floor":[71,71,71,71,71,71,71,71,71],"relic_stats":{"counters":[6,24],"MealTicket":0,"obtain_stats":[{"Philosopher\u0027s Stone":0,"MealTicket":6,"Cracked Core":0},{"Philosopher\u0027s Stone":0,"MealTicket":5,"Cracked Core":0},{"Philosopher\u0027s Stone":0,"MealTicket":20,"Cracked Core":0}]},"card_choices":[{"not_picked":["Rebound","Stack"],"picked":"Sweeping Beam","floor":1},{"not_picked":["Turbo","Chaos"],"picked":"Rebound","floor":3},{"not_picked":["Steam","Leap"],"picked":"Cold Snap","floor":4},{"not_picked":["Static Discharge","Compile Driver"],"picked":"Conserve Battery","floor":5},{"not_picked":["Recycle","Streamline"],"picked":"Genetic Algorithm","floor":6}],"player_experience":2751476,"relics_obtained":[{"floor":6,"key":"MealTicket"}],"event_choices":[{"damage_healed":0,"gold_gain":0,"player_choice":"Ignored","damage_taken":0,"max_hp_gain":0,"max_hp_loss":0,"event_name":"Liars Game","floor":2,"gold_loss":0}],"is_beta":false,"boss_relics":[],"items_purged_floors":[],"is_endless":false,"potions_floor_spawned":[3,5],"killed_by":"Gremlin Nob","ascension_level":20}}