{"host":"2pkirg8lp2j2yw4c","time":1611778418,"event":{"mods":["AchievementEnabler","BaseMod","BetterRewards","Colored Map","Colored Powertips","Googly Eyes","Hubris","Minty Spire (QoL Compilation)","Quick Restart","StSLib","slay the spire mod where everything is the same but ironclad has a cowboy hat"],"gold_per_floor":[112,130,149,149,149,149,179,179,179,197,226,245,272,290,290,392,392,411,411,411,427,447,477,477,509,509,544,544,571,583,603,603,700,700,716,428,446,446,462,462,462],"floor_reached":40,"language":"ENG","playtime":2321,"items_purged":[],"score":998,"play_id":"998782f3-d217-48b7-a07a-6bba546b528b","local_time":"20210127151338","is_ascension_mode":true,"campfire_choices":[{"data":"Footwork","floor":6.0,"key":"SMITH"},{"data":"Dodge and Roll","floor":8.0,"key":"SMITH"},{"data":"Catalyst","floor":15.0,"key":"SMITH"},{"data":"Corpse Explosion","floor":24.0,"key":"SMITH"},{"data":"Noxious Fumes","floor":28.0,"key":"SMITH"},{"floor":32.0,"key":"RECALL"}],"circlet_count":0,"master_deck":["Strike_G+1","Strike_G+1","Strike_G+1","Strike_G+1","Strike_G+1","Defend_G+1","Defend_G+1","Defend_G+1","Defend_G+1","Defend_G+1","Survivor","Neutralize","Footwork+1","Deadly Poison","Backflip","Sucker Punch","Bane","Noxious Fumes+1","Dodge and Roll+1","Catalyst+1","Dagger Spray","Outmaneuver","PiercingWail","Corpse Explosion+1","Crippling Poison","Acrobatics+1","Noxious Fumes+1","Calculated Gamble","CurseOfTheBell","Noxious Fumes+1","Caltrops+1"],"relics":["Ring of the Snake","Torii","OrangePellets","CaptainsWheel","Bag of Preparation","hubris:PeanutButter","Bottled Tornado","Pantograph","Philosopher\u0027s Stone","hubris:BottledHeart","Happy Flower","Lantern","Bird Faced Urn","Red Mask","Calling Bell","Anchor","HornCleat","Incense Burner","hubris:Zylophone"],"acts_visited":["Exordium","TheCity","TheBeyond"],"potions_floor_usage":[40],"damage_taken":[{"damage":1.0,"enemies":"Jaw Worm","floor":1.0,"turns":6.0},{"damage":0.0,"enemies":"Small Slimes","floor":2.0,"turns":4.0},{"damage":1.0,"enemies":"Cultist","floor":3.0,"turns":4.0},{"damage":2.0,"enemies":"3 Sentries","floor":7.0,"turns":7.0},{"damage":0.0,"enemies":"2 Fungi Beasts","floor":10.0,"turns":4.0},{"damage":0.0,"enemies":"Lagavulin","floor":11.0,"turns":8.0},{"damage":0.0,"enemies":"Large Slime","floor":12.0,"turns":6.0},{"damage":0.0,"enemies":"Gremlin Nob","floor":13.0,"turns":4.0},{"damage":0.0,"enemies":"3 Louse","floor":14.0,"turns":4.0},{"damage":0.0,"enemies":"Slime Boss","floor":16.0,"turns":9.0},{"damage":1.0,"enemies":"3 Byrds","floor":18.0,"turns":3.0},{"damage":0.0,"enemies":"Chosen","floor":21.0,"turns":3.0},{"damage":0.0,"enemies":"Centurion and Healer","floor":22.0,"turns":5.0},{"damage":0.0,"enemies":"Slavers","floor":23.0,"turns":4.0},{"damage":0.0,"enemies":"Gremlin Leader","floor":25.0,"turns":5.0},{"damage":0.0,"enemies":"Slavers","floor":27.0,"turns":3.0},{"damage":0.0,"enemies":"Masked Bandits","floor":29.0,"turns":3.0},{"damage":0.0,"enemies":"Chosen and Byrds","floor":30.0,"turns":3.0},{"damage":0.0,"enemies":"Cultist and Chosen","floor":31.0,"turns":4.0},{"damage":0.0,"enemies":"Collector","floor":33.0,"turns":6.0},{"damage":0.0,"enemies":"3 Darklings","floor":35.0,"turns":2.0},{"damage":0.0,"enemies":"3 Shapes","floor":37.0,"turns":3.0},{"damage":0.0,"enemies":"Maw","floor":39.0,"turns":7.0},{"damage":1,"enemies":"Nemesis","floor":40,"turns":8}],"seed_played":"2013192463375991003","potions_obtained":[{"floor":1.0,"key":"CunningPotion"},{"floor":3.0,"key":"Explosive Potion"},{"floor":14.0,"key":"LiquidBronze"},{"floor":16.0,"key":"LiquidMemories"},{"floor":21.0,"key":"Dexterity Potion"},{"floor":23.0,"key":"PowerPotion"}],"is_trial":false,"path_per_floor":["M","M","M","?","?","R","E","R","T","M","E","M","E","M","R","B",null,"M","?","?","M","M","E","R","E","T","E","R","?","M","M","R","B",null,"M","$","M","?","M","E"],"character_chosen":"THE_SILENT","items_purchased":["Footwork","OrangePellets","Deadly Poison","CaptainsWheel","Backflip","hubris:Zylophone"],"campfire_rested":0,"item_purchase_floors":[0,0,0,0,0,36],"current_hp_per_floor":[48,48,47,47,47,47,45,45,45,45,45,45,45,45,45,70,70,69,1,1,1,1,1,1,1,1,1,1,1,1,1,1,1,1,1,1,1,1,1,0,0],"gold":462,"neow_bonus":"","is_daily":false,"chose_seed":false,"campfire_upgraded":5,"win_rate":0.0,"timestamp":1611778418,"path_taken":["M","M","M","?","?","R","E","R","T","?","E","M","E","M","R","BOSS","M","?","?","M","M","E","R","E","T","E","R","?","M","M","R","BOSS","M","$","M","?","?","E"],"items_purchased_type":["Card","Relic","Card","Relic","Card","Relic"],"build_version":"2020-12-22","purchased_purges":0,"victory":false,"max_hp_per_floor":[70,70,70,70,70,70,70,70,70,70,70,70,70,70,70,70,70,70,1,1,1,1,1,1,1,1,1,1,1,1,1,1,1,1,1,1,1,1,1,1,1],"card_choices":[{"not_picked":["Quick Slash","Dagger Throw"],"picked":"Sucker Punch","floor":1.0},{"not_picked":["Underhanded Strike","Deflect","Backflip"],"picked":"SKIP","floor":2.0},{"not_picked":["Accuracy","Backstab"],"picked":"Bane","floor":3.0},{"not_picked":["Deadly Poison","Sucker Punch"],"picked":"Dodge and Roll","floor":7.0},{"not_picked":["hubris:Counter","Prepared"],"picked":"Catalyst","floor":10.0},{"not_picked":["Cloak And Dagger","Backstab"],"picked":"Dagger Spray","floor":11.0},{"not_picked":["Underhanded Strike","Eviscerate","hubris:Sniper"],"picked":"SKIP","floor":12.0},{"not_picked":["hubris:SlightOfHand","Well Laid Plans"],"picked":"Outmaneuver","floor":13.0},{"not_picked":["Crippling Poison","Quick Slash"],"picked":"PiercingWail","floor":14.0},{"not_picked":["Glass Knife","Die Die Die"],"picked":"Corpse Explosion","floor":16.0},{"not_picked":["hubris:SlightOfHand","Finisher","Bane"],"picked":"SKIP","floor":18.0},{"not_picked":["hubris:Sniper","hubris:TrickCloak+1"],"picked":"Crippling Poison","floor":21.0},{"not_picked":["Deadly Poison","Dagger Spray"],"picked":"Acrobatics+1","floor":22.0},{"not_picked":["Poisoned Stab","Flying Knee","Acrobatics"],"picked":"SKIP","floor":23.0},{"not_picked":["Dagger Spray","Setup+1"],"picked":"Noxious Fumes","floor":25.0},{"not_picked":["Bane","Poisoned Stab","Dagger Throw+1"],"picked":"SKIP","floor":27.0},{"not_picked":["Poisoned Stab","Bane"],"picked":"Calculated Gamble","floor":29.0},{"not_picked":["Tactician+1","Storm of Steel","Expertise+1"],"picked":"SKIP","floor":30.0},{"not_picked":["Dagger Spray+1","Blade Dance","Quick Slash"],"picked":"SKIP","floor":31.0},{"not_picked":["Die Die Die","Unload"],"picked":"Doppelganger","floor":33.0},{"not_picked":["Flechettes+1","Cloak And Dagger"],"picked":"Noxious Fumes+1","floor":35.0},{"not_picked":["Sucker Punch+1","Bouncing Flask","Tactician+1"],"picked":"SKIP","floor":37.0},{"not_picked":["Backstab","Prepared+1"],"picked":"Caltrops+1","floor":39.0}],"player_experience":154982,"relics_obtained":[{"floor":7.0,"key":"Bag of Preparation"},{"floor":9.0,"key":"hubris:PeanutButter"},{"floor":11.0,"key":"Bottled Tornado"},{"floor":13.0,"key":"Pantograph"},{"floor":23.0,"key":"Happy Flower"},{"floor":25.0,"key":"Lantern"},{"floor":27.0,"key":"Bird Faced Urn"},{"floor":29.0,"key":"Red Mask"},{"floor":34.0,"key":"Anchor"},{"floor":34.0,"key":"HornCleat"},{"floor":34.0,"key":"Incense Burner"}],"event_choices":[{"damage_healed":0.0,"max_hp_gain":0.0,"max_hp_loss":0.0,"gold_gain":0.0,"event_name":"Accursed Blacksmith","player_choice":"Forge","floor":5.0,"gold_loss":0.0,"damage_taken":0.0,"cards_upgraded":["Noxious Fumes"]},{"damage_healed":0.0,"max_hp_gain":0.0,"max_hp_loss":0.0,"gold_gain":0.0,"event_name":"Back to Basics","player_choice":"Simplicity","floor":20.0,"gold_loss":0.0,"damage_taken":0.0,"cards_upgraded":["Strike_G","Strike_G","Strike_G","Strike_G","Strike_G","Defend_G","Defend_G","Defend_G","Defend_G","Defend_G"]},{"damage_healed":0.0,"max_hp_gain":0.0,"max_hp_loss":0.0,"gold_gain":0.0,"event_name":"Masked Bandits","player_choice":"Fought Bandits","floor":29.0,"gold_loss":0.0,"damage_taken":0.0},{"cards_removed":["Doppelganger"],"damage_healed":0.0,"max_hp_gain":10.0,"max_hp_loss":0.0,"gold_gain":0.0,"event_name":"Bonfire Elementals","player_choice":"Offered Rare","floor":38.0,"gold_loss":0.0,"damage_taken":0.0}],"is_beta":false,"boss_relics":[{"not_picked":["Empty Cage","Runic Dome"],"picked":"Philosopher\u0027s Stone"},{"not_picked":["Fusion Hammer","SlaversCollar"],"picked":"Calling Bell"}],"items_purged_floors":[],"is_endless":false,"potions_floor_spawned":[1,3,14,16,21,23,29,39],"killed_by":"Nemesis","ascension_level":3}}