{"host":"Qube","time":1611789547,"event":{"mods":["AchievementEnabler","BaseMod","Colored Map","Colored Powertips","Highlight Path","Minty Spire (QoL Compilation)","Permanent Neow","Quick Restart","Random Character Button","StSLib"],"gold_per_floor":[111,126,126,147,167,167,201,201,201,237,237,237,257,291,291,380,380,396,99,120,120,139,139,170,182,243,255,306,352,364,9,9,98,98,98,129,129,129,188,188,188],"floor_reached":40,"language":"ENG","playtime":1847,"items_purged":[],"score":966,"play_id":"87c6e504-2e6c-46fe-ae9d-504165f9f695","local_time":"20210127151907","is_ascension_mode":true,"campfire_choices":[{"data":"Perfected Strike","floor":6.0,"key":"SMITH"},{"floor":8.0,"key":"REST"},{"floor":12.0,"key":"REST"},{"data":"True Grit","floor":15,"key":"SMITH"},{"data":"Perfected Strike","floor":23,"key":"SMITH"},{"floor":25,"key":"REST"},{"floor":27,"key":"REST"},{"data":"True Grit","floor":30,"key":"SMITH"},{"data":"Metallicize","floor":32,"key":"SMITH"}],"circlet_count":0,"master_deck":["AscendersBane","Strike_R","Strike_R","Strike_R","Strike_R","Strike_R","Defend_R","Bash","Perfected Strike+1","Twin Strike","Shrug It Off","Carnage","Perfected Strike+1","Perfected Strike+1","Pummel","Feed","Cleave","True Grit+1","Shrug It Off","Wild Strike","Iron Wave","Power Through","Feel No Pain","Metallicize+1","Corruption","Sword Boomerang+1","Intimidate+1","Clash+1","Pommel Strike"],"relics":["Velvet Choker","Golden Idol","WingedGreaves","Kunai","Darkstone Periapt","Red Skull","Anchor","SlaversCollar","Toy Ornithopter","MawBank","Regal Pillow","Vajra","Oddly Smooth Stone","OrangePellets","Astrolabe","Calipers","Thread and Needle"],"acts_visited":["Exordium","TheCity","TheBeyond"],"potions_floor_usage":[14,16,20,28,29,31,33,35,39],"damage_taken":[{"damage":1.0,"enemies":"Cultist","floor":1.0,"turns":3.0},{"damage":0.0,"enemies":"2 Louse","floor":2.0,"turns":2.0},{"damage":2.0,"enemies":"Jaw Worm","floor":4.0,"turns":2.0},{"damage":6.0,"enemies":"Exordium Wildlife","floor":5.0,"turns":4.0},{"damage":8.0,"enemies":"Gremlin Nob","floor":7.0,"turns":3.0},{"damage":5.0,"enemies":"Lagavulin","floor":10.0,"turns":4.0},{"damage":8.0,"enemies":"Exordium Thugs","floor":13.0,"turns":4.0},{"damage":6,"enemies":"3 Sentries","floor":14,"turns":4},{"damage":22,"enemies":"The Guardian","floor":16,"turns":10},{"damage":23,"enemies":"Shell Parasite","floor":18,"turns":4},{"damage":4,"enemies":"Spheric Guardian","floor":20,"turns":3},{"damage":5,"enemies":"3 Cultists","floor":22,"turns":4},{"damage":34,"enemies":"Book of Stabbing","floor":24,"turns":4},{"damage":24,"enemies":"Gremlin Leader","floor":28,"turns":6},{"damage":9,"enemies":"Book of Stabbing","floor":29,"turns":4},{"damage":64,"enemies":"Automaton","floor":33,"turns":9},{"damage":0,"enemies":"3 Darklings","floor":35,"turns":2},{"damage":12,"enemies":"Mind Bloom Boss Battle","floor":36,"turns":5},{"damage":41,"enemies":"2 Orb Walkers","floor":39,"turns":5},{"damage":32,"enemies":"Reptomancer","floor":40,"turns":3}],"seed_played":"-4159521561016003933","potions_obtained":[{"floor":1.0,"key":"DuplicationPotion"},{"floor":5.0,"key":"SkillPotion"},{"floor":7.0,"key":"BloodPotion"},{"floor":13.0,"key":"SkillPotion"},{"floor":14,"key":"PowerPotion"},{"floor":24,"key":"Block Potion"},{"floor":28,"key":"ColorlessPotion"},{"floor":33,"key":"SmokeBomb"}],"is_trial":false,"path_per_floor":["M","M","?","M","M","R","E","R","T","E","?","R","M","E","R","B",null,"M","$","M","?","M","R","E","R","T","R","E","E","R","$","R","B",null,"M","?","?","?","?","E"],"character_chosen":"IRONCLAD","items_purchased":["Toy Ornithopter","Cleave","True Grit","Explosive Potion","OrangePellets","Metallicize","Weak Potion","Strength Potion"],"campfire_rested":4,"item_purchase_floors":[19,19,19,19,31,31,31,31],"current_hp_per_floor":[67,67,41,39,33,33,25,47,47,42,16,38,30,24,24,2,57,37,37,38,38,36,36,2,26,26,65,46,42,42,63,63,4,62,67,58,58,58,25,0,0],"gold":188,"neow_bonus":"BOSS_RELIC","is_daily":false,"chose_seed":false,"campfire_upgraded":5,"win_rate":0.0,"timestamp":1611789547,"path_taken":["M","?","?","M","M","R","E","R","T","E","?","R","M","E","R","BOSS","M","$","M","?","M","R","E","R","T","R","E","E","R","$","R","BOSS","M","?","?","?","?","E"],"items_purchased_type":["Relic","Card","Card","Potion","Relic","Card","Potion","Potion"],"build_version":"2020-12-18","purchased_purges":0,"victory":false,"max_hp_per_floor":[75,75,75,75,75,75,75,75,75,75,75,75,75,75,75,75,75,78,78,78,78,81,81,81,81,81,81,81,81,81,81,81,81,81,81,84,84,84,87,87,87],"card_choices":[{"not_picked":["Rampage","Flex"],"picked":"Perfected Strike","floor":1.0},{"not_picked":["Rupture","Infernal Blade"],"picked":"Twin Strike","floor":2.0},{"not_picked":["Anger","Twin Strike"],"picked":"Shrug It Off","floor":4.0},{"not_picked":["Seeing Red","Bloodletting"],"picked":"Carnage","floor":5.0},{"not_picked":["Twin Strike","Bludgeon"],"picked":"Perfected Strike","floor":7.0},{"not_picked":["Headbutt","Burning Pact"],"picked":"True Grit","floor":10.0},{"not_picked":["Rage","Wild Strike"],"picked":"Perfected Strike","floor":13.0},{"not_picked":["Heavy Blade","Clash"],"picked":"Pummel","floor":14},{"not_picked":["Exhume","Double Tap"],"picked":"Feed","floor":16},{"not_picked":["Body Slam","Pummel","Evolve"],"picked":"SKIP","floor":18},{"not_picked":["Iron Wave","Seeing Red+1"],"picked":"Shrug It Off","floor":20},{"not_picked":["Thunderclap","Body Slam"],"picked":"Wild Strike","floor":22},{"not_picked":["Body Slam","Inflame"],"picked":"Iron Wave","floor":24},{"not_picked":["Fiend Fire","Barricade"],"picked":"Power Through","floor":28},{"not_picked":["Flex","Metallicize"],"picked":"Feel No Pain","floor":29},{"not_picked":["Double Tap","Immolate"],"picked":"Corruption","floor":33},{"not_picked":["Havoc","Headbutt"],"picked":"Pommel Strike","floor":39}],"player_experience":982339,"relics_obtained":[{"floor":7.0,"key":"WingedGreaves"},{"floor":9.0,"key":"Kunai"},{"floor":10.0,"key":"Darkstone Periapt"},{"floor":14,"key":"Anchor"},{"floor":24,"key":"MawBank"},{"floor":26,"key":"Regal Pillow"},{"floor":28,"key":"Vajra"},{"floor":29,"key":"Oddly Smooth Stone"},{"floor":36,"key":"Calipers"},{"floor":39,"key":"Thread and Needle"}],"event_choices":[{"damage_healed":0.0,"max_hp_gain":0.0,"max_hp_loss":0.0,"gold_gain":0.0,"event_name":"Golden Idol","player_choice":"Take Damage","floor":3.0,"gold_loss":0.0,"damage_taken":26.0,"relics_obtained":["Golden Idol"]},{"damage_healed":0.0,"max_hp_gain":0.0,"max_hp_loss":0.0,"gold_gain":0.0,"event_name":"Scrap Ooze","player_choice":"Success","floor":11.0,"gold_loss":0.0,"damage_taken":26.0,"relics_obtained":["Red Skull"]},{"damage_healed":0,"gold_gain":0,"player_choice":"Upgraded","damage_taken":0,"max_hp_gain":0,"max_hp_loss":0,"event_name":"Upgrade Shrine","floor":21,"gold_loss":0,"cards_upgraded":["Perfected Strike"]},{"damage_healed":0,"gold_gain":0,"player_choice":"Fight","damage_taken":0,"max_hp_gain":0,"max_hp_loss":0,"event_name":"MindBloom","floor":36,"gold_loss":0},{"damage_healed":0,"gold_gain":0,"player_choice":"Memory 1","damage_taken":0,"max_hp_gain":0,"max_hp_loss":0,"event_name":"SensoryStone","floor":37,"gold_loss":0},{"cards_removed":["True Grit"],"damage_healed":0,"gold_gain":0,"player_choice":"Removed Skill","damage_taken":0,"max_hp_gain":0,"max_hp_loss":0,"event_name":"Falling","floor":38,"gold_loss":0},{"damage_healed":0,"gold_gain":0,"player_choice":"Fight","damage_taken":0,"max_hp_gain":0,"max_hp_loss":0,"event_name":"Mysterious Sphere","floor":39,"gold_loss":0}],"is_beta":true,"boss_relics":[{"not_picked":["Sozu","Runic Pyramid"],"picked":"SlaversCollar"},{"not_picked":["Black Star","Calling Bell"],"picked":"Astrolabe"}],"items_purged_floors":[],"is_endless":false,"potions_floor_spawned":[1,5,7,13,14,24,28,33],"killed_by":"Reptomancer","ascension_level":20}}