{"host":"gg","time":1611731485,"event":{"mods":["BaseMod","Colored Map","Googly Eyes","Minty Spire (QoL Compilation)","Permanent Neow","Relic Stats","The IronCluck"],"gold_per_floor":[110,110,185,185,196,196,196],"floor_reached":6,"language":"ENG","playtime":277,"items_purged":[],"score":68,"play_id":"45133cf4-96fa-4aea-97e9-d4531f9165b0","local_time":"20210126231125","is_ascension_mode":true,"campfire_choices":[],"circlet_count":0,"master_deck":["AscendersBane","Strike_P","Strike_P","Strike_P","Strike_P","Defend_P","Defend_P","Defend_P","Eruption+1","Vigilance","Consecrate","SashWhip"],"relics":["Fusion Hammer"],"acts_visited":["Exordium"],"potions_floor_usage":[],"damage_taken":[{"damage":4.0,"enemies":"Small Slimes","floor":1.0,"turns":3.0},{"damage":0,"enemies":"Jaw Worm","floor":5,"turns":2},{"damage":64,"enemies":"Gremlin Nob","floor":6,"turns":3}],"seed_played":"4736328097752868582","potions_obtained":[],"is_trial":false,"path_per_floor":["M","?","?","?","M","E"],"character_chosen":"WATCHER","items_purchased":[],"campfire_rested":0,"item_purchase_floors":[],"current_hp_per_floor":[57,57,46,39,39,0,0],"gold":196,"neow_bonus":"BOSS_RELIC","is_daily":false,"chose_seed":false,"campfire_upgraded":0,"win_rate":0.0,"timestamp":1611731485,"path_taken":["M","?","?","?","M","E"],"items_purchased_type":[],"build_version":"2020-12-18","purchased_purges":0,"victory":false,"max_hp_per_floor":[68,68,68,68,68,68,68],"relic_stats":{"counters":[3,8],"obtain_stats":[{"Fusion Hammer":0,"PureWater":0},{"Fusion Hammer":0,"PureWater":0},{"Fusion Hammer":0,"PureWater":0}]},"card_choices":[{"not_picked":["Halt","CrushJoints"],"picked":"Consecrate","floor":1.0},{"not_picked":["FlyingSleeves","CrushJoints"],"picked":"SashWhip","floor":5}],"player_experience":1286094,"relics_obtained":[],"event_choices":[{"damage_healed":0,"gold_gain":0,"player_choice":"Grow","damage_taken":0,"max_hp_gain":0,"max_hp_loss":0,"event_name":"Living Wall","floor":2,"gold_loss":0,"cards_upgraded":["Eruption"]},{"damage_healed":0,"gold_gain":75,"player_choice":"Gather Gold","damage_taken":11,"max_hp_gain":0,"max_hp_loss":0,"event_name":"World of Goop","floor":3,"gold_loss":0},{"cards_removed":["Defend_P"],"damage_healed":0,"gold_gain":0,"player_choice":"Card Removal","damage_taken":7,"max_hp_gain":0,"max_hp_loss":0,"event_name":"Golden Wing","floor":4,"gold_loss":0}],"is_beta":true,"boss_relics":[],"items_purged_floors":[],"is_endless":false,"potions_floor_spawned":[],"killed_by":"Gremlin Nob","ascension_level":20}}