{"host":"vyjryxuuuxkt43k4","time":1611760873,"event":{"mods":["AchievementEnabler","BaseMod","Colored Map","DeckTracker","Keyboard Shortcuts","Minty Spire (QoL Compilation)","Permanent Neow","Quick Restart","Rare Cards Sparkle","StSLib","SuperFastMode","everything is the same but u backflip on backflip"],"gold_per_floor":[118,135,154,154,154,154,172,172,172,203,219,244,244,276,276,276,276],"floor_reached":16,"language":"KOR","playtime":548,"items_purged":[],"score":365,"play_id":"fdba1737-1e8c-40e9-9a0d-23736eca9ea8","local_time":"20210128002113","is_ascension_mode":true,"campfire_choices":[{"data":"Feed","floor":6.0,"key":"SMITH"},{"data":"Shockwave","floor":8.0,"key":"SMITH"},{"floor":13.0,"key":"REST"},{"data":"Spot Weakness","floor":15.0,"key":"SMITH"}],"circlet_count":0,"master_deck":["AscendersBane","Strike_R","Strike_R","Strike_R","Strike_R","Strike_R","Defend_R","Defend_R","Defend_R","Defend_R","Bash","Feed+1","Spot Weakness+1","Battle Trance","Shockwave+1","Heavy Blade","Wild Strike"],"relics":["Burning Blood","Omamori","Boot","Regal Pillow","Blood Vial","Pear"],"acts_visited":["Exordium"],"potions_floor_usage":[],"damage_taken":[{"damage":7.0,"enemies":"Cultist","floor":1.0,"turns":4.0},{"damage":11.0,"enemies":"Jaw Worm","floor":2.0,"turns":4.0},{"damage":10.0,"enemies":"2 Louse","floor":3.0,"turns":3.0},{"damage":36.0,"enemies":"Large Slime","floor":7.0,"turns":8.0},{"damage":20.0,"enemies":"Lagavulin","floor":10.0,"turns":6.0},{"damage":29.0,"enemies":"Lots of Slimes","floor":11.0,"turns":5.0},{"damage":47.0,"enemies":"3 Sentries","floor":12.0,"turns":6.0},{"damage":15.0,"enemies":"Lagavulin","floor":14.0,"turns":5.0}],"seed_played":"554736488402689990","potions_obtained":[{"floor":2.0,"key":"BloodPotion"},{"floor":7.0,"key":"Fire Potion"},{"floor":10.0,"key":"BloodPotion"},{"floor":11.0,"key":"GamblersBrew"}],"is_trial":false,"path_per_floor":["M","M","M","T","?","R","M","R","T","E","M","E","R","E","R","B"],"character_chosen":"IRONCLAD","items_purchased":[],"campfire_rested":1,"item_purchase_floors":[],"current_hp_per_floor":[70,65,61,61,66,66,40,40,40,48,48,11,55,58,58,0,0],"gold":276,"neow_bonus":"ONE_RANDOM_RARE_CARD","is_daily":false,"chose_seed":false,"campfire_upgraded":3,"win_rate":0.0,"timestamp":1611760873,"path_taken":["M","M","M","?","?","R","M","R","T","E","M","E","R","E","R","BOSS"],"items_purchased_type":[],"build_version":"2020-12-22","purchased_purges":0,"victory":false,"max_hp_per_floor":[78,78,78,78,83,83,87,87,87,91,95,99,99,109,109,109,109],"card_choices":[{"not_picked":["Warcry","Iron Wave"],"picked":"Spot Weakness","floor":1.0},{"not_picked":["Metallicize","Heavy Blade"],"picked":"Battle Trance","floor":2.0},{"not_picked":["Flex","Sever Soul"],"picked":"Shockwave","floor":3.0},{"not_picked":["Warcry","Rage","Iron Wave"],"picked":"SKIP","floor":7.0},{"not_picked":["Twin Strike","Warcry"],"picked":"Heavy Blade","floor":10.0},{"not_picked":["Flex","Armaments","Thunderclap"],"picked":"SKIP","floor":11.0},{"not_picked":["Searing Blow","Uppercut"],"picked":"Wild Strike","floor":12.0},{"not_picked":["True Grit","Anger","Sentinel"],"picked":"SKIP","floor":14.0}],"player_experience":422658,"relics_obtained":[{"floor":4.0,"key":"Omamori"},{"floor":9.0,"key":"Boot"},{"floor":10.0,"key":"Regal Pillow"},{"floor":12.0,"key":"Blood Vial"},{"floor":14.0,"key":"Pear"}],"event_choices":[{"damage_healed":0.0,"max_hp_gain":5.0,"max_hp_loss":0.0,"gold_gain":0.0,"event_name":"Big Fish","player_choice":"Donut","floor":5.0,"gold_loss":0.0,"damage_taken":0.0}],"is_beta":false,"boss_relics":[],"items_purged_floors":[],"is_endless":false,"potions_floor_spawned":[2,7,10,11],"killed_by":"The Guardian","ascension_level":20}}