{"host":"f7rb14kzcw8hx1r1","time":1611789327,"event":{"mods":["BaseMod","Better Note","Better Third Choice","Colored Map","Highlight Path","Hubris","Minty Spire (QoL Compilation)","Replay The Spire","StSLib","The Forsaken"],"gold_per_floor":[109,284,295,308,408,408,435,83,110,137,149,134,33,33,33,131,131,148,148,63,81,101,132,132,20,72,83,95,95,95,121,121,224,224,237,85,101,120,170,170,188,222,222,240,250,250,33,49,49,49],"floor_reached":51,"language":"ENG","playtime":2235,"items_purged":["Doubt","Strike_B","Strike_B","Defend_B","Defend_B"],"score":879,"play_id":"83e2bbec-c860-41d2-9864-374145581b38","local_time":"20210128001527","is_ascension_mode":false,"campfire_choices":[{"data":"Zap","floor":6.0,"key":"SMITH"},{"data":"Mirror Shield","floor":15.0,"key":"SMITH"},{"data":"hubris:EnhanceAbility","floor":24.0,"key":"SMITH"},{"data":"Mirror Shield","floor":30.0,"key":"SMITH"},{"data":"Dualcast","floor":32.0,"key":"SMITH"},{"data":"Defragment","floor":40,"key":"SMITH"},{"data":"Coolheaded","floor":46,"key":"SMITH"},{"data":"Hologram","floor":49,"key":"SMITH"}],"circlet_count":0,"master_deck":["Defend_B","Defend_B","Zap+1","Dualcast+1","FIFO Queue","Compile Driver","Leap","Mirror Shield+1","Coolheaded","Ball Lightning","Hologram+1","Sweeping Beam","Core Surge","Coolheaded+1","hubris:EnhanceAbility+1","Mirror Shield+1","Conserve Battery","FIFO Queue","hubris:EnhanceAbility+1","Machine Learning","Defragment+1","Glacier+1"],"relics":["Cracked Core","Strawberry","Membership Card","hubris:ToyBattleship","Replay:Mystery Machine","Ginger","Sozu","Oddly Smooth Stone","Nunchaku","hubris:MysteriousPyramids","Philosopher\u0027s Stone","theForsaken:Lifeblossom","Turnip","Toxic Egg 2","ReplayTheSpireMod:TigerMarble","Chameleon Ring"],"acts_visited":["Exordium","TheCity","TheBeyond"],"potions_floor_usage":[50,50,50],"damage_taken":[{"damage":0.0,"enemies":"Small Slimes","floor":1.0,"turns":2.0},{"damage":1.0,"enemies":"2 Louse","floor":3.0,"turns":3.0},{"damage":1.0,"enemies":"Cultist","floor":4.0,"turns":4.0},{"damage":30.0,"enemies":"3 Sentries","floor":7.0,"turns":10.0},{"damage":7.0,"enemies":"Gremlin Nob","floor":10.0,"turns":5.0},{"damage":0.0,"enemies":"3 Louse","floor":11.0,"turns":3.0},{"damage":0.0,"enemies":"Exordium Thugs","floor":12.0,"turns":4.0},{"damage":7.0,"enemies":"Slime Boss","floor":16.0,"turns":8.0},{"damage":9.0,"enemies":"2 Thieves","floor":18.0,"turns":4.0},{"damage":0.0,"enemies":"Shell Parasite","floor":21.0,"turns":7.0},{"damage":5.0,"enemies":"Sentry and Sphere","floor":22.0,"turns":5.0},{"damage":21.0,"enemies":"Gremlin Leader","floor":23.0,"turns":10.0},{"damage":0.0,"enemies":"Cultist and Chosen","floor":27.0,"turns":4.0},{"damage":0.0,"enemies":"Snake Plant","floor":28.0,"turns":4.0},{"damage":10.0,"enemies":"Slavers","floor":31.0,"turns":4.0},{"damage":0.0,"enemies":"Champ","floor":33.0,"turns":10.0},{"damage":0.0,"enemies":"3 Shapes","floor":35.0,"turns":3.0},{"damage":0,"enemies":"3 Darklings","floor":37,"turns":4},{"damage":13,"enemies":"Jaw Worm Horde","floor":38,"turns":4},{"damage":0,"enemies":"Mind Bloom Boss Battle","floor":39,"turns":8},{"damage":0,"enemies":"Maw","floor":41,"turns":6},{"damage":1,"enemies":"Nemesis","floor":42,"turns":9},{"damage":4,"enemies":"3 Darklings","floor":44,"turns":5},{"damage":8,"enemies":"Sphere and 2 Shapes","floor":45,"turns":5},{"damage":0,"enemies":"Maw","floor":48,"turns":6},{"damage":0,"enemies":"Time Eater","floor":50,"turns":9}],"seed_played":"-535833215175207619","potions_obtained":[{"floor":1.0,"key":"Venom Potion"},{"floor":3.0,"key":"Adrenaline Potion"},{"floor":7.0,"key":"Block Potion"},{"floor":16.0,"key":"PowerPotion"}],"is_trial":false,"path_per_floor":["M","?","M","M","?","R","E","$","T","E","M","M","$","?","R","B",null,"M","?","$","M","M","E","R","$","T","M","M","?","R","E","R","B",null,"M","$","M","M","?","R","M","E","T","M","M","R","$","M","R","B",null],"character_chosen":"DEFECT","items_purchased":["Membership Card","Mirror Shield","Coolheaded","Ball Lightning","hubris:ToyBattleship","Sweeping Beam","FocusPotion","hubris:EnhanceAbility","Conserve Battery","FIFO Queue","theForsaken:Lifeblossom","Chameleon Ring"],"campfire_rested":0,"item_purchase_floors":[8,8,8,8,8,13,13,20,25,25,36,47],"current_hp_per_floor":[54,54,53,52,52,52,29,29,29,22,22,22,22,92,92,85,92,83,83,83,83,78,57,57,57,57,57,57,57,57,47,47,47,92,92,92,92,80,86,86,92,91,91,88,86,86,86,92,92,92],"gold":49,"neow_bonus":"REMOVE_TWO","is_daily":false,"chose_seed":false,"campfire_upgraded":8,"win_rate":0.0,"timestamp":1611789327,"path_taken":["M","?","M","M","?","R","E","$","T","E","?","M","$","?","R","BOSS","M","?","$","M","M","E","R","$","T","M","M","?","R","E","R","BOSS","M","$","M","M","?","R","M","E","T","M","M","R","$","M","R","BOSS"],"items_purchased_type":["Relic","Card","Card","Card","Relic","Card","Potion","Card","Card","Card","Relic","Relic"],"build_version":"2020-12-22","purchased_purges":5,"victory":true,"max_hp_per_floor":[75,75,75,75,75,75,82,82,82,82,82,82,82,92,92,92,92,92,92,92,92,92,92,92,92,92,92,92,92,92,92,92,92,92,92,92,92,92,92,92,92,92,92,92,92,92,92,92,92,92],"card_choices":[{"not_picked":["ReplayTheSpireMod:Calculation Training","Stack"],"picked":"FIFO Queue","floor":1.0},{"not_picked":["Doom and Gloom","Storm"],"picked":"Compile Driver","floor":3.0},{"not_picked":["Genetic Algorithm","Streamline"],"picked":"Leap","floor":4.0},{"not_picked":["ReplayTheSpireMod:Repulse","Scrape","Compile Driver"],"picked":"SKIP","floor":7.0},{"not_picked":["Crystallizer","Aggregate"],"picked":"Hologram","floor":10.0},{"not_picked":["Panic Button","Coolheaded","BasicCrystalCard"],"picked":"SKIP","floor":11.0},{"not_picked":["Cold Snap","Barrage"],"picked":"Machine Learning","floor":12.0},{"not_picked":["Multi-Cast","Hyperbeam"],"picked":"Core Surge","floor":16.0},{"not_picked":["ReplayTheSpireMod:GoodbyeWorld","Ball Lightning"],"picked":"Coolheaded","floor":18.0},{"not_picked":["Coolheaded","Panic Button","Gash"],"picked":"SKIP","floor":21.0},{"not_picked":["Beam Cell","Steam Power","Cold Snap"],"picked":"SKIP","floor":22.0},{"not_picked":["Static Discharge+1","Undo+1"],"picked":"Mirror Shield","floor":23.0},{"not_picked":["FIFO Queue+1","Static Discharge","Undo"],"picked":"SKIP","floor":27.0},{"not_picked":["Rebound","Sweeping Beam+1","Cold Snap"],"picked":"SKIP","floor":28.0},{"not_picked":["Sweeping Beam","ReplayTheSpireMod:GoodbyeWorld","ReplayGash"],"picked":"SKIP","floor":31.0},{"not_picked":["Meteor Strike","ReplayTheSpireMod:Fabricate Wheel"],"picked":"Machine Learning","floor":33.0},{"not_picked":["ReplaySolidLightProjector+1","Auto Shields+1","Ball Lightning+1"],"picked":"SKIP","floor":35.0},{"not_picked":["Redo+1","Static Discharge","FIFO Queue"],"picked":"SKIP","floor":37},{"not_picked":["Leap","Conserve Battery+1"],"picked":"Defragment","floor":38},{"not_picked":["Compile Driver","Ball Lightning","Capacitor+1"],"picked":"SKIP","floor":41},{"not_picked":["BasicCrystalCard+1","Coolheaded+1","All For One"],"picked":"SKIP","floor":42},{"not_picked":["Genetic Algorithm+1","Stack+1"],"picked":"Glacier+1","floor":44},{"not_picked":["ReplaySort+1","Sweeping Beam+1","Compile Driver+1"],"picked":"SKIP","floor":45},{"not_picked":["Conserve Battery+1","ReplayTheSpireMod:GoodbyeWorld+1","ReplayTheSpireMod:Reroute Power+1"],"picked":"SKIP","floor":48}],"player_experience":941066,"relics_obtained":[{"floor":7.0,"key":"Strawberry"},{"floor":9.0,"key":"Replay:Mystery Machine"},{"floor":10.0,"key":"Ginger"},{"floor":23.0,"key":"Oddly Smooth Stone"},{"floor":26.0,"key":"Nunchaku"},{"floor":31.0,"key":"hubris:MysteriousPyramids"},{"floor":39,"key":"Turnip"},{"floor":42,"key":"Toxic Egg 2"},{"floor":43,"key":"ReplayTheSpireMod:TigerMarble"}],"event_choices":[{"damage_healed":0.0,"max_hp_gain":0.0,"max_hp_loss":0.0,"gold_gain":175.0,"event_name":"betterThird:BetterSerpent","player_choice":"AGREE","floor":2.0,"gold_loss":0.0,"damage_taken":109.0},{"damage_healed":0.0,"max_hp_gain":0.0,"max_hp_loss":0.0,"gold_gain":100.0,"event_name":"Golden Shrine","player_choice":"Pray","floor":5.0,"gold_loss":0.0,"damage_taken":0.0},{"cards_removed":["Machine Learning"],"damage_healed":60.0,"max_hp_gain":10.0,"max_hp_loss":0.0,"gold_gain":0.0,"event_name":"Bonfire Elementals","player_choice":"Offered Rare","floor":14.0,"gold_loss":0.0,"damage_taken":0.0},{"damage_healed":0.0,"max_hp_gain":0.0,"max_hp_loss":0.0,"gold_gain":0.0,"event_name":"Lab","player_choice":"Got Potions","floor":19.0,"gold_loss":0.0,"damage_taken":0.0},{"damage_healed":0.0,"max_hp_gain":0.0,"max_hp_loss":0.0,"gold_gain":0.0,"event_name":"Duplicator","player_choice":"Copied","floor":29.0,"gold_loss":0.0,"damage_taken":0.0,"cards_obtained":["hubris:EnhanceAbility"]},{"damage_healed":0,"gold_gain":0,"player_choice":"Fight","damage_taken":0,"max_hp_gain":0,"max_hp_loss":0,"event_name":"MindBloom","floor":39,"gold_loss":0}],"is_beta":false,"boss_relics":[{"not_picked":["Tiny House","hubris:Backtick"],"picked":"Sozu"},{"not_picked":["Velvet Choker","hubris:RunicObelisk"],"picked":"Philosopher\u0027s Stone"}],"items_purged_floors":[8,13,25,36,47],"is_endless":false,"potions_floor_spawned":[1,3,7,16,21,23,28,33,37,41,42,44,45,48],"ascension_level":0}}