{"host":"uonldg9uriwfhjjx","time":1611784293,"event":{"mods":["AchievementEnabler","BaseMod","Colored Map","Colored Powertips","Curses Come First","Highlight Path","Minty Spire (QoL Compilation)","Rare Cards Sparkle","Relic Stats","StSLib","The Cursed","The Marked"],"gold_per_floor":[119,137,47,66,66,93,105,117,152,164,176,188,200,228,240,343,355,387,417,0,0,0],"floor_reached":21,"language":"ENG","playtime":542,"items_purged":[],"score":327,"play_id":"7b94c754-13fc-49b0-9808-21947cb163f5","local_time":"20210127165133","is_ascension_mode":true,"campfire_choices":[{"data":"Catalyst","floor":7,"key":"SMITH"},{"floor":10,"key":"REST"},{"data":"Deadly Poison","floor":12,"key":"SMITH"},{"data":"Deadly Poison","floor":15,"key":"SMITH"}],"circlet_count":0,"master_deck":["AscendersBane","Strike_G","Strike_G","Strike_G","Strike_G+1","Defend_G","Defend_G","Defend_G","Defend_G","Survivor","Neutralize","Masterful Stab","Blade Dance","Catalyst+1","Deadly Poison+1","Deadly Poison+1","Poisoned Stab","Injury","Deadly Poison+1","Outmaneuver"],"relics":["Ring of the Snake","MawBank","Tiny Chest","Golden Idol","Pantograph","Velvet Choker","Dead Branch"],"acts_visited":["Exordium","TheCity"],"potions_floor_usage":[6,14,21,21],"damage_taken":[{"damage":6,"enemies":"Cultist","floor":1,"turns":6},{"damage":0,"enemies":"Jaw Worm","floor":2,"turns":3},{"damage":0,"enemies":"2 Louse","floor":4,"turns":2},{"damage":24,"enemies":"3 Sentries","floor":6,"turns":11},{"damage":2,"enemies":"Exordium Wildlife","floor":14,"turns":3},{"damage":10,"enemies":"The Guardian","floor":16,"turns":6},{"damage":24,"enemies":"Spheric Guardian","floor":18,"turns":4},{"damage":20,"enemies":"2 Thieves","floor":19,"turns":3},{"damage":36,"enemies":"Centurion and Healer","floor":21,"turns":5}],"seed_played":"1691670978507561816","potions_obtained":[{"floor":1,"key":"SkillPotion"},{"floor":2,"key":"Poison Potion"},{"floor":4,"key":"GhostInAJar"},{"floor":14,"key":"ColorlessPotion"}],"is_trial":false,"path_per_floor":["M","M","$","M","$","E","R","?","T","R","?","R","T","M","R","B",null,"M","M","$","M"],"character_chosen":"THE_SILENT","items_purchased":["Catalyst","Deadly Poison","Regen Potion","Dead Branch"],"campfire_rested":1,"item_purchase_floors":[3,3,20,20],"current_hp_per_floor":[53,53,53,53,53,29,29,11,11,29,29,29,29,27,27,42,56,32,12,12,0,0],"gold":0,"neow_bonus":"REMOVE_TWO","is_daily":false,"chose_seed":false,"campfire_upgraded":3,"win_rate":0.0,"timestamp":1611784293,"path_taken":["M","?","?","?","$","E","R","?","T","R","?","R","?","M","R","BOSS","M","?","$","M"],"items_purchased_type":["Card","Card","Potion","Relic"],"build_version":"2020-12-22","purchased_purges":0,"victory":false,"max_hp_per_floor":[60,60,60,60,60,60,60,60,60,60,60,60,60,60,60,60,60,60,60,60,60,60],"relic_stats":{"counters":[9,43],"Golden Idol":29,"Pantograph":25,"Dead Branch":[3],"Tiny Chest":0,"MawBank":168,"obtain_stats":[{"Golden Idol":11,"Pantograph":13,"Dead Branch":20,"Velvet Choker":17,"Tiny Chest":9,"MawBank":6,"Ring of the Snake":0},{"Golden Idol":4,"Pantograph":4,"Dead Branch":8,"Velvet Choker":6,"Tiny Chest":4,"MawBank":4,"Ring of the Snake":0},{"Golden Idol":22,"Pantograph":22,"Dead Branch":38,"Velvet Choker":31,"Tiny Chest":22,"MawBank":22,"Ring of the Snake":0}],"Ring of the Snake":[18]},"card_choices":[{"not_picked":["Prepared","Outmaneuver"],"picked":"Masterful Stab","floor":1},{"not_picked":["Dagger Spray","Dagger Throw"],"picked":"Blade Dance","floor":2},{"not_picked":["Escape Plan","Dodge and Roll"],"picked":"Deadly Poison","floor":4},{"not_picked":["Acrobatics","Malaise"],"picked":"Poisoned Stab","floor":6},{"not_picked":["Riddle With Holes","Cloak And Dagger"],"picked":"Deadly Poison","floor":14},{"not_picked":["Caltrops","Dagger Throw"],"picked":"Outmaneuver","floor":18},{"not_picked":["Dodge and Roll","Eviscerate","Concentrate"],"picked":"SKIP","floor":19}],"player_experience":818265,"relics_obtained":[{"floor":6,"key":"MawBank"},{"floor":9,"key":"Tiny Chest"},{"floor":13,"key":"Pantograph"}],"event_choices":[{"damage_healed":0,"gold_gain":0,"player_choice":"Entered Light","damage_taken":18,"max_hp_gain":0,"max_hp_loss":0,"event_name":"Shining Light","floor":8,"gold_loss":0,"cards_upgraded":["Strike_G","Deadly Poison"]},{"damage_healed":0,"gold_gain":0,"player_choice":"Take Wound","damage_taken":0,"relics_obtained":["Golden Idol"],"max_hp_gain":0,"max_hp_loss":0,"event_name":"Golden Idol","floor":11,"gold_loss":0,"cards_obtained":["Injury"]}],"is_beta":false,"boss_relics":[{"not_picked":["Sozu","Tiny House"],"picked":"Velvet Choker"}],"items_purged_floors":[],"is_endless":false,"potions_floor_spawned":[1,2,4,14],"killed_by":"Centurion and Healer","ascension_level":17}}