{"host":"rb2p2z6v6vieend5","time":1611789673,"event":{"mods":["BaseMod","Block Reminder","Colored Map","DeckTracker","Highlight Path","Minty Spire (QoL Compilation)","Random Character Button","Relic Stats"],"gold_per_floor":[109,109,124,124,124,124,155,155,179,179,213,213,252,276,276,276,276],"floor_reached":16,"language":"ENG","playtime":583,"items_purged":[],"score":157,"play_id":"ac04b5a3-5b76-4103-978c-9093f8e9fcf6","local_time":"20210128002113","is_ascension_mode":true,"campfire_choices":[{"data":"Sweeping Beam","floor":6,"key":"SMITH"},{"data":"Dualcast","floor":8,"key":"SMITH"},{"data":"Cold Snap","floor":10,"key":"SMITH"},{"floor":15,"key":"REST"}],"circlet_count":0,"master_deck":["Strike_B","Strike_B","Strike_B","Defend_B","Defend_B","Defend_B","Defend_B","Zap+1","Dualcast+1","Cold Snap+1","Sweeping Beam+1","Gash","BootSequence+1","Melter"],"relics":["Cracked Core","Toxic Egg 2","CeramicFish","Omamori","Tiny Chest","Bird Faced Urn","Juzu Bracelet"],"acts_visited":["Exordium"],"potions_floor_usage":[16],"damage_taken":[{"damage":1,"enemies":"2 Louse","floor":1,"turns":3},{"damage":0,"enemies":"Jaw Worm","floor":3,"turns":3},{"damage":13,"enemies":"3 Sentries","floor":7,"turns":7},{"damage":14,"enemies":"Gremlin Nob","floor":11,"turns":3},{"damage":21,"enemies":"Lagavulin","floor":13,"turns":7},{"damage":0,"enemies":"Small Slimes","floor":14,"turns":2},{"damage":55,"enemies":"Slime Boss","floor":16,"turns":9}],"seed_played":"-8390278047929570296","potions_obtained":[{"floor":7,"key":"Regen Potion"},{"floor":11,"key":"CultistPotion"}],"is_trial":false,"path_per_floor":["M","?","M","?","T","R","E","R","T","R","E","?","E","M","R","B"],"character_chosen":"DEFECT","items_purchased":[],"campfire_rested":1,"item_purchase_floors":[],"current_hp_per_floor":[67,67,67,72,72,72,59,59,59,59,45,33,12,12,36,0,0],"gold":276,"neow_bonus":"UPGRADE_CARD","is_daily":false,"chose_seed":false,"campfire_upgraded":3,"win_rate":0.0,"timestamp":1611789673,"path_taken":["M","?","M","?","?","R","E","R","T","R","E","?","E","M","R","BOSS"],"items_purchased_type":[],"build_version":"2020-12-22","purchased_purges":0,"victory":false,"max_hp_per_floor":[75,75,75,80,80,80,80,80,80,80,80,80,80,80,80,80,80],"relic_stats":{"counters":[7,34],"CeramicFish":27,"Bird Faced Urn":[0],"Tiny Chest":0,"Juzu Bracelet":0,"obtain_stats":[{"CeramicFish":7,"Bird Faced Urn":12,"Tiny Chest":11,"Omamori":9,"Juzu Bracelet":13,"Toxic Egg 2":5,"Cracked Core":0},{"CeramicFish":3,"Bird Faced Urn":4,"Tiny Chest":4,"Omamori":3,"Juzu Bracelet":5,"Toxic Egg 2":2,"Cracked Core":0},{"CeramicFish":13,"Bird Faced Urn":16,"Tiny Chest":16,"Omamori":13,"Juzu Bracelet":23,"Toxic Egg 2":6,"Cracked Core":0}]},"card_choices":[{"not_picked":["Self Repair","Ball Lightning"],"picked":"Cold Snap","floor":1},{"not_picked":["Reprogram","Rainbow"],"picked":"Sweeping Beam","floor":3},{"not_picked":["Cold Snap","Streamline","Lockon"],"picked":"SKIP","floor":7},{"not_picked":["Cold Snap","Turbo+1"],"picked":"Gash","floor":11},{"not_picked":["Sweeping Beam","Skim+1"],"picked":"BootSequence+1","floor":13},{"not_picked":["Stack+1","Storm"],"picked":"Melter","floor":14}],"player_experience":635295,"relics_obtained":[{"floor":5,"key":"Toxic Egg 2"},{"floor":7,"key":"CeramicFish"},{"floor":9,"key":"Omamori"},{"floor":11,"key":"Tiny Chest"},{"floor":13,"key":"Juzu Bracelet"}],"event_choices":[{"cards_removed":["Strike_B"],"damage_healed":0,"gold_gain":0,"player_choice":"Forget","damage_taken":0,"max_hp_gain":0,"max_hp_loss":0,"event_name":"Living Wall","floor":2,"gold_loss":0},{"damage_healed":0,"gold_gain":0,"player_choice":"Donut","damage_taken":0,"max_hp_gain":5,"max_hp_loss":0,"event_name":"Big Fish","floor":4,"gold_loss":0},{"damage_healed":0,"gold_gain":0,"player_choice":"Success","damage_taken":12,"relics_obtained":["Bird Faced Urn"],"max_hp_gain":0,"max_hp_loss":0,"event_name":"Scrap Ooze","floor":12,"gold_loss":0}],"is_beta":false,"boss_relics":[],"items_purged_floors":[],"is_endless":false,"potions_floor_spawned":[7,11],"killed_by":"Slime Boss","ascension_level":7}}