{"host":"121m0oxswv9tg9hk","time":1611790732,"event":{"mods":["AchievementEnabler","BaseMod","Better Third Choice","Downfall","Hermit","Hubris","Infinite Spire","MarisaÅiñ∂âJÅ@ñÇóùçπÅj","Minty Spire (QoL Compilation)","Replay The Spire","Shade Mod","StSLib","The Construct","The Cursed","The Gatherer","The Hierophant","The Mystic"],"gold_per_floor":[116,199,209,209,220,220,232,232,232,264,264,264,264,277,277,374,424,395,395,395,395,395,395],"floor_reached":23,"language":"ENG","playtime":1387,"items_purged":[],"score":234,"play_id":"92478f59-f1a4-457c-bf9c-f9fa0f0ec670","local_time":"20210128003852","is_ascension_mode":true,"campfire_choices":[{"data":"TheCursedMod:ReleasedKnowledge","floor":6,"key":"SMITH"},{"data":"TheCursedMod:EmpowerCircles","floor":8,"key":"SMITH"},{"data":"TheCursedMod:CursedWand","floor":11,"key":"SMITH"},{"floor":15,"key":"REST"}],"circlet_count":0,"master_deck":["TheCursedMod:Strike_TheCursed","TheCursedMod:Strike_TheCursed","TheCursedMod:Strike_TheCursed","TheCursedMod:Defend_TheCursed","TheCursedMod:Defend_TheCursed","TheCursedMod:Defend_TheCursed","TheCursedMod:Defend_TheCursed","TheCursedMod:CursedWand+1","TheCursedMod:CleanUpWorkshop","TheCursedMod:CircleOfAbyss","TheCursedMod:SpreadPlague","TheCursedMod:Stigma","TheCursedMod:HellfireBreathing","TheCursedMod:ReleasedKnowledge+1","TheCursedMod:Mangle","TheCursedMod:EmpowerCircles+1","TheCursedMod:CircleOfAbyss","infinitespire:SevenWalls+1","TheCursedMod:CursedStaff","TheCursedMod:VoidForm","Guardian:PiercingHide","TheCursedMod:CursedAmulet","ReplayTheSpireMod:Speed Training"],"relics":["TheCursedMod:BlackMagic101","Vajra","hubris:Teleporter","hubris:DisguiseKit","Tiny House","hubris:BottledHeart"],"acts_visited":["Exordium","TheCity"],"potions_floor_usage":[5,16,23],"damage_taken":[{"damage":1,"enemies":"Jaw Worm","floor":1,"turns":5},{"damage":0,"enemies":"Small Slimes","floor":3,"turns":3},{"damage":4,"enemies":"Cultist","floor":5,"turns":3},{"damage":4,"enemies":"Looter","floor":7,"turns":4},{"damage":16,"enemies":"Replay:BlueRogue","floor":10,"turns":6},{"damage":18,"enemies":"Lots of Slimes","floor":14,"turns":3},{"damage":12,"enemies":"The Guardian","floor":16,"turns":8},{"damage":40,"enemies":"2 Thieves","floor":18,"turns":5},{"damage":3,"enemies":"Book of Stabbing","floor":23,"turns":7}],"seed_played":"1204685244691641218","potions_obtained":[{"floor":1,"key":"Weak Potion"},{"floor":10,"key":"Guardian:BlockOnCardUsePotion"},{"floor":17,"key":"Cursed Concoction"}],"is_trial":false,"path_per_floor":["M","?","M","?","M","R","M","R","T","E","R","?","?","M","R","B",null,"M","?","?","?","E"],"character_chosen":"THE_CURSED","items_purchased":[],"campfire_rested":1,"item_purchase_floors":[],"current_hp_per_floor":[74,74,74,74,70,70,66,66,66,50,50,50,50,32,54,42,72,32,1,1,1,0,0],"gold":395,"neow_bonus":"ONE_RANDOM_RARE_CARD","is_daily":false,"chose_seed":false,"campfire_upgraded":3,"win_rate":0.0,"timestamp":1611790732,"path_taken":["M","?","?","?","?","R","M","R","T","E","R","?","?","M","R","BOSS","M","?","?","?","E"],"items_purchased_type":[],"build_version":"2020-12-22","purchased_purges":0,"victory":false,"max_hp_per_floor":[75,75,75,75,75,75,75,75,75,75,75,75,75,75,75,75,80,80,1,1,1,1,1],"card_choices":[{"not_picked":["TheCursedMod:SaltUponWound","TheCursedMod:TroublousMinions"],"picked":"TheCursedMod:SpreadPlague","floor":1},{"not_picked":["TheCursedMod:RavingStaff","TheCursedMod:TacticalStrike"],"picked":"TheCursedMod:Stigma","floor":2},{"not_picked":["TheCursedMod:Obscuration","TheCursedMod:SaltUponWound"],"picked":"TheCursedMod:HellfireBreathing","floor":2},{"not_picked":["TheCursedMod:Stretching","TheCursedMod:TacticalStrike"],"picked":"TheCursedMod:ReleasedKnowledge","floor":3},{"not_picked":["TheCursedMod:FleshFromBone","TheCursedMod:RapidMovement"],"picked":"TheCursedMod:Mangle","floor":5},{"not_picked":["TheCursedMod:AbyssShockwave","TheCursedMod:ReleasedStrength"],"picked":"TheCursedMod:EmpowerCircles","floor":7},{"not_picked":["TheCursedMod:Mangle","TheCursedMod:CircleOfAmplification"],"picked":"TheCursedMod:CircleOfAbyss","floor":10},{"not_picked":["infinitespire:TheBestDefense","ReplayTheSpireMod:Haul"],"picked":"infinitespire:SevenWalls","floor":12},{"not_picked":["TheCursedMod:CircleOfCorruption","TheCursedMod:Stigma","Guardian:Gem_Cyan"],"picked":"TheCursedMod:CursedStaff","floor":14},{"not_picked":["TheCursedMod:CircleOfAbyss","TheCursedMod:StunningStrike","Guardian:FastForward"],"picked":"TheCursedMod:VoidForm","floor":16},{"not_picked":["TheCursedMod:Torture","TheCursedMod:SurpriseAttack","TheCursedMod:VitalStrike"],"picked":"Guardian:PiercingHide","floor":17},{"not_picked":["TheCursedMod:AshesToAshes","TheCursedMod:SmokeScreen","Guardian:Suspension"],"picked":"TheCursedMod:CursedAmulet","floor":18}],"player_experience":2964227,"relics_obtained":[{"floor":2,"key":"Vajra"},{"floor":9,"key":"hubris:Teleporter"},{"floor":10,"key":"hubris:DisguiseKit"}],"event_choices":[{"cards_removed":["TheCursedMod:Strike_TheCursed"],"damage_healed":0,"gold_gain":0,"player_choice":"Purged","damage_taken":0,"max_hp_gain":0,"max_hp_loss":0,"event_name":"Purifier","floor":4,"gold_loss":0},{"cards_removed":["downfall:Malfunctioning","Voices","ReplayTheSpireMod:Splinters","TheCursedMod:Dregs"],"damage_healed":0,"gold_gain":0,"player_choice":"Removed Curses","damage_taken":0,"max_hp_gain":0,"max_hp_loss":0,"event_name":"Fountain of Cleansing","floor":13,"gold_loss":0},{"damage_healed":0,"gold_gain":0,"player_choice":"Read","damage_taken":0,"max_hp_gain":0,"max_hp_loss":0,"event_name":"The Library","floor":20,"gold_loss":0,"cards_obtained":["ReplayTheSpireMod:Speed Training"]},{"damage_healed":0,"gold_gain":0,"player_choice":"Shed Blood","damage_taken":0,"max_hp_gain":5,"max_hp_loss":0,"event_name":"Forgotten Altar","floor":22,"gold_loss":0}],"is_beta":false,"boss_relics":[{"not_picked":["hubris:Stopwatch","hubris:BlackHole"],"picked":"Tiny House"}],"items_purged_floors":[],"is_endless":false,"potions_floor_spawned":[1,10],"killed_by":"Book of Stabbing","ascension_level":5}}