{"host":"ctlqibkg0sskiu65","time":1611722806,"event":{"mods":["AchievementEnabler","Aspiration","BaseMod","BetterRewards","Colored Map","Colored Powertips","Conspire","Fiend Mod","Infinite Spire","Minty Spire (QoL Compilation)","Quick Restart","Replay The Spire","Shop Mod","StSLib","The Bladedancer","The Cursed","The Hierophant","The Jungle","The Kombatant","The Servant 0.9.4","TheBandit"],"gold_per_floor":[111,130,130,130,149,149,161,236,305,305,315,315,39,54,54,131,131,143,143,159,179,179,179],"floor_reached":22,"language":"ENG","playtime":819,"items_purged":[],"score":338,"play_id":"bf8c47f1-213f-436c-9f71-e9aee809f9d1","local_time":"20210126224646","is_ascension_mode":true,"campfire_choices":[{"data":"Accuracy","floor":6.0,"key":"SMITH"},{"data":"Dodge and Roll","floor":12.0,"key":"SMITH"},{"data":"Neutralize","floor":15.0,"key":"SMITH"}],"circlet_count":0,"master_deck":["AscendersBane","Strike_G","Strike_G","Strike_G","Strike_G","Strike_G","Defend_G+1","Defend_G","Defend_G","Defend_G","Defend_G","Survivor","Neutralize+1","Accuracy+1","Dodge and Roll+1","Injury","Blade Dance+1","Dodge and Roll+1","After Image","Cloak And Dagger+1","infinitespire:Neurotoxin+1","Terror+1","Blade Dance+1"],"relics":["Ring of the Serpent","Toxic Egg 2","Replay:Ringing Soul","Sundial","Membership Card","Replay:Baseball","FaceOfCleric"],"acts_visited":["Exordium","TheCity"],"potions_floor_usage":[],"damage_taken":[{"damage":1.0,"enemies":"Jaw Worm","floor":1.0,"turns":5.0},{"damage":4.0,"enemies":"2 Louse","floor":2.0,"turns":5.0},{"damage":0.0,"enemies":"Small Slimes","floor":5.0,"turns":5.0},{"damage":1.0,"enemies":"Looter","floor":7.0,"turns":4.0},{"damage":0.0,"enemies":"Red Slaver","floor":11.0,"turns":1.0},{"damage":6.0,"enemies":"Lots of Slimes","floor":14.0,"turns":7.0},{"damage":8.0,"enemies":"Hexaghost","floor":16.0,"turns":11.0},{"damage":14.0,"enemies":"Shell Parasite","floor":18.0,"turns":7.0},{"damage":26.0,"enemies":"conspire:FuzzyDice","floor":20.0,"turns":8.0},{"damage":24.0,"enemies":"Sentry and Sphere","floor":21.0,"turns":9.0},{"damage":5,"enemies":"Snake Plant","floor":22,"turns":2}],"seed_played":"2028066056605682829","potions_obtained":[{"floor":1.0,"key":"Explosive Potion"},{"floor":2.0,"key":"Energy Potion"},{"floor":5.0,"key":"Explosive Potion"},{"floor":14.0,"key":"PowerPotion"},{"floor":20.0,"key":"Elixir"},{"floor":21.0,"key":"SteroidPotion"}],"is_trial":false,"path_per_floor":["M","M","?","?","M","R","M","?","T","T","M","R","$","M","R","B",null,"M","?","M","M","M"],"character_chosen":"THE_SILENT","items_purchased":["Membership Card","Replay:Baseball","After Image"],"campfire_rested":0,"item_purchase_floors":[13,13,13],"current_hp_per_floor":[58,54,54,54,54,54,53,42,42,42,42,42,45,42,42,37,66,52,52,30,10,5,5],"gold":179,"neow_bonus":"RANDOM_EVENT","is_daily":false,"chose_seed":false,"campfire_upgraded":3,"win_rate":0.0,"timestamp":1611722806,"path_taken":["M","M","?","?","M","R","M","?","T","?","M","R","?","M","R","BOSS","M","?","M","?","M"],"items_purchased_type":["Relic","Relic","Card"],"build_version":"2020-12-22","purchased_purges":0,"victory":false,"max_hp_per_floor":[66,66,66,66,66,66,66,66,66,66,66,66,69,72,72,75,75,75,75,79,83,83,83],"card_choices":[{"not_picked":["Sneak Up","Calculated Gamble"],"picked":"Accuracy","floor":1.0},{"not_picked":["Skewer","Heel Hook"],"picked":"Dodge and Roll","floor":2.0},{"not_picked":["Quick Slash","Toxin Wave+1"],"picked":"Blade Dance+1","floor":5.0},{"not_picked":["Deflect+1","Bouncing Flask+1"],"picked":"Dodge and Roll+1","floor":7.0},{"not_picked":["Flying Knee","Quick Slash","Predator"],"picked":"SKIP","floor":11.0},{"not_picked":["Deflect+1","Terror+1"],"picked":"Cloak And Dagger+1","floor":14.0},{"not_picked":["Night Terror+1","Venomology+1"],"picked":"infinitespire:Neurotoxin+1","floor":16.0},{"not_picked":["Riddle With Holes","Prepared+1","Finisher+1"],"picked":"SKIP","floor":18.0},{"not_picked":["Masterful Stab","Blade Dance+1"],"picked":"Terror+1","floor":20.0},{"not_picked":["Tactician+1","Skewer+1"],"picked":"Blade Dance+1","floor":21.0}],"player_experience":245704,"relics_obtained":[{"floor":9.0,"key":"Replay:Ringing Soul"},{"floor":10.0,"key":"Sundial"}],"event_choices":[{"damage_healed":0.0,"max_hp_gain":0.0,"max_hp_loss":0.0,"gold_gain":75.0,"event_name":"World of Goop","player_choice":"Gather Gold","floor":8.0,"gold_loss":0.0,"damage_taken":11.0},{"damage_healed":0.0,"max_hp_gain":0.0,"max_hp_loss":0.0,"gold_gain":0.0,"event_name":"FaceTrader","player_choice":"Trade","floor":19.0,"gold_loss":0.0,"damage_taken":0.0,"relics_obtained":["FaceOfCleric"]}],"is_beta":false,"boss_relics":[{"not_picked":["aspiration:RitualDagger","Snecko Eye"],"picked":"Ring of the Serpent"}],"items_purged_floors":[],"is_endless":false,"potions_floor_spawned":[1,2,5,14,20,21],"killed_by":"Snake Plant","ascension_level":18}}