{"host":"kzdd4m4bvg6y0ylx","time":1611757208,"event":{"mods":["AchievementEnabler","Aspiration","BaseMod","Colored Powertips","FoggyMod","Grow up Mod","Ironclad Rager","Minty Spire (QoL Compilation)","Remove Card Discount Mod","Replay The Spire","RumiaBox-露米娅的神秘盒子","Shop Mod","StSLib","SuperFastMode","TestMod","UnlockEverythingMod","[JumpMod]舞动尖塔","【功能Mod】混沌之环修复补丁"],"gold_per_floor":[114,114,114,129,123,123,153,153,153,183,183,183,183,198,198,298,298,313,313,7,22,22,22,22,52,52,67,67,97,97,46,46,146,146,161,161,11,26,74,104,110,140,140,140,170,170,170,215,215,188],"floor_reached":51,"language":"ZHS","playtime":1512,"items_purged":["Defend_R","Strike_R","Strike_R","Defend_R","Defend_R","Strike_R"],"score":1326,"play_id":"db1e74e7-4926-424c-99bc-b902652f2e8d","local_time":"20210127222008","daily_mods":["Heirloom","Blue Cards","Elite Swarm"],"is_ascension_mode":false,"campfire_choices":[{"data":"Bash","floor":6,"key":"SMITH"},{"data":"Shrug It Off","floor":6,"key":"SMITH"},{"data":"Strike_R","floor":8,"key":"SMITH"},{"data":"Strike_R","floor":8,"key":"SMITH"},{"data":"Darkness","floor":15,"key":"SMITH"},{"data":"testmod-Collector","floor":15,"key":"SMITH"},{"data":"Barricade","floor":23,"key":"SMITH"},{"data":"Static Discharge","floor":23,"key":"SMITH"},{"data":"Echo Form","floor":30,"key":"SMITH"},{"data":"Core Surge","floor":30,"key":"SMITH"},{"data":"Iron Wave","floor":32,"key":"SMITH"},{"data":"Defragment","floor":32,"key":"SMITH"},{"data":"Storm","floor":44,"key":"SMITH"},{"data":"Rainbow","floor":44,"key":"SMITH"},{"data":"Demon Form","floor":46,"key":"SMITH"},{"data":"Rainbow","floor":46,"key":"SMITH"},{"data":"Juggernaut","floor":49,"key":"SMITH"},{"data":"Heatsinks","floor":49,"key":"SMITH"}],"circlet_count":0,"master_deck":["Strike_R+1","Strike_R+1","Defend_R+1","Bash+1","Shrug It Off+1","Demon Form+1","testmod-Collector+1","Darkness+1","Core Surge+1","Havoc+1","Iron Wave+1","Barricade+1","Static Discharge+1","Defragment+1","Echo Form+1","Massacre+1","Juggernaut+1","Storm+1","Double Tap","Writhe","Rainbow+1","Heatsinks+1","Rainbow+1","Demon Form+1"],"relics":["Burning Blood","testmod-TestBox","HowToJump","testmod-SaigiyounoYou","Replay:Arrowhead","Orichalcum","Snack Pack","Replay:Rubber Ducky","GodSword3","HornCleat","EasyGame_NEW","testmod-AssaultLearning","Strawberry","FaceOfCleric","Anchor","Vajra","Prayer Wheel","Baka2","Ginger","Painkiller Herb","Bag of Marbles","testmod-HeartOfStrike","FossilizedHelix","Turnip","SSSystem","aspiration:SeaSaltIceCream","CultistMask","aspiration:ChemicalBlood","testmod-RealStoneCalender"],"acts_visited":["Exordium","TheCity","TheBeyond"],"potions_floor_usage":[7,16,16,40,40,45,50],"damage_taken":[{"damage":0,"enemies":"2 Louse","floor":1,"turns":4},{"damage":0,"enemies":"Cultist","floor":4,"turns":3},{"damage":25,"enemies":"Lagavulin","floor":7,"turns":7},{"damage":0,"enemies":"Replay:BlueRogue","floor":10,"turns":1},{"damage":6,"enemies":"Small Slimes","floor":14,"turns":2},{"damage":3,"enemies":"Fading Forest","floor":16,"turns":10},{"damage":12,"enemies":"3 Byrds","floor":18,"turns":4},{"damage":0,"enemies":"Shell Parasite","floor":21,"turns":2},{"damage":12,"enemies":"Slavers","floor":25,"turns":3},{"damage":1,"enemies":"Centurion and Healer","floor":27,"turns":4},{"damage":0,"enemies":"Replay:Snechameleon","floor":29,"turns":6},{"damage":0,"enemies":"Collector","floor":33,"turns":5},{"damage":5,"enemies":"3 Shapes","floor":35,"turns":3},{"damage":0,"enemies":"3 Darklings","floor":38,"turns":3},{"damage":12,"enemies":"Mind Bloom Boss Battle","floor":39,"turns":3},{"damage":0,"enemies":"Giant Head","floor":40,"turns":4},{"damage":0,"enemies":"2 Orb Walkers","floor":41,"turns":2},{"damage":0,"enemies":"Nemesis","floor":42,"turns":5},{"damage":0,"enemies":"Reptomancer","floor":45,"turns":2},{"damage":0,"enemies":"R_Hoarder","floor":48,"turns":3},{"damage":5,"enemies":"Donu and Deca","floor":50,"turns":5}],"seed_played":"-8653540479942029245","potions_obtained":[{"floor":1,"key":"Block Potion"},{"floor":7,"key":"testmod-TestPotion"},{"floor":14,"key":"Weak Potion"},{"floor":27,"key":"PowerPotion"},{"floor":33,"key":"Venom Potion"},{"floor":35,"key":"SteroidPotion"},{"floor":39,"key":"Toxic Potion"},{"floor":41,"key":"Venom Potion"}],"is_trial":false,"path_per_floor":["M","?","?","M","$","R","E","R","T","E","?","?","?","M","R","B",null,"M","?","$","M","?","R","$","E","T","M","?","E","R","$","R","B",null,"?","?","T","?","?","E","?","E","T","T","E","T","?","E","T","B",null],"character_chosen":"IRONCLAD","items_purchased":["testmod-AssaultLearning","Strawberry","Massacre+1","Bag of Marbles"],"campfire_rested":0,"item_purchase_floors":[20,20,31,37],"current_hp_per_floor":[100,103,120,130,140,150,146,156,166,190,162,172,182,199,209,250,260,270,280,297,307,317,327,337,348,358,369,379,390,400,410,420,431,441,452,462,472,483,494,505,516,527,537,547,11,21,507,518,528,539],"gold":188,"neow_bonus":"","is_daily":true,"chose_seed":false,"campfire_upgraded":18,"win_rate":0.0,"timestamp":1611757208,"path_taken":["M","?","?","?","$","R","E","R","T","E","?","?","?","?","R","BOSS","M","?","$","?","?","R","?","E","T","?","?","E","R","$","R","BOSS","?","?","T","?","?","E","?","E","T","T","E","T","?","E","T","BOSS"],"items_purchased_type":["Relic","Relic","Card","Relic"],"build_version":"2020-12-22","purchased_purges":6,"victory":true,"max_hp_per_floor":[100,110,120,130,140,150,160,170,180,190,200,210,220,230,240,250,260,270,280,297,307,317,327,337,348,358,369,379,390,400,410,420,431,441,452,462,472,483,494,505,516,527,537,547,558,568,507,518,528,539],"card_choices":[{"not_picked":["Second Wind","ReplayTheSpireMod:GoodbyeWorld","White Noise"],"picked":"SKIP","floor":1},{"not_picked":["Steam","Body Slam"],"picked":"Shrug It Off","floor":4},{"not_picked":["ReplayTheSpireMod:Omega Cannon","Seek","Reboot"],"picked":"SKIP","floor":7},{"not_picked":["Immolate","Machine Learning"],"picked":"Demon Form","floor":10},{"not_picked":["Lockon","ReplayTheSpireMod:Repulse"],"picked":"Darkness","floor":14},{"not_picked":["Exhume","Seek"],"picked":"Core Surge","floor":16},{"not_picked":["Reprogram","Cold Snap"],"picked":"Havoc+1","floor":18},{"not_picked":["Go for the Eyes+1","Clash+1"],"picked":"Iron Wave","floor":18},{"not_picked":["Beam Cell","Scrape"],"picked":"Barricade","floor":18},{"not_picked":["Headbutt+1","Steam Power","Life Link"],"picked":"SKIP","floor":18},{"not_picked":["ReplayTheSpireMod:Strike From Hell","ICR:Frenzy"],"picked":"Static Discharge","floor":21},{"not_picked":["Reboot","Meteor Strike"],"picked":"ReplayTheSpireMod:Fabricate Wheel","floor":25},{"not_picked":["Stack+1","Conserve Battery+1"],"picked":"Defragment","floor":27},{"not_picked":["Rage","Blood for Blood","Barrage"],"picked":"SKIP","floor":27},{"not_picked":["Impervious","Replay:Many Hands"],"picked":"Echo Form","floor":29},{"not_picked":["Amplify","Berserk"],"picked":"Juggernaut","floor":33},{"not_picked":["Barrage+1","Time Bomb"],"picked":"Storm","floor":35},{"not_picked":["Uppercut","Streamline+1","Cold Snap"],"picked":"SKIP","floor":35},{"not_picked":["Stack+1","Heavy Blade+1","ReplayTheSpireMod:LeadingStrike"],"picked":"SKIP","floor":38},{"not_picked":["Headbutt","Life Link+1","Amplify"],"picked":"SKIP","floor":38},{"not_picked":["ReplayTheSpireMod:Fabricate Wheel","Thunder Strike"],"picked":"Rainbow","floor":40},{"not_picked":["Heavy Blade","Hello World"],"picked":"Heatsinks","floor":41},{"not_picked":["Impervious","Immolate"],"picked":"Rainbow","floor":42},{"not_picked":["Meteor Strike","Demonic Infusion"],"picked":"Demon Form","floor":45},{"not_picked":["Exhume","Brutality","Hyperbeam"],"picked":"SKIP","floor":48}],"player_experience":75794,"relics_obtained":[{"floor":1,"key":"Baka"},{"floor":7,"key":"Snack Pack"},{"floor":9,"key":"Replay:Rubber Ducky"},{"floor":10,"key":"GodSword3"},{"floor":25,"key":"Anchor"},{"floor":26,"key":"Vajra"},{"floor":27,"key":"Baka2"},{"floor":29,"key":"Ginger"},{"floor":39,"key":"testmod-HeartOfStrike"},{"floor":40,"key":"FossilizedHelix"},{"floor":41,"key":"Turnip"},{"floor":42,"key":"SSSystem"},{"floor":43,"key":"aspiration:SeaSaltIceCream"},{"floor":45,"key":"aspiration:ChemicalBlood"},{"floor":48,"key":"testmod-RealStoneCalender"}],"event_choices":[{"damage_healed":0,"gold_gain":0,"player_choice":"Success","damage_taken":7,"relics_obtained":["Orichalcum"],"max_hp_gain":0,"max_hp_loss":0,"event_name":"Scrap Ooze","floor":2,"gold_loss":0},{"damage_healed":0,"gold_gain":0,"player_choice":"Entered Light","damage_taken":38,"max_hp_gain":0,"max_hp_loss":0,"event_name":"Shining Light","floor":11,"gold_loss":0,"cards_upgraded":["Defend_R","Demon Form"]},{"damage_healed":0,"gold_gain":0,"player_choice":"Box","damage_taken":0,"relics_obtained":["HornCleat"],"max_hp_gain":0,"max_hp_loss":0,"event_name":"Big Fish","floor":12,"gold_loss":0,"cards_obtained":["Regret"]},{"damage_healed":0,"gold_gain":0,"player_choice":"1 cards matched","damage_taken":0,"max_hp_gain":0,"max_hp_loss":0,"event_name":"Match and Keep!","floor":13,"gold_loss":0,"cards_obtained":["testmod-Collector"]},{"cards_removed":["Regret"],"damage_healed":0,"gold_gain":0,"player_choice":"Purged","damage_taken":0,"max_hp_gain":0,"max_hp_loss":0,"event_name":"Purifier","floor":19,"gold_loss":0},{"damage_healed":0,"gold_gain":0,"player_choice":"Trade","damage_taken":0,"relics_obtained":["FaceOfCleric"],"max_hp_gain":0,"max_hp_loss":0,"event_name":"FaceTrader","floor":22,"gold_loss":0},{"damage_healed":0,"gold_gain":0,"player_choice":"Swap Relic","damage_taken":0,"relics_obtained":["Gambling Chip"],"max_hp_gain":0,"max_hp_loss":0,"event_name":"给自己的盒子","floor":28,"relics_lost":["Gambling Chip"],"gold_loss":0},{"damage_healed":0,"gold_gain":0,"player_choice":"1 cards matched","damage_taken":0,"max_hp_gain":0,"max_hp_loss":0,"event_name":"Match and Keep!","floor":36,"gold_loss":0,"cards_obtained":["Double Tap"]},{"damage_healed":0,"gold_gain":0,"player_choice":"Fight","damage_taken":0,"max_hp_gain":0,"max_hp_loss":0,"event_name":"MindBloom","floor":39,"gold_loss":0},{"damage_healed":0,"gold_gain":0,"player_choice":"Fight","damage_taken":0,"max_hp_gain":0,"max_hp_loss":0,"event_name":"Mysterious Sphere","floor":41,"gold_loss":0},{"damage_healed":497,"gold_gain":0,"player_choice":"Heal","damage_taken":0,"max_hp_gain":0,"max_hp_loss":71,"event_name":"The Moai Head","floor":47,"gold_loss":0}],"is_beta":false,"boss_relics":[{"not_picked":["testmod-CardMagician","Replay:Drink Me"],"picked":"EasyGame_NEW"},{"not_picked":["aspiration:SilentSkillbook","Black Blood"],"picked":"Painkiller Herb"}],"items_purged_floors":[5,5,5,20,20,20],"is_endless":false,"potions_floor_spawned":[1,7,14,27,33,35,39,41],"ascension_level":0}}