{"host":"k2mw1od0xoi9pcfj","time":1611786987,"event":{"mods":["100% Spire Juice","Act Like it!","Aspiration","BaseMod","Beaked The Cultist","Downfall","Energized Spire","Hermit","Highlight Path","Minty Spire (QoL Compilation)","Permanent Neow","Relic Stats","Replay The Spire","Retaliation","StSLib","TheHeartMod"],"gold_per_floor":[113,113,130,141,141,141,174,174,174,174,190,190,250,274,274,393,393,407,407,407,428,447,487,34,52,52,52,52,73,73,73,73,73,73,197,197,222,222,247,580,8,8,8],"floor_reached":42,"language":"ENG","playtime":2000,"items_purged":[],"score":439,"play_id":"581ec8a7-f860-4faf-8fae-9931bf35f05e","local_time":"20210127163627","is_ascension_mode":false,"campfire_choices":[{"data":"beaked:BraceForImpact","floor":6,"key":"SMITH"},{"data":"beaked:Poke","floor":8,"key":"SMITH"},{"data":"Injury","floor":12,"key":"PURGE"},{"floor":15,"key":"RECALL"},{"data":"downfall:Bewildered","floor":28,"key":"PURGE"},{"data":"Languid","floor":30,"key":"PURGE"},{"data":"beaked:MimicWarrior","floor":34,"key":"SMITH"}],"circlet_count":0,"master_deck":["beaked:Strike_Y","beaked:Strike_Y","beaked:Strike_Y","beaked:Strike_Y","beaked:Strike_Y","beaked:Strike_Y","beaked:Defend_Y","beaked:Defend_Y","beaked:Defend_Y","beaked:Defend_Y+2","beaked:Ceremony","beaked:Ceremony","beaked:Ceremony","Injury","Languid","beaked:WarriorEssence","beaked:Poke+1","beaked:BraceForImpact+1","beaked:Poke+1","beaked:MachineSpirit","beaked:Foresight","beaked:Brace+1","beaked:Poke","beaked:MachineEssence","ReplayTheSpireMod:Splinters","CommonCold","beaked:Insight","beaked:BraceForImpact","beaked:Daydream","beaked:Evade+1","beaked:MimicWarrior+1","beaked:Recite","beaked:Molting","beaked:WildInstinct+1","beaked:Daydream+1"],"relics":["beaked:MendingPlumage","ReplayTheSpireMod:DimensionalGlitch","NlothsMask","CultistMask","Peace Pipe","The Courier","Replay:Ancient Bell","Bag of Marbles","Quantum Egg","Du-Vu Doll","sneckomod:BabySnecko","Pen Nib","Simple Rune","Molten Egg 2","Shuriken","Busted Crown","Eternal Feather","Frozen Egg 2","War Paint","Torii"],"acts_visited":["Exordium","TheCity","TheBeyond"],"potions_floor_usage":[23],"damage_taken":[{"damage":5,"enemies":"Jaw Worm","floor":1,"turns":4},{"damage":12,"enemies":"Cultist","floor":3,"turns":5},{"damage":7,"enemies":"Small Slimes","floor":4,"turns":4},{"damage":57,"enemies":"Gremlin Nob","floor":7,"turns":6},{"damage":6,"enemies":"2 Fungi Beasts","floor":11,"turns":5},{"damage":27,"enemies":"Large Slime","floor":14,"turns":7},{"damage":23,"enemies":"Slime Boss","floor":16,"turns":9},{"damage":81,"enemies":"3 Byrds","floor":18,"turns":7},{"damage":37,"enemies":"Shell Parasite","floor":21,"turns":7},{"damage":34,"enemies":"Snecko","floor":22,"turns":6},{"damage":44,"enemies":"Gremlin Leader","floor":23,"turns":9},{"damage":31,"enemies":"Snake Plant","floor":25,"turns":3},{"damage":28,"enemies":"Centurion and Healer","floor":29,"turns":6},{"damage":96,"enemies":"Collector","floor":35,"turns":9},{"damage":50,"enemies":"3 Darklings","floor":37,"turns":7},{"damage":29,"enemies":"Orb Walker","floor":39,"turns":4},{"damage":61,"enemies":"Reptomancer","floor":42,"turns":3}],"seed_played":"7721254652684623962","potions_obtained":[{"floor":7,"key":"DuplicationPotion"},{"floor":16,"key":"PowerPotion"},{"floor":23,"key":"Venom Potion"},{"floor":29,"key":"Venom Potion"}],"is_trial":false,"path_per_floor":["M","?","M","M","?","R","E","R","T","?","M","R","?","M","R","B",null,"M","?","?","M","M","E","$","M","T","?","R","M","R","PTL","PTL","?","R","B",null,"M","?","M","?","$","E"],"character_chosen":"BEAKED_THE_CULTIST","items_purchased":["Simple Rune","Molten Egg 2","beaked:Recite","beaked:Molting","Frozen Egg 2","War Paint","Torii"],"campfire_rested":0,"item_purchase_floors":[24,24,24,24,41,41,41],"current_hp_per_floor":[50,50,48,50,50,50,7,7,7,7,20,20,20,18,18,37,50,20,20,20,37,47,50,50,28,28,28,28,31,31,31,31,31,31,22,50,50,50,31,31,31,0,0],"gold":8,"neow_bonus":"CURSED_BOSS_RELIC","is_daily":false,"chose_seed":false,"campfire_upgraded":3,"win_rate":0.0,"timestamp":1611786987,"path_taken":["M","?","M","?","?","R","E","R","T","?","M","R","?","M","R","BOSS","M","?","?","M","M","E","$","?","T","?","R","M","R","PTL","PTL","?","R","BOSS","M","?","M","?","$","E"],"items_purchased_type":["Relic","Relic","Card","Card","Relic","Relic","Relic"],"build_version":"2020-12-22","purchased_purges":0,"victory":false,"max_hp_per_floor":[50,50,50,50,50,50,50,50,50,50,50,50,50,50,50,50,50,50,50,50,50,50,50,50,50,50,50,50,50,50,50,50,50,50,50,50,50,50,50,50,50,50,50],"relic_stats":{"Peace Pipe":3,"Busted Crown":4,"Torii":0,"counters":[17,101],"Shuriken":[4],"Eternal Feather":0,"Pen Nib":[5],"War Paint":["beaked:Brace","beaked:Defend_Y"],"obtain_stats":[{"Torii":41,"Golden Idol":10,"Quantum Egg":17,"Eternal Feather":38,"The Courier":13,"Pen Nib":23,"Replay:Ancient Bell":17,"Frozen Egg 2":41,"War Paint":41,"Peace Pipe":7,"Du-Vu Doll":17,"sneckomod:BabySnecko":19,"Busted Crown":36,"Shuriken":26,"Simple Rune":24,"Molten Egg 2":24,"CultistMask":2,"Bag of Marbles":17,"beaked:MendingPlumage":0,"ReplayTheSpireMod:DimensionalGlitch":0,"NlothsMask":2},{"Torii":16,"Golden Idol":4,"Quantum Egg":7,"Eternal Feather":15,"The Courier":5,"Pen Nib":11,"Replay:Ancient Bell":7,"Frozen Egg 2":16,"War Paint":16,"Peace Pipe":4,"Du-Vu Doll":7,"sneckomod:BabySnecko":8,"Busted Crown":14,"Shuriken":12,"Simple Rune":11,"Molten Egg 2":11,"CultistMask":1,"Bag of Marbles":7,"beaked:MendingPlumage":0,"ReplayTheSpireMod:DimensionalGlitch":0,"NlothsMask":1},{"Torii":98,"Golden Idol":19,"Quantum Egg":40,"Eternal Feather":94,"The Courier":24,"Pen Nib":69,"Replay:Ancient Bell":40,"Frozen Egg 2":98,"War Paint":98,"Peace Pipe":19,"Du-Vu Doll":40,"sneckomod:BabySnecko":47,"Busted Crown":87,"Shuriken":72,"Simple Rune":69,"Molten Egg 2":69,"CultistMask":4,"Bag of Marbles":40,"beaked:MendingPlumage":0,"ReplayTheSpireMod:DimensionalGlitch":0,"NlothsMask":4}]},"card_choices":[{"not_picked":["beaked:Windmill","beaked:Redirect"],"picked":"beaked:WarriorEssence","floor":1},{"not_picked":["beaked:FeelMyPain","beaked:WarriorEssence"],"picked":"beaked:Poke","floor":3},{"not_picked":["beaked:DigDeep","beaked:Tradeoff"],"picked":"beaked:BraceForImpact","floor":4},{"not_picked":["beaked:SurvivalInstinct","beaked:Resilience"],"picked":"beaked:Poke","floor":7},{"not_picked":["beaked:Tradeoff","beaked:Evade"],"picked":"beaked:MachineSpirit","floor":11},{"not_picked":["beaked:WarriorEssence","beaked:Windmill"],"picked":"beaked:Foresight","floor":13},{"not_picked":["beaked:WildInstinct","beaked:Flinch"],"picked":"beaked:Brace","floor":13},{"not_picked":["beaked:SurvivalInstinct","beaked:RuinSticks"],"picked":"beaked:Poke","floor":14},{"not_picked":["beaked:FullHouse","beaked:DarkPact"],"picked":"beaked:MachineEssence","floor":16},{"not_picked":["Pain","Decay"],"picked":"Languid","floor":17},{"not_picked":["Amnesia","Parasite"],"picked":"ReplayTheSpireMod:Splinters","floor":17},{"not_picked":["Decay","downfall:Bewildered"],"picked":"CommonCold","floor":17},{"not_picked":["beaked:Daydream+1","beaked:Cower+1"],"picked":"beaked:Insight","floor":18},{"not_picked":["beaked:Windmill","beaked:Pecker"],"picked":"beaked:Daydream","floor":21},{"not_picked":["beaked:Insight+1","beaked:SacrificialDive"],"picked":"beaked:Evade+1","floor":22},{"not_picked":["beaked:Insight","beaked:RuinSticks"],"picked":"beaked:MimicWarrior","floor":23},{"not_picked":["beaked:WarriorEssence+1","beaked:Redirect","beaked:Tweet+1"],"picked":"SKIP","floor":25},{"not_picked":["beaked:HuntressEssence","ReplayTheSpireMod:Owlgaze","beaked:Pecker+1"],"picked":"SKIP","floor":29},{"not_picked":["beaked:SacrificialScars","beaked:Sacrifice+1"],"picked":"beaked:WildInstinct+1","floor":35},{"not_picked":[],"picked":"beaked:Daydream+1","floor":37},{"not_picked":["beaked:FeelMyPain+1"],"picked":"SKIP","floor":39}],"player_experience":850488,"relics_obtained":[{"floor":7,"key":"Peace Pipe"},{"floor":13,"key":"The Courier"},{"floor":23,"key":"Pen Nib"},{"floor":26,"key":"Shuriken"}],"event_choices":[{"damage_healed":0,"gold_gain":0,"player_choice":"Trade","damage_taken":0,"relics_obtained":["NlothsMask"],"max_hp_gain":0,"max_hp_loss":0,"event_name":"FaceTrader","floor":2,"gold_loss":0},{"damage_healed":0,"gold_gain":0,"player_choice":"Grow","damage_taken":0,"max_hp_gain":0,"max_hp_loss":0,"event_name":"Living Wall","floor":5,"gold_loss":0,"cards_upgraded":["beaked:Poke"]},{"damage_healed":0,"gold_gain":0,"player_choice":"Take Wound","damage_taken":0,"relics_obtained":["Golden Idol"],"max_hp_gain":0,"max_hp_loss":0,"event_name":"Golden Idol","floor":10,"gold_loss":0,"cards_obtained":["Injury"]},{"damage_healed":0,"gold_gain":0,"player_choice":"1 cards matched","damage_taken":0,"max_hp_gain":0,"max_hp_loss":0,"event_name":"Match and Keep!","floor":20,"gold_loss":0,"cards_obtained":["beaked:BraceForImpact"]},{"damage_healed":0,"gold_gain":0,"player_choice":"Simplicity","damage_taken":0,"max_hp_gain":0,"max_hp_loss":0,"event_name":"Back to Basics","floor":27,"gold_loss":0,"cards_upgraded":["beaked:Strike_Y","beaked:Strike_Y","beaked:Strike_Y","beaked:Strike_Y","beaked:Strike_Y","beaked:Strike_Y","beaked:Defend_Y","beaked:Defend_Y","beaked:Defend_Y","beaked:Defend_Y"]},{"cards_removed":["ReplayTheSpireMod:Splinters"],"damage_healed":0,"gold_gain":0,"player_choice":"Purged","damage_taken":0,"max_hp_gain":0,"max_hp_loss":0,"event_name":"Purifier","floor":33,"gold_loss":0},{"damage_healed":0,"gold_gain":333,"player_choice":"Gave Idol","damage_taken":0,"max_hp_gain":0,"max_hp_loss":0,"event_name":"The Moai Head","floor":40,"relics_lost":["Golden Idol"],"gold_loss":0}],"is_beta":false,"boss_relics":[{"not_picked":["energizedSpire:EnergizedDie","bronze:MakeshiftBattery"],"picked":"Replay:Ancient Bell"},{"not_picked":["Happy Flower","MealTicket"],"picked":"Bag of Marbles"},{"not_picked":["Matryoshka","Replay:Bottled Snecko"],"picked":"Quantum Egg"},{"not_picked":["Old Coin","aspiration:AnachronicSnailShell"],"picked":"Du-Vu Doll"},{"not_picked":["Tiny House","Fusion Hammer"],"picked":"Busted Crown"}],"items_purged_floors":[],"is_endless":false,"potions_floor_spawned":[7,16,23,29,39],"killed_by":"Reptomancer","ascension_level":0}}