{"host":"moon9xuhyn08cqjw","time":1611766023,"event":{"mods":["2.2 Compatiblity","AchievementEnabler","BaseMod","Better Third Choice","Conspire","Grow up Mod","GungeonMod","Hubris","Infinite Spire","Jedi Mod","Jorbs\u0027s Wanderer Trilogy","Lobotomy","LobotomyExtend","Marisa????????","Minty Spire (QoL Compilation)","Robot Space Explorer","StSLib","Td1madao Mod","The Blackbeard","The Forsaken","The Hierophant","The Necromancer","The Runesmith","The Saiyan","TheBandit","Transform Curses","[IsaacMod]????"],"gold_per_floor":[114,132,144,155,330,330,359,29,29,41,60,72,72,103,103,208,208,230,247,263,263,263,263,273,298,374,178,196,196,196,211,211,345,345,360,360,360,379,402,402,428,498,566,566,566,566,566,582,582,582,582],"floor_reached":50,"language":"RUS","playtime":3161,"items_purged":[],"score":580,"play_id":"98dc5c28-1b49-48ae-ac22-002484092d0c","local_time":"20210128004703","is_ascension_mode":false,"campfire_choices":[{"data":"DemoMod:Unmoved","floor":6,"key":"SMITH"},{"data":"DemoMod:BlackHoleGun","floor":15,"key":"SMITH"},{"data":"DemoMod:AbyssalTentacle","floor":23,"key":"SMITH"},{"floor":30,"key":"REST"},{"data":"DemoMod:FinishedGun","floor":32,"key":"SMITH"},{"data":"DemoMod:Elimentaler","floor":40,"key":"SMITH"},{"data":"DemoMod:Gungine","floor":45,"key":"SMITH"},{"data":"DemoMod:Slinger","floor":47,"key":"SMITH"},{"data":"DemoMod:FortunesFavor","floor":49,"key":"SMITH"}],"circlet_count":0,"master_deck":["DemoMod:Strike_Huntress","DemoMod:Strike_Huntress","DemoMod:Strike_Huntress","DemoMod:Defend_Huntress","DemoMod:Defend_Huntress","DemoMod:Defend_Huntress","DemoMod:Defend_Huntress","DemoMod:Roll","DemoMod:ManualReload","DemoMod:RustySidearm","DemoMod:CrossBow","DemoMod:TripleGun","DemoMod:MegaHand","DemoMod:Unmoved+1","DemoMod:HungryBullets","Doubt","DemoMod:GunShield","DemoMod:PotionOfGunFriendShip","DemoMod:CursedBullets","DemoMod:Camera","DemoMod:BlackHoleGun+1","DemoMod:TeaPot","DemoMod:SpreadAmmo","DemoMod:Slinger+1","DemoMod:FinishedGun+1","CurseOfTheBell","DemoMod:ShadowBullets+1","DemoMod:MachoBrace","DemoMod:AbyssalTentacle+1","infinitespire:Oblivion","DemoMod:Ejector","DemoMod:SkilledReload+1","Jack Of All Trades+1","DemoMod:Ejector","DemoMod:FortunesFavor+1","DemoMod:HighKaliber","DemoMod:ShadowBullets+1","DemoMod:AWP","DemoMod:Elimentaler+1","DemoMod:HighKaliber+1","Madness","Madness","DemoMod:StickyCrossBow+1","DemoMod:Camera+1","DemoMod:SAA+1","DemoMod:Gungine+1","DemoMod:AWP+1"],"relics":["DemoMod:Dog","HushsDoor","AnarchistCookbook","Dream Catcher","LetterFromLob","Calipers","DeadEye","Runesmith:Nanobots","Calling Bell","Bag of Preparation","conspire:Dentures","GuppysTail","GnawedLeaf","hubris:CrackedHourglass","DemoMod:ResourcefulSack","PillsDrop"],"acts_visited":["Exordium","TheCity","TheBeyond"],"potions_floor_usage":[10,16,33,42,42],"damage_taken":[{"damage":2,"enemies":"Small Slimes","floor":1,"turns":3},{"damage":5,"enemies":"Cultist","floor":2,"turns":4},{"damage":0,"enemies":"2 Louse","floor":3,"turns":2},{"damage":20,"enemies":"Large Slime","floor":4,"turns":8},{"damage":16,"enemies":"3 Sentries","floor":7,"turns":8},{"damage":8,"enemies":"Gremlin Gang","floor":10,"turns":3},{"damage":10,"enemies":"conspire:2 RoseBushes","floor":11,"turns":5},{"damage":3,"enemies":"Large Slime","floor":12,"turns":7},{"damage":10,"enemies":"3 Louse","floor":14,"turns":3},{"damage":30,"enemies":"The Guardian","floor":16,"turns":13},{"damage":68,"enemies":"3 Byrds","floor":18,"turns":7},{"damage":29,"enemies":"2 Thieves","floor":19,"turns":4},{"damage":18,"enemies":"Sentry and Sphere","floor":20,"turns":4},{"damage":25,"enemies":"Snake Plant","floor":24,"turns":4},{"damage":38,"enemies":"3 Cultists","floor":25,"turns":7},{"damage":19,"enemies":"conspire:HollyBat","floor":28,"turns":10},{"damage":35,"enemies":"Snecko","floor":31,"turns":7},{"damage":107,"enemies":"hubris:MusketHawk","floor":33,"turns":10},{"damage":7,"enemies":"3 Darklings","floor":35,"turns":6},{"damage":55,"enemies":"Orb Walker","floor":38,"turns":5},{"damage":24,"enemies":"3 Darklings","floor":39,"turns":5},{"damage":25,"enemies":"Nemesis","floor":41,"turns":5},{"damage":25,"enemies":"Jaw Worm Horde","floor":42,"turns":3},{"damage":64,"enemies":"Transient","floor":48,"turns":5},{"damage":209,"enemies":"Time Eater","floor":50,"turns":11}],"seed_played":"-3823703138556742811","potions_obtained":[{"floor":1,"key":"FairyPotion"},{"floor":7,"key":"Explosive Potion"},{"floor":11,"key":"Energy Potion"},{"floor":12,"key":"FearPotion"},{"floor":18,"key":"SpeedPotion"},{"floor":28,"key":"Explosive Potion"},{"floor":33,"key":"GamblersBrew"},{"floor":38,"key":"Energy Potion"}],"is_trial":false,"path_per_floor":["M","M","M","M","?","R","E","$","T","M","M","M","M","M","R","B",null,"M","M","M","AVR","?","R","M","M","T","$","M","?","R","M","R","B",null,"M","AVR","?","M","M","R","E","M","T","?","R","?","R","M","R","B"],"character_chosen":"HUNTRESS","items_purchased":["DeadEye","DemoMod:PotionOfGunFriendShip","DemoMod:CursedBullets","Jack Of All Trades","DemoMod:Ejector","DemoMod:FortunesFavor"],"campfire_rested":1,"item_purchase_floors":[8,8,8,27,27,27],"current_hp_per_floor":[88,93,103,93,103,113,107,117,127,129,129,136,146,146,156,136,250,192,173,165,175,185,195,180,152,162,172,163,173,294,269,279,182,420,423,433,388,343,329,339,324,309,319,329,339,349,359,305,315,0,0],"gold":582,"neow_bonus":"RANDOM_COMMON_RELIC","is_daily":false,"chose_seed":false,"campfire_upgraded":8,"win_rate":0.0,"timestamp":1611766023,"path_taken":["M","M","M","M","?","R","E","$","T","M","M","?","M","M","R","BOSS","M","M","M","AVR","?","R","M","?","T","$","M","?","R","M","R","BOSS","M","AVR","?","M","M","R","E","M","T","?","R","?","R","M","R","BOSS"],"items_purchased_type":["Relic","Card","Card","Card","Card","Card"],"build_version":"2020-12-22","purchased_purges":0,"victory":false,"max_hp_per_floor":[90,100,110,120,130,140,150,160,170,180,190,200,210,220,230,240,250,260,270,280,290,300,310,320,330,340,350,360,370,380,390,400,410,420,430,440,450,460,470,480,490,500,510,520,530,540,550,560,570,570,570],"card_choices":[{"not_picked":[],"picked":"ChaosCard","floor":0},{"not_picked":["DemoMod:TableSutra","DemoMod:JK47"],"picked":"DemoMod:TripleGun","floor":1},{"not_picked":["DemoMod:DirectionalPad","DemoMod:HardPowerCard"],"picked":"DemoMod:MegaHand","floor":2},{"not_picked":["DemoMod:AC15","DemoMod:BoxingGlove"],"picked":"DemoMod:Unmoved","floor":3},{"not_picked":["DemoMod:SkilledReload","DemoMod:TableSutra"],"picked":"DemoMod:HungryBullets","floor":4},{"not_picked":["DemoMod:MachoBrace","DemoMod:DoubleSwitch"],"picked":"DemoMod:GunShield","floor":7},{"not_picked":["DemoMod:AC15","DemoMod:PotionOfGunFriendShip"],"picked":"DemoMod:Camera","floor":10},{"not_picked":["DemoMod:HungryBullets","DemoMod:BattleInHaste"],"picked":"DemoMod:BlackHoleGun","floor":10},{"not_picked":["DemoMod:MegaHand","DemoMod:SniperShot"],"picked":"DemoMod:TeaPot","floor":11},{"not_picked":["DemoMod:FeignSurrender","DemoMod:FastSwitch"],"picked":"DemoMod:SpreadAmmo","floor":12},{"not_picked":["DemoMod:HardPowerCard","DemoMod:FeignSurrender"],"picked":"DemoMod:Slinger","floor":14},{"not_picked":["DemoMod:DoubleVision","DemoMod:BalloonGun"],"picked":"DemoMod:FinishedGun","floor":16},{"not_picked":["DemoMod:JK47+1","DemoMod:EasyReloadBullets"],"picked":"DemoMod:ShadowBullets+1","floor":18},{"not_picked":["DemoMod:DoubleSwitch","DemoMod:SAA+1"],"picked":"DemoMod:MachoBrace","floor":19},{"not_picked":["DemoMod:BSG","DemoMod:GunstockTap"],"picked":"DemoMod:AbyssalTentacle","floor":20},{"not_picked":["DemoMod:LifeOrb","DemoMod:StickyCrossBow"],"picked":"DemoMod:Ejector","floor":24},{"not_picked":["DemoMod:HardPowerCard","DemoMod:HuntsMan"],"picked":"DemoMod:SkilledReload+1","floor":25},{"not_picked":["DemoMod:ConditionalReflex+1","DemoMod:PracticeMakesPerfect"],"picked":"DemoMod:HighKaliber","floor":28},{"not_picked":["DemoMod:TeaPot+1","DemoMod:DirectionalPad"],"picked":"DemoMod:ShadowBullets+1","floor":30},{"not_picked":["DemoMod:ProbeStrike","DemoMod:SpreadAmmo"],"picked":"DemoMod:AWP","floor":31},{"not_picked":["DemoMod:BSG","DemoMod:BulletBore"],"picked":"DemoMod:Elimentaler","floor":33},{"not_picked":["DemoMod:FastSwitch+1","DemoMod:AC15"],"picked":"DemoMod:HighKaliber+1","floor":35},{"not_picked":["DemoMod:FastSwitch","DemoMod:Rummage"],"picked":"DemoMod:SniperShot","floor":38},{"not_picked":["DemoMod:FastSwitch","DemoMod:ConditionalReflex"],"picked":"DemoMod:StickyCrossBow+1","floor":39},{"not_picked":["DemoMod:StickyCrossBow","DemoMod:ProbeStrike"],"picked":"DemoMod:Camera+1","floor":41},{"not_picked":["DemoMod:ConditionalReflex+1","DemoMod:TeaPot"],"picked":"DemoMod:SAA+1","floor":42},{"not_picked":["DemoMod:SkilledReload","DemoMod:HuntsMan"],"picked":"DemoMod:AWP+1","floor":48}],"player_experience":1183159,"relics_obtained":[{"floor":1,"key":"LetterFromLob"},{"floor":7,"key":"Calipers"},{"floor":9,"key":"Runesmith:Nanobots"},{"floor":17,"key":"Bag of Preparation"},{"floor":17,"key":"conspire:Dentures"},{"floor":17,"key":"GuppysTail"},{"floor":26,"key":"GnawedLeaf"},{"floor":41,"key":"DemoMod:ResourcefulSack"},{"floor":43,"key":"PillsDrop"}],"event_choices":[{"damage_healed":0,"gold_gain":175,"player_choice":"AGREE","damage_taken":155,"max_hp_gain":0,"max_hp_loss":0,"event_name":"betterThird:BetterSerpent","floor":5,"gold_loss":0},{"damage_healed":0,"gold_gain":0,"player_choice":"Leave","damage_taken":0,"max_hp_gain":0,"max_hp_loss":0,"event_name":"conspire:Investor","floor":22,"gold_loss":0},{"damage_healed":0,"gold_gain":0,"player_choice":"Embrace Madness","damage_taken":55,"max_hp_gain":0,"max_hp_loss":0,"event_name":"Winding Halls","floor":37,"gold_loss":0,"cards_obtained":["Madness","Madness"]},{"damage_healed":0,"gold_gain":0,"cards_transformed":["DemoMod:SniperShot"],"player_choice":"Transformed","damage_taken":0,"max_hp_gain":0,"max_hp_loss":0,"event_name":"Transmorgrifier","floor":44,"gold_loss":0,"cards_obtained":["DemoMod:Gungine"]}],"is_beta":false,"boss_relics":[{"not_picked":["DemoMod:ElasticCartridgeClip","Fusion Hammer"],"picked":"Calling Bell"},{"not_picked":[]},{"not_picked":["conspire:SlowCooker","jedi:hotpepper"],"picked":"hubris:CrackedHourglass"},{"not_picked":[]}],"items_purged_floors":[],"is_endless":false,"potions_floor_spawned":[1,7,11,12,18,28,31,33,38,41],"killed_by":"Time Eater","ascension_level":0}}