{"host":"nwd160me4iqdtr8u","time":1611714439,"event":{"mods":["AchievementEnabler","Act Like it!","BaseMod","Colored Map","DeckTracker","Minty Spire (QoL Compilation)","Quick Restart","Rare Cards Sparkle","StSLib","SuperFastMode","everything is the same but u backflip on backflip"],"gold_per_floor":[113,125,136,61,61,61,89,89,163,182,282,294,305,305,305,426,426,445,445,118,131,56,76,76,76,76,37,57,72,72,72],"floor_reached":30,"language":"KOR","playtime":944,"items_purged":["Strike_G","Defend_G"],"score":373,"play_id":"f478038a-a544-44fb-b413-7897196dd8a1","local_time":"20210127112719","is_ascension_mode":true,"campfire_choices":[{"data":"Catalyst","floor":6.0,"key":"SMITH"},{"data":"Deadly Poison","floor":8.0,"key":"SMITH"},{"data":"Dagger Spray","floor":15.0,"key":"SMITH"},{"data":"Ghostly","floor":25.0,"key":"SMITH"}],"circlet_count":0,"master_deck":["AscendersBane","Strike_G","Defend_G","Defend_G","Defend_G","Defend_G","Survivor","Neutralize","Dagger Spray+1","Escape Plan","Catalyst+1","Deadly Poison+1","Bane","Blur","Adrenaline","Bouncing Flask","Blur","Tactician","Ghostly+1","Ghostly","Ghostly","Ghostly","Ghostly","Crippling Poison","Calculated Gamble","Backflip+1"],"relics":["Ring of the Snake","Ancient Tea Set","StrikeDummy","Golden Idol","Empty Cage","Nunchaku","Strawberry"],"acts_visited":["Exordium","TheCity"],"potions_floor_usage":[],"damage_taken":[{"damage":1.0,"enemies":"Cultist","floor":1.0,"turns":4.0},{"damage":1.0,"enemies":"2 Louse","floor":2.0,"turns":3.0},{"damage":2.0,"enemies":"Small Slimes","floor":3.0,"turns":4.0},{"damage":16.0,"enemies":"Gremlin Nob","floor":7.0,"turns":4.0},{"damage":0.0,"enemies":"2 Fungi Beasts","floor":10.0,"turns":2.0},{"damage":4.0,"enemies":"Blue Slaver","floor":12.0,"turns":3.0},{"damage":3.0,"enemies":"3 Louse","floor":13.0,"turns":3.0},{"damage":20.0,"enemies":"Hexaghost","floor":16.0,"turns":8.0},{"damage":0.0,"enemies":"3 Byrds","floor":18.0,"turns":6.0},{"damage":1.0,"enemies":"2 Thieves","floor":21.0,"turns":4.0},{"damage":27.0,"enemies":"Snake Plant","floor":23.0,"turns":4.0},{"damage":2.0,"enemies":"3 Cultists","floor":28.0,"turns":6.0},{"damage":7.0,"enemies":"Snecko","floor":29.0,"turns":8.0},{"damage":30,"enemies":"Cultist and Chosen","floor":30,"turns":4}],"seed_played":"4412959892022900649","potions_obtained":[{"floor":1.0,"key":"Dexterity Potion"},{"floor":2.0,"key":"CunningPotion"},{"floor":13.0,"key":"GamblersBrew"},{"floor":18.0,"key":"SkillPotion"}],"is_trial":false,"path_per_floor":["M","M","M","$","$","R","E","R","T","M","?","M","M","?","R","B",null,"M","?","$","M","?","M","?","R","T","$","M","M","M"],"character_chosen":"THE_SILENT","items_purchased":["Bouncing Flask","Nunchaku","Crippling Poison"],"campfire_rested":0,"item_purchase_floors":[20,20,27],"current_hp_per_floor":[62,61,59,59,59,59,43,43,43,43,43,39,36,36,36,16,53,53,53,53,52,52,25,25,25,32,32,30,23,0,0],"gold":72,"neow_bonus":"THREE_CARDS","is_daily":false,"chose_seed":false,"campfire_upgraded":4,"win_rate":0.0,"timestamp":1611714439,"path_taken":["M","M","M","?","$","R","E","R","T","M","?","?","?","?","R","BOSS","M","?","$","M","?","M","?","R","T","$","M","M","M"],"items_purchased_type":["Card","Relic","Card"],"build_version":"2020-12-22","purchased_purges":2,"victory":false,"max_hp_per_floor":[70,70,70,70,70,70,70,70,70,70,70,70,70,65,65,65,65,65,65,65,65,65,65,32,32,39,39,39,39,39,39],"card_choices":[{"not_picked":["Flying Knee","Underhanded Strike"],"picked":"Dagger Spray","floor":0.0},{"not_picked":["Blade Dance","Acrobatics"],"picked":"Escape Plan","floor":1.0},{"not_picked":["Flying Knee","Poisoned Stab"],"picked":"Catalyst","floor":2.0},{"not_picked":["Dash","Infinite Blades"],"picked":"Deadly Poison","floor":3.0},{"not_picked":["Acrobatics","Deadly Poison","Caltrops"],"picked":"SKIP","floor":7.0},{"not_picked":["PiercingWail","Prepared"],"picked":"Bane","floor":10.0},{"not_picked":["Flying Knee","Predator"],"picked":"Blur","floor":12.0},{"not_picked":["Sucker Punch","Slice","Caltrops"],"picked":"SKIP","floor":13.0},{"not_picked":["Bullet Time","Grand Finale"],"picked":"Adrenaline","floor":16.0},{"not_picked":["Blade Dance","Quick Slash","Riddle With Holes"],"picked":"SKIP","floor":18.0},{"not_picked":["Finisher+1","Dagger Throw+1"],"picked":"Blur","floor":21.0},{"not_picked":["Poisoned Stab","Sucker Punch"],"picked":"Tactician","floor":23.0},{"not_picked":["Dagger Throw","Predator"],"picked":"Calculated Gamble","floor":28.0},{"not_picked":["Predator+1","Deflect+1"],"picked":"Backflip+1","floor":29.0}],"player_experience":262132,"relics_obtained":[{"floor":7.0,"key":"Ancient Tea Set"},{"floor":9.0,"key":"StrikeDummy"},{"floor":26.0,"key":"Strawberry"}],"event_choices":[{"damage_healed":0.0,"max_hp_gain":0.0,"max_hp_loss":0.0,"gold_gain":100.0,"event_name":"Golden Shrine","player_choice":"Pray","floor":11.0,"gold_loss":0.0,"damage_taken":0.0},{"damage_healed":0.0,"max_hp_gain":0.0,"max_hp_loss":5.0,"gold_gain":0.0,"event_name":"Golden Idol","player_choice":"Lose Max HP","floor":14.0,"gold_loss":0.0,"damage_taken":0.0,"relics_obtained":["Golden Idol"]},{"damage_healed":0.0,"max_hp_gain":0.0,"max_hp_loss":0.0,"gold_gain":0.0,"event_name":"The Mausoleum","player_choice":"Ignored","floor":19.0,"gold_loss":0.0,"damage_taken":0.0},{"cards_removed":["Strike_G"],"damage_healed":0.0,"max_hp_gain":0.0,"max_hp_loss":0.0,"gold_gain":0.0,"event_name":"Beggar","player_choice":"Gave Gold","floor":22.0,"gold_loss":75.0,"damage_taken":0.0},{"damage_healed":0.0,"max_hp_gain":0.0,"max_hp_loss":33.0,"gold_gain":0.0,"event_name":"Ghosts","player_choice":"Became a Ghost","floor":24.0,"gold_loss":0.0,"damage_taken":0.0,"cards_obtained":["Ghostly","Ghostly","Ghostly","Ghostly","Ghostly"]}],"is_beta":false,"boss_relics":[{"not_picked":["WristBlade","Busted Crown"],"picked":"Empty Cage"}],"items_purged_floors":[4,20],"is_endless":false,"potions_floor_spawned":[1,2,13,18],"killed_by":"Cultist and Chosen","ascension_level":10}}