{"host":"v3mpq6flurzldi5g","time":1611786235,"event":{"mods":["AchievementEnabler","BaseMod","Colored Powertips","Highlight Path","Minty Spire (QoL Compilation)","StSLib"],"gold_per_floor":[114,0,20,35,46,46,63,89,116,116,116],"floor_reached":10,"language":"ENG","playtime":935,"items_purged":["Strike_G"],"score":116,"play_id":"3621b081-0133-4fb8-9315-5dfd1f6b696d","local_time":"20210127172355","is_ascension_mode":true,"campfire_choices":[{"floor":6,"key":"REST"}],"circlet_count":0,"master_deck":["AscendersBane","Strike_G","Strike_G","Strike_G","Strike_G","Defend_G","Defend_G","Defend_G","Defend_G","Defend_G","Survivor","Neutralize","Predator","Footwork","Backflip","Finisher","Accuracy","Backstab","Blur"],"relics":["Ring of the Snake","Gremlin Horn","MealTicket"],"acts_visited":["Exordium"],"potions_floor_usage":[5,5],"damage_taken":[{"damage":1,"enemies":"Cultist","floor":1,"turns":6},{"damage":2,"enemies":"Jaw Worm","floor":3,"turns":5},{"damage":2,"enemies":"2 Louse","floor":4,"turns":2},{"damage":21,"enemies":"Gremlin Gang","floor":5,"turns":6},{"damage":10,"enemies":"Large Slime","floor":7,"turns":6},{"damage":32,"enemies":"3 Sentries","floor":8,"turns":14},{"damage":26,"enemies":"Gremlin Nob","floor":10,"turns":5}],"seed_played":"9092728452965981846","potions_obtained":[{"floor":1,"key":"AttackPotion"},{"floor":3,"key":"ColorlessPotion"}],"is_trial":false,"path_per_floor":["M","$","M","M","M","R","M","E","T","E"],"character_chosen":"THE_SILENT","items_purchased":["Footwork"],"campfire_rested":1,"item_purchase_floors":[2],"current_hp_per_floor":[69,69,67,65,44,67,57,25,25,0,0],"gold":116,"neow_bonus":"TEN_PERCENT_HP_BONUS","is_daily":false,"chose_seed":false,"campfire_upgraded":0,"win_rate":0.0,"timestamp":1611786235,"path_taken":["M","$","M","M","M","R","M","E","T","E"],"items_purchased_type":["Card"],"build_version":"2020-12-22","purchased_purges":1,"victory":false,"max_hp_per_floor":[77,77,77,77,77,77,77,77,77,77,77],"card_choices":[{"not_picked":["Calculated Gamble","Backflip"],"picked":"Predator","floor":1},{"not_picked":["Deflect","Expertise"],"picked":"Backflip","floor":3},{"not_picked":["Terror","Dodge and Roll"],"picked":"Finisher","floor":4},{"not_picked":["Backflip","PiercingWail"],"picked":"Accuracy","floor":5},{"not_picked":["Distraction","Cloak And Dagger"],"picked":"Backstab","floor":7},{"not_picked":["Finisher","Quick Slash"],"picked":"Blur","floor":8}],"player_experience":1083519,"relics_obtained":[{"floor":8,"key":"Gremlin Horn"},{"floor":9,"key":"MealTicket"}],"event_choices":[],"is_beta":false,"boss_relics":[],"items_purged_floors":[2],"is_endless":false,"potions_floor_spawned":[1,3],"killed_by":"Gremlin Nob","ascension_level":13}}