{"host":"640uue19m79c7wbt","time":1611706687,"event":{"mods":["BaseMod","Colored Map","Googly Eyes","Highlight Path","Minty Spire (QoL Compilation)","Quick Restart","StSLib"],"gold_per_floor":[119,119,194,39,189,189,216,216,243,243,278,293,293,304,304,304,304],"floor_reached":16,"language":"ENG","playtime":247,"items_purged":["Strike_G"],"score":289,"play_id":"6faa2998-0bc3-44ee-9823-9eb02dae4bfc","local_time":"20210126191807","is_ascension_mode":true,"campfire_choices":[{"data":"Catalyst","floor":6,"key":"SMITH"},{"floor":8,"key":"REST"},{"data":"Glass Knife","floor":10,"key":"SMITH"},{"data":"Envenom","floor":13,"key":"SMITH"},{"data":"Blur","floor":15,"key":"SMITH"}],"circlet_count":0,"master_deck":["AscendersBane","Strike_G","Strike_G","Strike_G","Strike_G","Defend_G","Defend_G","Defend_G","Defend_G","Defend_G","Survivor","Neutralize","Catalyst+1","Unload","Doubt","Glass Knife+1","Envenom+1","Leg Sweep","Blur+1"],"relics":["Ring of the Snake","NeowsBlessing","PreservedInsect","MealTicket","Omamori","Question Card"],"acts_visited":["Exordium"],"potions_floor_usage":[16],"damage_taken":[{"damage":0,"enemies":"Cultist","floor":1,"turns":1},{"damage":0,"enemies":"Gremlin Nob","floor":7,"turns":1},{"damage":0,"enemies":"Lagavulin","floor":11,"turns":1},{"damage":4,"enemies":"Jaw Worm","floor":12,"turns":2},{"damage":0,"enemies":"Small Slimes","floor":14,"turns":1},{"damage":43,"enemies":"Hexaghost","floor":16,"turns":12}],"seed_played":"425719226630026429","potions_obtained":[{"floor":1,"key":"Weak Potion"}],"is_trial":false,"path_per_floor":["M","?","?","$","?","R","E","R","T","R","E","M","R","M","R","B"],"character_chosen":"THE_SILENT","items_purchased":["Unload"],"campfire_rested":1,"item_purchase_floors":[4],"current_hp_per_floor":[59,41,30,30,30,30,30,49,49,49,49,45,45,45,45,2,2],"gold":304,"neow_bonus":"THREE_ENEMY_KILL","is_daily":false,"chose_seed":false,"campfire_upgraded":4,"win_rate":0.0,"timestamp":1611706687,"path_taken":["M","?","?","$","?","R","E","R","T","R","E","M","R","M","R","BOSS"],"items_purchased_type":["Card"],"build_version":"2020-12-22","purchased_purges":1,"victory":false,"max_hp_per_floor":[66,66,66,66,66,66,66,66,66,66,66,66,66,66,66,66,66],"card_choices":[{"not_picked":["Dagger Spray","Quick Slash"],"picked":"Catalyst","floor":1},{"not_picked":["Outmaneuver","Backflip"],"picked":"Glass Knife","floor":7},{"not_picked":["Infinite Blades","Well Laid Plans"],"picked":"Envenom","floor":11},{"not_picked":["Flying Knee","Dodge and Roll","Outmaneuver"],"picked":"Leg Sweep","floor":12},{"not_picked":["Prepared","Dagger Throw","Outmaneuver"],"picked":"Blur","floor":14}],"player_experience":637093,"relics_obtained":[{"floor":7,"key":"MealTicket"},{"floor":9,"key":"Omamori"},{"floor":11,"key":"Question Card"}],"event_choices":[{"damage_healed":0,"gold_gain":0,"player_choice":"Success","damage_taken":18,"relics_obtained":["PreservedInsect"],"max_hp_gain":0,"max_hp_loss":0,"event_name":"Scrap Ooze","floor":2,"gold_loss":0},{"damage_healed":0,"gold_gain":75,"player_choice":"Gather Gold","damage_taken":11,"max_hp_gain":0,"max_hp_loss":0,"event_name":"World of Goop","floor":3,"gold_loss":0},{"damage_healed":0,"gold_gain":150,"player_choice":"AGREE","damage_taken":0,"max_hp_gain":0,"max_hp_loss":0,"event_name":"Liars Game","floor":5,"gold_loss":0,"cards_obtained":["Doubt"]}],"is_beta":false,"boss_relics":[],"items_purged_floors":[4],"is_endless":false,"potions_floor_spawned":[1],"killed_by":"Hexaghost","ascension_level":17}}