{"host":"k85tjwrh7mjrrc9a","time":1611768525,"event":{"mods":["AchievementEnabler","BaseMod","Colored Powertips","Highlight Path","Minty Spire (QoL Compilation)","Rare Cards Sparkle","StSLib"],"gold_per_floor":[117,144,158,168,168,168,197,211,238,238,238,257,276,26,26,102,102,119,130,130,149,149,149,149,149,149,180,180,180],"floor_reached":28,"language":"ENG","playtime":1933,"items_purged":[],"score":417,"play_id":"93c557b6-312f-4549-916d-7d3ef77db91c","local_time":"20210127122845","is_ascension_mode":true,"campfire_choices":[{"data":"Battle Trance","floor":6.0,"key":"SMITH"},{"floor":10.0,"key":"REST"},{"data":"Barricade","floor":15.0,"key":"SMITH"},{"floor":23.0,"key":"REST"},{"data":"Entrench","floor":25.0,"key":"SMITH"}],"circlet_count":0,"master_deck":["AscendersBane","Strike_R","Strike_R","Strike_R","Strike_R","Defend_R","Defend_R","Defend_R","Defend_R","Bash","Spot Weakness","Pommel Strike","Battle Trance+1","Cleave","Twin Strike","Ghostly Armor","Barricade+1","Iron Wave","Juggernaut","CurseOfTheBell","Iron Wave","Shrug It Off+1","Shrug It Off+1","Entrench+1"],"relics":["Burning Blood","NeowsBlessing","Dream Catcher","MealTicket","Bronze Scales","Membership Card","Juzu Bracelet","Calling Bell","Orichalcum","Matryoshka","Du-Vu Doll","Bag of Preparation","Mummified Hand","Smiling Mask"],"acts_visited":["Exordium","TheCity"],"potions_floor_usage":[],"damage_taken":[{"damage":0.0,"enemies":"Cultist","floor":1.0,"turns":1.0},{"damage":0.0,"enemies":"Small Slimes","floor":3.0,"turns":1.0},{"damage":0.0,"enemies":"2 Louse","floor":4.0,"turns":1.0},{"damage":46.0,"enemies":"Lagavulin","floor":7.0,"turns":8.0},{"damage":4.0,"enemies":"Exordium Thugs","floor":8.0,"turns":4.0},{"damage":13.0,"enemies":"Blue Slaver","floor":12.0,"turns":3.0},{"damage":4.0,"enemies":"3 Louse","floor":13.0,"turns":3.0},{"damage":56.0,"enemies":"Hexaghost","floor":16.0,"turns":9.0},{"damage":19.0,"enemies":"Chosen","floor":18.0,"turns":5.0},{"damage":22.0,"enemies":"2 Thieves","floor":19.0,"turns":3.0},{"damage":42.0,"enemies":"Chosen and Byrds","floor":21.0,"turns":7.0},{"damage":40,"enemies":"Book of Stabbing","floor":27,"turns":6},{"damage":15,"enemies":"3 Cultists","floor":28,"turns":4}],"seed_played":"3120194417830615475","potions_obtained":[{"floor":3.0,"key":"ColorlessPotion"},{"floor":4.0,"key":"ColorlessPotion"},{"floor":7.0,"key":"BlessingOfTheForge"},{"floor":8.0,"key":"FearPotion"},{"floor":18.0,"key":"Fire Potion"}],"is_trial":false,"path_per_floor":["M","T","M","M","?","R","E","M","T","R","?","M","M","$","R","B",null,"M","M","$","M","$","R","?","R","T","E","M"],"character_chosen":"IRONCLAD","items_purchased":["Membership Card","Juzu Bracelet","Iron Wave"],"campfire_rested":2,"item_purchase_floors":[14,14,14],"current_hp_per_floor":[74,74,75,75,68,68,28,30,30,52,52,45,47,62,62,12,59,46,30,45,9,24,46,46,46,46,12,0,0],"gold":180,"neow_bonus":"THREE_ENEMY_KILL","is_daily":false,"chose_seed":false,"campfire_upgraded":3,"win_rate":0.0,"timestamp":1611768525,"path_taken":["M","?","M","?","?","R","E","M","T","R","?","M","M","$","R","BOSS","M","M","$","M","$","R","?","R","T","E","M"],"items_purchased_type":["Relic","Relic","Card"],"build_version":"2020-12-22","purchased_purges":0,"victory":false,"max_hp_per_floor":[75,75,75,75,75,75,75,75,75,75,75,75,75,75,75,75,75,75,75,75,75,75,75,75,75,75,75,75,75],"card_choices":[{"not_picked":["Clash","Feel No Pain"],"picked":"Spot Weakness","floor":1.0},{"not_picked":["Heavy Blade","Feel No Pain"],"picked":"Pommel Strike","floor":3.0},{"not_picked":["Sever Soul","Flame Barrier"],"picked":"Battle Trance","floor":4.0},{"not_picked":["Rampage","Wild Strike"],"picked":"Cleave","floor":7.0},{"not_picked":["Metallicize","True Grit"],"picked":"Twin Strike","floor":8.0},{"not_picked":["Warcry","Dropkick"],"picked":"Ghostly Armor","floor":10.0},{"not_picked":["Hemokinesis","Wild Strike","Warcry"],"picked":"SKIP","floor":12.0},{"not_picked":["Intimidate","Warcry"],"picked":"Barricade","floor":13.0},{"not_picked":["Reaper","Feed"],"picked":"Juggernaut","floor":16.0},{"not_picked":["Cleave+1","Pommel Strike"],"picked":"Iron Wave","floor":18.0},{"not_picked":["Twin Strike","Seeing Red","Spot Weakness"],"picked":"SKIP","floor":19.0},{"not_picked":["Clash+1","Warcry"],"picked":"Shrug It Off+1","floor":21.0},{"not_picked":["Second Wind","Flex"],"picked":"Shrug It Off+1","floor":23.0},{"not_picked":["Immolate","Warcry+1","Rampage"],"picked":"SKIP","floor":27}],"player_experience":226606,"relics_obtained":[{"floor":2.0,"key":"Dream Catcher"},{"floor":7.0,"key":"MealTicket"},{"floor":9.0,"key":"Bronze Scales"},{"floor":17.0,"key":"Orichalcum"},{"floor":17.0,"key":"Matryoshka"},{"floor":17.0,"key":"Du-Vu Doll"},{"floor":26.0,"key":"Bag of Preparation"},{"floor":26.0,"key":"Mummified Hand"},{"floor":27,"key":"Smiling Mask"}],"event_choices":[{"cards_removed":["Strike_R"],"damage_healed":0.0,"max_hp_gain":0.0,"max_hp_loss":0.0,"gold_gain":0.0,"event_name":"Golden Wing","player_choice":"Card Removal","floor":5.0,"gold_loss":0.0,"damage_taken":7.0},{"damage_healed":0.0,"max_hp_gain":0.0,"max_hp_loss":0.0,"gold_gain":0.0,"event_name":"The Cleric","player_choice":"Leave","floor":11.0,"gold_loss":0.0,"damage_taken":0.0},{"damage_healed":0.0,"max_hp_gain":0.0,"max_hp_loss":0.0,"gold_gain":0.0,"event_name":"The Library","player_choice":"Read","floor":24.0,"gold_loss":0.0,"damage_taken":0.0,"cards_obtained":["Entrench"]}],"is_beta":false,"boss_relics":[{"not_picked":["Snecko Eye","Black Blood"],"picked":"Calling Bell"}],"items_purged_floors":[],"is_endless":false,"potions_floor_spawned":[3,4,7,8,13,18],"killed_by":"3 Cultists","ascension_level":15}}