{"host":"vdpaduzlq0qlaikq","time":1611720747,"event":{"mods":["AchievementEnabler","BaseMod","Better Third Choice","BetterRewards","Colored Map","Downfall","Gold Saver","Hermit","Jorbs\u0027s Wanderer Trilogy","Minty Spire (QoL Compilation)","Relic Filter","Spicy Shops","StSLib","The Necromancer"],"gold_per_floor":[1461,1477,1495,1506,976,976,1002,1002,1028,1062,421,452,452,468,468,573,573,592,617,635,43,43,72,72,84,107,139,54,70,70,87,87,190,190,204,58,72,72,91,125,125,160,160,160,209,221,255,267,267,267,267,267,55,84,84],"floor_reached":56,"language":"ENG","playtime":3113,"items_purged":["Strike_B","Decay"],"score":2300,"play_id":"deb15c67-ebb6-4edc-bc6a-5ed4e65238c2","local_time":"20210127021227","is_ascension_mode":true,"campfire_choices":[{"data":"Buffer","floor":6,"key":"SMITH"},{"data":"Defragment","floor":8,"key":"SMITH"},{"data":"Double Energy","floor":15,"key":"SMITH"},{"data":"Buffer","floor":24,"key":"SMITH"},{"data":"Lockon","floor":32,"key":"SMITH"},{"floor":41,"key":"RECALL"},{"data":"White Noise","floor":44,"key":"SMITH"},{"data":"White Noise","floor":49,"key":"SMITH"},{"data":"Chill","floor":52,"key":"SMITH"}],"circlet_count":0,"master_deck":["Strike_B","Strike_B","Defend_B","Defend_B","Defend_B","Zap","Dualcast","Lockon+1","Buffer+1","Capacitor","White Noise+1","Machine Learning","Ball Lightning","Biased Cognition","Self Repair","Conserve Battery","Loop","Defragment+1","Capacitor","Amplify","Electrodynamics","Chill+1","Leap","Double Energy+1","Electrodynamics","Leap+1","Buffer+1","Double Energy+1","Hyperbeam","Tempest","Biased Cognition","White Noise+1","Echo Form","Apotheosis"],"relics":["Cracked Core","Toy Ornithopter","Orrery","Omamori","Cables","Juzu Bracelet","Eternal Feather","Orichalcum","Pear","MealTicket","Symbiotic Virus","Blood Vial","Potion Belt","Meat on the Bone","Lee\u0027s Waffle","Ice Cream","Darkstone Periapt","SacredBark","Red Mask","FossilizedHelix","Incense Burner","Bronze Scales","Bottled Flame","Tiny Chest","Ancient Tea Set","Nuclear Battery","Runic Capacitor","Oddly Smooth Stone","Calipers","The Courier","Turnip","Anchor","Bird Faced Urn"],"acts_visited":["Exordium","TheCity","TheBeyond","TheEnding"],"potions_floor_usage":[19,23,27,35,54,55,55],"damage_taken":[{"damage":1,"enemies":"Small Slimes","floor":1,"turns":3},{"damage":2,"enemies":"2 Louse","floor":2,"turns":2},{"damage":6,"enemies":"Jaw Worm","floor":3,"turns":3},{"damage":0,"enemies":"Large Slime","floor":4,"turns":4},{"damage":14,"enemies":"Gremlin Nob","floor":7,"turns":5},{"damage":21,"enemies":"3 Sentries","floor":10,"turns":7},{"damage":10,"enemies":"Gremlin Nob","floor":12,"turns":3},{"damage":5,"enemies":"Looter","floor":14,"turns":2},{"damage":30,"enemies":"Hexaghost","floor":16,"turns":5},{"damage":2,"enemies":"Spheric Guardian","floor":18,"turns":4},{"damage":0,"enemies":"Masked Bandits","floor":19,"turns":3},{"damage":0,"enemies":"Chosen","floor":20,"turns":4},{"damage":17,"enemies":"Slavers","floor":23,"turns":3},{"damage":0,"enemies":"Shelled Parasite and Fungi","floor":25,"turns":3},{"damage":18,"enemies":"Book of Stabbing","floor":27,"turns":4},{"damage":0,"enemies":"Snake Plant","floor":29,"turns":3},{"damage":0,"enemies":"Snecko","floor":31,"turns":4},{"damage":0,"enemies":"Automaton","floor":33,"turns":7},{"damage":0,"enemies":"3 Darklings","floor":35,"turns":1},{"damage":8,"enemies":"3 Shapes","floor":37,"turns":3},{"damage":0,"enemies":"Transient","floor":39,"turns":5},{"damage":0,"enemies":"Reptomancer","floor":40,"turns":4},{"damage":0,"enemies":"Giant Head","floor":42,"turns":5},{"damage":0,"enemies":"2 Orb Walkers","floor":45,"turns":2},{"damage":9,"enemies":"4 Shapes","floor":46,"turns":5},{"damage":5,"enemies":"Nemesis","floor":47,"turns":3},{"damage":0,"enemies":"Spire Growth","floor":48,"turns":3},{"damage":36,"enemies":"Donu and Deca","floor":50,"turns":4},{"damage":62,"enemies":"Shield and Spear","floor":54,"turns":6},{"damage":69,"enemies":"The Heart","floor":55,"turns":7}],"seed_played":"-8967395689023797153","potions_obtained":[{"floor":2,"key":"Strength Potion"},{"floor":4,"key":"BlessingOfTheForge"},{"floor":12,"key":"Regen Potion"},{"floor":14,"key":"Energy Potion"},{"floor":20,"key":"Energy Potion"},{"floor":23,"key":"Energy Potion"},{"floor":29,"key":"FairyPotion"},{"floor":31,"key":"Energy Potion"},{"floor":37,"key":"SteroidPotion"},{"floor":42,"key":"PowerPotion"},{"floor":45,"key":"ColorlessPotion"},{"floor":46,"key":"Energy Potion"},{"floor":54,"key":"sneckomod:MuddlingPotion"}],"is_trial":false,"path_per_floor":["M","M","M","M","$","R","E","R","T","E","$","E","?","M","R","B",null,"M","?","M","$","?","E","R","M","T","E","?","M","?","M","R","B",null,"M","$","M","$","M","E","R","E","T","R","?","M","E","M","R","B",null,"R","$","E","B",null],"character_chosen":"DEFECT","items_purchased":["Lockon","Toy Ornithopter","Orrery","Ball Lightning","Omamori","Cables","Juzu Bracelet","Biased Cognition","Eternal Feather","Self Repair","Orichalcum","Defragment","Pear","MealTicket","Meat on the Bone","Lee\u0027s Waffle","Electrodynamics","Chill","FossilizedHelix","Incense Burner","Bronze Scales","Runic Capacitor","Echo Form","Apotheosis"],"campfire_rested":0,"item_purchase_floors":[0,0,0,0,0,0,0,0,0,0,0,5,5,5,11,11,11,11,21,21,21,36,53,53],"current_hp_per_floor":[74,72,73,75,85,85,71,83,83,71,92,82,82,79,92,69,86,92,92,92,98,98,88,98,98,98,92,92,98,98,98,98,98,98,98,98,90,98,98,98,98,98,98,98,98,96,98,98,98,69,91,98,98,55,68],"gold":84,"neow_bonus":"","is_daily":false,"chose_seed":false,"campfire_upgraded":8,"win_rate":0.0,"timestamp":1611720747,"path_taken":["M","M","M","M","$","R","E","R","T","E","$","E","?","M","R","BOSS","M","?","M","$","?","E","R","M","T","E","?","M","?","M","R","BOSS","M","$","M","$","M","E","R","E","T","R","?","M","E","M","R","BOSS","R","$","E","BOSS"],"items_purchased_type":["Card","Relic","Relic","Card","Relic","Relic","Relic","Card","Relic","Card","Relic","Card","Relic","Relic","Relic","Relic","Card","Card","Relic","Relic","Relic","Relic","Card","Card"],"build_version":"2020-12-22","purchased_purges":2,"victory":true,"max_hp_per_floor":[75,75,75,75,85,85,85,85,85,85,92,92,92,92,92,92,92,92,92,92,98,98,98,98,98,98,98,98,98,98,98,98,98,98,98,98,98,98,98,98,98,98,98,98,98,98,98,98,98,98,98,98,98,98,98],"card_choices":[{"not_picked":["Sweeping Beam","Glacier"],"picked":"Buffer","floor":0},{"not_picked":["Coolheaded","White Noise"],"picked":"Capacitor","floor":0},{"not_picked":["Consume","Go for the Eyes"],"picked":"White Noise","floor":0},{"not_picked":["Compile Driver","Go for the Eyes"],"picked":"Machine Learning","floor":0},{"not_picked":["Cold Snap","Compile Driver","Beam Cell"],"picked":"SKIP","floor":1},{"not_picked":["Auto Shields","Hologram"],"picked":"Conserve Battery","floor":2},{"not_picked":["Coolheaded","Chaos"],"picked":"Loop","floor":3},{"not_picked":["Recycle","Sweeping Beam","Hologram"],"picked":"SKIP","floor":4},{"not_picked":["Coolheaded","Hologram"],"picked":"Capacitor","floor":7},{"not_picked":["Stack","Hologram"],"picked":"Amplify","floor":10},{"not_picked":["Tempest","Static Discharge"],"picked":"Leap","floor":12},{"not_picked":["Rebound","Lockon"],"picked":"Double Energy","floor":14},{"not_picked":["Amplify","Reboot"],"picked":"Electrodynamics","floor":16},{"not_picked":["Steam","Stack"],"picked":"Leap+1","floor":18},{"not_picked":["Steam","Gash"],"picked":"Buffer","floor":19},{"not_picked":["Chaos+1","Compile Driver","FTL"],"picked":"SKIP","floor":20},{"not_picked":["Steam Power","Doom and Gloom+1","Compile Driver"],"picked":"SKIP","floor":23},{"not_picked":["Leap","Go for the Eyes"],"picked":"Double Energy+1","floor":25},{"not_picked":["Undo+1","Chaos+1","Sweeping Beam"],"picked":"SKIP","floor":27},{"not_picked":["Rip and Tear+1","Compile Driver","Hologram"],"picked":"SKIP","floor":29},{"not_picked":["Beam Cell+1","Auto Shields","Barrage+1"],"picked":"SKIP","floor":31},{"not_picked":["Multi-Cast","Fission"],"picked":"Biased Cognition","floor":33},{"not_picked":["Redo+1","Self Repair","Chill+1"],"picked":"SKIP","floor":35},{"not_picked":["Hologram","Skim","Rebound+1"],"picked":"SKIP","floor":37},{"not_picked":["Genetic Algorithm+1","Go for the Eyes+1","Cold Snap"],"picked":"SKIP","floor":39},{"not_picked":["Rebound+1","Cold Snap+1","Self Repair+1"],"picked":"SKIP","floor":40},{"not_picked":["Barrage+1","Compile Driver","Redo"],"picked":"SKIP","floor":42},{"not_picked":["Darkness","Ball Lightning","Rebound"],"picked":"SKIP","floor":46},{"not_picked":["Hologram+1","Redo+1"],"picked":"White Noise","floor":47},{"not_picked":["Electrodynamics","Coolheaded+1","Rip and Tear"],"picked":"SKIP","floor":48},{"not_picked":["Amplify","Leap+1","Rebound"],"picked":"SKIP","floor":54}],"player_experience":660601,"relics_obtained":[{"floor":7,"key":"Symbiotic Virus"},{"floor":9,"key":"Blood Vial"},{"floor":10,"key":"Potion Belt"},{"floor":12,"key":"Ice Cream"},{"floor":19,"key":"Red Mask"},{"floor":23,"key":"Bottled Flame"},{"floor":27,"key":"Tiny Chest"},{"floor":40,"key":"Oddly Smooth Stone"},{"floor":42,"key":"Calipers"},{"floor":43,"key":"The Courier"},{"floor":45,"key":"Turnip"},{"floor":47,"key":"Anchor"},{"floor":54,"key":"Bird Faced Urn"}],"event_choices":[{"damage_healed":0,"gold_gain":0,"player_choice":"Fought Bandits","damage_taken":0,"max_hp_gain":0,"max_hp_loss":0,"event_name":"Masked Bandits","floor":19,"gold_loss":0},{"damage_healed":0,"gold_gain":0,"player_choice":"Obtained Relic","damage_taken":0,"relics_obtained":["Ancient Tea Set"],"max_hp_gain":0,"max_hp_loss":0,"event_name":"Addict","floor":28,"gold_loss":85},{"damage_healed":0,"gold_gain":0,"cards_transformed":["Defend_B","Strike_B"],"player_choice":"Became Test Subject","damage_taken":0,"max_hp_gain":0,"max_hp_loss":0,"event_name":"Drug Dealer","floor":30,"gold_loss":0,"cards_obtained":["Hyperbeam","Tempest"]},{"damage_healed":0,"gold_gain":0,"player_choice":"Fight","damage_taken":0,"max_hp_gain":0,"max_hp_loss":0,"event_name":"Mysterious Sphere","floor":45,"gold_loss":0}],"is_beta":false,"boss_relics":[{"not_picked":["Coffee Dripper","Runic Pyramid"],"picked":"SacredBark"},{"not_picked":["Astrolabe","SlaversCollar"],"picked":"Nuclear Battery"}],"items_purged_floors":[0,21],"is_endless":false,"potions_floor_spawned":[2,4,12,14,20,23,29,31,37,39,42,45,46,48,54],"ascension_level":9}}