{"host":"ooe12lh8pgcirntb","time":1611718517,"event":{"mods":["AchievementEnabler","Act Like it!","BaseMod","Beaked The Cultist","ChefMod","Colored Map","Colored Powertips","Downfall","Minty Spire (QoL Compilation)","StSLib","The Animator","The Bug Knight","The Disciple","The Hierophant","The Problem Sleuth"],"gold_per_floor":[129,155,186,148,159,191,204,204,204,1,1,18,46,63,63,171,171,189,204,222,3,3,3,46,46,46,46,76,104,104,116,116,220,220,234,234,0,20,20,20,59,76,76,76,76,94,94,112,112,116],"floor_reached":51,"language":"ENG","playtime":4586,"items_purged":["animator:KrulTepes"],"score":784,"play_id":"da934ddf-8e4c-4541-ac85-8fa3db3ac815","local_time":"20210126223517","is_ascension_mode":false,"campfire_choices":[{"data":"animator:MetalKnight","floor":11,"key":"SMITH"},{"data":"animator:Saitama","floor":15,"key":"SMITH"},{"data":"animator:Evileye","floor":23,"key":"SMITH"},{"data":"animator:Benimaru","floor":25,"key":"SMITH"},{"floor":30,"key":"REST"},{"data":"animator:Kaijin","floor":32,"key":"SMITH"},{"floor":40,"key":"REST"},{"floor":47,"key":"REST"},{"floor":49,"key":"REST"}],"circlet_count":0,"master_deck":["animator:Strike_Overlord","animator:Defend_Overlord","animator:Strike","animator:Strike","animator:Strike","animator:Defend+1","animator:Defend","animator:Defend+1","animator:Cocytus","animator:Demiurge","animator:Mitsuba","animator:Sloth","animator:Entoma+12","animator:MetalKnight+1","animator:PandorasActor+1","animator:GazelDwargon","animator:Darkness","animator:Benimaru+1","animator:Saitama+1","animator:ZankiKiguchi","animator:Ainz","animator:Nanami+1","animator:Millim","animator:Evileye+1","animator:NarberalGamma","animator:CrowleyEusford","animator:UneriGinkaku+1","animator:Kaijin+1","animator:Biyorigo+1","animator:Chris"],"relics":["animator:LivingPicture","animator:TheMissingPiece","Bag of Preparation","Bronze Scales","Lantern","Blood Vial","animator:WizardHat","Sozu","Omamori","CultistMask","Sundial","animator:OldCoffin","Red Mask","Fusion Hammer","hexamod:BolsterEngine","Regal Pillow","War Paint"],"acts_visited":["Exordium","TheCity","TheBeyond"],"potions_floor_usage":[16,38],"damage_taken":[{"damage":7,"enemies":"Cultist","floor":1,"turns":5},{"damage":0,"enemies":"2 Louse","floor":2,"turns":3},{"damage":0,"enemies":"Small Slimes","floor":3,"turns":3},{"damage":0,"enemies":"3 Louse","floor":5,"turns":4},{"damage":14,"enemies":"Lagavulin","floor":6,"turns":7},{"damage":3,"enemies":"Exordium Wildlife","floor":7,"turns":4},{"damage":0,"enemies":"Large Slime","floor":12,"turns":6},{"damage":11,"enemies":"3 Sentries","floor":13,"turns":7},{"damage":7,"enemies":"Lots of Slimes","floor":14,"turns":4},{"damage":1,"enemies":"Slime Boss","floor":16,"turns":6},{"damage":14,"enemies":"2 Thieves","floor":18,"turns":4},{"damage":5,"enemies":"Shell Parasite","floor":19,"turns":3},{"damage":0,"enemies":"Snecko","floor":20,"turns":4},{"damage":11,"enemies":"Cultist and Chosen","floor":24,"turns":7},{"damage":17,"enemies":"Gremlin Leader","floor":28,"turns":7},{"damage":15,"enemies":"Masked Bandits","floor":29,"turns":5},{"damage":0,"enemies":"Snake Plant","floor":31,"turns":3},{"damage":18,"enemies":"Champ","floor":33,"turns":10},{"damage":10,"enemies":"3 Shapes","floor":35,"turns":3},{"damage":0,"enemies":"Orb Walker","floor":38,"turns":4},{"damage":4,"enemies":"Nemesis","floor":41,"turns":5},{"damage":20,"enemies":"Maw","floor":42,"turns":6},{"damage":8,"enemies":"Sphere and 2 Shapes","floor":46,"turns":4},{"damage":0,"enemies":"4 Shapes","floor":48,"turns":3},{"damage":52,"enemies":"Time Eater","floor":50,"turns":9}],"seed_played":"2909371929255799087","potions_obtained":[{"floor":2,"key":"animator:FalseLifePotion"},{"floor":7,"key":"GamblersBrew"},{"floor":12,"key":"SneckoOil"},{"floor":13,"key":"AttackPotion"},{"floor":16,"key":"SmokeBomb"}],"is_trial":false,"path_per_floor":["M","M","M","$","M","E","M","?","T","$","R","M","E","M","R","B",null,"M","M","M","$","?","R","M","R","T","?","E","?","R","M","R","B",null,"M","?","$","M","?","R","E","M","T","?","$","M","R","M","R","B",null],"character_chosen":"THE_ANIMATOR","items_purchased":["animator:MetalKnight","animator:Darkness","animator:KrulTepes","animator:Benimaru","Omamori","hexamod:BolsterEngine","animator:Chris"],"campfire_rested":4,"item_purchase_floors":[4,10,10,10,21,37,37],"current_hp_per_floor":[59,59,59,59,60,46,45,45,45,45,45,47,38,35,35,36,75,63,60,63,63,63,63,56,56,56,56,44,33,58,60,60,44,85,75,75,75,77,77,85,81,65,65,65,65,59,87,89,89,37],"gold":116,"neow_bonus":"RANDOM_COMMON_RELIC","is_daily":false,"chose_seed":false,"campfire_upgraded":5,"win_rate":0.0,"timestamp":1611718517,"path_taken":["M","M","M","$","M","E","M","?","T","$","R","M","E","M","R","BOSS","M","M","M","$","?","R","?","R","T","?","E","?","R","?","R","BOSS","M","?","$","M","?","R","E","?","T","?","$","M","R","M","R","BOSS"],"items_purchased_type":["Card","Card","Card","Card","Relic","Relic","Card"],"build_version":"2020-12-22","purchased_purges":1,"victory":true,"max_hp_per_floor":[66,66,66,66,67,67,69,69,69,69,69,71,73,75,75,75,75,77,77,78,78,78,78,80,80,80,80,83,85,85,85,85,85,85,85,85,85,85,85,85,85,87,87,87,87,87,87,89,89,89],"card_choices":[{"not_picked":["animator:Kazuma","animator:Azekura"],"picked":"animator:Mitsuba","floor":1},{"not_picked":["animator:Evileye","animator:Millim"],"picked":"animator:Sloth","floor":2},{"not_picked":["animator:Scar","animator:Emonzaemon"],"picked":"animator:Entoma","floor":3},{"not_picked":["animator:Evileye","animator:Demiurge"],"picked":"animator:PandorasActor","floor":5},{"not_picked":["animator:TsurugaMeisai","animator:Scar","animator:Hakurou"],"picked":"SKIP","floor":6},{"not_picked":["animator:MetalKnight","animator:Genos"],"picked":"animator:GazelDwargon","floor":7},{"not_picked":["animator:Souei","animator:Shigure"],"picked":"animator:Saitama","floor":12},{"not_picked":["animator:ElricAlphonse","animator:Shion"],"picked":"animator:ZankiKiguchi","floor":14},{"not_picked":["animator:Saitama","animator:Hans"],"picked":"animator:Ainz","floor":16},{"not_picked":["animator:Darkness","animator:Tatsumaki"],"picked":"animator:Nanami+1","floor":18},{"not_picked":["animator:Shuna","animator:TsurugaMeisai"],"picked":"animator:Millim","floor":19},{"not_picked":["animator:NarberalGamma","animator:PandorasActor"],"picked":"animator:Evileye","floor":20},{"not_picked":["animator:Emonzaemon","animator:Konayuki"],"picked":"animator:NarberalGamma","floor":24},{"not_picked":["animator:Genos+1","animator:Mitsurugi"],"picked":"animator:CrowleyEusford","floor":28},{"not_picked":["animator:Mitsuba","animator:TsurugaMeisai+1"],"picked":"animator:UneriGinkaku+1","floor":29},{"not_picked":["animator:Hakurou","animator:ElricAlphonse+1"],"picked":"animator:Kaijin","floor":31},{"not_picked":["animator:HigakiRinne","animator:Greed"],"picked":"animator:Biyorigo","floor":33},{"not_picked":["animator:Guren","animator:MaesHughes","animator:PandorasActor+1"],"picked":"SKIP","floor":38},{"not_picked":["animator:UneriGinkaku+1","animator:Chris+1"],"picked":"animator:Entoma","floor":41},{"not_picked":["animator:ElricAlphonse","animator:Cocytus","animator:Shuna+1"],"picked":"SKIP","floor":42},{"not_picked":["animator:Demiurge","animator:Evileye"],"picked":"animator:Entoma","floor":46},{"not_picked":["animator:Mitsurugi","animator:Shuna+1","animator:PandorasActor+1"],"picked":"SKIP","floor":48}],"player_experience":756364,"relics_obtained":[{"floor":6,"key":"Bronze Scales"},{"floor":9,"key":"Lantern"},{"floor":13,"key":"Blood Vial"},{"floor":13,"key":"animator:WizardHat"},{"floor":26,"key":"Sundial"},{"floor":28,"key":"animator:OldCoffin"},{"floor":29,"key":"Red Mask"},{"floor":41,"key":"Regal Pillow"},{"floor":43,"key":"War Paint"}],"event_choices":[{"damage_healed":0,"gold_gain":0,"player_choice":"Leave","damage_taken":0,"max_hp_gain":0,"max_hp_loss":0,"event_name":"The Cleric","floor":8,"gold_loss":0},{"damage_healed":0,"gold_gain":0,"player_choice":"Trade","damage_taken":0,"relics_obtained":["CultistMask"],"max_hp_gain":0,"max_hp_loss":0,"event_name":"FaceTrader","floor":22,"gold_loss":0},{"damage_healed":0,"gold_gain":0,"player_choice":"Fought Bandits","damage_taken":0,"max_hp_gain":0,"max_hp_loss":0,"event_name":"Masked Bandits","floor":29,"gold_loss":0},{"damage_healed":0,"gold_gain":0,"player_choice":"Ignored","damage_taken":0,"max_hp_gain":0,"max_hp_loss":0,"event_name":"SecretPortal","floor":39,"gold_loss":0},{"damage_healed":0,"gold_gain":0,"player_choice":"Forge","damage_taken":0,"max_hp_gain":0,"max_hp_loss":0,"event_name":"Accursed Blacksmith","floor":44,"gold_loss":0,"cards_upgraded":["animator:Biyorigo"]}],"is_beta":false,"boss_relics":[{"not_picked":["Busted Crown","bronze:MakeshiftBattery"],"picked":"Sozu"},{"not_picked":["animator:CursedBlade","Empty Cage"],"picked":"Fusion Hammer"}],"items_purged_floors":[21],"is_endless":false,"potions_floor_spawned":[2,7,12,13,16,20,28,29,31,35,38],"ascension_level":0}}