{"host":"uv5ws9rdk87e8i5k","time":1611718775,"event":{"mods":["AchievementEnabler","BaseMod","Colored Map","Minty Spire (QoL Compilation)","Permanent Neow","Quick Restart","StSLib","SuperFastMode","The Animator","The Cursed","The Hierophant","The Necromancer"],"gold_per_floor":[113,63,74,85,9,9,37,37,63,63,63,94,110,142,142,238,238,254,274,286,286,211,242,242,167,167,77,77,112,112,127,127,223,223,242,253,270,280,290,324,324,350,350,377,395,37,51,62,62,62],"floor_reached":51,"language":"ENG","playtime":1441,"items_purged":["Strike_W","Writhe"],"score":1297,"play_id":"4b03b53a-1333-4429-9164-88b59e4c7521","local_time":"20210126213935","is_ascension_mode":true,"campfire_choices":[{"data":"Necrotic_Claws","floor":6.0,"key":"SMITH"},{"data":"Requiem","floor":10.0,"key":"SMITH"},{"data":"Summon_Undead_Army","floor":15.0,"key":"SMITH"},{"data":"Summon_Death_Knight","floor":24.0,"key":"SMITH"},{"data":"Spectral_Walk","floor":28.0,"key":"SMITH"},{"data":"Life_Tap","floor":32.0,"key":"SMITH"},{"data":"Acid_Javelin","floor":41,"key":"SMITH"},{"floor":49,"key":"REST"}],"circlet_count":0,"master_deck":["AscendersBane","Defend_W","Defend_W","Defend_W","Defend_W","Negative_Energy_Arrows+1","Bone_Wall","Spectral_Armor","Acid_Javelin+1","Necrotic_Claws+1","Requiem+1","Summon_Undead_Army+1","Spectral_Walk+1","Spectral_Armor","Summon_Death_Knight+1","CurseOfTheBell","Life_Tap+1","Stop_Heart+1","Spectral_Armor","Shade_Step+1","Hellfire+1","Necrotic_Claws+1","Negative_Energy_Burst+1","Summon_Lich+1"],"relics":["Black Star","MealTicket","Bag of Marbles","Toy Ornithopter","Juzu Bracelet","Sundial","Bottled Flame","Pear","Calling Bell","Vajra","Matryoshka","Turnip","StoneCalendar","PreservedInsect","Orichalcum","Art of War","Boot","Molten Egg 2","Mercury Hourglass","Velvet Choker","Bottled Lightning","Bronze Scales","Frozen Egg 2","The Courier","Whetstone","Gremlin Horn","Nunchaku","Dream Catcher","Anchor","Frozen Eye"],"acts_visited":["Exordium","TheCity","TheBeyond"],"potions_floor_usage":[42,45,50,50],"damage_taken":[{"damage":9.0,"enemies":"Small Slimes","floor":1.0,"turns":4.0},{"damage":7.0,"enemies":"2 Louse","floor":3.0,"turns":4.0},{"damage":1.0,"enemies":"Jaw Worm","floor":4.0,"turns":5.0},{"damage":2.0,"enemies":"Gremlin Nob","floor":7.0,"turns":5.0},{"damage":11.0,"enemies":"3 Sentries","floor":12.0,"turns":8.0},{"damage":1.0,"enemies":"Exordium Wildlife","floor":13.0,"turns":3.0},{"damage":2.0,"enemies":"Lagavulin","floor":14.0,"turns":8.0},{"damage":43.0,"enemies":"Hexaghost","floor":16.0,"turns":8.0},{"damage":12.0,"enemies":"Shell Parasite","floor":18.0,"turns":5.0},{"damage":9.0,"enemies":"2 Thieves","floor":19.0,"turns":3.0},{"damage":2.0,"enemies":"Snake Plant","floor":20.0,"turns":5.0},{"damage":14.0,"enemies":"Gremlin Leader","floor":23.0,"turns":6.0},{"damage":11.0,"enemies":"Slavers","floor":29.0,"turns":6.0},{"damage":5.0,"enemies":"3 Cultists","floor":31.0,"turns":5.0},{"damage":21.0,"enemies":"Champ","floor":33.0,"turns":7.0},{"damage":1.0,"enemies":"Orb Walker","floor":35.0,"turns":3.0},{"damage":0.0,"enemies":"3 Shapes","floor":36.0,"turns":3.0},{"damage":3.0,"enemies":"3 Darklings","floor":37.0,"turns":6.0},{"damage":22.0,"enemies":"Writhing Mass","floor":38.0,"turns":4.0},{"damage":0.0,"enemies":"4 Shapes","floor":39.0,"turns":4.0},{"damage":5,"enemies":"Giant Head","floor":40,"turns":7},{"damage":14,"enemies":"Nemesis","floor":42,"turns":6},{"damage":2,"enemies":"Reptomancer","floor":44,"turns":5},{"damage":7,"enemies":"Spire Growth","floor":45,"turns":3},{"damage":9,"enemies":"Writhing Mass","floor":47,"turns":4},{"damage":0,"enemies":"3 Darklings","floor":48,"turns":3},{"damage":37,"enemies":"Awakened One","floor":50,"turns":12}],"seed_played":"5809837084687890676","potions_obtained":[{"floor":3.0,"key":"EssenceOfSteel"},{"floor":13.0,"key":"Explosive Potion"},{"floor":16.0,"key":"Ancient Potion"},{"floor":21.0,"key":"LiquidMemories"},{"floor":21.0,"key":"Swift Potion"},{"floor":23.0,"key":"Fire Potion"},{"floor":31.0,"key":"Explosive Potion"},{"floor":33.0,"key":"EssenceOfSteel"},{"floor":37.0,"key":"EntropicBrew"},{"floor":40,"key":"Ancient Potion"},{"floor":44,"key":"Fire Potion"},{"floor":45,"key":"EssenceOfSteel"}],"is_trial":false,"path_per_floor":["M","?","M","M","$","R","E","?","T","R","$","E","M","E","R","B",null,"M","M","M","?","$","E","R","?","T","?","R","E","?","M","R","B",null,"M","M","M","M","M","E","R","E","T","E","M","$","M","M","R","B",null],"character_chosen":"NECROMANCER","items_purchased":["Necrotic_Claws","Anchor","Block Potion","Frozen Eye"],"campfire_rested":1,"item_purchase_floors":[5,46,46,46],"current_hp_per_floor":[59,59,52,51,51,51,49,49,49,49,64,53,52,60,60,17,68,56,52,55,55,70,56,56,56,56,56,56,50,50,50,50,29,71,70,75,72,65,70,65,65,56,56,54,52,67,58,58,83,53],"gold":62,"neow_bonus":"BOSS_RELIC","is_daily":false,"chose_seed":false,"campfire_upgraded":7,"win_rate":0.0,"timestamp":1611718775,"path_taken":["M","?","M","M","$","R","E","?","T","R","?","E","M","E","R","BOSS","M","M","M","?","?","E","R","?","T","?","R","E","?","M","R","BOSS","M","M","M","M","M","E","R","E","T","E","M","$","M","M","R","BOSS"],"items_purchased_type":["Card","Relic","Potion","Relic"],"build_version":"2020-12-22","purchased_purges":2,"victory":true,"max_hp_per_floor":[75,75,75,75,75,75,75,75,75,75,75,75,75,85,85,85,85,85,85,85,85,85,85,85,85,85,85,85,85,85,85,85,85,85,85,85,85,85,85,85,85,85,85,85,85,85,85,85,85,85],"card_choices":[{"not_picked":["Bones_to_Steel","Toxic_Smoke_Screen"],"picked":"Spectral_Armor","floor":1.0},{"not_picked":["Blood_Whip","Death_March_Dance","Slay_Living"],"picked":"SKIP","floor":3.0},{"not_picked":["Scare","Blood_Curse"],"picked":"Acid_Javelin","floor":4.0},{"not_picked":["Scare","Shackles_Of_Pain"],"picked":"Requiem","floor":7.0},{"not_picked":["Negative_Energy_Javelin","Finger_Of_Death"],"picked":"Summon_Undead_Army","floor":12.0},{"not_picked":["Blood_Curse","Exploit"],"picked":"Spectral_Walk","floor":13.0},{"not_picked":["Bones_to_Steel","Negative_Energy_Mist"],"picked":"Spectral_Armor","floor":14.0},{"not_picked":["Reap_The_Weak","Skeleton_Dragon"],"picked":"Summon_Death_Knight","floor":16.0},{"not_picked":["Bone_Armory","Pandemic"],"picked":"Life_Tap","floor":18.0},{"not_picked":["Consume_Illness","Negative_Energy_Mist"],"picked":"Stop_Heart","floor":19.0},{"not_picked":["Bone_Shift","Pandemic"],"picked":"Spectral_Armor","floor":20.0},{"not_picked":["Plague_Bolt+1","Blood_for_Blood","Flesh_Made_Foul"],"picked":"SKIP","floor":23.0},{"not_picked":["Shackles_Of_Pain","Blood_Whip+1","Bone_Shift+1"],"picked":"SKIP","floor":29.0},{"not_picked":["Death_Coil+1","Toxic_Smoke_Screen"],"picked":"Shade_Step+1","floor":31.0},{"not_picked":["Detonate_Bones+1","Skeleton_Dragon"],"picked":"Hellfire+1","floor":33.0},{"not_picked":["Shackles_Of_Pain","Shade_Step+1","Epidemic+1"],"picked":"SKIP","floor":35.0},{"not_picked":["Negative_Energy_Shield","Pandemic+1","Bone_Bullets+1"],"picked":"SKIP","floor":36.0},{"not_picked":["Death_March_Dance+1","Strike_from_Beyond+1","Blood_Whip+1"],"picked":"SKIP","floor":37.0},{"not_picked":["Shackles_Of_Pain+1","Toxic_Smoke_Screen+1"],"picked":"Necrotic_Claws+1","floor":38.0},{"not_picked":["Consume_Illness","Blood_Is_Power+1","Negative_Energy_Javelin+1"],"picked":"SKIP","floor":39.0},{"not_picked":["Stop_Heart","Necromantic_Selection+1","Uncharnel+1"],"picked":"SKIP","floor":40},{"not_picked":["Necrotic_Claws+1","Bone_Armor"],"picked":"Negative_Energy_Burst+1","floor":42},{"not_picked":["Bone_Bullets+1","Finger_Of_Death+1","Negative_Energy_Shield"],"picked":"SKIP","floor":44},{"not_picked":["Skeleton_Dragon+1","Bone_Bullets+1"],"picked":"Summon_Lich+1","floor":45},{"not_picked":["Negative_Energy_Sphere+1","Acid_Javelin+1","Death_March_Dance+1"],"picked":"SKIP","floor":47},{"not_picked":["Vampiric_Strike+1","Violent_Necrosis","Bones_to_Steel"],"picked":"SKIP","floor":48}],"player_experience":295267,"relics_obtained":[{"floor":7.0,"key":"MealTicket"},{"floor":7.0,"key":"Bag of Marbles"},{"floor":9.0,"key":"Toy Ornithopter"},{"floor":12.0,"key":"Juzu Bracelet"},{"floor":12.0,"key":"Sundial"},{"floor":14.0,"key":"Bottled Flame"},{"floor":14.0,"key":"Pear"},{"floor":17.0,"key":"Vajra"},{"floor":17.0,"key":"Matryoshka"},{"floor":17.0,"key":"Turnip"},{"floor":23.0,"key":"StoneCalendar"},{"floor":23.0,"key":"PreservedInsect"},{"floor":26.0,"key":"Orichalcum"},{"floor":26.0,"key":"Art of War"},{"floor":29.0,"key":"Boot"},{"floor":29.0,"key":"Molten Egg 2"},{"floor":40,"key":"Bottled Lightning"},{"floor":40,"key":"Bronze Scales"},{"floor":42,"key":"Frozen Egg 2"},{"floor":42,"key":"The Courier"},{"floor":43,"key":"Whetstone"},{"floor":43,"key":"Gremlin Horn"},{"floor":44,"key":"Nunchaku"},{"floor":44,"key":"Dream Catcher"}],"event_choices":[{"cards_removed":["Strike_W"],"damage_healed":0.0,"max_hp_gain":0.0,"max_hp_loss":0.0,"gold_gain":0.0,"event_name":"The Cleric","player_choice":"Card Removal","floor":2.0,"gold_loss":50.0,"damage_taken":0.0},{"damage_healed":0.0,"max_hp_gain":0.0,"max_hp_loss":0.0,"gold_gain":0.0,"event_name":"Dead Adventurer","player_choice":"Searched \u00271\u0027 times","floor":8.0,"gold_loss":0.0,"damage_taken":0.0},{"damage_healed":0.0,"max_hp_gain":0.0,"max_hp_loss":0.0,"gold_gain":0.0,"event_name":"Lab","player_choice":"Got Potions","floor":21.0,"gold_loss":0.0,"damage_taken":0.0},{"cards_removed":["Strike_W"],"damage_healed":0.0,"max_hp_gain":0.0,"max_hp_loss":0.0,"gold_gain":0.0,"event_name":"Beggar","player_choice":"Gave Gold","floor":25.0,"gold_loss":75.0,"damage_taken":0.0},{"cards_removed":["Strike_W"],"damage_healed":0.0,"max_hp_gain":0.0,"max_hp_loss":0.0,"gold_gain":0.0,"event_name":"Designer","player_choice":"Upgrade and Remove","floor":27.0,"gold_loss":90.0,"damage_taken":0.0,"cards_upgraded":["Stop_Heart"]},{"damage_healed":0.0,"max_hp_gain":0.0,"max_hp_loss":0.0,"gold_gain":0.0,"event_name":"The Mausoleum","player_choice":"Opened","floor":30.0,"gold_loss":0.0,"damage_taken":0.0,"relics_obtained":["Mercury Hourglass"],"cards_obtained":["Writhe"]}],"is_beta":false,"boss_relics":[{"not_picked":["Runic Pyramid","SacredBark"],"picked":"Calling Bell"},{"not_picked":["Busted Crown","Pandora\u0027s Box"],"picked":"Velvet Choker"}],"items_purged_floors":[22,46],"is_endless":false,"potions_floor_spawned":[3,13,16,23,31,33,35,37,40,44,45,47],"ascension_level":11}}