{"host":"svzwxdz1ap0f6fks","time":1611761037,"event":{"mods":["AchievementEnabler","BaseMod","Downfall","Marisa????????","Minty Spire (QoL Compilation)","Replay The Spire","Shop Mod","StSLib","The Animator","The Cursed","The Disciple","The Servant 0.9.4"],"gold_per_floor":[117,117,131,151,151,151,163,224,224,224,115,135,105,124,208,310,310,322,322,262,280,83,83,32,48,48,65,76,76,96,107,107,211,211,227,227,227],"floor_reached":36,"language":"ENG","playtime":5199,"items_purged":["Pain"],"score":358,"play_id":"393eb87a-3bf2-4e6d-8e70-ee124eb37c0e","local_time":"20210127232357","is_ascension_mode":false,"campfire_choices":[{"floor":6,"key":"RECALL"},{"floor":10,"key":"REST"},{"data":"Defend_S","floor":23,"key":"PURGE"},{"floor":29,"key":"REST"},{"floor":32,"key":"REST"}],"circlet_count":0,"master_deck":["Strike_S","Strike_S","Strike_S","Strike_S","Defend_S","Defend_S","Defend_S","KidneyShot","Exchange","MurderousAura","Rearm","Barrier+1","BestPractice","Rearm","Dilation","Dilation","Contraction","ShatteredReality","FlawlessForm","Potential","Spin","DoubleEdge","Ricochet","MoonPhase","Snipe","Snipe","Moonlight","SurpressingFire","Unruled","Sunlight","Starlight","Duplication","Ricochet+1"],"relics":["Uniform","Peace Pipe","SlaversCollar","WarpedTongs","Nunchaku","Philosopher\u0027s Stone"],"acts_visited":["Exordium","TheCity","TheBeyond"],"potions_floor_usage":[7,14,16,18,28,30,33,36],"damage_taken":[{"damage":5,"enemies":"2 Louse","floor":1,"turns":3},{"damage":4,"enemies":"Cultist","floor":3,"turns":4},{"damage":3,"enemies":"Jaw Worm","floor":4,"turns":5},{"damage":14,"enemies":"3 Louse","floor":7,"turns":5},{"damage":42,"enemies":"Gremlin Nob","floor":8,"turns":8},{"damage":0,"enemies":"2 Fungi Beasts","floor":12,"turns":5},{"damage":5,"enemies":"Exordium Thugs","floor":14,"turns":6},{"damage":5,"enemies":"The Guardian","floor":16,"turns":11},{"damage":5,"enemies":"Chosen","floor":18,"turns":9},{"damage":19,"enemies":"2 Thieves","floor":20,"turns":4},{"damage":0,"enemies":"Chosen and Byrds","floor":21,"turns":8},{"damage":12,"enemies":"Cultist and Chosen","floor":25,"turns":7},{"damage":8,"enemies":"Snecko","floor":27,"turns":7},{"damage":13,"enemies":"Shelled Parasite and Fungi","floor":28,"turns":7},{"damage":2,"enemies":"Cultist and Chosen","floor":30,"turns":5},{"damage":11,"enemies":"Centurion and Healer","floor":31,"turns":4},{"damage":13,"enemies":"Champ","floor":33,"turns":10},{"damage":17,"enemies":"Orb Walker","floor":35,"turns":4},{"damage":62,"enemies":"Orin","floor":36,"turns":8}],"seed_played":"-2277721043681038183","potions_obtained":[{"floor":3,"key":"Regen Potion"},{"floor":12,"key":"Flashbang"},{"floor":13,"key":"Flashbang"},{"floor":13,"key":"Regen Potion"},{"floor":14,"key":"DuplicationPotion"},{"floor":16,"key":"Swift Potion"},{"floor":18,"key":"Fruit Juice"},{"floor":27,"key":"Swift Potion"},{"floor":28,"key":"LiquidMemories"},{"floor":33,"key":"sneckomod:MuddlingPotion"}],"is_trial":false,"path_per_floor":["M","?","M","M","?","R","M","?","T","R","$","M","?","M","R","B",null,"M","?","M","M","$","R","$","M","T","M","M","R","M","M","R","B",null,"M","?"],"character_chosen":"THE_SERVANT","items_purchased":["Dilation","Ricochet","MoonPhase","Snipe"],"campfire_rested":3,"item_purchase_floors":[11,22,22,24],"current_hp_per_floor":[60,60,56,53,53,53,48,6,6,25,25,25,25,34,34,29,65,65,65,46,46,46,46,46,34,34,26,13,34,32,21,42,29,70,53,0,0],"gold":227,"neow_bonus":"","is_daily":false,"chose_seed":false,"campfire_upgraded":0,"win_rate":0.0,"timestamp":1611761037,"path_taken":["M","?","M","?","?","R","M","?","T","R","$","M","?","M","R","BOSS","M","?","M","M","?","R","$","M","T","M","M","R","M","M","R","BOSS","M","?"],"items_purchased_type":["Card","Card","Card","Card"],"build_version":"2020-12-22","purchased_purges":1,"victory":false,"max_hp_per_floor":[65,65,65,65,65,65,65,65,65,65,65,65,65,65,65,65,65,70,70,70,70,70,70,70,70,70,70,70,70,70,70,70,70,70,70,70,70],"card_choices":[{"not_picked":["DoubleEdge","Unruled"],"picked":"Ricochet","floor":1},{"not_picked":["Starlight","Potential"],"picked":"MurderousAura","floor":3},{"not_picked":["BottledTime","Alleviate"],"picked":"Rearm","floor":4},{"not_picked":["TimeWarp","Foresight"],"picked":"BestPractice","floor":7},{"not_picked":["WasteNot","FastForward"],"picked":"Rearm","floor":8},{"not_picked":["Rewind","StarChef"],"picked":"Contraction","floor":12},{"not_picked":["Unruled","Solidify"],"picked":"ShatteredReality","floor":14},{"not_picked":["Solidify","FloweringNight"],"picked":"FlawlessForm","floor":16},{"not_picked":["StarChef","Rewind"],"picked":"Potential","floor":18},{"not_picked":["Revamp","Replace"],"picked":"Spin","floor":20},{"not_picked":["InstantArmor","BestPractice"],"picked":"DoubleEdge","floor":21},{"not_picked":["StarChef","Potential"],"picked":"Moonlight","floor":25},{"not_picked":["Alleviate","Defy"],"picked":"SurpressingFire","floor":27},{"not_picked":["Rewind","Barrier"],"picked":"Unruled","floor":28},{"not_picked":["Sabotage","RealityMarble+1"],"picked":"Sunlight","floor":30},{"not_picked":["ShatteredReality","Replace"],"picked":"Starlight","floor":31},{"not_picked":["PendulumOfEternity","Solidify"],"picked":"Duplication","floor":33},{"not_picked":["TimeWarp","MoonPhase"],"picked":"Ricochet+1","floor":35}],"player_experience":0,"relics_obtained":[{"floor":8,"key":"Peace Pipe"},{"floor":26,"key":"Nunchaku"}],"event_choices":[{"damage_healed":0,"gold_gain":0,"player_choice":"Upgraded","damage_taken":0,"max_hp_gain":0,"max_hp_loss":0,"event_name":"Upgrade Shrine","floor":2,"gold_loss":0,"cards_upgraded":["Ricochet"]},{"damage_healed":0,"gold_gain":0,"player_choice":"Searched \u00271\u0027 times","damage_taken":0,"max_hp_gain":0,"max_hp_loss":0,"event_name":"Dead Adventurer","floor":8,"gold_loss":0},{"damage_healed":0,"gold_gain":0,"player_choice":"Bought 2 Potions","damage_taken":0,"max_hp_gain":0,"max_hp_loss":0,"event_name":"The Woman in Blue","floor":13,"gold_loss":0},{"damage_healed":0,"gold_gain":0,"player_choice":"Rummage","damage_taken":0,"relics_obtained":["WarpedTongs"],"max_hp_gain":0,"max_hp_loss":0,"event_name":"Accursed Blacksmith","floor":19,"gold_loss":0,"cards_obtained":["Pain"]},{"damage_healed":0,"gold_gain":0,"player_choice":"Fight","damage_taken":0,"max_hp_gain":0,"max_hp_loss":0,"event_name":"OrinTheCat","floor":36,"gold_loss":0}],"is_beta":false,"boss_relics":[{"not_picked":["Replay:Bronze Core","Ring of Chaos"],"picked":"SlaversCollar"},{"not_picked":["Cursed Key","MysterySword"],"picked":"Philosopher\u0027s Stone"}],"items_purged_floors":[22],"is_endless":false,"potions_floor_spawned":[3,12,14,16,18,27,28,33],"killed_by":"Orin","ascension_level":0}}