{"host":"mai03x2ekbjy4059","time":1611769538,"event":{"mods":["2.2 Compatiblity","BaseMod","Colored Map","DeckTracker","Keyboard Shortcuts","Minty Spire (QoL Compilation)","Permanent Neow","Quick Restart","SuperFastMode","everything is the same but u backflip on backflip"],"gold_per_floor":[367,367,30,45,61,96,96,115,140,140,169,169,188,217,217,322,322,334,334,334,46,61,89,114,152,164,205,245,257,284,296,308,424,436,463,475,537,565,592,633,670,708,802,847,859,883,921,943,955,967,979,991,40,65,65],"floor_reached":56,"language":"KOR","playtime":2189,"items_purged":["Strike_G"],"score":1633,"play_id":"3e86b809-6cec-45bc-a7b5-ae4022587296","local_time":"20210128024538","is_ascension_mode":true,"campfire_choices":[{"data":"Noxious Fumes","floor":7.0,"key":"SMITH"},{"data":"Leg Sweep","floor":10.0,"key":"SMITH"},{"data":"Adrenaline","floor":15.0,"key":"SMITH"},{"data":"Footwork","floor":29.0,"key":"SMITH"},{"data":"Catalyst","floor":32.0,"key":"SMITH"},{"data":"Sadistic Nature","floor":45,"key":"SMITH"},{"floor":49,"key":"RECALL"},{"data":"Adrenaline","floor":52,"key":"SMITH"}],"circlet_count":0,"master_deck":["Strike_G","Strike_G","Defend_G","Defend_G","Defend_G","Defend_G","Defend_G","Survivor","Neutralize+1","Deflect","Noxious Fumes+1","Leg Sweep+1","Adrenaline+1","Malaise","Footwork+1","Adrenaline+1","Catalyst+1","Caltrops+1","Footwork+1","Sadistic Nature+1","Panacea+1","Apotheosis+1","After Image","Corpse Explosion+1","Backflip+1","Crippling Poison+1","Malaise+1","Blur+1","Dark Shackles+1","Dodge and Roll+1"],"relics":["Ring of the Serpent","Mummified Hand","Nunchaku","Toy Ornithopter","Potion Belt","Omamori","Ice Cream","MawBank","Bottled Tornado","HornCleat","Snake Skull","Red Mask","Centennial Puzzle","Calling Bell","Regal Pillow","Toxic Egg 2","CaptainsWheel","WingedGreaves","Strawberry","Dream Catcher","InkBottle","Meat on the Bone","Mercury Hourglass","Sundial","Turnip","Ornamental Fan","Strange Spoon","Torii"],"acts_visited":["Exordium","TheCity","TheBeyond","TheEnding"],"potions_floor_usage":[40,55,55,55,55],"damage_taken":[{"damage":0.0,"enemies":"Small Slimes","floor":1.0,"turns":4.0},{"damage":3.0,"enemies":"Cultist","floor":4.0,"turns":5.0},{"damage":0.0,"enemies":"2 Louse","floor":5.0,"turns":3.0},{"damage":16.0,"enemies":"3 Sentries","floor":6.0,"turns":9.0},{"damage":0.0,"enemies":"Blue Slaver","floor":8.0,"turns":6.0},{"damage":13.0,"enemies":"Gremlin Nob","floor":11.0,"turns":6.0},{"damage":5.0,"enemies":"3 Louse","floor":13.0,"turns":5.0},{"damage":14.0,"enemies":"3 Sentries","floor":14.0,"turns":9.0},{"damage":0.0,"enemies":"The Guardian","floor":16.0,"turns":14.0},{"damage":0.0,"enemies":"Shell Parasite","floor":18.0,"turns":9.0},{"damage":0.0,"enemies":"Chosen","floor":22.0,"turns":8.0},{"damage":0.0,"enemies":"Book of Stabbing","floor":23.0,"turns":8.0},{"damage":7.0,"enemies":"3 Cultists","floor":24.0,"turns":7.0},{"damage":9.0,"enemies":"Gremlin Leader","floor":25.0,"turns":10.0},{"damage":31.0,"enemies":"Slavers","floor":27.0,"turns":6.0},{"damage":0.0,"enemies":"Masked Bandits","floor":28.0,"turns":4.0},{"damage":0.0,"enemies":"Centurion and Healer","floor":30.0,"turns":8.0},{"damage":4.0,"enemies":"Champ","floor":33.0,"turns":14.0},{"damage":0.0,"enemies":"3 Darklings","floor":35.0,"turns":5.0},{"damage":3,"enemies":"Mind Bloom Boss Battle","floor":37,"turns":7},{"damage":7,"enemies":"3 Shapes","floor":38,"turns":5},{"damage":3,"enemies":"3 Darklings","floor":39,"turns":4},{"damage":14,"enemies":"Nemesis","floor":40,"turns":11},{"damage":4,"enemies":"Reptomancer","floor":41,"turns":6},{"damage":0,"enemies":"Giant Head","floor":42,"turns":8},{"damage":0,"enemies":"Nemesis","floor":44,"turns":5},{"damage":2,"enemies":"Transient","floor":46,"turns":5},{"damage":17,"enemies":"Giant Head","floor":47,"turns":7},{"damage":0,"enemies":"4 Shapes","floor":48,"turns":2},{"damage":6,"enemies":"Awakened One","floor":50,"turns":13},{"damage":9,"enemies":"Shield and Spear","floor":54,"turns":4},{"damage":26,"enemies":"The Heart","floor":55,"turns":9}],"seed_played":"7893731742474710862","potions_obtained":[{"floor":4.0,"key":"LiquidMemories"},{"floor":5.0,"key":"EssenceOfSteel"},{"floor":14.0,"key":"CunningPotion"},{"floor":16.0,"key":"AttackPotion"},{"floor":22.0,"key":"SneckoOil"},{"floor":25.0,"key":"Strength Potion"},{"floor":28.0,"key":"Block Potion"},{"floor":38,"key":"FairyPotion"},{"floor":39,"key":"Energy Potion"},{"floor":46,"key":"Swift Potion"},{"floor":47,"key":"LiquidMemories"}],"is_trial":false,"path_per_floor":["M","?","$","M","M","E","R","M","T","R","E","?","M","E","R","B",null,"M","?","?","$","M","E","M","E","T","E","?","R","M","?","R","B",null,"M","?","?","M","M","E","E","E","T","E","R","M","E","M","R","B",null,"R","$","E","B",null],"character_chosen":"THE_SILENT","items_purchased":["Mummified Hand","Noxious Fumes","Ice Cream","Turnip","Blur+1","Ornamental Fan","Strange Spoon","Dark Shackles+1"],"campfire_rested":0,"item_purchase_floors":[3,3,21,53,53,53,53,53],"current_hp_per_floor":[63,63,63,60,60,44,44,44,44,44,31,28,23,9,9,24,63,63,63,63,63,63,63,56,52,52,21,21,21,21,21,21,17,63,63,53,50,43,40,38,34,34,34,46,46,44,39,39,39,45,70,70,70,61,44],"gold":65,"neow_bonus":"TWO_FIFTY_GOLD","is_daily":false,"chose_seed":false,"campfire_upgraded":7,"win_rate":0.0,"timestamp":1611769538,"path_taken":["M","?","$","?","M","E","R","M","T","R","E","?","M","E","R","BOSS","M","?","?","$","M","E","M","E","T","E","?","R","M","?","R","BOSS","M","?","?","M","M","E","E","E","T","E","R","M","E","M","R","BOSS","R","$","E","BOSS"],"items_purchased_type":["Relic","Card","Relic","Relic","Card","Relic","Relic","Card"],"build_version":"2020-12-22","purchased_purges":1,"victory":true,"max_hp_per_floor":[63,63,63,63,63,63,63,63,63,63,63,63,63,63,63,63,63,63,63,63,63,63,63,63,63,63,63,63,63,63,63,63,63,63,63,63,63,63,63,70,70,70,70,70,70,70,70,70,70,70,70,70,70,70,70],"card_choices":[{"not_picked":["Riddle With Holes","Dagger Spray"],"picked":"Deflect","floor":1.0},{"not_picked":["Outmaneuver","Deflect","Bane"],"picked":"SKIP","floor":4.0},{"not_picked":["Outmaneuver","Prepared","Backflip"],"picked":"SKIP","floor":5.0},{"not_picked":["Quick Slash","Flying Knee"],"picked":"Leg Sweep","floor":6.0},{"not_picked":["PiercingWail","Choke","Burst"],"picked":"SKIP","floor":8.0},{"not_picked":["Venomology","Riddle With Holes","Flying Knee"],"picked":"SKIP","floor":11.0},{"not_picked":["Dagger Throw","Outmaneuver","Dagger Spray"],"picked":"SKIP","floor":13.0},{"not_picked":["Bane","Backflip"],"picked":"Adrenaline","floor":14.0},{"not_picked":["A Thousand Cuts","Venomology"],"picked":"Malaise","floor":16.0},{"not_picked":["Bane","Cloak And Dagger","Slice"],"picked":"SKIP","floor":18.0},{"not_picked":["Masterful Stab+1","Leg Sweep+1","Dagger Spray+1"],"picked":"SKIP","floor":22.0},{"not_picked":["Distraction+1","Outmaneuver","Blade Dance"],"picked":"SKIP","floor":23.0},{"not_picked":["Backstab","Bane","Dodge and Roll"],"picked":"SKIP","floor":24.0},{"not_picked":["Sucker Punch","Backstab"],"picked":"Caltrops+1","floor":25.0},{"not_picked":["Heel Hook","Phantasmal Killer"],"picked":"Footwork+1","floor":27.0},{"not_picked":["Slice","Dagger Spray","Sucker Punch+1"],"picked":"SKIP","floor":30.0},{"not_picked":["Tactician+1","Poisoned Stab+1","Terror+1"],"picked":"SKIP","floor":35.0},{"not_picked":["Jack Of All Trades+1","Chrysalis+1"],"picked":"Sadistic Nature","floor":36},{"not_picked":["Discovery+1","Magnetism"],"picked":"Panacea+1","floor":36},{"not_picked":["Madness+1","Dramatic Entrance"],"picked":"Apotheosis+1","floor":36},{"not_picked":["Bane","Masterful Stab","Dash+1"],"picked":"SKIP","floor":38},{"not_picked":["Bane","Outmaneuver+1","Dagger Throw"],"picked":"SKIP","floor":39},{"not_picked":["Dagger Throw+1","Blade Dance+1"],"picked":"After Image","floor":40},{"not_picked":["Prepared+1","Accuracy"],"picked":"Corpse Explosion+1","floor":41},{"not_picked":["Acrobatics+1","Underhanded Strike+1"],"picked":"Backflip+1","floor":42},{"not_picked":["Riddle With Holes","Quick Slash+1","Prepared+1"],"picked":"SKIP","floor":44},{"not_picked":["Predator","Finisher+1"],"picked":"Crippling Poison+1","floor":46},{"not_picked":["Quick Slash","Slice+1"],"picked":"Malaise+1","floor":47},{"not_picked":["Acrobatics+1","Bane+1","Prepared+1"],"picked":"SKIP","floor":48},{"not_picked":["Storm of Steel+1","Distraction+1"],"picked":"Dodge and Roll+1","floor":54}],"player_experience":1149377,"relics_obtained":[{"floor":6.0,"key":"Nunchaku"},{"floor":11.0,"key":"Toy Ornithopter"},{"floor":14.0,"key":"Omamori"},{"floor":23.0,"key":"MawBank"},{"floor":25.0,"key":"Bottled Tornado"},{"floor":26.0,"key":"HornCleat"},{"floor":27.0,"key":"Snake Skull"},{"floor":28.0,"key":"Red Mask"},{"floor":34.0,"key":"Regal Pillow"},{"floor":34.0,"key":"Toxic Egg 2"},{"floor":34.0,"key":"CaptainsWheel"},{"floor":37,"key":"WingedGreaves"},{"floor":40,"key":"Strawberry"},{"floor":41,"key":"Dream Catcher"},{"floor":42,"key":"InkBottle"},{"floor":43,"key":"Meat on the Bone"},{"floor":44,"key":"Mercury Hourglass"},{"floor":47,"key":"Sundial"},{"floor":54,"key":"Torii"}],"event_choices":[{"damage_healed":0.0,"max_hp_gain":0.0,"max_hp_loss":0.0,"gold_gain":0.0,"event_name":"Accursed Blacksmith","player_choice":"Forge","floor":2.0,"gold_loss":0.0,"damage_taken":0.0,"cards_upgraded":["Neutralize"]},{"damage_healed":0.0,"max_hp_gain":0.0,"max_hp_loss":0.0,"gold_gain":0.0,"event_name":"Scrap Ooze","player_choice":"Success","floor":12.0,"gold_loss":0.0,"damage_taken":3.0,"relics_obtained":["Potion Belt"]},{"damage_healed":0.0,"max_hp_gain":0.0,"max_hp_loss":0.0,"gold_gain":0.0,"event_name":"The Library","player_choice":"Read","floor":19.0,"gold_loss":0.0,"damage_taken":0.0,"cards_obtained":["Footwork"]},{"damage_healed":0.0,"max_hp_gain":0.0,"max_hp_loss":0.0,"gold_gain":0.0,"cards_transformed":["Strike_G","Strike_G"],"event_name":"Drug Dealer","player_choice":"Became Test Subject","floor":20.0,"gold_loss":0.0,"damage_taken":0.0,"cards_obtained":["Adrenaline","Catalyst"]},{"damage_healed":0.0,"max_hp_gain":0.0,"max_hp_loss":0.0,"gold_gain":0.0,"event_name":"Masked Bandits","player_choice":"Fought Bandits","floor":28.0,"gold_loss":0.0,"damage_taken":0.0},{"damage_healed":0.0,"max_hp_gain":0.0,"max_hp_loss":0.0,"gold_gain":0.0,"event_name":"Addict","player_choice":"Stole Relic","floor":31.0,"gold_loss":0.0,"damage_taken":0.0,"relics_obtained":["Centennial Puzzle"],"cards_obtained":["Shame"]},{"damage_healed":0,"gold_gain":0,"player_choice":"Memory 3","damage_taken":10,"max_hp_gain":0,"max_hp_loss":0,"event_name":"SensoryStone","floor":36,"gold_loss":0},{"damage_healed":0,"gold_gain":0,"player_choice":"Fight","damage_taken":0,"max_hp_gain":0,"max_hp_loss":0,"event_name":"MindBloom","floor":37,"gold_loss":0}],"is_beta":false,"boss_relics":[{"not_picked":["Snecko Eye","Astrolabe"],"picked":"Ring of the Serpent"},{"not_picked":["Velvet Choker","HoveringKite"],"picked":"Calling Bell"}],"items_purged_floors":[53],"is_endless":false,"potions_floor_spawned":[4,5,14,16,22,25,28,38,39,46,47,48,54],"ascension_level":1}}