{"host":"ojezjkpqju62j8xy","time":1611749490,"event":{"mods":["ATMod(°¢èªMod)","Act Like it!","Aspiration","BaseMod","Conspire","Minty Spire (QoL Compilation)","Pale of the Ancients","Replay The Spire","Spicy Shops","StSLib","[GremlinLeader]The Maniac","¡¾ÒÅÎï¿¨ÅÆ¡¿REMEMod"],"gold_per_floor":[111,111,111,129,142,142,172,172,195,223,20,45,65,80,80,178,178,198,213,213,224,31,31,31],"floor_reached":23,"language":"ZHS","playtime":795,"items_purged":[],"score":327,"play_id":"6729380c-ee65-4153-9fb0-97ea0b85b398","local_time":"20210127201130","is_ascension_mode":true,"campfire_choices":[{"floor":6,"key":"RECALL"},{"floor":8,"key":"REST"},{"floor":15,"key":"REST"}],"circlet_count":0,"master_deck":["AscendersBane","Strike_B","Strike_B","Strike_B","Defend_B","Defend_B","Zap","Dualcast","AT_MachinaRedman","maniac:Collecting","ReplayTheSpireMod:Repulse","Go for the Eyes","Cold Snap","Panic Button","Beam Cell","Self Repair","Time Bomb","Skim","conspire:Rain","Electrodynamics","AT_WaterDrop+1","Amplify+1","Redo+1","Chill","REME_Compress","REME_DataAnalysis+1","Redo","Redo"],"relics":["Cracked Core","AT_ATBox","REME_ComplimentaryCards","NeowsBlessing","Replay:Bottled Steam","Question Card","Mercury Hourglass","ReplayFunnel","Replay:Accelerometer","Bottled Flame","Anchor","Astrolabe","AT_SunfireAegis"],"acts_visited":["Exordium","TheCity"],"potions_floor_usage":[3,5,5,7,12],"damage_taken":[{"damage":0,"enemies":"Cultist","floor":1,"turns":1},{"damage":0,"enemies":"Jaw Worm","floor":4,"turns":1},{"damage":5,"enemies":"Red Slaver","floor":5,"turns":4},{"damage":20,"enemies":"3 Sentries","floor":7,"turns":9},{"damage":26,"enemies":"Lagavulin","floor":10,"turns":4},{"damage":16,"enemies":"3 Sentries","floor":12,"turns":4},{"damage":18,"enemies":"Lots of Slimes","floor":13,"turns":3},{"damage":14,"enemies":"Exordium Thugs","floor":14,"turns":4},{"damage":33,"enemies":"Slime Boss","floor":16,"turns":9},{"damage":9,"enemies":"Spheric Guardian","floor":18,"turns":4},{"damage":0,"enemies":"Chosen","floor":19,"turns":4},{"damage":26,"enemies":"Snake Plant","floor":21,"turns":6},{"damage":52,"enemies":"Gremlin Leader","floor":23,"turns":4}],"seed_played":"-6748178318607659694","potions_obtained":[{"floor":1,"key":"LiquidMemories"},{"floor":3,"key":"REME_GoldPotion"},{"floor":4,"key":"Weak Potion"},{"floor":5,"key":"DistilledChaos"},{"floor":10,"key":"FocusPotion"},{"floor":16,"key":"EssenceOfDarkness"},{"floor":18,"key":"SpeedPotion"}],"is_trial":false,"path_per_floor":["M","M","?","M","M","R","E","R","T","E","$","E","M","M","R","B",null,"M","M","?","M","$","E"],"character_chosen":"DEFECT","items_purchased":["Self Repair","Replay:Accelerometer","AT_SunfireAegis","Redo"],"campfire_rested":2,"item_purchase_floors":[11,11,22,22],"current_hp_per_floor":[68,68,68,68,63,63,43,65,65,39,39,30,19,12,34,8,58,56,63,71,52,52,0,0],"gold":31,"neow_bonus":"THREE_ENEMY_KILL","is_daily":false,"chose_seed":false,"campfire_upgraded":0,"win_rate":0.0,"timestamp":1611749490,"path_taken":["M","?","?","M","?","R","E","R","T","E","$","E","M","?","R","BOSS","M","M","?","?","?","E"],"items_purchased_type":["Card","Relic","Relic","Card"],"build_version":"2020-12-22","purchased_purges":0,"victory":false,"max_hp_per_floor":[75,75,75,75,75,75,75,75,75,75,75,75,75,75,75,75,75,75,75,75,75,75,75,75],"card_choices":[{"not_picked":["Streamline","Stack"],"picked":"ReplayTheSpireMod:Repulse","floor":1},{"not_picked":["Leap","Genetic Algorithm"],"picked":"Go for the Eyes","floor":4},{"not_picked":["Loop","Barrage"],"picked":"Cold Snap","floor":5},{"not_picked":["Mirror Shield","Streamline","Time Bomb"],"picked":"Panic Button","floor":7},{"not_picked":["Auto Shields","AT_HeatAcrobatics","Genetic Algorithm"],"picked":"Beam Cell","floor":10},{"not_picked":["Stack","Gash","Sweeping Beam"],"picked":"Time Bomb","floor":12},{"not_picked":["conspire:SharedLibrary","Force Field","Machine Learning"],"picked":"Skim","floor":13},{"not_picked":["BasicCrystalCard","Barrage","Streamline"],"picked":"conspire:Rain","floor":14},{"not_picked":["Thunder Strike","Mirror Shield","Creative AI"],"picked":"Electrodynamics","floor":16},{"not_picked":["AT_DarkMatter","ReplaySolidLightProjector","Crystallizer"],"picked":"Chill","floor":18},{"not_picked":["AT_RobotInSpace","Rip and Tear","Blizzard"],"picked":"REME_Compress","floor":19},{"not_picked":["Sweeping Beam+1","Steam","Leap+1"],"picked":"REME_DataAnalysis+1","floor":21}],"player_experience":1392575,"relics_obtained":[{"floor":7,"key":"Mercury Hourglass"},{"floor":10,"key":"ReplayFunnel"},{"floor":12,"key":"Bottled Flame"}],"event_choices":[{"damage_healed":0,"gold_gain":0,"player_choice":"Got Potions","damage_taken":0,"max_hp_gain":0,"max_hp_loss":0,"event_name":"Lab","floor":3,"gold_loss":0}],"is_beta":false,"boss_relics":[{"not_picked":["Empty Cage","REME_ChargedStone"],"picked":"Astrolabe"}],"items_purged_floors":[],"is_endless":false,"potions_floor_spawned":[1,4,5,10,16,18],"killed_by":"Gremlin Leader","ascension_level":11}}