{"host":"rolltorest","time":1611719033,"event":{"mods":["BaseMod","Jorbs\u0027s Wanderer Trilogy","Koishi","Minty Spire (QoL Compilation)","Relic Stats","Robot Space Explorer","Slay the Relics Exporter","StSLib","The Servant 0.9.4"],"gold_per_floor":[117,127,52,66,82,82,82,111,136,136,153,179,193,219,219,296,296,313,329,47,63,63,63,63,63],"floor_reached":24,"language":"ENG","playtime":837,"items_purged":["RobotSpaceExplorer:Strike"],"score":486,"play_id":"b18c9c54-e349-429c-ad7c-dd66b2b5c5a4","local_time":"20210126194353","is_ascension_mode":true,"campfire_choices":[{"data":"RobotSpaceExplorer:MakeshiftVolley","floor":6,"key":"SMITH"},{"data":"RobotSpaceExplorer:DoubleFind","floor":10,"key":"SMITH"},{"data":"RobotSpaceExplorer:DoubleBlock","floor":15,"key":"SMITH"},{"floor":23,"key":"REST"}],"circlet_count":0,"master_deck":["AscendersBane","RobotSpaceExplorer:Strike","RobotSpaceExplorer:Strike","RobotSpaceExplorer:Strike","RobotSpaceExplorer:Defend","RobotSpaceExplorer:Defend","RobotSpaceExplorer:Defend","RobotSpaceExplorer:Defend","RobotSpaceExplorer:Scan","RobotSpaceExplorer:MiniLasers","RobotSpaceExplorer:DoubleFind+1","RobotSpaceExplorer:SurgingShield","RobotSpaceExplorer:FrostMissile","RobotSpaceExplorer:ShovelStrike","RobotSpaceExplorer:MakeshiftVolley+1","RobotSpaceExplorer:TrailblazerForm","RobotSpaceExplorer:IronShell","RobotSpaceExplorer:SurgingStrike","RobotSpaceExplorer:DoubleFind","RobotSpaceExplorer:DoubleBlock+1","RobotSpaceExplorer:Blaster","RobotSpaceExplorer:JunkDive","RobotSpaceExplorer:Fix","RobotSpaceExplorer:Comet","RobotSpaceExplorer:PowerCollector+1","RobotSpaceExplorer:DualCore"],"relics":["RobotSpaceExplorer:TurboCore","NeowsBlessing","Tiny Chest","RobotSpaceExplorer:ClockworkSextant","Vajra","FossilizedHelix","Orrery","Enchiridion"],"acts_visited":["Exordium","TheCity"],"potions_floor_usage":[11,14,21],"damage_taken":[{"damage":0,"enemies":"Cultist","floor":1,"turns":1},{"damage":0,"enemies":"Small Slimes","floor":2,"turns":1},{"damage":0,"enemies":"2 Louse","floor":4,"turns":1},{"damage":6,"enemies":"Blue Slaver","floor":5,"turns":3},{"damage":8,"enemies":"Gremlin Nob","floor":8,"turns":3},{"damage":7,"enemies":"Exordium Thugs","floor":11,"turns":6},{"damage":0,"enemies":"Lagavulin","floor":12,"turns":9},{"damage":1,"enemies":"Looter","floor":13,"turns":3},{"damage":20,"enemies":"3 Sentries","floor":14,"turns":8},{"damage":21,"enemies":"Hexaghost","floor":16,"turns":11},{"damage":0,"enemies":"Chosen","floor":18,"turns":4},{"damage":8,"enemies":"2 Thieves","floor":19,"turns":3},{"damage":17,"enemies":"Snake Plant","floor":21,"turns":5},{"damage":37,"enemies":"Book of Stabbing","floor":24,"turns":3}],"seed_played":"-6889640317219293085","potions_obtained":[{"floor":4,"key":"ColorlessPotion"},{"floor":5,"key":"ColorlessPotion"},{"floor":8,"key":"RobotSpaceExplorer:RecyclePotion"},{"floor":14,"key":"LiquidBronze"},{"floor":16,"key":"CultistPotion"}],"is_trial":false,"path_per_floor":["M","M","$","M","M","R","?","E","T","R","M","E","M","E","R","B",null,"M","M","$","M","?","R","E"],"character_chosen":"RobotSpaceExplorer","items_purchased":["RobotSpaceExplorer:FrostMissile","RobotSpaceExplorer:ShovelStrike","RobotSpaceExplorer:Fix","Orrery"],"campfire_rested":1,"item_purchase_floors":[3,3,20,20],"current_hp_per_floor":[64,64,64,64,58,58,58,50,50,50,43,43,42,22,22,1,54,54,46,46,33,12,33,0,0],"gold":63,"neow_bonus":"THREE_ENEMY_KILL","is_daily":false,"chose_seed":false,"campfire_upgraded":3,"win_rate":0.0,"timestamp":1611719033,"path_taken":["M","?","?","?","M","R","?","E","T","R","M","E","M","E","R","BOSS","M","?","$","M","?","R","E"],"items_purchased_type":["Card","Card","Card","Relic"],"build_version":"2020-12-18","purchased_purges":1,"victory":false,"max_hp_per_floor":[71,71,71,71,71,71,71,71,71,71,71,71,71,71,71,71,71,71,71,71,71,71,71,71,71],"relic_stats":{"counters":[14,61],"Tiny Chest":0,"obtain_stats":[{"RobotSpaceExplorer:ClockworkSextant":11,"NeowsBlessing":0,"Vajra":12,"Orrery":20,"Enchiridion":22,"RobotSpaceExplorer:RoboCore":0,"Tiny Chest":8,"FossilizedHelix":14,"RobotSpaceExplorer:TurboCore":17},{"RobotSpaceExplorer:ClockworkSextant":6,"NeowsBlessing":0,"Vajra":7,"Orrery":12,"Enchiridion":13,"RobotSpaceExplorer:RoboCore":0,"Tiny Chest":5,"FossilizedHelix":9,"RobotSpaceExplorer:TurboCore":10},{"RobotSpaceExplorer:ClockworkSextant":15,"NeowsBlessing":0,"Vajra":24,"Orrery":53,"Enchiridion":58,"RobotSpaceExplorer:RoboCore":0,"Tiny Chest":9,"FossilizedHelix":35,"RobotSpaceExplorer:TurboCore":46}]},"card_choices":[{"not_picked":["RobotSpaceExplorer:Pulsar","RobotSpaceExplorer:MetalStrike"],"picked":"RobotSpaceExplorer:DoubleFind","floor":1},{"not_picked":["RobotSpaceExplorer:FreezeRay","RobotSpaceExplorer:ShockKick"],"picked":"RobotSpaceExplorer:SurgingShield","floor":2},{"not_picked":["RobotSpaceExplorer:Ammunition","RobotSpaceExplorer:Jetpack","RobotSpaceExplorer:ShovelStrike"],"picked":"SKIP","floor":4},{"not_picked":["RobotSpaceExplorer:ImprovisedAttack","RobotSpaceExplorer:ScrapShield"],"picked":"RobotSpaceExplorer:MakeshiftVolley","floor":5},{"not_picked":["RobotSpaceExplorer:StunGrenade","RobotSpaceExplorer:LaserBurst"],"picked":"RobotSpaceExplorer:IronShell","floor":8},{"not_picked":["RobotSpaceExplorer:SurgingShield","RobotSpaceExplorer:Electroshield"],"picked":"RobotSpaceExplorer:SurgingStrike","floor":11},{"not_picked":["RobotSpaceExplorer:LuckyStrike","RobotSpaceExplorer:ImprovisedAttack"],"picked":"RobotSpaceExplorer:DoubleFind","floor":12},{"not_picked":["RobotSpaceExplorer:Ammunition","RobotSpaceExplorer:ScrapShield","RobotSpaceExplorer:Smokescreen"],"picked":"SKIP","floor":13},{"not_picked":["RobotSpaceExplorer:GlueShot","RobotSpaceExplorer:Smokescreen"],"picked":"RobotSpaceExplorer:DoubleBlock","floor":14},{"not_picked":["RobotSpaceExplorer:Accelerator","RobotSpaceExplorer:Exploration"],"picked":"RobotSpaceExplorer:Blaster","floor":16},{"not_picked":["RobotSpaceExplorer:FranticSearch","RobotSpaceExplorer:FrostMissile"],"picked":"RobotSpaceExplorer:JunkDive","floor":18},{"not_picked":["RobotSpaceExplorer:MetalStrike","RobotSpaceExplorer:ScrapShield","RobotSpaceExplorer:StunGrenade"],"picked":"SKIP","floor":19},{"not_picked":["RobotSpaceExplorer:FranticSearch","RobotSpaceExplorer:SurgingShield"],"picked":"RobotSpaceExplorer:Comet","floor":20},{"not_picked":["RobotSpaceExplorer:SlimeMissile","RobotSpaceExplorer:ShovelStrike+1"],"picked":"RobotSpaceExplorer:PowerCollector+1","floor":20},{"not_picked":["RobotSpaceExplorer:SurgingShield+1","RobotSpaceExplorer:RigExplosive"],"picked":"RobotSpaceExplorer:DualCore","floor":20},{"not_picked":["RobotSpaceExplorer:IronShell","RobotSpaceExplorer:SurgingShield+1","RobotSpaceExplorer:StunGrenade"],"picked":"SKIP","floor":21}],"player_experience":2244783,"relics_obtained":[{"floor":8,"key":"Tiny Chest"},{"floor":11,"key":"RobotSpaceExplorer:ClockworkSextant"},{"floor":12,"key":"Vajra"},{"floor":14,"key":"FossilizedHelix"},{"floor":22,"key":"Enchiridion"}],"event_choices":[{"damage_healed":0,"gold_gain":0,"player_choice":"2 cards matched","damage_taken":0,"max_hp_gain":0,"max_hp_loss":0,"event_name":"Match and Keep!","floor":7,"gold_loss":0,"cards_obtained":["RobotSpaceExplorer:TrailblazerForm","RobotSpaceExplorer:LuckyFind"]},{"damage_healed":0,"gold_gain":0,"player_choice":"Obtained Book","damage_taken":21,"max_hp_gain":0,"max_hp_loss":0,"event_name":"Cursed Tome","floor":22,"gold_loss":0}],"is_beta":true,"boss_relics":[{"not_picked":["Runic Pyramid","SlaversCollar"],"picked":"RobotSpaceExplorer:TurboCore"}],"items_purged_floors":[20],"is_endless":false,"potions_floor_spawned":[4,5,8,14,16,18,19],"killed_by":"Book of Stabbing","ascension_level":20}}