{"host":"2yhbarjh4s9lrrzt","time":1611737031,"event":{"mods":["2.2 Compatiblity","BaseMod","Better Note","Better Third Choice","Block Reminder","Hubris","Marked Mod","Minty Spire (QoL Compilation)","Replay The Spire","StSLib"],"gold_per_floor":[110,121,121,121,121,121,137,137,137,161,161,23,37,158,158,281,281,302,317,335,45,45,45,68,68,140,140,140],"floor_reached":27,"language":"ENG","playtime":1581,"items_purged":[],"score":203,"play_id":"1218fe55-84e1-4972-a47e-6add56a9c109","local_time":"20210127034351","is_ascension_mode":false,"campfire_choices":[{"floor":6,"key":"REST"},{"floor":8,"key":"REST"},{"floor":15,"key":"REST"},{"floor":23,"key":"REST"}],"circlet_count":0,"master_deck":["Strike_P","Strike_P","Strike_P","Strike_P","Defend_P","Defend_P","Defend_P","Defend_P","Eruption","Vigilance","Defend_B","Strike_P","DevaForm","PathToVictory","FlyingSleeves","Injury","EmptyFist","Replay:Anticipation","Vengeance+1","MarkedMod:PinPointDefense","Wish","ReplayTheSpireMod:Splinters","ReachHeaven","SashWhip","Wallop","Judgement","Replay:ManipulateFuture","CutThroughFate+1","PathToVictory+1","JustLucky","JustLucky","Vault"],"relics":["PureWater","Golden Idol","Replay:Rubber Ducky","Fusion Hammer","Pantograph","hubris:Reverence"],"acts_visited":["Exordium","TheCity"],"potions_floor_usage":[16,24],"damage_taken":[{"damage":15,"enemies":"2 Louse","floor":1,"turns":3},{"damage":2,"enemies":"Small Slimes","floor":2,"turns":4},{"damage":10,"enemies":"Jaw Worm","floor":7,"turns":5},{"damage":4,"enemies":"2 Fungi Beasts","floor":10,"turns":5},{"damage":33,"enemies":"Gremlin Gang","floor":13,"turns":6},{"damage":89,"enemies":"The Guardian","floor":16,"turns":17},{"damage":0,"enemies":"Spheric Guardian","floor":18,"turns":3},{"damage":12,"enemies":"2 Thieves","floor":19,"turns":4},{"damage":42,"enemies":"Shelled Parasite and Fungi","floor":20,"turns":7},{"damage":36,"enemies":"Snecko","floor":24,"turns":7},{"damage":5,"enemies":"Replay:Snechameleon","floor":27,"turns":2}],"seed_played":"-4169594671337481317","potions_obtained":[{"floor":2,"key":"FairyPotion"},{"floor":10,"key":"SpeedPotion"},{"floor":20,"key":"CultistPotion"},{"floor":24,"key":"Ambrosia"}],"is_trial":false,"path_per_floor":["M","M","?","?","?","R","M","R","T","M","?","$","M","?","R","B",null,"M","M","M","$","?","R","M","?","T","E"],"character_chosen":"WATCHER","items_purchased":["Vengeance+1","MarkedMod:PinPointDefense","Pantograph","JustLucky"],"campfire_rested":4,"item_purchase_floors":[12,12,21,21],"current_hp_per_floor":[57,55,55,55,43,64,54,72,72,68,68,68,35,35,56,16,72,72,60,18,18,18,39,3,3,3,0,0],"gold":140,"neow_bonus":"THREE_RARE_CARDS","is_daily":false,"chose_seed":false,"campfire_upgraded":0,"win_rate":0.0,"timestamp":1611737031,"path_taken":["M","M","?","?","?","R","?","R","T","M","?","$","?","?","R","BOSS","M","M","M","$","?","R","M","?","T","E"],"items_purchased_type":["Card","Card","Relic","Card"],"build_version":"2020-12-22","purchased_purges":0,"victory":false,"max_hp_per_floor":[72,72,72,72,72,72,72,72,72,72,72,72,72,72,72,72,72,72,72,72,72,72,72,72,72,72,72,72],"card_choices":[{"not_picked":["Replay:LoomingThreat","Devotion"],"picked":"DevaForm","floor":0},{"not_picked":["Replay:AtTheReady","Evaluate"],"picked":"PathToVictory","floor":1},{"not_picked":["Protect","SashWhip"],"picked":"FlyingSleeves","floor":2},{"not_picked":["SashWhip","EmptyBody"],"picked":"EmptyFist","floor":7},{"not_picked":["CutThroughFate","TalkToTheHand"],"picked":"Replay:Anticipation","floor":10},{"not_picked":["CarveReality","FlyingSleeves"],"picked":"Wish","floor":13},{"not_picked":["Protect","Pray"],"picked":"ReachHeaven","floor":14},{"not_picked":["Sanctity","Halt"],"picked":"SashWhip","floor":14},{"not_picked":["Evaluate","WreathOfFlame"],"picked":"Wallop","floor":14},{"not_picked":["Alpha","LessonLearned"],"picked":"Judgement","floor":16},{"not_picked":["ThirdEye","SashWhip"],"picked":"Replay:ManipulateFuture","floor":18},{"not_picked":["Replay:Anticipation","ThirdEye"],"picked":"CutThroughFate+1","floor":19},{"not_picked":["MarkedMod:PinPointDefense","CutThroughFate"],"picked":"PathToVictory+1","floor":20},{"not_picked":["EmptyFist","SandsOfTime"],"picked":"Vault","floor":24}],"player_experience":265488,"relics_obtained":[{"floor":26,"key":"hubris:Reverence"}],"event_choices":[{"damage_healed":0,"gold_gain":0,"player_choice":"Take Wound","damage_taken":0,"relics_obtained":["Golden Idol"],"max_hp_gain":0,"max_hp_loss":0,"event_name":"Golden Idol","floor":3,"gold_loss":0,"cards_obtained":["Injury"]},{"damage_healed":0,"gold_gain":0,"player_choice":"Relic ","damage_taken":12,"max_hp_gain":0,"max_hp_loss":0,"event_name":"betterThird:BetterScrap","floor":5,"gold_loss":0,"cards_obtained":["Masterful Stab"]},{"cards_removed":["Sickly"],"damage_healed":0,"gold_gain":0,"player_choice":"Purged","damage_taken":0,"max_hp_gain":0,"max_hp_loss":0,"event_name":"Purifier","floor":11,"gold_loss":0},{"cards_removed":["Injury"],"damage_healed":0,"gold_gain":0,"player_choice":"Give","damage_taken":0,"max_hp_gain":0,"max_hp_loss":0,"event_name":"betterNote:BetterNote","floor":22,"gold_loss":0,"cards_obtained":["ReplayTheSpireMod:Splinters"]},{"damage_healed":0,"gold_gain":0,"player_choice":"0 cards matched","damage_taken":0,"max_hp_gain":0,"max_hp_loss":0,"event_name":"Match and Keep!","floor":25,"gold_loss":0,"cards_obtained":[]}],"is_beta":false,"boss_relics":[{"not_picked":["Black Star","hubris:VirtuousBlindfold"],"picked":"Fusion Hammer"}],"items_purged_floors":[],"is_endless":false,"potions_floor_spawned":[2,10,20,24],"killed_by":"Replay:Snechameleon","ascension_level":0}}