{"host":"wn5psrz55l2vtftw","time":1611712479,"event":{"mods":["BaseMod","Colored Powertips","Good Game Mod","Minty Spire (QoL Compilation)","Relic Filter Mod","Spicy Shops","StSLib","UnlockEverythingMod"],"gold_per_floor":[112,37,37,51,51,51,51,79,79,154,154,154,154,165,165,261,261,278,377,277,277,152,186,186,215,215,215,215,215,215,228,228,326,326,343,343,343,343,343,343,193,223,223,240,47,47,47,97,97,97],"floor_reached":51,"language":"ZHS","playtime":2757,"items_purged":["Redo","Compile Driver","Stack+1","Writhe"],"score":772,"play_id":"ced41ebc-c1d3-44fe-b3b1-34b73ffd4428","local_time":"20210127095439","daily_mods":["SealedDeck","Vintage","Heirloom","Time Dilation","Flight"],"is_ascension_mode":true,"campfire_choices":[{"data":"Conserve Battery","floor":6.0,"key":"SMITH"},{"data":"Flash of Steel","floor":7.0,"key":"SMITH"},{"data":"Stack","floor":12.0,"key":"SMITH"},{"floor":15.0,"key":"REST"},{"data":"Echo Form","floor":24.0,"key":"SMITH"},{"data":"DevaForm","floor":28.0,"key":"SMITH"},{"floor":29.0,"key":"REST"},{"data":"Go for the Eyes","floor":30.0,"key":"SMITH"},{"data":"Melter","floor":32.0,"key":"SMITH"},{"floor":40.0,"key":"REST"},{"data":"Capacitor","floor":47,"key":"SMITH"},{"floor":49,"key":"REST"}],"circlet_count":0,"master_deck":["Tempest+1","Skim+1","Ball Lightning+1","Double Energy+1","Conserve Battery+1","DevaForm+1","Flash of Steel+1","Conserve Battery+1","Echo Form+1","Multi-Cast+1","Deep Breath+1","Capacitor+1","Gash+1"],"relics":["Cracked Core","REME:ComplimentaryCards","Emotion Chip","Darkstone Periapt","Akabeko","Odd Mushroom","Cables","Juzu Bracelet","Ice Cream","Unceasing Top","MutagenicStrength","Mummified Hand","War Paint","Shuriken","Toxic Egg 2","SlaversCollar","Pear","Kunai","Strawberry","Oddly Smooth Stone","Dream Catcher","Ginger"],"acts_visited":["Exordium","TheCity","TheBeyond"],"potions_floor_usage":[50],"damage_taken":[{"damage":1.0,"enemies":"Jaw Worm","floor":1.0,"turns":3.0},{"damage":0.0,"enemies":"Cultist","floor":4.0,"turns":3.0},{"damage":7.0,"enemies":"The Mushroom Lair","floor":8.0,"turns":3.0},{"damage":1.0,"enemies":"2 Louse","floor":14.0,"turns":2.0},{"damage":5.0,"enemies":"The Guardian","floor":16.0,"turns":5.0},{"damage":0.0,"enemies":"3 Byrds","floor":18.0,"turns":3.0},{"damage":12.0,"enemies":"Book of Stabbing","floor":23.0,"turns":3.0},{"damage":8.0,"enemies":"Gremlin Leader","floor":25.0,"turns":4.0},{"damage":0.0,"enemies":"Shell Parasite","floor":31.0,"turns":2.0},{"damage":12.0,"enemies":"Automaton","floor":33.0,"turns":5.0},{"damage":20.0,"enemies":"3 Darklings","floor":35.0,"turns":3.0},{"damage":29,"enemies":"Reptomancer","floor":42,"turns":4},{"damage":5,"enemies":"Orb Walker","floor":44,"turns":2},{"damage":0,"enemies":"Mind Bloom Boss Battle","floor":48,"turns":2},{"damage":24,"enemies":"Donu and Deca","floor":50,"turns":5}],"seed_played":"-3984874942211065991","potions_obtained":[{"floor":4.0,"key":"AttackPotion"},{"floor":14.0,"key":"Regen Potion"},{"floor":18.0,"key":"EssenceOfDarkness"},{"floor":23.0,"key":"LiquidMemories"}],"is_trial":true,"path_per_floor":["M","$","?","M","?","R","R","?","T","?","?","R","T","M","R","B",null,"M","?","$","?","$","E","R","E","T","$","R","R","R","M","R","B",null,"M","?","?","?","?","R","$","E","T","M","$","?","R","?","R","B",null],"character_chosen":"DEFECT","items_purchased":["Capacitor","Dream Catcher"],"campfire_rested":4,"item_purchase_floors":[45,45],"current_hp_per_floor":[74,74,74,74,59,59,59,52,52,41,41,41,41,40,62,57,75,75,75,75,75,75,63,63,55,55,55,55,75,75,75,75,63,75,65,65,65,91,91,91,91,62,69,64,64,98,98,98,98,74],"gold":97,"neow_bonus":"","is_daily":false,"chose_seed":false,"campfire_upgraded":8,"win_rate":0.0,"timestamp":1611712479,"path_taken":["M","$","?","?","?","R","R","?","T","?","?","R","?","M","R","BOSS","M","?","$","?","$","E","R","E","T","$","R","R","R","M","R","BOSS","M","?","?","?","?","R","?","E","T","M","$","?","R","?","R","BOSS"],"items_purchased_type":["Card","Relic"],"build_version":"2020-12-22","purchased_purges":4,"victory":true,"max_hp_per_floor":[75,75,75,75,75,75,75,75,75,75,75,75,75,75,75,75,75,75,75,75,75,75,75,75,75,75,75,75,75,75,75,75,75,75,85,85,85,91,91,91,91,91,98,98,98,98,98,98,98,98],"card_choices":[{"not_picked":["Meteor Strike","Seek"],"picked":"Echo Form","floor":16.0},{"not_picked":["Cold Snap+1","Rip and Tear","Conserve Battery"],"picked":"SKIP","floor":23.0},{"not_picked":["Reprogram","Fusion","Recycle"],"picked":"SKIP","floor":25.0},{"not_picked":["Biased Cognition","Amplify+1"],"picked":"Multi-Cast+1","floor":33.0},{"not_picked":["Dramatic Entrance","Forethought+1"],"picked":"Deep Breath+1","floor":36.0},{"not_picked":["Stack+1","Barrage","Fusion+1"],"picked":"SKIP","floor":42},{"not_picked":["Recycle+1","Steam+1"],"picked":"Gash+1","floor":48}],"player_experience":72394,"relics_obtained":[{"floor":1.0,"key":"Darkstone Periapt"},{"floor":4.0,"key":"Akabeko"},{"floor":8.0,"key":"Odd Mushroom"},{"floor":9.0,"key":"Cables"},{"floor":13.0,"key":"Juzu Bracelet"},{"floor":14.0,"key":"Ice Cream"},{"floor":18.0,"key":"Unceasing Top"},{"floor":23.0,"key":"Mummified Hand"},{"floor":25.0,"key":"War Paint"},{"floor":26.0,"key":"Shuriken"},{"floor":31.0,"key":"Toxic Egg 2"},{"floor":35.0,"key":"Pear"},{"floor":42,"key":"Kunai"},{"floor":43,"key":"Strawberry"},{"floor":44,"key":"Oddly Smooth Stone"},{"floor":48,"key":"Ginger"}],"event_choices":[{"damage_healed":0.0,"max_hp_gain":0.0,"max_hp_loss":0.0,"gold_gain":0.0,"event_name":"Match and Keep!","player_choice":"2 cards matched","floor":3.0,"gold_loss":0.0,"damage_taken":0.0,"cards_obtained":["Flash of Steel","Conserve Battery"]},{"damage_healed":0.0,"max_hp_gain":0.0,"max_hp_loss":0.0,"gold_gain":0.0,"event_name":"Shining Light","player_choice":"Entered Light","floor":5.0,"gold_loss":0.0,"damage_taken":15.0,"cards_upgraded":["Ball Lightning","Conserve Battery"]},{"damage_healed":0.0,"max_hp_gain":0.0,"max_hp_loss":0.0,"gold_gain":0.0,"event_name":"Mushrooms","player_choice":"Fought Mushrooms","floor":8.0,"gold_loss":0.0,"damage_taken":0.0},{"damage_healed":0.0,"max_hp_gain":0.0,"max_hp_loss":0.0,"gold_gain":75.0,"event_name":"World of Goop","player_choice":"Gather Gold","floor":10.0,"gold_loss":0.0,"damage_taken":11.0},{"damage_healed":0.0,"max_hp_gain":0.0,"max_hp_loss":0.0,"gold_gain":0.0,"event_name":"Living Wall","player_choice":"Grow","floor":11.0,"gold_loss":0.0,"damage_taken":0.0,"cards_upgraded":["Double Energy"]},{"damage_healed":0.0,"max_hp_gain":0.0,"max_hp_loss":0.0,"gold_gain":99.0,"event_name":"Nest","player_choice":"Stole From Cult","floor":19.0,"gold_loss":0.0,"damage_taken":0.0},{"damage_healed":0.0,"max_hp_gain":0.0,"max_hp_loss":0.0,"gold_gain":0.0,"event_name":"Drug Dealer","player_choice":"Inject Mutagens","floor":21.0,"gold_loss":0.0,"damage_taken":0.0,"relics_obtained":["MutagenicStrength"]},{"damage_healed":0.0,"max_hp_gain":0.0,"max_hp_loss":0.0,"gold_gain":0.0,"event_name":"SensoryStone","player_choice":"Memory 1","floor":36.0,"gold_loss":0.0,"damage_taken":0.0},{"cards_removed":["Go for the Eyes"],"damage_healed":0.0,"max_hp_gain":0.0,"max_hp_loss":0.0,"gold_gain":0.0,"event_name":"Falling","player_choice":"Removed Attack","floor":37.0,"gold_loss":0.0,"damage_taken":0.0},{"damage_healed":21.0,"max_hp_gain":0.0,"max_hp_loss":0.0,"gold_gain":0.0,"event_name":"Winding Halls","player_choice":"Writhe","floor":38.0,"gold_loss":0.0,"damage_taken":0.0,"cards_obtained":["Writhe"]},{"damage_healed":0.0,"max_hp_gain":0.0,"max_hp_loss":0.0,"gold_gain":0.0,"event_name":"Tomb of Lord Red Mask","player_choice":"Ignored","floor":39.0,"gold_loss":0.0,"damage_taken":0.0},{"cards_removed":["Melter"],"damage_healed":34,"gold_gain":0,"player_choice":"Offered Uncommon","damage_taken":0,"max_hp_gain":0,"max_hp_loss":0,"event_name":"Bonfire Elementals","floor":46,"gold_loss":0},{"damage_healed":0,"gold_gain":0,"player_choice":"Fight","damage_taken":0,"max_hp_gain":0,"max_hp_loss":0,"event_name":"MindBloom","floor":48,"gold_loss":0}],"is_beta":false,"boss_relics":[{"not_picked":["Velvet Choker","Coffee Dripper","Fusion Hammer"]},{"not_picked":["Runic Pyramid","Sozu"],"picked":"SlaversCollar"}],"items_purged_floors":[2,20,22,41],"is_endless":false,"potions_floor_spawned":[4,14,18,23,48],"ascension_level":1}}