{"host":"sav7uxregyirlf69","time":1611746115,"event":{"mods":["AchievementEnabler","BaseMod","Colored Map","DeckTracker","Keyboard Shortcuts","Minty Spire (QoL Compilation)","READ ME - Guardian Mod","StSLib","SuperFastMode"],"gold_per_floor":[112,112,127,127,147,147,182,182,182,223,193,233,251,223,223,353,353,341,341,360,375,375,375,375,75,102,151,166,166,192,209,209,312,312,324,324,335,335,335,335,335,335],"floor_reached":41,"language":"KOR","playtime":996,"items_purged":["Strike_B"],"score":716,"play_id":"e869e543-84cd-4a8f-87b1-6544450f6446","local_time":"20210127201515","is_ascension_mode":true,"campfire_choices":[{"data":"Zap","floor":6.0,"key":"SMITH"},{"data":"Loop","floor":8.0,"key":"SMITH"},{"floor":15.0,"key":"REST"},{"data":"Creative AI","floor":23.0,"key":"SMITH"},{"data":"Turbo","floor":29.0,"key":"SMITH"},{"floor":32.0,"key":"REST"},{"floor":40.0,"key":"REST"}],"circlet_count":0,"master_deck":["AscendersBane","Strike_B","Defend_B","Defend_B","Defend_B","Defend_B","Zap+1","Dualcast","Glacier","Cold Snap","Consume","Loop+1","Conserve Battery","Coolheaded","Capacitor+1","Biased Cognition","Streamline","Creative AI+1","Hologram","Turbo+1","Skim","Blizzard","Capacitor","Fission","Hologram+1"],"relics":["Cracked Core","Calipers","Bloody Idol","Darkstone Periapt","HornCleat","Unceasing Top","Ancient Tea Set","Philosopher\u0027s Stone","Omamori","Smiling Mask","Blood Vial","SlaversCollar"],"acts_visited":["Exordium","TheCity","TheBeyond"],"potions_floor_usage":[41],"damage_taken":[{"damage":3.0,"enemies":"2 Louse","floor":1.0,"turns":3.0},{"damage":6.0,"enemies":"Small Slimes","floor":3.0,"turns":4.0},{"damage":5.0,"enemies":"Jaw Worm","floor":5.0,"turns":4.0},{"damage":12.0,"enemies":"Lagavulin","floor":7.0,"turns":10.0},{"damage":2.0,"enemies":"3 Sentries","floor":10.0,"turns":12.0},{"damage":0.0,"enemies":"Looter","floor":11.0,"turns":4.0},{"damage":20.0,"enemies":"Gremlin Nob","floor":12.0,"turns":6.0},{"damage":2.0,"enemies":"3 Louse","floor":13.0,"turns":4.0},{"damage":0.0,"enemies":"The Guardian","floor":16.0,"turns":12.0},{"damage":13.0,"enemies":"2 Thieves","floor":18.0,"turns":4.0},{"damage":0.0,"enemies":"Spheric Guardian","floor":20.0,"turns":4.0},{"damage":21.0,"enemies":"Cultist and Chosen","floor":21.0,"turns":10.0},{"damage":0.0,"enemies":"Centurion and Healer","floor":28.0,"turns":11.0},{"damage":41.0,"enemies":"Slavers","floor":30.0,"turns":8.0},{"damage":0.0,"enemies":"Snecko","floor":31.0,"turns":6.0},{"damage":26.0,"enemies":"Champ","floor":33.0,"turns":13.0},{"damage":31.0,"enemies":"3 Shapes","floor":35.0,"turns":7.0},{"damage":22.0,"enemies":"3 Darklings","floor":37.0,"turns":9.0},{"damage":49,"enemies":"Reptomancer","floor":41,"turns":3}],"seed_played":"-3642165908109895092","potions_obtained":[{"floor":3.0,"key":"PowerPotion"},{"floor":12.0,"key":"Dexterity Potion"},{"floor":13.0,"key":"Weak Potion"},{"floor":16.0,"key":"SteroidPotion"},{"floor":30.0,"key":"Fire Potion"},{"floor":35.0,"key":"DuplicationPotion"}],"is_trial":false,"path_per_floor":["M","?","M","?","M","R","E","R","T","E","M","E","M","?","R","B",null,"M","?","M","M","?","R","?","$","T","T","M","R","E","M","R","B",null,"M","?","M","?","?","R","E"],"character_chosen":"DEFECT","items_purchased":["Omamori","Hologram","Turbo"],"campfire_rested":3,"item_purchase_floors":[25,25,25],"current_hp_per_floor":[47,52,46,46,41,41,29,29,29,27,27,7,5,5,27,27,62,49,49,49,28,28,28,28,28,33,38,43,43,7,14,36,17,60,36,36,21,21,21,42,0,0],"gold":335,"neow_bonus":"ONE_RARE_RELIC","is_daily":false,"chose_seed":false,"campfire_upgraded":4,"win_rate":0.0,"timestamp":1611746115,"path_taken":["M","?","M","?","M","R","E","R","T","E","M","E","?","?","R","BOSS","M","?","M","?","?","R","?","$","T","?","M","R","E","M","R","BOSS","M","?","M","?","?","R","E"],"items_purchased_type":["Relic","Card","Card"],"build_version":"2020-12-22","purchased_purges":1,"victory":false,"max_hp_per_floor":[75,80,80,74,74,74,74,74,74,74,74,74,74,74,74,74,74,74,74,74,74,74,74,74,74,74,74,74,74,74,74,74,74,74,74,70,70,70,70,70,70,70],"card_choices":[{"not_picked":["Steam","Conserve Battery"],"picked":"Glacier","floor":1.0},{"not_picked":["Hello World","Sweeping Beam"],"picked":"Cold Snap","floor":3.0},{"not_picked":["Beam Cell","Conserve Battery"],"picked":"Consume","floor":5.0},{"not_picked":["Conserve Battery","Sweeping Beam"],"picked":"Loop","floor":7.0},{"not_picked":["Doom and Gloom","Fusion"],"picked":"Conserve Battery","floor":10.0},{"not_picked":["Recycle","Streamline"],"picked":"Coolheaded","floor":11.0},{"not_picked":["Double Energy","Rebound"],"picked":"Capacitor","floor":12.0},{"not_picked":["White Noise","Hyperbeam","Stack"],"picked":"SKIP","floor":13.0},{"not_picked":["All For One","Seek"],"picked":"Biased Cognition","floor":16.0},{"not_picked":["Beam Cell","Stack","Aggregate"],"picked":"SKIP","floor":18.0},{"not_picked":["Scrape+1","Static Discharge","Doom and Gloom+1"],"picked":"SKIP","floor":20.0},{"not_picked":["Stack","Scrape","Leap"],"picked":"SKIP","floor":21.0},{"not_picked":["Lockon","Sunder"],"picked":"Skim","floor":28.0},{"not_picked":["Darkness","Reboot"],"picked":"Blizzard","floor":30.0},{"not_picked":["Stack+1","Consume"],"picked":"Capacitor","floor":31.0},{"not_picked":["Meteor Strike","Seek"],"picked":"Fission","floor":33.0},{"not_picked":["Melter","Storm+1"],"picked":"Hologram+1","floor":35.0},{"not_picked":["Consume","Redo","Hologram+1"],"picked":"SKIP","floor":37.0}],"player_experience":1397719,"relics_obtained":[{"floor":7.0,"key":"Darkstone Periapt"},{"floor":9.0,"key":"HornCleat"},{"floor":10.0,"key":"Unceasing Top"},{"floor":12.0,"key":"Ancient Tea Set"},{"floor":26.0,"key":"Smiling Mask"},{"floor":30.0,"key":"Blood Vial"}],"event_choices":[{"damage_healed":0.0,"max_hp_gain":5.0,"max_hp_loss":0.0,"gold_gain":0.0,"event_name":"Big Fish","player_choice":"Donut","floor":2.0,"gold_loss":0.0,"damage_taken":0.0},{"damage_healed":0.0,"max_hp_gain":0.0,"max_hp_loss":6.0,"gold_gain":0.0,"event_name":"Golden Idol","player_choice":"Lose Max HP","floor":4.0,"gold_loss":0.0,"damage_taken":0.0,"relics_obtained":["Golden Idol"]},{"damage_healed":0.0,"max_hp_gain":0.0,"max_hp_loss":0.0,"gold_gain":0.0,"event_name":"World of Goop","player_choice":"Left Gold","floor":14.0,"gold_loss":28.0,"damage_taken":0.0},{"damage_healed":0.0,"max_hp_gain":0.0,"max_hp_loss":0.0,"gold_gain":0.0,"event_name":"Upgrade Shrine","player_choice":"Upgraded","floor":19.0,"gold_loss":0.0,"damage_taken":0.0,"cards_upgraded":["Capacitor"]},{"damage_healed":0.0,"max_hp_gain":0.0,"max_hp_loss":0.0,"gold_gain":0.0,"cards_transformed":["Strike_B","Strike_B"],"event_name":"Drug Dealer","player_choice":"Became Test Subject","floor":22.0,"gold_loss":0.0,"damage_taken":0.0,"cards_obtained":["Streamline","Creative AI"]},{"damage_healed":0.0,"max_hp_gain":0.0,"max_hp_loss":0.0,"gold_gain":0.0,"event_name":"Forgotten Altar","player_choice":"Gave Idol","floor":24.0,"relics_lost":["Golden Idol"],"gold_loss":0.0,"damage_taken":0.0,"relics_obtained":["Bloody Idol"]},{"damage_healed":0.0,"max_hp_gain":0.0,"max_hp_loss":4.0,"gold_gain":0.0,"event_name":"Winding Halls","player_choice":"Max HP","floor":36.0,"gold_loss":0.0,"damage_taken":0.0},{"damage_healed":0.0,"max_hp_gain":0.0,"max_hp_loss":0.0,"gold_gain":0.0,"event_name":"SensoryStone","player_choice":"Memory 1","floor":38.0,"gold_loss":0.0,"damage_taken":0.0},{"damage_healed":0.0,"max_hp_gain":0.0,"max_hp_loss":0.0,"gold_gain":0.0,"event_name":"Mysterious Sphere","player_choice":"Ignored","floor":39.0,"gold_loss":0.0,"damage_taken":0.0}],"is_beta":false,"boss_relics":[{"not_picked":["Runic Pyramid","Nuclear Battery"],"picked":"Philosopher\u0027s Stone"},{"not_picked":["Coffee Dripper","Pandora\u0027s Box"],"picked":"SlaversCollar"}],"items_purged_floors":[25],"is_endless":false,"potions_floor_spawned":[3,12,13,16,18,30,31,35],"killed_by":"Reptomancer","ascension_level":10}}