{"host":"emut9mh212kd9b86","time":1611759064,"event":{"mods":["ATMod(°¢èªMod)","Act Like it!","Arknights The Spire","BaseMod","Lobotomy","Minty Spire (QoL Compilation)","MostiFishMod","Shop Mod","Spicy Shops","StSLib","TestMod","¡¾ÒÅÎï¿¨ÅÆ¡¿REMEMod"],"gold_per_floor":[114,132,147,161,336,368,378,378,378],"floor_reached":8,"language":"ZHS","playtime":456,"items_purged":[],"score":75,"play_id":"0597e4fb-e81c-4659-84bf-8b98e4c67ea8","local_time":"20210127225104","is_ascension_mode":true,"campfire_choices":[],"circlet_count":0,"master_deck":["ats:Strike C","ats:Strike G","ats:Strike S","ats:Strike V","ats:Armor Crushing Shot","ats:Defend","ats:Defend","ats:Defend","ats:Defend","ats:Emotion Absorption","Indignation","AT_FamilyPortrait","VoidDream","CherryBlossoms","PunishingBird","Doubt","DreamingCurrent","ats:Overload","SpiderBud","ats:Blood Oath"],"relics":["ats:Sanity","testmod-TestBox","DaveBox","AT_ATBox","REME_ComplimentaryCards","testmod-CardMagician","BionicSphere","CogitoBucket","SynthV:TestCard","ats:Originium","MealTicket","BehaviorAdjustment"],"acts_visited":["Exordium"],"potions_floor_usage":[3],"damage_taken":[{"damage":0,"enemies":"Jaw Worm","floor":1,"turns":2},{"damage":0,"enemies":"2 Louse","floor":2,"turns":3},{"damage":0,"enemies":"Small Slimes","floor":3,"turns":3},{"damage":7,"enemies":"Gremlin Gang","floor":4,"turns":4},{"damage":37,"enemies":"Gremlin Nob","floor":6,"turns":5},{"damage":0,"enemies":"Red Slaver","floor":7,"turns":2},{"damage":92,"enemies":"3 Sentries","floor":8,"turns":5}],"seed_played":"-868727848995617126","potions_obtained":[{"floor":2,"key":"ats:Emergency Sanity Potion"},{"floor":3,"key":"REME_GoldPotion"},{"floor":7,"key":"LiquidBronze"}],"is_trial":false,"path_per_floor":["M","M","M","M","?","E","M","E"],"character_chosen":"DOCTOR_CLASS","items_purchased":[],"campfire_rested":0,"item_purchase_floors":[],"current_hp_per_floor":[72,72,72,65,65,28,40,0,0],"gold":378,"neow_bonus":"","is_daily":false,"chose_seed":false,"campfire_upgraded":0,"win_rate":0.0,"timestamp":1611759064,"path_taken":["M","M","M","M","?","E","M","E"],"items_purchased_type":[],"build_version":"2020-12-22","purchased_purges":0,"victory":false,"max_hp_per_floor":[72,72,72,72,72,72,72,72,72],"card_choices":[{"not_picked":["Mercenary","Alriune"],"picked":"VoidDream","floor":1},{"not_picked":["ats:Assault Order","ats:Powerful Strike","ats:Leaping Hammer"],"picked":"SKIP","floor":1},{"not_picked":["Alriune","SpiderBud","MHz"],"picked":"Singing Bowl","floor":2},{"not_picked":["HappyTeddy","NakedNest"],"picked":"CherryBlossoms","floor":2},{"not_picked":["ats:Explosion Area Strengthen","ats:Rapid Magazine","ats:Leaping Hammer","ats:Powerful Strike","ats:Apocalypse"],"picked":"SKIP","floor":2},{"not_picked":["BeautyBeast","PunishingBird","WallGazer"],"picked":"Singing Bowl","floor":3},{"not_picked":["ats:Guard Mode","ats:Shell Defense","ats:Thorns","ats:Poison Spread","ats:Flexible Camouflage"],"picked":"SKIP","floor":3},{"not_picked":["BeautyBeast","FairyFestival"],"picked":"PunishingBird","floor":4},{"not_picked":["ats:Powerful Strike","ats:Revitalization","ats:Part Time Job","ats:Song Of Battle","ats:Counter Healing Mode"],"picked":"SKIP","floor":4},{"not_picked":["Murderer","Rudolta"],"picked":"DreamingCurrent","floor":6},{"not_picked":["ats:Shadow Assault","ats:Flexible Camouflage","ats:Assault Order","ats:Encircling Forest"],"picked":"ats:Overload","floor":6},{"not_picked":["HeroicMonk","WallGazer"],"picked":"SpiderBud","floor":7},{"not_picked":["ats:Calcification","ats:Sunburst","ats:Shell Defense","ats:Consecutive Shot Auto"],"picked":"ats:Blood Oath","floor":7}],"player_experience":330073,"relics_obtained":[{"floor":1,"key":"SynthV:TestCard"},{"floor":6,"key":"ats:Originium"},{"floor":6,"key":"MealTicket"}],"event_choices":[{"damage_healed":0,"gold_gain":175,"player_choice":"AGREE","damage_taken":0,"max_hp_gain":0,"max_hp_loss":0,"event_name":"Liars Game","floor":5,"gold_loss":0,"cards_obtained":["Doubt"]}],"is_beta":false,"boss_relics":[],"items_purged_floors":[],"is_endless":false,"potions_floor_spawned":[2,3,7],"killed_by":"3 Sentries","ascension_level":5}}