{"host":"d7fiu2yjkssjxoz6","time":1611773418,"event":{"mods":["AchievementEnabler","BaseMod","Duelist Mod","Minty Spire (QoL Compilation)","StSLib"],"gold_per_floor":[144,144,154,174,192,192,225,225,252,252,252,252],"floor_reached":11,"language":"ENG","playtime":392,"items_purged":[],"score":131,"play_id":"33ab899c-b091-441f-819d-1537821a8bf8","local_time":"20210127105018","is_ascension_mode":true,"campfire_choices":[{"data":"theDuelist:Nameless:Power:AssaultArmor","floor":6,"key":"SMITH"},{"data":"theDuelist:GhostrickSpecter","floor":8,"key":"SMITH"}],"circlet_count":0,"master_deck":["theDuelist:ArchfiendSoldier","theDuelist:ArmoredZombie","AscendersBane","theDuelist:CastleWalls","theDuelist:CastleWalls","theDuelist:ClownZombie","theDuelist:PatricianDarkness","theDuelist:ShallowGrave","theDuelist:Sparks","theDuelist:Sparks","theDuelist:SummonedSkull","Pain","theDuelist:KingYami","theDuelist:Nameless:Power:AssaultArmor+1","theDuelist:SkullConductor","theDuelist:GhostrickSpecter+1","theDuelist:Chewbone","theDuelist:BottomlessTrapHole","theDuelist:VampireCurse"],"relics":["theDuelist:MillenniumPuzzle","theDuelist:CardPoolRelic","theDuelist:CardPoolBasicRelic","theDuelist:BoosterPackPoolRelic","theDuelist:CardPoolAddRelic","theDuelist:CardPoolMinusRelic","theDuelist:CardPoolSaveRelic","theDuelist:CardPoolOptionsRelic","Girya","Oddly Smooth Stone","theDuelist:DuelistOrichalcum","theDuelist:ResummonBranch"],"acts_visited":["Exordium"],"potions_floor_usage":[11],"damage_taken":[{"damage":11,"enemies":"Small Slimes","floor":1,"turns":3},{"damage":0,"enemies":"2 Louse","floor":3,"turns":2},{"damage":2,"enemies":"Cultist","floor":4,"turns":3},{"damage":15,"enemies":"Exordium Thugs","floor":5,"turns":4},{"damage":30,"enemies":"3 Sentries","floor":7,"turns":8},{"damage":13,"enemies":"Gremlin Nob","floor":11,"turns":3}],"seed_played":"-6766567934355990226","potions_obtained":[{"floor":1,"key":"EntropicBrew"},{"floor":5,"key":"SmokeBomb"}],"is_trial":false,"path_per_floor":["M","?","M","M","M","R","E","R","T","?","E"],"character_chosen":"THE_DUELIST","items_purchased":[],"campfire_rested":0,"item_purchase_floors":[],"current_hp_per_floor":[52,52,52,50,35,35,5,5,5,5,0,0],"gold":252,"neow_bonus":"ONE_RARE_RELIC","is_daily":false,"chose_seed":false,"campfire_upgraded":2,"win_rate":0.0,"timestamp":1611773418,"path_taken":["M","?","M","M","M","R","E","R","T","?","E"],"items_purchased_type":[],"build_version":"2020-12-22","purchased_purges":0,"victory":false,"max_hp_per_floor":[70,70,70,70,70,70,70,70,70,70,70,70],"card_choices":[{"not_picked":["theDuelist:ZombieNecronize","theDuelist:WightLady","theDuelist:VendreadReunion","theDuelist:OboroGuruma"],"picked":"theDuelist:KingYami","floor":1},{"not_picked":["theDuelist:CyberArchfiend","theDuelist:ZombieWarrior","theDuelist:SkullServant","theDuelist:AshBlossom"],"picked":"theDuelist:SkullConductor","floor":3},{"not_picked":["theDuelist:VampireSucker","theDuelist:VampireFraulein","theDuelist:GhostrickJackfrost","theDuelist:Dakki"],"picked":"theDuelist:GhostrickSpecter","floor":4},{"not_picked":["theDuelist:Skelesaurus","theDuelist:OvertexQoatlus","theDuelist:Miscellaneousaurus","theDuelist:MammothGraveyard"],"picked":"theDuelist:Chewbone","floor":5},{"not_picked":["theDuelist:UnderworldCannon","theDuelist:VampireTakeover","theDuelist:BlastAsmodian","theDuelist:Wightprince"],"picked":"theDuelist:BottomlessTrapHole","floor":7}],"player_experience":327613,"relics_obtained":[{"floor":7,"key":"Oddly Smooth Stone"},{"floor":9,"key":"theDuelist:DuelistOrichalcum"}],"event_choices":[{"power_reward":4,"total_magic_score":9,"gold_gain":0,"duelist":true,"damage_taken":0,"relics_obtained":[],"points":4,"max_hp_gain":0,"max_hp_loss":0,"spent_points":{"magic":0,"greed":0,"war":0,"power":4,"hunger":0},"event_name":"Nameless Tomb","floor":2,"gold_loss":0,"cards_obtained":["theDuelist:Nameless:Power:AssaultArmor"]},{"damage_healed":0,"gold_gain":0,"player_choice":"Took item - Received: Millennium Branch","duelist":true,"damage_taken":0,"max_hp_gain":0,"max_hp_loss":0,"event_name":"Millennium Items","floor":10,"gold_loss":0}],"is_beta":false,"boss_relics":[],"items_purged_floors":[],"is_endless":false,"potions_floor_spawned":[1,5],"killed_by":"Gremlin Nob","ascension_level":16}}