{"host":"ojezjkpqju62j8xy","time":1611748358,"event":{"mods":["ATMod(°¢èªMod)","Act Like it!","Aspiration","BaseMod","Conspire","Minty Spire (QoL Compilation)","Pale of the Ancients","Replay The Spire","Spicy Shops","StSLib","[GremlinLeader]The Maniac","¡¾ÒÅÎï¿¨ÅÆ¡¿REMEMod"],"gold_per_floor":[118,132,132,146,158,158,187,187,187,207,236,73,86,116,116,193,193,210,210,210,27,27,53,53,64,88,8,34,34,46,46,46,121,121,135,3,3,33,44,78,124,152,176,106,123,154,167,185,185,85,102,102,102,102,102,102,102],"floor_reached":56,"language":"ZHS","playtime":2606,"items_purged":[],"score":1986,"play_id":"b06737de-1d4d-46f4-a47c-b7a29caf9ab3","local_time":"20210127195238","is_ascension_mode":true,"campfire_choices":[{"floor":6.0,"key":"RECALL"},{"data":"Choke","floor":8.0,"key":"SMITH"},{"data":"conspire:PoisonWeapons","floor":15.0,"key":"SMITH"},{"floor":32.0,"key":"REST"},{"floor":49,"key":"DIG"},{"data":"REME_LeechingPoison","floor":55,"key":"SMITH"}],"circlet_count":0,"master_deck":["AscendersBane","Strike_G","Strike_G","Strike_G","Strike_G","Strike_G","Defend_G","Defend_G","Defend_G","Defend_G","Defend_G","Survivor","Neutralize","AT_FamilyPortrait","REME_HeartOfCthun+1","Flying Knee","Outmaneuver","Dash","Choke+1","Blade Dance","conspire:PoisonWeapons+1","Dagger Spray","PiercingWail","Dagger Spray","Die Die Die","PiercingWail","Necronomicurse","Toxin Wave","Injury","REME_LeechingPoison+1","Quick Slash+1","CommonCold","AT_ArcaneSupremacy","Cloak And Dagger+1","Corpse Explosion","Caltrops","REME_Flogging","Slice","The Bomb","Well Laid Plans+1","PiercingWail","Deflect+1","Catalyst+1","Crippling Poison","Blade Dance+1","Deadly Poison+1","Bane","Fluid Movement","Acrobatics","Dash+1","AT_KingSlayer","Crippling Poison+1","Dagger Throw+1","Slice+1","Voices"],"relics":["Ring of the Snake","AT_ATBox","REME_ComplimentaryCards","aspiration:Nostalgia","Sizzling Blood","The Specimen","REME_PuzzleBoxRelic","Bronze Scales","Membership Card","Ice Cream","Cursed Key","Necronomicon","aspiration:RitualStick","Gremlin Horn","aspiration:ArtOfWarUpgrade","AT_ChloranthyRing","Replay:Baseball","Anchor","aspiration:RunicSpoon","Juzu Bracelet","Ninja Scroll","Prayer Wheel","Blue Doll","Nunchaku","AT_LudenTempest","Counterbalance","paleoftheancients:Timepiece","paleoftheancients:KeyRelic","CultistMask","Ring of Peace","Ring of Fangs","Blue Candle"],"acts_visited":["Exordium","TheCity","TheBeyond","paleoftheancients:PaleOfTheAncients"],"potions_floor_usage":[47,51],"damage_taken":[{"damage":0.0,"enemies":"conspire:RoseBush","floor":1.0,"turns":3.0},{"damage":0.0,"enemies":"Cultist","floor":2.0,"turns":2.0},{"damage":0.0,"enemies":"Small Slimes","floor":4.0,"turns":1.0},{"damage":3.0,"enemies":"conspire:2 RoseBushes","floor":5.0,"turns":3.0},{"damage":6.0,"enemies":"Gremlin Nob","floor":7.0,"turns":3.0},{"damage":3.0,"enemies":"Looter","floor":10.0,"turns":1.0},{"damage":21.0,"enemies":"Lagavulin","floor":11.0,"turns":4.0},{"damage":0.0,"enemies":"2 Fungi Beasts","floor":13.0,"turns":3.0},{"damage":1.0,"enemies":"3 Sentries","floor":14.0,"turns":3.0},{"damage":25.0,"enemies":"Fading Forest","floor":16.0,"turns":13.0},{"damage":1.0,"enemies":"Shell Parasite","floor":18.0,"turns":3.0},{"damage":0.0,"enemies":"conspire:Head Lice","floor":23.0,"turns":3.0},{"damage":0.0,"enemies":"3 Byrds","floor":25.0,"turns":1.0},{"damage":36.0,"enemies":"Slavers","floor":28.0,"turns":4.0},{"damage":17.0,"enemies":"Centurion and Healer","floor":30.0,"turns":2.0},{"damage":15.0,"enemies":"Collector","floor":33.0,"turns":5.0},{"damage":0.0,"enemies":"3 Darklings","floor":35.0,"turns":3.0},{"damage":2.0,"enemies":"conspire:MimicChest","floor":38.0,"turns":4.0},{"damage":0.0,"enemies":"3 Shapes","floor":39.0,"turns":3.0},{"damage":2.0,"enemies":"Nemesis","floor":40.0,"turns":3.0},{"damage":7.0,"enemies":"2 Orb Walkers","floor":41.0,"turns":2.0},{"damage":0.0,"enemies":"Reptomancer","floor":42.0,"turns":4.0},{"damage":42,"enemies":"R_Hoarder","floor":44,"turns":5},{"damage":2,"enemies":"Jaw Worm Horde","floor":45,"turns":2},{"damage":3,"enemies":"Giant Head","floor":46,"turns":4},{"damage":0,"enemies":"3 Darklings","floor":47,"turns":1},{"damage":0,"enemies":"Writhing Mass","floor":48,"turns":1},{"damage":51,"enemies":"Donu and Deca","floor":50,"turns":5},{"damage":5,"enemies":"Donu and Deca","floor":51,"turns":4},{"damage":82,"enemies":"Donu and Deca","floor":52,"turns":3},{"damage":501,"enemies":"Donu and Deca","floor":56,"turns":2}],"seed_played":"-6605146080583918736","potions_obtained":[{"floor":2.0,"key":"Explosive Potion"},{"floor":4.0,"key":"EssenceOfSteel"},{"floor":11.0,"key":"LifebloodPotion"},{"floor":28.0,"key":"PowerPotion"},{"floor":30.0,"key":"Elixir"},{"floor":44,"key":"Fire Potion"},{"floor":45,"key":"Adrenaline Potion"},{"floor":46,"key":"Flashbang"}],"is_trial":false,"path_per_floor":["M","M","?","M","M","R","E","R","T","M","E","$","M","E","R","B",null,"M","?","?","$","?","E","R","M","T","?","E","R","M","?","R","B",null,"M","$","?","?","M","E","?","E","T","E","M","E","M","M","R","B","M","M","?","T","R","M"],"character_chosen":"THE_SILENT","items_purchased":["Membership Card","Toxin Wave","Gremlin Horn","Regen Potion","REME_Flogging","Slice"],"campfire_rested":1,"item_purchase_floors":[12,21,21,21,36,36],"current_hp_per_floor":[67,70,70,70,70,70,68,68,68,69,52,52,56,59,59,50,65,68,47,29,29,29,45,45,49,49,49,35,35,22,36,57,46,64,68,68,68,70,70,70,67,70,70,34,36,44,48,52,52,59,70,72,72,72,72,0,0],"gold":102,"neow_bonus":"NOSTALGIA","is_daily":false,"chose_seed":false,"campfire_upgraded":3,"win_rate":0.0,"timestamp":1611748358,"path_taken":["M","M","?","M","?","R","E","R","T","M","E","?","M","E","R","BOSS","M","?","?","$","?","E","R","M","T","?","E","R","M","?","R","BOSS","M","$","?","?","M","E","?","E","T","E","M","E","M","M","R","BOSS","M","M","?","T","R","M"],"items_purchased_type":["Relic","Card","Relic","Potion","Card","Card"],"build_version":"2020-12-22","purchased_purges":0,"victory":false,"max_hp_per_floor":[70,70,70,70,70,70,70,70,70,70,70,70,70,70,70,70,70,70,70,70,70,70,70,70,70,70,70,70,70,70,70,70,70,70,70,70,70,70,70,70,70,70,70,72,72,72,72,72,72,72,72,72,72,72,72,72,72],"card_choices":[{"not_picked":["PiercingWail","Outmaneuver"],"picked":"Flying Knee","floor":1.0},{"not_picked":["conspire:DoublingDagger","Prepared"],"picked":"Outmaneuver","floor":2.0},{"not_picked":["Crippling Poison","Blade Dance"],"picked":"Dash","floor":4.0},{"not_picked":["AT_TwilightShroud","Setup"],"picked":"Choke","floor":5.0},{"not_picked":["Dagger Spray","Well Laid Plans"],"picked":"Blade Dance","floor":7.0},{"not_picked":["Slice","Concentrate"],"picked":"conspire:PoisonWeapons","floor":10.0},{"not_picked":["AT_WindFlip","Unload"],"picked":"Dagger Spray","floor":11.0},{"not_picked":["Outmaneuver","Flying Knee"],"picked":"PiercingWail","floor":13.0},{"not_picked":["Hidden Blade","Backflip"],"picked":"Dagger Spray","floor":14.0},{"not_picked":["Replay:Bag of Tricks","Venomology","Grand Finale"],"picked":"Die Die Die","floor":16.0},{"not_picked":["Flying Knee","Riddle With Holes"],"picked":"PiercingWail","floor":18.0},{"not_picked":["Prepared","Terror"],"picked":"REME_LeechingPoison","floor":23.0},{"not_picked":["AT_ArcaneSupremacy","Endless Agony"],"picked":"Quick Slash+1","floor":25.0},{"not_picked":["ReplayTheSpireMod:Shiv Toss","Dodge and Roll"],"picked":"AT_ArcaneSupremacy","floor":28.0},{"not_picked":["Leg Sweep","Flying Knee"],"picked":"Cloak And Dagger+1","floor":30.0},{"not_picked":["Die Die Die","Night Terror"],"picked":"Corpse Explosion","floor":33.0},{"not_picked":["Acrobatics","Backflip"],"picked":"Caltrops","floor":35.0},{"not_picked":["REME_ProfessionalPlagiarism","Mind Blast"],"picked":"The Bomb","floor":37.0},{"not_picked":["Acrobatics","Underhanded Strike"],"picked":"Well Laid Plans+1","floor":38.0},{"not_picked":["Replay:Poison Smokescreen","Hidden Blade"],"picked":"PiercingWail","floor":39.0},{"not_picked":["Well Laid Plans+1","Dash"],"picked":"Deflect+1","floor":40.0},{"not_picked":["AT_TwilightShroud","Deflect"],"picked":"Catalyst+1","floor":41.0},{"not_picked":["Dagger Throw","Bullet Time"],"picked":"Crippling Poison","floor":42.0},{"not_picked":["Doppelganger","Toxin Wave"],"picked":"Blade Dance+1","floor":44},{"not_picked":["AT_WindFlip","Dagger Spray"],"picked":"Deadly Poison+1","floor":45},{"not_picked":["Reflex","Poisoned Stab"],"picked":"Bane","floor":45},{"not_picked":["AT_WindFlip","Backflip"],"picked":"Fluid Movement","floor":46},{"not_picked":["Hidden Blade","Poisoned Stab"],"picked":"Acrobatics","floor":47},{"not_picked":["Sucker Punch","Slice"],"picked":"Dash+1","floor":47},{"not_picked":["Eviscerate","PiercingWail"],"picked":"AT_KingSlayer","floor":48},{"not_picked":["AT_Desolate","Acrobatics"],"picked":"Crippling Poison+1","floor":48},{"not_picked":["AT_WindFlip","Flechettes"],"picked":"Dagger Throw+1","floor":51},{"not_picked":["Poisoned Stab+1","ReplayTheSpireMod:Exploit Weakness"],"picked":"Slice+1","floor":51}],"player_experience":1389720,"relics_obtained":[{"floor":7.0,"key":"The Specimen"},{"floor":9.0,"key":"REME_PuzzleBoxRelic"},{"floor":11.0,"key":"Bronze Scales"},{"floor":14.0,"key":"Ice Cream"},{"floor":19.0,"key":"Necronomicon"},{"floor":23.0,"key":"Art of War"},{"floor":26.0,"key":"AT_ChloranthyRing"},{"floor":28.0,"key":"Replay:Baseball"},{"floor":38.0,"key":"Juzu Bracelet"},{"floor":40.0,"key":"Ninja Scroll"},{"floor":41.0,"key":"Prayer Wheel"},{"floor":42.0,"key":"Blue Doll"},{"floor":44,"key":"Nunchaku"},{"floor":46,"key":"AT_LudenTempest"},{"floor":49,"key":"Counterbalance"},{"floor":53,"key":"Ring of Peace"},{"floor":53,"key":"Ring of Fangs"},{"floor":54,"key":"Blue Candle"}],"event_choices":[{"damage_healed":0.0,"max_hp_gain":0.0,"max_hp_loss":0.0,"gold_gain":0.0,"event_name":"Upgrade Shrine","player_choice":"Upgraded","floor":3.0,"gold_loss":0.0,"damage_taken":0.0,"cards_upgraded":["REME_HeartOfCthun"]},{"damage_healed":0.0,"max_hp_gain":0.0,"max_hp_loss":0.0,"gold_gain":0.0,"event_name":"Cursed Tome","player_choice":"Obtained Book","floor":19.0,"gold_loss":0.0,"damage_taken":21.0},{"damage_healed":0.0,"max_hp_gain":0.0,"max_hp_loss":0.0,"gold_gain":0.0,"event_name":"Vampires","player_choice":"Ignored","floor":22.0,"gold_loss":0.0,"damage_taken":0.0},{"damage_healed":14.0,"max_hp_gain":0.0,"max_hp_loss":0.0,"gold_gain":0.0,"event_name":"The Library","player_choice":"Heal","floor":31.0,"gold_loss":0.0,"damage_taken":0.0},{"damage_healed":0.0,"max_hp_gain":0.0,"max_hp_loss":0.0,"gold_gain":0.0,"event_name":"SensoryStone","player_choice":"Memory 1","floor":37.0,"gold_loss":0.0,"damage_taken":0.0},{"damage_healed":0.0,"max_hp_gain":0.0,"max_hp_loss":0.0,"gold_gain":0.0,"event_name":"Mysterious Sphere","player_choice":"Fight","floor":41.0,"gold_loss":0.0,"damage_taken":0.0}],"is_beta":false,"boss_relics":[{"not_picked":["Sozu","Replay:Wanted Poster"],"picked":"Cursed Key"},{"not_picked":["REME_DemonsWealth","Tiny House"],"picked":"aspiration:RunicSpoon"}],"items_purged_floors":[],"is_endless":false,"potions_floor_spawned":[2,4,5,11,28,30,35,44,45,46],"killed_by":"Donu and Deca","ascension_level":19}}