{"host":"vld99k9l4elccfy8","time":1611718147,"event":{"mods":["AchievementEnabler","BaseMod","Bestiary","Block Reminder","Colored Map","Colored Powertips","Custom Start","Highlight Path","Minty Spire (QoL Compilation)","Permanent Neow","Rare Cards Sparkle"],"gold_per_floor":[213,77,352,45,59,59,69,95,163,181,181,192,209,221,221,323,323,339,210,224,235,72,72,72,347,347,347,358,369,369,369,369,468,468,485,503,34,0,0,0,10,27,27,27,43,43,53,79,79,79,79],"floor_reached":50,"language":"ENG","playtime":21049,"items_purged":["Regret","Regret"],"score":566,"play_id":"feadda30-a404-4f59-86b1-be28c74ffa8c","local_time":"20210126202907","is_ascension_mode":false,"campfire_choices":[{"data":"Infernal Blade","floor":6.0,"key":"SMITH"},{"data":"Clothesline","floor":11.0,"key":"SMITH"},{"data":"Demon Form","floor":15.0,"key":"SMITH"},{"data":"Berserk","floor":23.0,"key":"SMITH"},{"floor":27.0,"key":"REST"},{"data":"Heavy Blade","floor":30.0,"key":"SMITH"},{"floor":32.0,"key":"REST"},{"floor":40.0,"key":"REST"},{"data":"Uppercut","floor":44.0,"key":"SMITH"},{"floor":49.0,"key":"REST"}],"circlet_count":0,"master_deck":["Strike_R","Strike_R","Strike_R","Strike_R","Strike_R","Defend_R","Defend_R","Defend_R","Defend_R","Bash","Infernal Blade+1","Carnage","Ghostly Armor","Carnage","Armaments+1","Uppercut+1","Clothesline+1","Heavy Blade+1","Demon Form+1","Iron Wave","Immolate","CurseOfTheBell","Clash+1","True Grit+1","Flex+1","Berserk+1","Flex+1","Reaper","Infernal Blade+1","Armaments+1","Power Through+1","Double Tap+1","Infernal Blade+1","Body Slam+1","Entrench+1","Double Tap+1","Flex+1","Rage+1","Intimidate+1","Whirlwind+1","Rampage","The Bomb+1","Panacea+1","Spot Weakness+1","Anger+1"],"relics":["Burning Blood","Membership Card","Juzu Bracelet","Odd Mushroom","Meat on the Bone","Calling Bell","Nunchaku","Mercury Hourglass","Magic Flower","Toxic Egg 2","The Courier","Runic Cube","Mango","Red Skull","Strawberry","Brimstone","Red Mask","Happy Flower"],"acts_visited":["Exordium","TheCity","TheBeyond"],"potions_floor_usage":[50],"damage_taken":[{"damage":0.0,"enemies":"Small Slimes","floor":1.0,"turns":5.0},{"damage":5.0,"enemies":"Cultist","floor":5.0,"turns":4.0},{"damage":1.0,"enemies":"Jaw Worm","floor":7.0,"turns":3.0},{"damage":4.0,"enemies":"The Mushroom Lair","floor":8.0,"turns":3.0},{"damage":6.0,"enemies":"3 Louse","floor":10.0,"turns":4.0},{"damage":19.0,"enemies":"Exordium Thugs","floor":12.0,"turns":5.0},{"damage":2.0,"enemies":"2 Fungi Beasts","floor":13.0,"turns":3.0},{"damage":1.0,"enemies":"Large Slime","floor":14.0,"turns":6.0},{"damage":54.0,"enemies":"Hexaghost","floor":16.0,"turns":8.0},{"damage":27.0,"enemies":"2 Thieves","floor":18.0,"turns":5.0},{"damage":0.0,"enemies":"3 Byrds","floor":20.0,"turns":3.0},{"damage":36.0,"enemies":"Snake Plant","floor":21.0,"turns":4.0},{"damage":29.0,"enemies":"3 Cultists","floor":28.0,"turns":4.0},{"damage":10.0,"enemies":"Chosen and Byrds","floor":29.0,"turns":4.0},{"damage":40.0,"enemies":"Collector","floor":33.0,"turns":6.0},{"damage":9.0,"enemies":"3 Shapes","floor":35.0,"turns":1.0},{"damage":28.0,"enemies":"Orb Walker","floor":36.0,"turns":3.0},{"damage":11.0,"enemies":"Spire Growth","floor":41.0,"turns":4.0},{"damage":24.0,"enemies":"Maw","floor":42.0,"turns":6.0},{"damage":0.0,"enemies":"4 Shapes","floor":45.0,"turns":1.0},{"damage":24.0,"enemies":"3 Darklings","floor":47.0,"turns":3.0},{"damage":18.0,"enemies":"Giant Head","floor":48.0,"turns":5.0},{"damage":189,"enemies":"Awakened One","floor":50,"turns":7}],"seed_played":"-196712772359264365","potions_obtained":[{"floor":1.0,"key":"GamblersBrew"},{"floor":7.0,"key":"GamblersBrew"},{"floor":13.0,"key":"Dexterity Potion"},{"floor":14.0,"key":"Swift Potion"},{"floor":21.0,"key":"SneckoOil"},{"floor":33.0,"key":"PowerPotion"},{"floor":42.0,"key":"PowerPotion"}],"is_trial":false,"path_per_floor":["M","$","?","$","M","R","M","?","T","M","R","M","M","M","R","B",null,"M","$","M","M","$","R","?","?","T","R","M","M","R","?","R","B",null,"M","M","$","?","$","R","M","M","T","R","M","?","M","E","R","B"],"character_chosen":"IRONCLAD","items_purchased":["FairyPotion","Carnage","Membership Card","Ghostly Armor","Juzu Bracelet","Toxic Egg 2","Berserk","Flex+1","Reaper","Mango","Entrench+1","Double Tap+1","Flex+1","Rage+1","Red Skull","Strawberry","Brimstone"],"campfire_rested":4,"item_purchase_floors":[2,2,4,4,4,19,22,22,22,37,37,37,37,37,37,37,37],"current_hp_per_floor":[80,80,80,80,80,80,80,80,80,80,80,67,71,76,76,40,80,62,62,71,62,62,62,62,62,62,80,60,59,59,59,80,67,80,80,61,82,82,82,101,101,86,86,86,95,90,75,66,96,0,0],"gold":79,"neow_bonus":"HUNDRED_GOLD","is_daily":false,"chose_seed":false,"campfire_upgraded":6,"win_rate":0.0,"timestamp":1611718147,"path_taken":["M","$","?","$","M","R","M","?","T","M","R","M","M","M","R","BOSS","M","$","M","M","$","R","?","?","T","R","M","M","R","?","R","BOSS","M","M","$","?","$","R","M","M","T","R","M","?","M","E","R","BOSS"],"items_purchased_type":["Potion","Card","Relic","Card","Relic","Relic","Card","Card","Card","Relic","Card","Card","Card","Card","Relic","Relic","Relic"],"build_version":"2020-12-22","purchased_purges":2,"victory":false,"max_hp_per_floor":[80,80,80,80,80,80,80,80,80,80,80,80,80,80,80,80,80,80,80,80,80,80,80,80,80,80,80,80,80,80,80,80,80,80,80,80,101,101,101,101,101,101,101,101,101,101,101,101,101,101,101],"card_choices":[{"not_picked":["Dual Wield","Perfected Strike"],"picked":"Infernal Blade","floor":1.0},{"not_picked":["Wild Strike","Thunderclap"],"picked":"Carnage","floor":5.0},{"not_picked":["Warcry","Anger"],"picked":"Armaments","floor":7.0},{"not_picked":["Cleave","Intimidate"],"picked":"Uppercut","floor":8.0},{"not_picked":["Uppercut","Cleave"],"picked":"Clothesline","floor":10.0},{"not_picked":["Dual Wield","Iron Wave"],"picked":"Heavy Blade","floor":12.0},{"not_picked":["Disarm","Shrug It Off"],"picked":"Demon Form","floor":13.0},{"not_picked":["Hemokinesis","Twin Strike"],"picked":"Iron Wave","floor":14.0},{"not_picked":["Fiend Fire","Offering"],"picked":"Immolate","floor":16.0},{"not_picked":["True Grit","Headbutt"],"picked":"Clash+1","floor":18.0},{"not_picked":["Clash","Anger"],"picked":"True Grit+1","floor":20.0},{"not_picked":["Armaments+1","Anger"],"picked":"Flex+1","floor":21.0},{"not_picked":["Clash","Sword Boomerang"],"picked":"Armaments+1","floor":28.0},{"not_picked":["Pommel Strike","Headbutt"],"picked":"Power Through+1","floor":29.0},{"not_picked":["Fiend Fire","Barricade"],"picked":"Double Tap+1","floor":33.0},{"not_picked":["Hemokinesis","Shrug It Off+1"],"picked":"Infernal Blade+1","floor":35.0},{"not_picked":["Fire Breathing+1","Perfected Strike+1"],"picked":"Body Slam+1","floor":36.0},{"not_picked":["True Grit+1","Dropkick"],"picked":"Intimidate+1","floor":41.0},{"not_picked":["Sword Boomerang","Twin Strike"],"picked":"Whirlwind+1","floor":42.0},{"not_picked":["Twin Strike+1","Hemokinesis"],"picked":"Rampage","floor":45.0},{"not_picked":["Madness+1","Panacea+1"],"picked":"The Bomb+1","floor":46.0},{"not_picked":["Flash of Steel","Purity+1"],"picked":"Panacea+1","floor":46.0},{"not_picked":["Cleave+1","Ghostly Armor+1"],"picked":"Spot Weakness+1","floor":47.0},{"not_picked":["Dark Embrace+1","Headbutt+1"],"picked":"Anger+1","floor":48.0}],"player_experience":299966,"relics_obtained":[{"floor":8.0,"key":"Odd Mushroom"},{"floor":9.0,"key":"Meat on the Bone"},{"floor":17.0,"key":"Nunchaku"},{"floor":17.0,"key":"Mercury Hourglass"},{"floor":17.0,"key":"Magic Flower"},{"floor":26.0,"key":"The Courier"},{"floor":48.0,"key":"Happy Flower"}],"event_choices":[{"damage_healed":0.0,"max_hp_gain":0.0,"max_hp_loss":0.0,"gold_gain":275.0,"event_name":"Golden Shrine","player_choice":"Desecrate","floor":3.0,"gold_loss":0.0,"damage_taken":0.0,"cards_obtained":["Regret"]},{"damage_healed":0.0,"max_hp_gain":0.0,"max_hp_loss":0.0,"gold_gain":0.0,"event_name":"Mushrooms","player_choice":"Fought Mushrooms","floor":8.0,"gold_loss":0.0,"damage_taken":0.0},{"damage_healed":0.0,"max_hp_gain":0.0,"max_hp_loss":0.0,"gold_gain":0.0,"event_name":"The Library","player_choice":"Read","floor":24.0,"gold_loss":0.0,"damage_taken":0.0,"cards_obtained":["Infernal Blade"]},{"damage_healed":0.0,"max_hp_gain":0.0,"max_hp_loss":0.0,"gold_gain":275.0,"event_name":"Golden Shrine","player_choice":"Desecrate","floor":25.0,"gold_loss":0.0,"damage_taken":0.0,"cards_obtained":["Regret"]},{"damage_healed":0.0,"max_hp_gain":0.0,"max_hp_loss":0.0,"gold_gain":0.0,"event_name":"Upgrade Shrine","player_choice":"Upgraded","floor":31.0,"gold_loss":0.0,"damage_taken":0.0,"cards_upgraded":["Armaments"]},{"damage_healed":0.0,"max_hp_gain":0.0,"max_hp_loss":0.0,"gold_gain":0.0,"event_name":"Tomb of Lord Red Mask","player_choice":"Paid","floor":38.0,"gold_loss":34.0,"damage_taken":0.0,"relics_obtained":["Red Mask"]},{"damage_healed":0.0,"max_hp_gain":0.0,"max_hp_loss":0.0,"gold_gain":0.0,"event_name":"SensoryStone","player_choice":"Memory 2","floor":46.0,"gold_loss":0.0,"damage_taken":5.0}],"is_beta":false,"boss_relics":[{"not_picked":["Fusion Hammer","Runic Pyramid"],"picked":"Calling Bell"},{"not_picked":["Busted Crown","Cursed Key"],"picked":"Runic Cube"}],"items_purged_floors":[4,37],"is_endless":false,"potions_floor_spawned":[1,7,13,14,21,33,41,42,47],"killed_by":"Awakened One","ascension_level":0}}