{"host":"kzfpatocel9exp3u","time":1611762285,"event":{"mods":["BaseMod","Googly Eyes","Minty Spire (QoL Compilation)","StSLib","TestMod","[IsaacMod]ÒÔÈö¼âËþ"],"gold_per_floor":[114,131,131,148,162,162,191,191,259,259,290,302,227,254,254,328,328,341,356,366,384,184,215,215,239,239,272,286,299,316,343,343,417,417,436,436,454,225,242,242,272,284,284,303,338,388,404,432,432,432,432,432,432,212,238,238,25,51,51],"floor_reached":56,"language":"ZHS","playtime":2738,"items_purged":["Strike_R","Strike_R","Strike_R","Strike_R"],"score":2617,"play_id":"ae284166-5dd8-47f5-975d-592f4274cfce","local_time":"20210127234445","is_ascension_mode":true,"campfire_choices":[{"data":"Carnage","floor":6.0,"key":"SMITH"},{"data":"Fire Breathing","floor":8.0,"key":"SMITH"},{"floor":15.0,"key":"DIG"},{"floor":24.0,"key":"DIG"},{"floor":32.0,"key":"DIG"},{"floor":40.0,"key":"DIG"},{"floor":49,"key":"RECALL"},{"data":"Barricade","floor":53,"key":"SMITH"},{"floor":52,"key":"DIG"}],"circlet_count":0,"master_deck":["AscendersBane","Defend_R+1","Defend_R","Defend_R","Defend_R+1","Bash","Carnage+1","Fire Breathing+1","Offering","Whirlwind+1","Feel No Pain","Feed","Evolve+1","True Grit","Second Wind","Barricade+1","Dark Embrace+1","Shrug It Off","Corruption","Seeing Red","Body Slam","Parasite"],"relics":["Burning Blood","HushsDoor","testmod-TestBox","SteamSale","testmod-D¨¦j¨¤vu","Red Skull","testmod-ConstraintPeriapt","Tiny Chest","Meat on the Bone","Sundial","Shovel","testmod-LifeArmor","testmod-CardMagician","Incubus","Chaos","Bag of Marbles","Paper Frog","Dead Branch","Nunchaku","testmod-TurbochargingSystem","MealTicket","CaptainsWheel","DeathBook","SatanicBible","StoneCalendar","GnawedLeaf","Bottled Tornado","MegaBlast","BloodDonationMachine","Question Card","Anchor","Leech","testmod-Maize","Magic Flower","Mercury Hourglass","HornCleat"],"acts_visited":["Exordium","TheCity","TheBeyond","TheEnding"],"potions_floor_usage":[41,55],"damage_taken":[{"damage":9.0,"enemies":"Jaw Worm","floor":1.0,"turns":3.0},{"damage":0.0,"enemies":"Cultist","floor":2.0,"turns":2.0},{"damage":0.0,"enemies":"2 Louse","floor":4.0,"turns":1.0},{"damage":22.0,"enemies":"Exordium Thugs","floor":5.0,"turns":4.0},{"damage":12.0,"enemies":"3 Sentries","floor":7.0,"turns":4.0},{"damage":2.0,"enemies":"Gremlin Nob","floor":11.0,"turns":2.0},{"damage":11.0,"enemies":"Looter","floor":12.0,"turns":2.0},{"damage":20.0,"enemies":"Lagavulin","floor":14.0,"turns":3.0},{"damage":13.0,"enemies":"The Guardian","floor":16.0,"turns":7.0},{"damage":13.0,"enemies":"Spheric Guardian","floor":18.0,"turns":4.0},{"damage":6.0,"enemies":"3 Byrds","floor":19.0,"turns":3.0},{"damage":0.0,"enemies":"3 Cultists","floor":20.0,"turns":3.0},{"damage":9.0,"enemies":"Centurion and Healer","floor":21.0,"turns":4.0},{"damage":17.0,"enemies":"Book of Stabbing","floor":23.0,"turns":3.0},{"damage":14.0,"enemies":"Slavers","floor":27.0,"turns":2.0},{"damage":7.0,"enemies":"Snecko","floor":28.0,"turns":3.0},{"damage":0.0,"enemies":"Snake Plant","floor":29.0,"turns":1.0},{"damage":6.0,"enemies":"3 Cultists","floor":30.0,"turns":3.0},{"damage":11.0,"enemies":"Book of Stabbing","floor":31.0,"turns":4.0},{"damage":12.0,"enemies":"Champ","floor":33.0,"turns":5.0},{"damage":8.0,"enemies":"Orb Walker","floor":35.0,"turns":3.0},{"damage":6.0,"enemies":"3 Shapes","floor":37.0,"turns":2.0},{"damage":0.0,"enemies":"Writhing Mass","floor":39.0,"turns":4.0},{"damage":9,"enemies":"Giant Head","floor":41,"turns":6},{"damage":6,"enemies":"Maw","floor":42,"turns":5},{"damage":32,"enemies":"Jaw Worm Horde","floor":44,"turns":4},{"damage":13,"enemies":"Nemesis","floor":45,"turns":5},{"damage":6,"enemies":"Hiden Room Battle","floor":46,"turns":2},{"damage":13,"enemies":"Writhing Mass","floor":47,"turns":3},{"damage":19,"enemies":"Giant Head","floor":48,"turns":7},{"damage":28,"enemies":"Time Eater","floor":50,"turns":7},{"damage":33,"enemies":"Awakened One","floor":51,"turns":10},{"damage":21,"enemies":"Shield and Spear","floor":55,"turns":3},{"damage":12,"enemies":"Shield and Spear","floor":54,"turns":4},{"damage":8,"enemies":"Delirium","floor":55,"turns":13}],"seed_played":"-1619813484607113909","potions_obtained":[{"floor":5.0,"key":"Energy Potion"},{"floor":7.0,"key":"BloodPotion"},{"floor":18.0,"key":"Fire Potion"},{"floor":20.0,"key":"EssenceOfSteel"},{"floor":28.0,"key":"Energy Potion"},{"floor":33.0,"key":"ElixirPotion"},{"floor":39.0,"key":"SteroidPotion"},{"floor":41,"key":"FearPotion"},{"floor":46,"key":"CultistPotion"},{"floor":48,"key":"FairyPotion"}],"is_trial":false,"path_per_floor":["M","M","?","M","M","R","E","R","T","?","E","M","?","E","R","B",null,"M","M","M","M","$","E","R","T","T","E","M","M","M","E","R","B",null,"M","?","M","$","M","R","E","M","T","M","E","?","M","E","R","B","B",null,"R","$","E","R","$","E","B",null],"character_chosen":"IRONCLAD","items_purchased":["Incubus","Chaos","Bag of Marbles","DeathBook","SatanicBible","ForgetMeNow","Second Wind","Leech","Mercury Hourglass"],"campfire_rested":0,"item_purchase_floors":[17,22,22,34,34,38,38,54,53],"current_hp_per_floor":[65,71,66,74,60,60,56,56,56,33,51,47,47,46,46,54,55,55,55,55,53,53,43,43,43,43,36,37,44,48,44,44,40,38,38,36,39,39,42,42,40,43,43,34,32,29,38,41,41,36,23,44,44,51,48,48,51,51,51],"gold":51,"neow_bonus":"RANDOM_COMMON_RELIC","is_daily":false,"chose_seed":false,"campfire_upgraded":3,"win_rate":0.0,"timestamp":1611762285,"path_taken":["M","M","?","?","M","R","E","R","T","?","E","M","?","E","R","BOSS","M","?","M","M","$","E","R","?","T","E","M","M","M","E","R","BOSS","M","?","M","$","M","R","E","M","T","M","E","?","M","E","R","BOSS","BOSS","R","$","E","R","$","E","BOSS"],"items_purchased_type":["Relic","Card","Relic","Relic","Relic","Relic","Card","Relic","Relic"],"build_version":"2020-12-22","purchased_purges":4,"victory":true,"max_hp_per_floor":[75,75,75,75,75,75,75,75,75,75,75,75,75,75,75,75,55,55,55,55,55,55,55,55,55,55,55,55,55,58,58,58,58,38,38,36,39,39,42,42,42,45,45,48,48,48,48,48,48,51,51,51,51,51,51,51,51,51,51],"card_choices":[{"not_picked":["Clothesline","Bomb"],"picked":"Carnage","floor":1.0},{"not_picked":["Iron Wave","Flame Barrier","True Grit"],"picked":"SKIP","floor":2.0},{"not_picked":["Thunderclap","Bludgeon"],"picked":"Fire Breathing","floor":4.0},{"not_picked":["Shrug It Off","Heavy Blade","Anger"],"picked":"SKIP","floor":5.0},{"not_picked":["Wild Strike","Heavy Blade","Thunderclap"],"picked":"SKIP","floor":7.0},{"not_picked":["Uppercut","Flame Barrier"],"picked":"Offering","floor":11.0},{"not_picked":["Sword Boomerang","Flame Barrier","Body Slam"],"picked":"SKIP","floor":12.0},{"not_picked":["Rampage","Dark Embrace","Pummel"],"picked":"SKIP","floor":14.0},{"not_picked":["Heavy Blade","Flex","Anger"],"picked":"SKIP","floor":18.0},{"not_picked":["Flex","Fire Breathing"],"picked":"Whirlwind+1","floor":19.0},{"not_picked":["Clothesline","Brutality"],"picked":"Feel No Pain","floor":20.0},{"not_picked":["Armaments","Sword Boomerang","Flex"],"picked":"SKIP","floor":21.0},{"not_picked":["Infernal Blade","Pummel","Ghostly Armor"],"picked":"SKIP","floor":23.0},{"not_picked":["Armaments","Thunderclap","Fire Breathing"],"picked":"SKIP","floor":27.0},{"not_picked":["Rage","Headbutt","Metallicize+1"],"picked":"SKIP","floor":28.0},{"not_picked":["Perfected Strike","Dropkick+1"],"picked":"Feed","floor":29.0},{"not_picked":["Feel No Pain","Carnage","Fire Breathing+1"],"picked":"SKIP","floor":30.0},{"not_picked":["Rage","Cleave","Flex"],"picked":"SKIP","floor":31.0},{"not_picked":["Rage+1","Havoc"],"picked":"Evolve+1","floor":35.0},{"not_picked":["Twin Strike","Armaments"],"picked":"True Grit","floor":37.0},{"not_picked":["Sever Soul","Thunderclap+1","Heavy Blade"],"picked":"SKIP","floor":39.0},{"not_picked":["Cleave+1","Evolve+1"],"picked":"Barricade","floor":41},{"not_picked":["Iron Wave","Perfected Strike+1"],"picked":"Dark Embrace+1","floor":42},{"not_picked":["Evolve","Second Wind"],"picked":"Shrug It Off","floor":44},{"not_picked":["Sword Boomerang","Rupture","Heavy Blade+1"],"picked":"SKIP","floor":45},{"not_picked":["Clothesline+1","Wild Strike","Uppercut","Bloodletting+1"],"picked":"SKIP","floor":47},{"not_picked":["Rage","Whirlwind","Clash"],"picked":"Corruption","floor":48},{"not_picked":["Flex+1","Armaments","Searing Blow"],"picked":"Seeing Red","floor":55},{"not_picked":["Sentinel","Dark Embrace","Havoc"],"picked":"Body Slam","floor":54}],"player_experience":1306506,"relics_obtained":[{"floor":7.0,"key":"Tiny Chest"},{"floor":9.0,"key":"Meat on the Bone"},{"floor":11.0,"key":"Sundial"},{"floor":14.0,"key":"Shovel"},{"floor":15.0,"key":"testmod-LifeArmor"},{"floor":24.0,"key":"Paper Frog"},{"floor":25.0,"key":"Dead Branch"},{"floor":27.0,"key":"Nunchaku"},{"floor":31.0,"key":"testmod-TurbochargingSystem"},{"floor":32.0,"key":"MealTicket"},{"floor":40.0,"key":"StoneCalendar"},{"floor":41,"key":"GnawedLeaf"},{"floor":43,"key":"Bottled Tornado"},{"floor":45,"key":"MegaBlast"},{"floor":46,"key":"BloodDonationMachine"},{"floor":46,"key":"Question Card"},{"floor":48,"key":"Anchor"},{"floor":55,"key":"testmod-Maize"},{"floor":52,"key":"Magic Flower"},{"floor":54,"key":"HornCleat"}],"event_choices":[{"damage_healed":0.0,"max_hp_gain":0.0,"max_hp_loss":0.0,"gold_gain":0.0,"event_name":"Scrap Ooze","player_choice":"Success","floor":3.0,"gold_loss":0.0,"damage_taken":5.0,"relics_obtained":["testmod-ConstraintPeriapt"]},{"damage_healed":0.0,"max_hp_gain":0.0,"max_hp_loss":0.0,"gold_gain":0.0,"event_name":"Shining Light","player_choice":"Entered Light","floor":10.0,"gold_loss":0.0,"damage_taken":23.0,"cards_upgraded":["Defend_R","Defend_R"]},{"cards_removed":["Strike_R"],"damage_healed":0.0,"max_hp_gain":0.0,"max_hp_loss":0.0,"gold_gain":0.0,"event_name":"The Cleric","player_choice":"Card Removal","floor":13.0,"gold_loss":75.0,"damage_taken":0.0},{"damage_healed":0.0,"max_hp_gain":0.0,"max_hp_loss":2.0,"gold_gain":0.0,"event_name":"Winding Halls","player_choice":"Max HP","floor":36.0,"gold_loss":0.0,"damage_taken":0.0},{"damage_healed":0,"gold_gain":0,"player_choice":"Fight","damage_taken":0,"max_hp_gain":0,"max_hp_loss":0,"event_name":"HidenRoomEvent","floor":46,"gold_loss":0}],"is_beta":false,"boss_relics":[{"not_picked":["Black Star","testmod-PortableAltar"],"picked":"testmod-CardMagician"},{"not_picked":[]},{"not_picked":["testmod-StringDisintegrator","Lee\u0027s Waffle"],"picked":"CaptainsWheel"},{"not_picked":[]}],"items_purged_floors":[22,38,54,53],"is_endless":false,"potions_floor_spawned":[5,7,16,18,19,20,28,33,39,41,46,47,48,55],"ascension_level":20}}