{"host":"rolltorest","time":1611711959,"event":{"mods":["BaseMod","Jorbs\u0027s Wanderer Trilogy","Koishi","Minty Spire (QoL Compilation)","Relic Stats","Robot Space Explorer","Slay the Relics Exporter","StSLib","The Servant 0.9.4"],"gold_per_floor":[119,119,131,5,24,57,57,92,92,107,126,152,65,120,120,196,196,209,237,237,247,267,293,305,334,334,175,188,203,222,252,252,329,329,342,355,355,367,392,425,337,365,365,365,390,438,660,676,676,676,676,676,676,75,108,108,108],"floor_reached":56,"language":"ENG","playtime":2930,"items_purged":["stsjorbsmod:Procrastination","RobotSpaceExplorer:Strike","RobotSpaceExplorer:Strike"],"score":2309,"play_id":"1a1ec6e4-364f-42e5-acd9-e2f7ae897e5a","local_time":"20210126174559","is_ascension_mode":true,"campfire_choices":[{"floor":7,"key":"REST"},{"data":"RobotSpaceExplorer:DoubleFind","floor":15,"key":"SMITH"},{"floor":32,"key":"REST"},{"data":"RobotSpaceExplorer:DualCore","floor":44,"key":"SMITH"},{"floor":49,"key":"RECALL"},{"data":"RobotSpaceExplorer:Fix","floor":53,"key":"SMITH"}],"circlet_count":0,"master_deck":["AscendersBane","RobotSpaceExplorer:Strike","RobotSpaceExplorer:Defend","RobotSpaceExplorer:Defend","RobotSpaceExplorer:Defend","RobotSpaceExplorer:Defend","RobotSpaceExplorer:Scan","RobotSpaceExplorer:MiniLasers","RobotSpaceExplorer:SlimeMissile","RobotSpaceExplorer:Electropulse","RobotSpaceExplorer:StarLightning","RobotSpaceExplorer:MiniDrones","RobotSpaceExplorer:MetalStrike","RobotSpaceExplorer:Blitz","RobotSpaceExplorer:GearShield","RobotSpaceExplorer:DoubleFind+1","RobotSpaceExplorer:ScrapShield","RobotSpaceExplorer:SurgingShield","RobotSpaceExplorer:Fix","RobotSpaceExplorer:Explosion","RobotSpaceExplorer:RigExplosive","RobotSpaceExplorer:TrailblazerForm","RobotSpaceExplorer:StunGrenade","RobotSpaceExplorer:LaserBurst+1","RobotSpaceExplorer:DualCore+1","RobotSpaceExplorer:ScrapMissile","RobotSpaceExplorer:SelfCleaning","RobotSpaceExplorer:Fix+1","RobotSpaceExplorer:FranticSearch","RobotSpaceExplorer:HighVoltage","RobotSpaceExplorer:Discharger+1","Trip","RobotSpaceExplorer:ShockMissile","RobotSpaceExplorer:FranticSearch","RobotSpaceExplorer:DoubleBlock+1","RobotSpaceExplorer:FranticSearch+1","Clumsy","RobotSpaceExplorer:FranticSearch+1","PanicButton","RobotSpaceExplorer:Arsenal"],"relics":["Black Star","Vajra","Prayer Wheel","RobotSpaceExplorer:PlasmaHourglass","HornCleat","Kunai","TungstenRod","Akabeko","Letter Opener","Cursed Key","Red Mask","Bronze Scales","Ancient Tea Set","Blood Vial","Orichalcum","Matryoshka","Frozen Egg 2","PreservedInsect","RobotSpaceExplorer:ToughPlating","RobotSpaceExplorer:SearchSpecs","RobotSpaceExplorer:RingOfTheNewt","Mummified Hand","MawBank","Pantograph","Ginger","Smiling Mask","Toy Ornithopter","StrikeDummy","Bird Faced Urn","Bag of Preparation","Shuriken","Boot","Bottled Lightning"],"acts_visited":["Exordium","TheCity","TheBeyond","TheEnding"],"potions_floor_usage":[6,8,12,19,19,22,23,23,25,25,29,29,30,31,33,35,35,38,39,40,45,45,46,48,48,48,50,55,56],"damage_taken":[{"damage":11,"enemies":"Cultist","floor":1,"turns":5},{"damage":2,"enemies":"Jaw Worm","floor":3,"turns":4},{"damage":0,"enemies":"Small Slimes","floor":5,"turns":3},{"damage":28,"enemies":"Gremlin Nob","floor":6,"turns":5},{"damage":18,"enemies":"Lagavulin","floor":8,"turns":4},{"damage":0,"enemies":"2 Fungi Beasts","floor":10,"turns":3},{"damage":0,"enemies":"Exordium Thugs","floor":11,"turns":4},{"damage":0,"enemies":"3 Sentries","floor":12,"turns":6},{"damage":3,"enemies":"3 Sentries","floor":14,"turns":6},{"damage":0,"enemies":"Hexaghost","floor":16,"turns":9},{"damage":0,"enemies":"Spheric Guardian","floor":18,"turns":3},{"damage":14,"enemies":"Masked Bandits","floor":19,"turns":5},{"damage":0,"enemies":"Chosen","floor":21,"turns":3},{"damage":0,"enemies":"Snake Plant","floor":22,"turns":4},{"damage":12,"enemies":"Book of Stabbing","floor":23,"turns":6},{"damage":14,"enemies":"Centurion and Healer","floor":24,"turns":8},{"damage":8,"enemies":"Slavers","floor":25,"turns":4},{"damage":1,"enemies":"Sentry and Sphere","floor":28,"turns":5},{"damage":0,"enemies":"Snake Plant","floor":29,"turns":3},{"damage":4,"enemies":"Shelled Parasite and Fungi","floor":30,"turns":3},{"damage":27,"enemies":"Gremlin Leader","floor":31,"turns":6},{"damage":37,"enemies":"Collector","floor":33,"turns":9},{"damage":1,"enemies":"3 Darklings","floor":35,"turns":5},{"damage":1,"enemies":"3 Shapes","floor":36,"turns":4},{"damage":10,"enemies":"Jaw Worm Horde","floor":38,"turns":3},{"damage":0,"enemies":"Mind Bloom Boss Battle","floor":39,"turns":6},{"damage":9,"enemies":"Nemesis","floor":40,"turns":3},{"damage":0,"enemies":"Giant Head","floor":42,"turns":5},{"damage":8,"enemies":"Reptomancer","floor":45,"turns":6},{"damage":0,"enemies":"2 Orb Walkers","floor":46,"turns":4},{"damage":0,"enemies":"Transient","floor":48,"turns":6},{"damage":34,"enemies":"Donu and Deca","floor":50,"turns":9},{"damage":9,"enemies":"Time Eater","floor":51,"turns":11},{"damage":44,"enemies":"Shield and Spear","floor":55,"turns":6},{"damage":85,"enemies":"The Heart","floor":56,"turns":8}],"seed_played":"5354955748177826699","potions_obtained":[{"floor":1,"key":"SkillPotion"},{"floor":6,"key":"RobotSpaceExplorer:PlasmaFlask"},{"floor":11,"key":"Fire Potion"},{"floor":16,"key":"Block Potion"},{"floor":18,"key":"Fruit Juice"},{"floor":19,"key":"LiquidMemories"},{"floor":25,"key":"SmokeBomb"},{"floor":28,"key":"CultistPotion"},{"floor":29,"key":"BlessingOfTheForge"},{"floor":31,"key":"Dexterity Potion"},{"floor":39,"key":"LiquidMemories"},{"floor":45,"key":"Weak Potion"}],"is_trial":false,"path_per_floor":["M","?","M","$","M","E","R","E","T","M","M","E","$","?","R","B",null,"M","?","?","M","M","E","M","E","T","$","M","M","M","E","R","B",null,"M","M","?","M","?","E","$","E","T","R","E","?","?","M","R","B","B",null,"R","$","E","B"],"character_chosen":"RobotSpaceExplorer","items_purchased":["RobotSpaceExplorer:StarLightning","RobotSpaceExplorer:MiniDrones","RobotSpaceExplorer:Explosion","RobotSpaceExplorer:DualCore","Bag of Preparation","Shuriken","PanicButton"],"campfire_rested":2,"item_purchase_floors":[4,4,13,27,54,54,54],"current_hp_per_floor":[53,43,41,41,41,13,34,16,16,16,16,16,16,17,17,21,59,63,58,58,62,66,58,48,44,44,44,49,51,49,32,54,27,64,73,75,75,66,76,71,71,76,76,76,68,76,76,76,76,53,69,74,74,74,47,0,0],"gold":108,"neow_bonus":"BOSS_RELIC","is_daily":false,"chose_seed":false,"campfire_upgraded":3,"win_rate":0.0,"timestamp":1611711959,"path_taken":["M","?","?","$","M","E","R","E","T","M","M","E","?","?","R","BOSS","M","?","?","M","M","E","?","E","T","$","M","M","M","E","R","BOSS","M","M","?","M","?","E","$","E","T","R","E","?","?","M","R","BOSS","BOSS","R","$","E","BOSS"],"items_purchased_type":["Card","Card","Card","Card","Relic","Relic","Card"],"build_version":"2020-12-18","purchased_purges":3,"victory":false,"max_hp_per_floor":[71,71,71,71,71,71,71,71,71,71,71,71,71,71,71,71,71,71,76,76,76,76,76,76,76,76,76,76,76,76,76,76,76,76,76,76,76,76,76,76,76,76,76,76,76,76,76,76,76,76,76,76,76,76,76,76,76],"relic_stats":{"counters":[35,184],"PreservedInsect":349,"Bag of Preparation":[4],"Letter Opener":[323],"Ginger":[21],"Orichalcum":[42],"Cursed Key":2,"MawBank":12,"Smiling Mask":75,"Boot":[0],"Blood Vial":25,"Mummified Hand":[33],"Shuriken":[4],"Bronze Scales":[413],"Pantograph":48,"Bird Faced Urn":[19],"Prayer Wheel":13,"Black Star":10,"Kunai":[78],"obtain_stats":[{"RobotSpaceExplorer:PlasmaHourglass":8,"Vajra":6,"Bag of Preparation":54,"Ginger":42,"Cursed Key":17,"Ancient Tea Set":23,"Smiling Mask":43,"Boot":55,"Blood Vial":25,"HornCleat":8,"Matryoshka":26,"Mummified Hand":40,"Pantograph":42,"Prayer Wheel":6,"Red Mask":19,"RobotSpaceExplorer:SearchSpecs":34,"Kunai":9,"RobotSpaceExplorer:RoboCore":0,"RobotSpaceExplorer:RingOfTheNewt":39,"PreservedInsect":31,"Letter Opener":14,"Orichalcum":25,"Frozen Egg 2":30,"MawBank":40,"Akabeko":12,"Shuriken":54,"Bronze Scales":23,"RobotSpaceExplorer:ToughPlating":31,"Bird Faced Urn":46,"Black Star":0,"Bottled Lightning":55,"StrikeDummy":45,"TungstenRod":12,"Toy Ornithopter":45},{"RobotSpaceExplorer:PlasmaHourglass":5,"Vajra":4,"Bag of Preparation":33,"Ginger":28,"Cursed Key":10,"Ancient Tea Set":15,"Smiling Mask":28,"Boot":34,"Blood Vial":17,"HornCleat":5,"Matryoshka":17,"Mummified Hand":27,"Pantograph":28,"Prayer Wheel":4,"Red Mask":12,"RobotSpaceExplorer:SearchSpecs":22,"Kunai":5,"RobotSpaceExplorer:RoboCore":0,"RobotSpaceExplorer:RingOfTheNewt":26,"PreservedInsect":21,"Letter Opener":9,"Orichalcum":17,"Frozen Egg 2":20,"MawBank":27,"Akabeko":8,"Shuriken":33,"Bronze Scales":15,"RobotSpaceExplorer:ToughPlating":21,"Bird Faced Urn":30,"Black Star":0,"Bottled Lightning":34,"StrikeDummy":29,"TungstenRod":8,"Toy Ornithopter":29},{"RobotSpaceExplorer:PlasmaHourglass":21,"Vajra":17,"Bag of Preparation":170,"Ginger":134,"Cursed Key":49,"Ancient Tea Set":70,"Smiling Mask":134,"Boot":176,"Blood Vial":82,"HornCleat":21,"Matryoshka":82,"Mummified Hand":129,"Pantograph":134,"Prayer Wheel":17,"Red Mask":57,"RobotSpaceExplorer:SearchSpecs":108,"Kunai":21,"RobotSpaceExplorer:RoboCore":0,"RobotSpaceExplorer:RingOfTheNewt":126,"PreservedInsect":99,"Letter Opener":40,"Orichalcum":82,"Frozen Egg 2":93,"MawBank":129,"Akabeko":34,"Shuriken":170,"Bronze Scales":70,"RobotSpaceExplorer:ToughPlating":99,"Bird Faced Urn":144,"Black Star":0,"Bottled Lightning":176,"StrikeDummy":140,"TungstenRod":34,"Toy Ornithopter":140}],"TungstenRod":68,"Toy Ornithopter":17},"card_choices":[{"not_picked":["RobotSpaceExplorer:SelfCleaning","RobotSpaceExplorer:ScrapMissile"],"picked":"RobotSpaceExplorer:SlimeMissile","floor":1},{"not_picked":["RobotSpaceExplorer:Pulsar","RobotSpaceExplorer:ShockKick"],"picked":"RobotSpaceExplorer:Electropulse","floor":3},{"not_picked":["RobotSpaceExplorer:ToxicBomb","RobotSpaceExplorer:IronShell"],"picked":"RobotSpaceExplorer:MetalStrike","floor":5},{"not_picked":["RobotSpaceExplorer:SlimeMissile","RobotSpaceExplorer:ImprovisedAttack"],"picked":"RobotSpaceExplorer:Blitz","floor":6},{"not_picked":["RobotSpaceExplorer:Counterblock","RobotSpaceExplorer:MetalStrike","RobotSpaceExplorer:ImprovisedAttack"],"picked":"SKIP","floor":8},{"not_picked":["RobotSpaceExplorer:GlueShot","RobotSpaceExplorer:Discharger"],"picked":"RobotSpaceExplorer:GearShield","floor":10},{"not_picked":["RobotSpaceExplorer:FreezeRay","RobotSpaceExplorer:SwiftStep"],"picked":"RobotSpaceExplorer:DoubleFind","floor":10},{"not_picked":["RobotSpaceExplorer:PowerCollector","RobotSpaceExplorer:Ammunition"],"picked":"RobotSpaceExplorer:ScrapShield","floor":11},{"not_picked":["RobotSpaceExplorer:StunGrenade","RobotSpaceExplorer:Ammunition"],"picked":"RobotSpaceExplorer:SurgingShield","floor":11},{"not_picked":["RobotSpaceExplorer:SlimeMissile","RobotSpaceExplorer:GlueShot"],"picked":"RobotSpaceExplorer:Fix","floor":12},{"not_picked":["RobotSpaceExplorer:MiniDrones","RobotSpaceExplorer:GearShield"],"picked":"RobotSpaceExplorer:RigExplosive","floor":14},{"not_picked":["RobotSpaceExplorer:Scanner","RobotSpaceExplorer:ChargingLaser"],"picked":"RobotSpaceExplorer:TrailblazerForm","floor":16},{"not_picked":["RobotSpaceExplorer:Discharger","RobotSpaceExplorer:ImprovisedAttack","RobotSpaceExplorer:Ammunition"],"picked":"SKIP","floor":18},{"not_picked":["RobotSpaceExplorer:MetalStrike","RobotSpaceExplorer:Blitz","RobotSpaceExplorer:MiniBoosters"],"picked":"SKIP","floor":18},{"not_picked":["RobotSpaceExplorer:MakeshiftVolley","RobotSpaceExplorer:SlimeMissile"],"picked":"RobotSpaceExplorer:StunGrenade","floor":21},{"not_picked":["RobotSpaceExplorer:Ammunition","RobotSpaceExplorer:SurgingStrike","RobotSpaceExplorer:Probe"],"picked":"SKIP","floor":21},{"not_picked":["RobotSpaceExplorer:ScrapMissile","RobotSpaceExplorer:ShovelStrike","RobotSpaceExplorer:JunkDive"],"picked":"SKIP","floor":22},{"not_picked":["RobotSpaceExplorer:GlueShot","RobotSpaceExplorer:StunGrenade","RobotSpaceExplorer:PowerGlove"],"picked":"SKIP","floor":22},{"not_picked":["RobotSpaceExplorer:Multitool","RobotSpaceExplorer:PlasmaMissile","RobotSpaceExplorer:MiniDrones"],"picked":"SKIP","floor":23},{"not_picked":["RobotSpaceExplorer:PlasmaMissile","RobotSpaceExplorer:ScrapToss"],"picked":"RobotSpaceExplorer:LaserBurst+1","floor":24},{"not_picked":["RobotSpaceExplorer:StunGrenade","RobotSpaceExplorer:GlueSpray","RobotSpaceExplorer:SwiftStep"],"picked":"SKIP","floor":24},{"not_picked":["RobotSpaceExplorer:StarLightning","RobotSpaceExplorer:SwiftStep","RobotSpaceExplorer:PowerCollector"],"picked":"SKIP","floor":25},{"not_picked":["RobotSpaceExplorer:FrostMissile","RobotSpaceExplorer:Pulsar"],"picked":"RobotSpaceExplorer:ScrapMissile","floor":28},{"not_picked":["RobotSpaceExplorer:Probe","RobotSpaceExplorer:ScrapMissile","RobotSpaceExplorer:Ammunition"],"picked":"SKIP","floor":28},{"not_picked":["RobotSpaceExplorer:SwiftStep","RobotSpaceExplorer:ToxicBomb"],"picked":"RobotSpaceExplorer:Exploration","floor":29},{"not_picked":["RobotSpaceExplorer:SwiftStep","RobotSpaceExplorer:BigMissile","RobotSpaceExplorer:MetalStrike"],"picked":"SKIP","floor":29},{"not_picked":["RobotSpaceExplorer:ShockKick","RobotSpaceExplorer:Ammunition"],"picked":"RobotSpaceExplorer:SelfCleaning","floor":30},{"not_picked":["RobotSpaceExplorer:ScrapMissile+1","RobotSpaceExplorer:Blitz"],"picked":"RobotSpaceExplorer:Fix","floor":30},{"not_picked":["RobotSpaceExplorer:StunGrenade","RobotSpaceExplorer:Pulsar+1"],"picked":"RobotSpaceExplorer:FranticSearch","floor":31},{"not_picked":["RobotSpaceExplorer:Wormhole","RobotSpaceExplorer:ChargingLaser"],"picked":"RobotSpaceExplorer:HighVoltage","floor":33},{"not_picked":["RobotSpaceExplorer:MetalStrike+1","RobotSpaceExplorer:FrostMissile+1"],"picked":"RobotSpaceExplorer:Discharger+1","floor":35},{"not_picked":["RobotSpaceExplorer:Ammunition","RobotSpaceExplorer:SurgingStrike","RobotSpaceExplorer:LuckyStrike"],"picked":"SKIP","floor":35},{"not_picked":["RobotSpaceExplorer:ImprovisedAttack","RobotSpaceExplorer:MetalStrike+1","RobotSpaceExplorer:FreezingShield"],"picked":"SKIP","floor":36},{"not_picked":["RobotSpaceExplorer:PowerGlove+1","RobotSpaceExplorer:SurgingStrike","RobotSpaceExplorer:TurboDodge+1"],"picked":"SKIP","floor":36},{"not_picked":["Blind","Dark Shackles"],"picked":"Trip","floor":37},{"not_picked":["RobotSpaceExplorer:PowerCollector+1","RobotSpaceExplorer:SwiftStep+1"],"picked":"RobotSpaceExplorer:ShockMissile","floor":38},{"not_picked":["RobotSpaceExplorer:Ammunition+1","RobotSpaceExplorer:FreezeRay+1","RobotSpaceExplorer:FrostMissile+1"],"picked":"SKIP","floor":38},{"not_picked":["RobotSpaceExplorer:BigMissile+1","RobotSpaceExplorer:ShockKick"],"picked":"RobotSpaceExplorer:FranticSearch","floor":39},{"not_picked":["RobotSpaceExplorer:ToxicBomb","RobotSpaceExplorer:Counterblock"],"picked":"RobotSpaceExplorer:DoubleBlock+1","floor":40},{"not_picked":["RobotSpaceExplorer:Counterblock+1","RobotSpaceExplorer:MiniDrones"],"picked":"RobotSpaceExplorer:FranticSearch+1","floor":42},{"not_picked":["RobotSpaceExplorer:FreezingShield","RobotSpaceExplorer:Scanner+1"],"picked":"RobotSpaceExplorer:FranticSearch+1","floor":45},{"not_picked":["RobotSpaceExplorer:ScrapMissile","RobotSpaceExplorer:StunGrenade","RobotSpaceExplorer:StarDust+1"],"picked":"SKIP","floor":48},{"not_picked":["RobotSpaceExplorer:StunGrenade","RobotSpaceExplorer:BigMissile","RobotSpaceExplorer:SwiftStep"],"picked":"SKIP","floor":48},{"not_picked":["RobotSpaceExplorer:StunGrenade","RobotSpaceExplorer:PowerGlove+1"],"picked":"RobotSpaceExplorer:Arsenal","floor":55}],"player_experience":2236558,"relics_obtained":[{"floor":6,"key":"Vajra"},{"floor":6,"key":"Prayer Wheel"},{"floor":8,"key":"RobotSpaceExplorer:PlasmaHourglass"},{"floor":8,"key":"HornCleat"},{"floor":9,"key":"Kunai"},{"floor":12,"key":"TungstenRod"},{"floor":12,"key":"Akabeko"},{"floor":14,"key":"Letter Opener"},{"floor":19,"key":"Red Mask"},{"floor":23,"key":"Bronze Scales"},{"floor":23,"key":"Ancient Tea Set"},{"floor":25,"key":"Blood Vial"},{"floor":25,"key":"Orichalcum"},{"floor":26,"key":"Matryoshka"},{"floor":30,"key":"Frozen Egg 2"},{"floor":31,"key":"PreservedInsect"},{"floor":31,"key":"RobotSpaceExplorer:ToughPlating"},{"floor":39,"key":"RobotSpaceExplorer:RingOfTheNewt"},{"floor":40,"key":"Mummified Hand"},{"floor":40,"key":"MawBank"},{"floor":42,"key":"Pantograph"},{"floor":42,"key":"Ginger"},{"floor":43,"key":"Smiling Mask"},{"floor":45,"key":"Toy Ornithopter"},{"floor":45,"key":"StrikeDummy"},{"floor":46,"key":"Bird Faced Urn"},{"floor":55,"key":"Boot"},{"floor":55,"key":"Bottled Lightning"}],"event_choices":[{"damage_healed":0,"gold_gain":0,"player_choice":"Damaged","damage_taken":10,"max_hp_gain":0,"max_hp_loss":0,"event_name":"Wheel of Change","floor":2,"gold_loss":0},{"damage_healed":0,"gold_gain":0,"player_choice":"Searched \u00272\u0027 times","damage_taken":0,"max_hp_gain":0,"max_hp_loss":0,"event_name":"Dead Adventurer","floor":14,"gold_loss":0},{"damage_healed":0,"gold_gain":0,"player_choice":"Fought Bandits","damage_taken":0,"max_hp_gain":0,"max_hp_loss":0,"event_name":"Masked Bandits","floor":19,"gold_loss":0},{"cards_removed":["RobotSpaceExplorer:Strike"],"damage_healed":0,"gold_gain":0,"player_choice":"Offered Basic","damage_taken":0,"max_hp_gain":0,"max_hp_loss":0,"event_name":"Bonfire Elementals","floor":20,"gold_loss":0},{"damage_healed":0,"gold_gain":0,"player_choice":"Memory 1","damage_taken":0,"max_hp_gain":0,"max_hp_loss":0,"event_name":"SensoryStone","floor":37,"gold_loss":0},{"damage_healed":0,"gold_gain":0,"player_choice":"Fight","damage_taken":0,"max_hp_gain":0,"max_hp_loss":0,"event_name":"MindBloom","floor":39,"gold_loss":0},{"damage_healed":0,"gold_gain":0,"player_choice":"Fight","damage_taken":0,"max_hp_gain":0,"max_hp_loss":0,"event_name":"Mysterious Sphere","floor":46,"gold_loss":0},{"damage_healed":0,"gold_gain":222,"player_choice":"Wore Mask","damage_taken":0,"max_hp_gain":0,"max_hp_loss":0,"event_name":"Tomb of Lord Red Mask","floor":47,"gold_loss":0}],"is_beta":true,"boss_relics":[{"not_picked":["Ectoplasm","RobotSpaceExplorer:Reprocessor"],"picked":"Cursed Key"},{"not_picked":["SacredBark","Runic Pyramid"],"picked":"RobotSpaceExplorer:SearchSpecs"}],"items_purged_floors":[27,41,54],"is_endless":false,"potions_floor_spawned":[1,6,11,16,18,19,25,28,29,31,39,42,45],"killed_by":"The Heart","ascension_level":20}}