{"host":"mg1itvgex7et97yk","time":1611723959,"event":{"mods":["100% Spire Juice","2.2 Compatiblity","Act Like it!","Aspiration","BaseMod","Bestiary","Challenge The Spire","Colored Map","Conspire","Downfall","Elementarium","Energized Spire","Gensokyo","GifTheSpireLib","Googly Eyes","GungeonMod","Halation","Hallownest","Highlight Path","Hubris","Infinite Spire","Jedi Mod","Jorbs\u0027s Wanderer Trilogy","Menagerie","Mimic Mod","Minty Spire (QoL Compilation)","Quarter Circle Forward PUNCH!","READ ME - Snecko Mod","Rare Cards Sparkle","Relic Sorter","Relic Stats","Replay The Spire","Shop Mod","Small Relic Pack","Spikes Relics","Spire Arcade","StSLib","Stuff the Spire","The Animator","The Blue Laboratory","The Bug Knight","The Forsaken","The IronCluck","The Wild Card","Trackpad","[IsaacMod]????","everything is the same but u backflip on backflip","slay the spire mod where everything is the same but ironclad has a cowboy hat","??????REMEMod"],"gold_per_floor":[99,116,129,229,139,139,139,139,154,54,67,67,67,67,170,170,170,170,180,180,180,214,214,14,41,58,83,100,114,126,136,232,232,232,259,273,286,313,333,333,351,351,351,351,376,388,470,480,480,480,516,34,34,34,34,34],"floor_reached":54,"language":"ENG","playtime":10296,"items_purged":["Hallownest:curseDreamersLament","hubris:Compulsion"],"score":1038,"play_id":"b1fb3deb-545a-480a-8c99-2f3fff80cd6a","local_time":"20210126210559","is_ascension_mode":true,"campfire_choices":[{"floor":8.0,"key":"RECALL"},{"data":"Creative AI","floor":10.0,"key":"SMITH"},{"data":"sneckomod:UnknownColorless","floor":12.0,"key":"SMITH"},{"data":"sneckomod:UnendingSupply","floor":17.0,"key":"SMITH"},{"data":"sneckomod:Mudshield","floor":24.0,"key":"SMITH"}],"circlet_count":0,"master_deck":["sneckomod:Defend","sneckomod:Defend","sneckomod:Defend","sneckomod:TailWhip+1","sneckomod:SnekBite","sneckomod:Unknown","Creative AI+1","sneckomod:UnendingSupply+1","sneckomod:UnknownRareAttack","downfall:Haunted","downfall:Haunted","hubris:Despair","sneckomod:Mudshield+1","Tantrum","sneckomod:UnknownDraw","sneckomod:SoulExchange","downfall:Bewildered","sneckomod:PureSnecko+1","sneckomod:WideSting+1","sneckomod:DangerNoodle","Carnage","ReachHeaven","sneckomod:Nope","sneckomod:CheapStock","Carnage","Searing Blow","DemoMod:TableTechMoney+1","sneckomod:WideSting","sneckomod:UnendingSupply+1","sneckomod:IronFang","sneckomod:SnakeSap+1","sneckomod:Cheat","sneckomod:SoulDraw","Dagger Throw","Strike_G","Atom Bomb+1","Replay:SS_forest_2","sneckomod:UnendingSupply","sneckomod:SoulCleanse","FollowUp+1","sneckomod:ImprovisedAttack+1","Madness"],"relics":["sneckomod:SneckoSoul","Replay:M_SmolderingBlood","sneckomod:BabySnecko","Snecko Eye","downfall:HeartBlessingRed","downfall:HeartBlessingBlue","downfall:HeartBlessingGreen","relicPack:DSword","Hallownest:SalubrasBlessingRelic","Darkstone Periapt","NineVolt","HushsDoor","REME_ComplimentaryCards","aspiration:Nostalgia","downfall:RedIOU","Chaos","hubris:VirtuousBlindfold","jedi:angrymask","hubris:HollowSoul","Replay:Grab Bag","jedi:paperlyon","Fusion Hammer","Runic Pyramid","conspire:InfiniteJournal","aspiration:RunicSpoon","StuffTheSpire:Expresso","DemoMod:GlassGuonStoneRelic","Replay:Bottled Eggs","MyShadow"],"acts_visited":["Hallownest:Greenpath","TheCity","Gensokyo:Gensokyoest","TheEnding"],"potions_floor_usage":[51],"damage_taken":[{"damage":11.0,"enemies":"Hallownest:2_Baldur","floor":2.0,"turns":6.0},{"damage":18.0,"enemies":"Hallownest:2_MossCreeps","floor":3.0,"turns":6.0},{"damage":13.0,"enemies":"downfall:FleeingMerchant","floor":5.0,"turns":4.0},{"damage":0.0,"enemies":"Hallownest:monsterHuskGuard","floor":9.0,"turns":1.0},{"damage":12.0,"enemies":"Hallownest:monsterMossCharger","floor":11.0,"turns":6.0},{"damage":38.0,"enemies":"IC_STATUS_ARCHETYPE","floor":15.0,"turns":8.0},{"damage":2.0,"enemies":"Chosen","floor":19.0,"turns":4.0},{"damage":11.0,"enemies":"Replay:Snechameleon","floor":22.0,"turns":3.0},{"damage":0.0,"enemies":"HollowMod:Nosk","floor":25.0,"turns":5.0},{"damage":4.0,"enemies":"3 Cultists","floor":26.0,"turns":4.0},{"damage":0.0,"enemies":"Nightmare","floor":27.0,"turns":7.0},{"damage":0.0,"enemies":"Centurion and Healer","floor":28.0,"turns":4.0},{"damage":0.0,"enemies":"Shelled Parasite and Fungi","floor":29.0,"turns":3.0},{"damage":2.0,"enemies":"Chosen and Byrds","floor":30.0,"turns":3.0},{"damage":0.0,"enemies":"Centurion and Healer","floor":31.0,"turns":4.0},{"damage":2.0,"enemies":"SI_MIRROR_ARCHETYPE","floor":32.0,"turns":6.0},{"damage":8.0,"enemies":"Gensokyo:3_Bats","floor":35.0,"turns":3.0},{"damage":0.0,"enemies":"Gensokyo:AncientGuardian","floor":36.0,"turns":2.0},{"damage":0.0,"enemies":"Gensokyo:SeedOfUnknown","floor":37.0,"turns":3.0},{"damage":0.0,"enemies":"Gensokyo:AtlasGolem","floor":38.0,"turns":3.0},{"damage":0.0,"enemies":"Gensokyo:Rafflesia","floor":39.0,"turns":6.0},{"damage":0.0,"enemies":"Gensokyo:SeedOfUnknown","floor":41.0,"turns":4.0},{"damage":26.0,"enemies":"Gensokyo:Marisa","floor":45.0,"turns":3.0},{"damage":10.0,"enemies":"Gensokyo:Dusk_and_Dawn","floor":46.0,"turns":2.0},{"damage":0,"enemies":"Gensokyo:AtlasGolem","floor":48,"turns":1},{"damage":8,"enemies":"WA_ARCHETYPE_DIVINITY","floor":49,"turns":3},{"damage":0,"enemies":"downfall:CharBossMerchant","floor":51,"turns":2},{"damage":100,"enemies":"downfall:NeowBoss","floor":54,"turns":10}],"seed_played":"-5588126941473197676","potions_obtained":[{"floor":1.0,"key":"Guardian:BlockOnCardUsePotion"},{"floor":1.0,"key":"FearPotion"},{"floor":9.0,"key":"FairyPotion"},{"floor":11.0,"key":"blueLaboratory:TrueEctoplasm"},{"floor":15.0,"key":"Elixir"},{"floor":27.0,"key":"Regen Potion"},{"floor":28.0,"key":"Dexterity Potion"},{"floor":38.0,"key":"blueLaboratory:NullPotion"},{"floor":41.0,"key":"Venom Potion"},{"floor":48,"key":"blueLaboratory:LouseDecoction"}],"is_trial":false,"path_per_floor":["R_BF","M","M","?","$","?","T","R","M","R","M","R","?","?","B",null,"R","?","M","?","AVR","E","T","R","E","M","NM","M","M","M","M","B",null,"R","M","M","M","M","M","T","M","?","?","R","E","M","?","M","B",null,"E","$","R","B"],"character_chosen":"THE_SNECKO","items_purchased":["MyShadow"],"campfire_rested":0,"item_purchase_floors":[52],"current_hp_per_floor":[90,86,68,103,90,90,90,90,90,90,78,78,43,43,5,125,125,131,129,129,129,118,118,128,128,124,124,136,136,134,134,132,141,141,133,133,133,133,133,133,133,118,118,118,92,82,67,67,59,141,141,141,141,41,41,41],"gold":34,"neow_bonus":"NOSTALGIA","is_daily":false,"chose_seed":false,"campfire_upgraded":4,"win_rate":0.0,"timestamp":1611723959,"path_taken":["R_BF","M","M","?","$","?","T","R","?","R","M","R","?","?","BOSS","R","?","?","?","AVR","E","T","R","E","M","NM","M","M","M","M","BOSS","R","M","M","M","M","M","T","M","?","?","R","E","M","?","M","BOSS","E","$","R","BOSS"],"items_purchased_type":["Relic"],"build_version":"2020-12-22","purchased_purges":2,"victory":false,"max_hp_per_floor":[90,90,90,125,125,125,125,125,125,125,125,125,125,125,125,125,125,131,131,131,131,131,131,141,141,141,141,141,141,141,141,141,141,141,141,141,141,141,141,141,141,141,141,141,141,141,141,141,141,141,141,141,141,141,141,141],"relic_stats":{"Darkstone Periapt":36,"counters":[28,116],"aspiration:RunicSpoon":[54],"Snecko Eye":[134,129,111,119],"obtain_stats":[{"Darkstone Periapt":4,"Chaos":21,"jedi:angrymask":25,"relicPack:DSword":13,"NineVolt":0,"hubris:VirtuousBlindfold":22,"downfall:HeartBlessingGreen":24,"DemoMod:GlassGuonStoneRelic":19,"sneckomod:SneckoSoul":0,"conspire:InfiniteJournal":40,"Replay:M_SmolderingBlood":0,"downfall:HeartBlessingBlue":24,"jedi:paperlyon":33,"downfall:RedIOU":20,"Fusion Hammer":33,"MyShadow":52,"Replay:Bottled Eggs":51,"Runic Pyramid":33,"KeepersGift":0,"Hallownest:SalubrasBlessingRelic":6,"downfall:HeartBlessingRed":10,"aspiration:Nostalgia":0,"Replay:Grab Bag":33,"aspiration:RunicSpoon":42,"StuffTheSpire:Expresso":45,"hubris:HollowSoul":27,"sneckomod:BabySnecko":18,"Snecko Eye":16,"qcfpunch:Red_Headband":7,"HushsDoor":0,"REME_ComplimentaryCards":0},{"Darkstone Periapt":2,"Chaos":7,"jedi:angrymask":9,"relicPack:DSword":5,"NineVolt":0,"hubris:VirtuousBlindfold":8,"downfall:HeartBlessingGreen":8,"DemoMod:GlassGuonStoneRelic":7,"sneckomod:SneckoSoul":0,"conspire:InfiniteJournal":21,"Replay:M_SmolderingBlood":0,"downfall:HeartBlessingBlue":8,"jedi:paperlyon":16,"downfall:RedIOU":7,"Fusion Hammer":16,"MyShadow":27,"Replay:Bottled Eggs":27,"Runic Pyramid":16,"KeepersGift":0,"Hallownest:SalubrasBlessingRelic":3,"downfall:HeartBlessingRed":4,"aspiration:Nostalgia":0,"Replay:Grab Bag":16,"aspiration:RunicSpoon":22,"StuffTheSpire:Expresso":23,"hubris:HollowSoul":11,"sneckomod:BabySnecko":6,"Snecko Eye":6,"qcfpunch:Red_Headband":3,"HushsDoor":0,"REME_ComplimentaryCards":0},{"Darkstone Periapt":12,"Chaos":35,"jedi:angrymask":43,"relicPack:DSword":23,"NineVolt":0,"hubris:VirtuousBlindfold":38,"downfall:HeartBlessingGreen":38,"DemoMod:GlassGuonStoneRelic":35,"sneckomod:SneckoSoul":0,"conspire:InfiniteJournal":91,"Replay:M_SmolderingBlood":0,"downfall:HeartBlessingBlue":38,"jedi:paperlyon":74,"downfall:RedIOU":35,"Fusion Hammer":74,"MyShadow":106,"Replay:Bottled Eggs":106,"Runic Pyramid":74,"KeepersGift":0,"Hallownest:SalubrasBlessingRelic":16,"downfall:HeartBlessingRed":17,"aspiration:Nostalgia":0,"Replay:Grab Bag":74,"aspiration:RunicSpoon":95,"StuffTheSpire:Expresso":98,"hubris:HollowSoul":54,"sneckomod:BabySnecko":31,"Snecko Eye":31,"qcfpunch:Red_Headband":16,"HushsDoor":0,"REME_ComplimentaryCards":0}]},"card_choices":[{"not_picked":[],"picked":"Bomb","floor":0.0},{"not_picked":["sneckomod:SnakeSap","sneckomod:UnknownClassHEXA_GHOST_PURPLE"],"picked":"sneckomod:UnendingSupply","floor":2.0},{"not_picked":["FollowUp","sneckomod:Nope"],"picked":"sneckomod:UnknownRareAttack","floor":3.0},{"not_picked":["Halt","ReachHeaven"],"picked":"Tantrum","floor":5.0},{"not_picked":["sneckomod:DiceBlock","CrushJoints"],"picked":"sneckomod:UnknownDraw","floor":9.0},{"not_picked":["Infernal Blade","sneckomod:UnknownDraw"],"picked":"sneckomod:UnknownColorless","floor":11.0},{"not_picked":["sneckomod:DangerNoodle","Feed"],"picked":"sneckomod:SoulExchange","floor":15.0},{"not_picked":["sneckomod:UnknownDexterity+1","sneckomod:UnknownBlock"],"picked":"sneckomod:PureSnecko+1","floor":19.0},{"not_picked":["sneckomod:UnknownDraw+1","sneckomod:UnknownCommonAttack"],"picked":"sneckomod:WideSting+1","floor":22.0},{"not_picked":["sneckomod:UnknownBlock","EmptyFist"],"picked":"sneckomod:DangerNoodle","floor":25.0},{"not_picked":["sneckomod:UnknownCommonAttack","FlyingSleeves"],"picked":"Carnage","floor":26.0},{"not_picked":["sneckomod:UnknownWeak+1","sneckomod:DiceCrush"],"picked":"ReachHeaven","floor":27.0},{"not_picked":["sneckomod:UnknownX+1","FollowUp"],"picked":"sneckomod:Nope","floor":28.0},{"not_picked":["sneckomod:UnknownCommonAttack+1","sneckomod:SoulRoll+1"],"picked":"sneckomod:CheapStock","floor":29.0},{"not_picked":["sneckomod:RainOfDice","sneckomod:WideSting"],"picked":"Carnage","floor":30.0},{"not_picked":["sneckomod:UnknownStrike+1","sneckomod:UnknownRarePower"],"picked":"Searing Blow","floor":31.0},{"not_picked":["Ragnarok","sneckomod:Restock"],"picked":"sneckomod:UnknownBoss","floor":32.0},{"not_picked":["sneckomod:UnknownDexterity+1","sneckomod:UnknownUncommonPower+1"],"picked":"sneckomod:WideSting","floor":35.0},{"not_picked":["sneckomod:QuickMove+1","sneckomod:UnknownCommonSkill"],"picked":"sneckomod:UnendingSupply+1","floor":36.0},{"not_picked":["sneckomod:UnknownDraw+1","sneckomod:Unknown1Cost+1"],"picked":"sneckomod:IronFang","floor":37.0},{"not_picked":["sneckomod:UnknownBlock+1","sneckomod:UnknownCommonAttack"],"picked":"sneckomod:SnakeSap+1","floor":38.0},{"not_picked":["sneckomod:SoulDraw","sneckomod:QuickMove+1"],"picked":"sneckomod:Cheat","floor":39.0},{"not_picked":["sneckomod:DiceBoulder","sneckomod:UnknownCommonSkill+1"],"picked":"sneckomod:SoulDraw","floor":41.0},{"not_picked":["sneckomod:UnknownUncommonAttack+1","sneckomod:RainOfDice+1"],"picked":"sneckomod:UnendingSupply","floor":45.0},{"not_picked":["sneckomod:UnknownDexterity","sneckomod:UnknownStrength"],"picked":"sneckomod:SoulCleanse","floor":46.0},{"not_picked":["Whirlwind","sneckomod:UnknownRareAttack"],"picked":"FollowUp+1","floor":48},{"not_picked":["sneckomod:UnknownDexterity+1","sneckomod:DiceCrush+1"],"picked":"sneckomod:ImprovisedAttack+1","floor":51}],"player_experience":600888,"relics_obtained":[{"floor":7.0,"key":"qcfpunch:Red_Headband"},{"floor":22.0,"key":"hubris:VirtuousBlindfold"},{"floor":25.0,"key":"jedi:angrymask"},{"floor":27.0,"key":"hubris:HollowSoul"},{"floor":40.0,"key":"conspire:InfiniteJournal"},{"floor":45.0,"key":"StuffTheSpire:Expresso"},{"floor":51,"key":"Replay:Bottled Eggs"}],"event_choices":[],"is_beta":false,"boss_relics":[{"not_picked":["halation:Yufonium","CosmicIsotope"],"picked":"Snecko Eye"},{"not_picked":[]},{"not_picked":["StuffTheSpire:RunicHypercube","aspiration:FrozenJewel"],"picked":"Replay:Grab Bag"},{"not_picked":["energizedSpire:EnergizedDie","hubris:TerracottaHorce"],"picked":"jedi:paperlyon"},{"not_picked":["Replay:Wanted Poster","hubris:CrackedHourglass"],"picked":"Fusion Hammer"},{"not_picked":["Kintsugi","hubris:Backtick"],"picked":"Runic Pyramid"},{"not_picked":[]}],"items_purged_floors":[5,52],"is_endless":true,"potions_floor_spawned":[9,11,15,22,27,28,38,39,41,48],"killed_by":"downfall:NeowBoss","ascension_level":1}}