{"host":"yqa5il53nhlo2jdd","time":1611719228,"event":{"mods":["AchievementEnabler","Arknights The Spire","BaseMod","BetterRewards","Minty Spire (QoL Compilation)","StSLib","[IsaacMod]ÒÔÈö¼âËþ"],"gold_per_floor":[45,45,45,120,136,167,167,167,167],"floor_reached":8,"language":"ZHS","playtime":382,"items_purged":[],"score":100,"play_id":"c687451f-3ada-4593-ad1d-1e6d09c4acc1","local_time":"20210127114708","is_ascension_mode":true,"campfire_choices":[],"circlet_count":0,"master_deck":["AscendersBane","ats:Strike C","ats:Strike G","ats:Strike S","ats:Strike V","ats:Armor Crushing Shot","ats:Defend","ats:Defend","ats:Defend","ats:Defend","ats:Emotion Absorption","ats:Hook Shot","ats:Mental Burst","ats:Guardian Obelisk"],"relics":["ats:Sanity","HushsDoor","DeadEye","Bag of Preparation","ats:Originium","CeramicFish","PreservedInsect"],"acts_visited":["Exordium"],"potions_floor_usage":[6,8],"damage_taken":[{"damage":1.0,"enemies":"2 Louse","floor":1.0,"turns":2.0},{"damage":0.0,"enemies":"Cultist","floor":5.0,"turns":3.0},{"damage":16,"enemies":"Gremlin Nob","floor":6,"turns":4},{"damage":37,"enemies":"3 Sentries","floor":8,"turns":6}],"seed_played":"2286433932465991500","potions_obtained":[{"floor":1.0,"key":"AttackPotion"},{"floor":6,"key":"Weak Potion"}],"is_trial":false,"path_per_floor":["M","?","?","?","M","E","?","E"],"character_chosen":"DOCTOR_CLASS","items_purchased":["ats:Hook Shot","ats:Mental Burst","Bag of Preparation"],"campfire_rested":0,"item_purchase_floors":[0,0,0],"current_hp_per_floor":[63,63,63,52,52,52,34,0,0],"gold":167,"neow_bonus":"","is_daily":false,"chose_seed":false,"campfire_upgraded":0,"win_rate":0.0,"timestamp":1611719228,"path_taken":["M","?","?","?","?","E","?","E"],"items_purchased_type":["Card","Card","Relic"],"build_version":"2020-12-22","purchased_purges":0,"victory":false,"max_hp_per_floor":[71,71,71,71,71,71,71,71,71],"card_choices":[{"not_picked":["ats:Ignite","ats:Demon Strength","ats:Hammer On"],"picked":"SKIP","floor":1.0},{"not_picked":["ats:Roar Of Ursus","ats:Sashimi Platter","ats:Neurotoxin"],"picked":"SKIP","floor":5.0},{"not_picked":["ats:Healing Drone","ats:Shell Defense","ats:Durian"],"picked":"SKIP","floor":6}],"player_experience":715666,"relics_obtained":[{"floor":6,"key":"ats:Originium"},{"floor":6,"key":"CeramicFish"}],"event_choices":[{"damage_healed":0.0,"max_hp_gain":0.0,"max_hp_loss":0.0,"gold_gain":0.0,"event_name":"Match and Keep!","player_choice":"1 cards matched","floor":3.0,"gold_loss":0.0,"damage_taken":0.0,"cards_obtained":["ats:Guardian Obelisk"]},{"damage_healed":0.0,"max_hp_gain":0.0,"max_hp_loss":0.0,"gold_gain":75.0,"event_name":"World of Goop","player_choice":"Gather Gold","floor":4.0,"gold_loss":0.0,"damage_taken":11.0},{"damage_healed":0,"gold_gain":0,"player_choice":"Success","damage_taken":18,"relics_obtained":["PreservedInsect"],"max_hp_gain":0,"max_hp_loss":0,"event_name":"Scrap Ooze","floor":7,"gold_loss":0}],"is_beta":false,"boss_relics":[],"items_purged_floors":[],"is_endless":false,"potions_floor_spawned":[1,6],"killed_by":"3 Sentries","ascension_level":17}}