{"host":"sh8ot41fo7a0kahq","time":1611757949,"event":{"mods":["ATMod(°¢èªMod)","BaseMod","Better Third Choice","Colored Powertips","Displayed Cursed Tome","Minty Spire (QoL Compilation)","Quick Restart","Spicy Shops","StSLib","UnlockEverythingMod","¡¾ÒÅÎï¿¨ÅÆ¡¿REMEMod"],"gold_per_floor":[114,130,143,143,154,180,180,213,238,238,252,252,293,218,218,349,349,370,370,389,85,184,184,227,227,273,287,287,306,346,364,364,492,492,513,578,578,578,598,598,623,662,662,682,695,695,720,497,497,497,497],"floor_reached":50,"language":"ZHS","playtime":1313,"items_purged":["Defend_P","Defend_P","Strike_P","Strike_P"],"score":814,"play_id":"632d4f46-c857-4082-972d-e43d1d1181bb","local_time":"20210127223229","is_ascension_mode":true,"campfire_choices":[{"data":"Eruption","floor":7.0,"key":"SMITH"},{"data":"AT_Desolate","floor":10.0,"key":"SMITH"},{"data":"CrushJoints","floor":15.0,"key":"SMITH"},{"data":"AT_ChampionKick","floor":23.0,"key":"SMITH"},{"data":"Wallop","floor":25.0,"key":"SMITH"},{"data":"AT_DivineConfetti","floor":28.0,"key":"SMITH"},{"data":"InnerPeace","floor":32.0,"key":"SMITH"},{"data":"ClearTheMind","floor":40.0,"key":"SMITH"},{"floor":46.0,"key":"RECALL"},{"data":"TalkToTheHand","floor":49.0,"key":"SMITH"}],"circlet_count":0,"master_deck":["Strike_P","Strike_P","Defend_P","Defend_P","Eruption+1","Vigilance","AT_Desolate+1","DeusExMachina","ClearTheMind+1","CrushJoints+1","FearNoEvil","AT_DivineConfetti+1","FlurryOfBlows","REME_EmptyShield","AT_ChampionKick+1","CurseOfTheBell","EmptyFist+1","Wallop+1","Indignation","Fasting2+1","InnerPeace+1","Crescendo+1","BowlingBash","TalkToTheHand+1"],"relics":["AT_ATBox","REME_ComplimentaryCards","Coffee Dripper","PreservedInsect","Anchor","Golden Idol","Bag of Preparation","Calling Bell","Tiny Chest","InkBottle","Incense Burner","Bird Faced Urn","Happy Flower","Strawberry","REME_ChargedStone","Du-Vu Doll","AT_ChloranthyRing","AT_TheCollector","AT_SilverBalance"],"acts_visited":["Exordium","TheCity","TheBeyond"],"potions_floor_usage":[50],"damage_taken":[{"damage":1.0,"enemies":"2 Louse","floor":1.0,"turns":2.0},{"damage":4.0,"enemies":"Jaw Worm","floor":2.0,"turns":4.0},{"damage":0.0,"enemies":"Small Slimes","floor":3.0,"turns":3.0},{"damage":6.0,"enemies":"Looter","floor":5.0,"turns":3.0},{"damage":44.0,"enemies":"3 Sentries","floor":6.0,"turns":10.0},{"damage":15.0,"enemies":"Lagavulin","floor":8.0,"turns":4.0},{"damage":9.0,"enemies":"3 Louse","floor":11.0,"turns":3.0},{"damage":0.0,"enemies":"3 Sentries","floor":13.0,"turns":3.0},{"damage":11.0,"enemies":"The Guardian","floor":16.0,"turns":10.0},{"damage":6.0,"enemies":"2 Thieves","floor":18.0,"turns":4.0},{"damage":0.0,"enemies":"Shell Parasite","floor":20.0,"turns":3.0},{"damage":0.0,"enemies":"Book of Stabbing","floor":24.0,"turns":2.0},{"damage":0.0,"enemies":"Snake Plant","floor":27.0,"turns":2.0},{"damage":0.0,"enemies":"Snecko","floor":29.0,"turns":2.0},{"damage":4.0,"enemies":"Gremlin Leader","floor":30.0,"turns":5.0},{"damage":18.0,"enemies":"Sentry and Sphere","floor":31.0,"turns":4.0},{"damage":25.0,"enemies":"Collector","floor":33.0,"turns":4.0},{"damage":39.0,"enemies":"3 Darklings","floor":35.0,"turns":3.0},{"damage":0.0,"enemies":"2 Orb Walkers","floor":36.0,"turns":3.0},{"damage":0.0,"enemies":"3 Shapes","floor":39.0,"turns":2.0},{"damage":1.0,"enemies":"Sphere and 2 Shapes","floor":41.0,"turns":3.0},{"damage":35.0,"enemies":"Nemesis","floor":42.0,"turns":3.0},{"damage":8.0,"enemies":"Spire Growth","floor":44.0,"turns":2.0},{"damage":16.0,"enemies":"3 Darklings","floor":45.0,"turns":3.0},{"damage":18.0,"enemies":"Transient","floor":47.0,"turns":5.0},{"damage":43,"enemies":"Awakened One","floor":50,"turns":3}],"seed_played":"2129094336513002193","potions_obtained":[{"floor":3.0,"key":"Ambrosia"},{"floor":5.0,"key":"FairyPotion"},{"floor":8.0,"key":"GamblersBrew"},{"floor":18.0,"key":"Explosive Potion"},{"floor":29.0,"key":"DistilledChaos"},{"floor":30.0,"key":"Dexterity Potion"},{"floor":31.0,"key":"Block Potion"},{"floor":42.0,"key":"Weak Potion"}],"is_trial":false,"path_per_floor":["M","M","M","?","M","E","R","E","T","R","M","?","E","$","R","B",null,"M","?","M","$","?","R","E","R","T","M","R","M","E","M","R","B",null,"M","?","T","?","M","R","M","E","T","M","M","R","M","$","R","B"],"character_chosen":"WATCHER","items_purchased":["Wallop","TalkToTheHand"],"campfire_rested":0,"item_purchase_floors":[21,48],"current_hp_per_floor":[64,60,60,60,54,10,10,21,21,21,12,12,12,12,12,1,51,45,45,45,45,45,45,45,45,45,47,47,49,54,40,40,19,60,25,29,29,29,31,31,32,1,1,31,19,19,21,21,21,0,0],"gold":497,"neow_bonus":"BOSS_RELIC","is_daily":false,"chose_seed":false,"campfire_upgraded":9,"win_rate":0.0,"timestamp":1611757949,"path_taken":["M","M","M","?","M","E","R","E","T","R","M","?","E","$","R","BOSS","M","?","M","$","?","R","E","R","T","M","R","M","E","M","R","BOSS","M","?","?","?","?","R","M","E","T","M","M","R","M","$","R","BOSS"],"items_purchased_type":["Card","Card"],"build_version":"2020-12-22","purchased_purges":4,"victory":false,"max_hp_per_floor":[72,72,72,72,72,72,72,72,72,72,72,67,67,67,67,67,67,67,67,67,67,67,67,67,67,67,67,67,67,74,74,74,74,74,74,74,74,70,70,70,70,70,70,70,70,70,70,70,70,70,70],"card_choices":[{"not_picked":["REME_Repentance","Evaluate","ClearTheMind"],"picked":"SKIP","floor":1.0},{"not_picked":["FollowUp","FlyingSleeves"],"picked":"ClearTheMind","floor":2.0},{"not_picked":["Evaluate","SandsOfTime"],"picked":"CrushJoints","floor":3.0},{"not_picked":["WaveOfTheHand","Consecrate"],"picked":"FearNoEvil","floor":5.0},{"not_picked":["REME_Repentance","Fasting2"],"picked":"AT_DivineConfetti","floor":6.0},{"not_picked":["ForeignInfluence","Weave"],"picked":"FlurryOfBlows","floor":8.0},{"not_picked":["ThirdEye","JustLucky","FlurryOfBlows"],"picked":"SKIP","floor":11.0},{"not_picked":["CarveReality","JustLucky"],"picked":"REME_EmptyShield","floor":13.0},{"not_picked":["Establishment","Omniscience"],"picked":"AT_ChampionKick","floor":16.0},{"not_picked":["SignatureMove","ReachHeaven"],"picked":"EmptyFist+1","floor":18.0},{"not_picked":["Evaluate","ClearTheMind","ConjureBlade"],"picked":"SKIP","floor":20.0},{"not_picked":["CutThroughFate","AT_RealFormLess+1"],"picked":"Indignation","floor":24.0},{"not_picked":["LikeWater","SandsOfTime+1","EmptyFist"],"picked":"SKIP","floor":27.0},{"not_picked":["SandsOfTime","SashWhip","Sanctity"],"picked":"SKIP","floor":29.0},{"not_picked":["Vault","REME_MusicOfDeath"],"picked":"Fasting2+1","floor":30.0},{"not_picked":["Nirvana","JustLucky+1"],"picked":"InnerPeace","floor":31.0},{"not_picked":["FollowUp","FlurryOfBlows+1"],"picked":"Crescendo+1","floor":35.0},{"not_picked":["Conclude","FollowUp","Protect+1"],"picked":"SKIP","floor":39.0},{"not_picked":["InnerPeace+1","ClearTheMind","Sanctity+1"],"picked":"SKIP","floor":41.0},{"not_picked":["ClearTheMind","SignatureMove+1","REME_MusicOfDeath"],"picked":"SKIP","floor":42.0},{"not_picked":["FlyingSleeves+1","LikeWater","Evaluate"],"picked":"SKIP","floor":44.0},{"not_picked":["Indignation","FlurryOfBlows","Alpha"],"picked":"SKIP","floor":45.0},{"not_picked":["Conclude","ClearTheMind+1"],"picked":"BowlingBash","floor":47.0}],"player_experience":329847,"relics_obtained":[{"floor":6.0,"key":"PreservedInsect"},{"floor":8.0,"key":"Anchor"},{"floor":13.0,"key":"Bag of Preparation"},{"floor":17.0,"key":"Tiny Chest"},{"floor":17.0,"key":"InkBottle"},{"floor":17.0,"key":"Incense Burner"},{"floor":24.0,"key":"Bird Faced Urn"},{"floor":26.0,"key":"Happy Flower"},{"floor":30.0,"key":"Strawberry"},{"floor":36.0,"key":"Du-Vu Doll"},{"floor":37.0,"key":"AT_ChloranthyRing"},{"floor":42.0,"key":"AT_TheCollector"},{"floor":43.0,"key":"AT_SilverBalance"}],"event_choices":[{"damage_healed":0.0,"max_hp_gain":0.0,"max_hp_loss":0.0,"gold_gain":0.0,"event_name":"betterThird:BetterSerpent","player_choice":"Ignored","floor":4.0,"gold_loss":0.0,"damage_taken":143.0},{"damage_healed":0.0,"max_hp_gain":0.0,"max_hp_loss":5.0,"gold_gain":0.0,"event_name":"Golden Idol","player_choice":"Lose Max HP","floor":12.0,"gold_loss":0.0,"damage_taken":0.0,"relics_obtained":["Golden Idol"]},{"damage_healed":0.0,"max_hp_gain":0.0,"max_hp_loss":0.0,"gold_gain":0.0,"event_name":"Vampires","player_choice":"Ignored","floor":19.0,"gold_loss":0.0,"damage_taken":0.0},{"damage_healed":0.0,"max_hp_gain":0.0,"max_hp_loss":0.0,"gold_gain":99.0,"event_name":"betterThird:BetterNest","player_choice":"Steal","floor":22.0,"gold_loss":0.0,"damage_taken":0.0},{"damage_healed":0.0,"max_hp_gain":0.0,"max_hp_loss":0.0,"gold_gain":0.0,"event_name":"Mysterious Sphere","player_choice":"Fight","floor":36.0,"gold_loss":0.0,"damage_taken":0.0},{"damage_healed":0.0,"max_hp_gain":0.0,"max_hp_loss":4.0,"gold_gain":0.0,"event_name":"Winding Halls","player_choice":"Max HP","floor":38.0,"gold_loss":0.0,"damage_taken":0.0}],"is_beta":false,"boss_relics":[{"not_picked":["Snecko Eye","Ectoplasm"],"picked":"Calling Bell"},{"not_picked":["Pandora\u0027s Box","Runic Dome"],"picked":"REME_ChargedStone"}],"items_purged_floors":[14,21,21,48],"is_endless":false,"potions_floor_spawned":[3,5,8,18,29,30,31,33,35,36,42,45],"killed_by":"Awakened One","ascension_level":6}}