{"host":"ss2ocoam53r2lno0","time":1611738357,"event":{"mods":["Act Like it!","BaseMod","ChefMod","Clockwork Mod","Colored Powertips","Curses Come First","Displayed Cursed Tome","Downfall","Evolution","Googly Eyes","Hallownest","Highlight Path","Minty Spire (QoL Compilation)","Poor People Problems","Rare Cards Sparkle","Reliquary","Robot Space Explorer","Shade Mod","Shop Mod","Spicy Shops","StSLib","TheSurvivalist"],"gold_per_floor":[110,110,60,60,77,104,104,104,129,144,166,241,257,270,270,367,367,386,403,81,93,113,113,113],"floor_reached":23,"language":"ENG","playtime":2023,"items_purged":["survmod:Strike"],"score":218,"play_id":"99cef247-32af-4167-9e60-d77099711265","local_time":"20210127100557","is_ascension_mode":false,"campfire_choices":[{"data":"survmod:Sprint","floor":8,"key":"SMITH"},{"data":"survmod:VersatileOffense","floor":15,"key":"SMITH"}],"circlet_count":0,"master_deck":["survmod:Strike","survmod:Strike","survmod:Defend","survmod:Defend","survmod:Defend","survmod:Defend","survmod:VersatileOffense+1","survmod:Sprint+1","survmod:NockAnArrow","survmod:FenceTrap","survmod:NockAnArrow","survmod:DuckAndFlare","survmod:OverwhelmingAssault","survmod:NockAnArrow","survmod:PerfectPosition","survmod:MarkTrap","survmod:GoForFace","survmod:SurpriseTrap"],"relics":["survmod:InnateMutation","EVO:Axolotl","NeowsBlessing","Happy Flower","sneckomod:BlankCard","Odd Mushroom","reliquary:KinkedSpring","reliquary:BoilingFlask"],"acts_visited":["Exordium","TheCity"],"potions_floor_usage":[18,23],"damage_taken":[{"damage":0,"enemies":"Cultist","floor":1,"turns":1},{"damage":0,"enemies":"Small Slimes","floor":5,"turns":2},{"damage":0,"enemies":"Gremlin Nob","floor":6,"turns":1},{"damage":0,"enemies":"Jaw Worm","floor":10,"turns":3},{"damage":3,"enemies":"The Mushroom Lair","floor":11,"turns":6},{"damage":0,"enemies":"Red Slaver","floor":13,"turns":4},{"damage":0,"enemies":"Looter","floor":14,"turns":4},{"damage":4,"enemies":"The Guardian","floor":16,"turns":11},{"damage":4,"enemies":"Spheric Guardian","floor":18,"turns":8},{"damage":5,"enemies":"Shell Parasite","floor":19,"turns":8},{"damage":0,"enemies":"Shelled Parasite and Fungi","floor":21,"turns":6},{"damage":20,"enemies":"Cultist and Chosen","floor":22,"turns":8},{"damage":39,"enemies":"3 Cultists","floor":23,"turns":6}],"seed_played":"-7910421548161928231","potions_obtained":[{"floor":6,"key":"Dexterity Potion"},{"floor":10,"key":"CultistPotion"},{"floor":11,"key":"SkillPotion"},{"floor":18,"key":"Fruit Juice"},{"floor":22,"key":"hexamod:SoulburnPotion"}],"is_trial":false,"path_per_floor":["M","?","?","$","M","E","?","R","T","M","?","?","M","M","R","B",null,"M","M","$","M","M","M"],"character_chosen":"THE_SURVIVOR","items_purchased":["reliquary:BoilingFlask"],"campfire_rested":0,"item_purchase_floors":[20],"current_hp_per_floor":[50,50,50,50,50,50,55,55,55,55,52,41,41,41,41,37,55,56,51,51,51,31,0,0],"gold":113,"neow_bonus":"THREE_ENEMY_KILL","is_daily":false,"chose_seed":false,"campfire_upgraded":2,"win_rate":0.0,"timestamp":1611738357,"path_taken":["M","?","?","?","?","E","?","R","T","M","?","?","?","M","R","BOSS","M","M","$","?","M","M"],"items_purchased_type":["Relic"],"build_version":"2020-12-22","purchased_purges":1,"victory":false,"max_hp_per_floor":[50,50,50,50,50,50,55,55,55,55,55,55,55,55,55,55,55,60,60,60,60,60,60,60],"card_choices":[{"not_picked":["survmod:FlashbangShot","survmod:DuckAndFlare"],"picked":"survmod:NockAnArrow","floor":1},{"not_picked":["survmod:LongShot","survmod:SwiftKick"],"picked":"survmod:FenceTrap","floor":5},{"not_picked":["survmod:TrickShot","survmod:ExplosiveTrap"],"picked":"survmod:NockAnArrow","floor":6},{"not_picked":["survmod:FlareBarrage","survmod:ComplexMutation","survmod:FindCover"],"picked":"SKIP","floor":10},{"not_picked":["survmod:FindCover","survmod:VersatileDefense"],"picked":"survmod:DuckAndFlare","floor":11},{"not_picked":["survmod:LongShot","survmod:UnfortunateEscape"],"picked":"survmod:OverwhelmingAssault","floor":13},{"not_picked":["survmod:RejectWeakness","survmod:Adaptability"],"picked":"survmod:NockAnArrow","floor":14},{"not_picked":["survmod:ExpertSniper","survmod:MutantEnergy"],"picked":"survmod:PerfectPosition","floor":16},{"not_picked":["survmod:PenetratingShot","survmod:TwinShot+1"],"picked":"survmod:MarkTrap","floor":18},{"not_picked":["survmod:NockAnArrow","survmod:LeapingShot"],"picked":"survmod:GoForFace","floor":19},{"not_picked":["survmod:MarkTrap","survmod:FocusedFire","survmod:LongShot"],"picked":"SKIP","floor":21},{"not_picked":["survmod:QuickDash","survmod:AcidTrap"],"picked":"survmod:SurpriseTrap","floor":22}],"player_experience":837098,"relics_obtained":[{"floor":6,"key":"Happy Flower"},{"floor":9,"key":"sneckomod:BlankCard"},{"floor":11,"key":"Odd Mushroom"}],"event_choices":[{"damage_healed":0,"gold_gain":0,"player_choice":"Ignored","damage_taken":0,"max_hp_gain":0,"max_hp_loss":0,"event_name":"Liars Game","floor":2,"gold_loss":0},{"cards_removed":["survmod:Strike"],"damage_healed":0,"gold_gain":0,"player_choice":"Card Removal","damage_taken":0,"max_hp_gain":0,"max_hp_loss":0,"event_name":"The Cleric","floor":3,"gold_loss":50},{"damage_healed":0,"gold_gain":0,"player_choice":"Donut","damage_taken":0,"max_hp_gain":5,"max_hp_loss":0,"event_name":"Big Fish","floor":7,"gold_loss":0},{"damage_healed":0,"gold_gain":0,"player_choice":"Fought Mushrooms","damage_taken":0,"max_hp_gain":0,"max_hp_loss":0,"event_name":"Mushrooms","floor":11,"gold_loss":0},{"damage_healed":0,"gold_gain":75,"player_choice":"Gather Gold","damage_taken":11,"max_hp_gain":0,"max_hp_loss":0,"event_name":"World of Goop","floor":12,"gold_loss":0}],"is_beta":false,"boss_relics":[{"not_picked":["bronze:MakeshiftBattery","Ectoplasm"],"picked":"reliquary:KinkedSpring"}],"items_purged_floors":[20],"is_endless":false,"potions_floor_spawned":[6,10,11,14,16,18,22],"killed_by":"3 Cultists","ascension_level":0}}