{"host":"yb8bkkdvr1qiclnk","time":1611778728,"event":{"mods":["BaseMod","Colored Map","Colored Powertips","DeckTracker","Downfall","Faster Ascension Climbing","Highlight Path","Jorbs\u0027s Wanderer Trilogy","Minty Spire (QoL Compilation)","Quick Restart","Relic Stats","StSLib","UnlockEverythingMod"],"gold_per_floor":[99,118,132,232,27,127,127,155,155,55,74,89,89,99,118,216,216,216,216,138,138,156,156,238,268,168,184,184,219,119,131,131,131,131],"floor_reached":32,"language":"ENG","playtime":3864,"items_purged":["Pride"],"score":342,"play_id":"134c383a-d99e-4374-a68d-5d65524bc5ed","local_time":"20210127151848","is_ascension_mode":true,"campfire_choices":[{"floor":1,"key":"RECALL"},{"data":"Slimebound:DouseInSlime","floor":10,"key":"SMITH"},{"data":"Slimebound:ComboTackle","floor":13,"key":"SMITH"},{"data":"Slimebound:GoopTackle","floor":18,"key":"SMITH"},{"data":"Slimebound:MegaLick","floor":23,"key":"SMITH"},{"data":"Slimebound:Split","floor":26,"key":"SMITH"},{"data":"Slimebound:MassRepurpose","floor":30,"key":"SMITH"}],"circlet_count":0,"master_deck":["Slimebound:Strike_Slimebound","Slimebound:Strike_Slimebound","Slimebound:Tackle","Slimebound:Defend_Slimebound","Slimebound:Defend_Slimebound","Slimebound:Defend_Slimebound","Slimebound:Defend_Slimebound","Slimebound:Split+1","Slimebound:CorrosiveSpit","Slimebound:ItLooksTasty","Slimebound:LivingWall","downfall:Haunted","downfall:Haunted","downfall:Aged","Slimebound:DouseInSlime+1","Decay","Slimebound:GoopTackle+1","Slimebound:ForwardTackle","Slimebound:HauntingLick+1","Slimebound:ViciousTackle","Slimebound:ComboTackle+1","Slimebound:Schlurp","Slimebound:MegaLick+1","Slimebound:MassRepurpose+1","Slimebound:FlameTackle","Slimebound:SplitLeeching","Slimebound:Repurpose"],"relics":["Slimebound:AbsorbEndCombat","Gambling Chip","Darkstone Periapt","Slimebound:SelfDamagePreventRelic","Pear","downfall:HeartBlessingRed","Busted Crown","MawBank","CaptainsWheel","downfall:HeartBlessingBlue","Mercury Hourglass","Art of War","downfall:HeartBlessingGreen"],"acts_visited":["Exordium","TheCity"],"potions_floor_usage":[6,8,16,29],"damage_taken":[{"damage":7,"enemies":"Jaw Worm","floor":2,"turns":4},{"damage":6,"enemies":"2 Louse","floor":3,"turns":2},{"damage":0,"enemies":"downfall:FleeingMerchant","floor":5,"turns":4},{"damage":39,"enemies":"downfall:Heads","floor":6,"turns":5},{"damage":32,"enemies":"3 Sentries","floor":8,"turns":8},{"damage":0,"enemies":"Cultist","floor":11,"turns":2},{"damage":8,"enemies":"Exordium Thugs","floor":12,"turns":3},{"damage":0,"enemies":"3 Louse","floor":14,"turns":1},{"damage":2,"enemies":"Large Slime","floor":15,"turns":5},{"damage":26,"enemies":"WA_ARCHETYPE_RETAIN","floor":16,"turns":6},{"damage":15,"enemies":"downfall:FleeingMerchant","floor":20,"turns":4},{"damage":0,"enemies":"Spheric Guardian","floor":22,"turns":1},{"damage":23,"enemies":"Slavers","floor":25,"turns":6},{"damage":1,"enemies":"Snecko","floor":27,"turns":4},{"damage":17,"enemies":"Gremlin Leader","floor":29,"turns":5},{"damage":9,"enemies":"Cultist and Chosen","floor":31,"turns":5},{"damage":100,"enemies":"Snake Plant","floor":32,"turns":10}],"seed_played":"8295674683211838570","potions_obtained":[{"floor":3,"key":"sneckomod:MuddlingPotion"},{"floor":6,"key":"Regen Potion"},{"floor":8,"key":"Slimebound:SlimedPotion"},{"floor":9,"key":"Regen Potion"},{"floor":9,"key":"LiquidMemories"},{"floor":16,"key":"LiquidMemories"},{"floor":31,"key":"Dexterity Potion"}],"is_trial":false,"path_per_floor":["R","M","M","?","$","?","T","E","?","R","M","M","R","M","M","B",null,"R","?","$","?","M","R","T","E","R","M","T","E","R","M","M"],"character_chosen":"SLIMEBOUND","items_purchased":["Slimebound:SelfDamagePreventRelic","Slimebound:ForwardTackle"],"campfire_rested":0,"item_purchase_floors":[5,5],"current_hp_per_floor":[47,42,40,75,81,48,58,45,45,45,47,43,43,45,51,33,110,110,116,105,105,109,109,109,94,104,109,109,100,100,95,0,0,0],"gold":131,"neow_bonus":"ONE_RARE_RELIC","is_daily":false,"chose_seed":false,"campfire_upgraded":6,"win_rate":0.0,"timestamp":1611778728,"path_taken":["R","M","M","?","$","?","T","E","?","R","M","M","R","?","M","BOSS","R","?","$","?","M","R","T","E","R","?","?","E","R","M","M"],"items_purchased_type":["Relic","Card"],"build_version":"2020-12-22","purchased_purges":1,"victory":false,"max_hp_per_floor":[65,65,65,100,100,100,110,110,110,110,110,110,110,110,110,110,110,110,116,116,116,116,116,116,116,126,126,126,126,126,126,126,126,126],"relic_stats":{"Darkstone Periapt":36,"Busted Crown":12,"counters":[17,74],"Gambling Chip":[35],"Art of War":[11],"MawBank":12,"obtain_stats":[{"Darkstone Periapt":4,"Slimebound:SelfDamagePreventRelic":5,"Pear":7,"downfall:HeartBlessingRed":10,"downfall:HeartBlessingGreen":30,"MawBank":19,"Mercury Hourglass":28,"CaptainsWheel":25,"Busted Crown":17,"downfall:HeartBlessingBlue":26,"Gambling Chip":0,"Slimebound:AbsorbEndCombat":0,"Art of War":29},{"Darkstone Periapt":2,"Slimebound:SelfDamagePreventRelic":3,"Pear":4,"downfall:HeartBlessingRed":5,"downfall:HeartBlessingGreen":15,"MawBank":10,"Mercury Hourglass":14,"CaptainsWheel":13,"Busted Crown":10,"downfall:HeartBlessingBlue":13,"Gambling Chip":0,"Slimebound:AbsorbEndCombat":0,"Art of War":15},{"Darkstone Periapt":6,"Slimebound:SelfDamagePreventRelic":10,"Pear":15,"downfall:HeartBlessingRed":23,"downfall:HeartBlessingGreen":59,"MawBank":40,"Mercury Hourglass":54,"CaptainsWheel":51,"Busted Crown":40,"downfall:HeartBlessingBlue":51,"Gambling Chip":0,"Slimebound:AbsorbEndCombat":0,"Art of War":59}],"Mercury Hourglass":[90]},"card_choices":[{"not_picked":["Slimebound:SlimeSpikes","Slimebound:LeechEnergy"],"picked":"Slimebound:ItLooksTasty","floor":2},{"not_picked":["Slimebound:Overexert","Slimebound:Dissolve"],"picked":"Slimebound:LivingWall","floor":3},{"not_picked":["Slimebound:ServeAndProtect","Slimebound:DouseInSlime"],"picked":"Slimebound:GoopTackle","floor":5},{"not_picked":["Slimebound:Replication","Slimebound:SplitAcid"],"picked":"Slimebound:HauntingLick","floor":6},{"not_picked":["Slimebound:ServeAndProtect","Slimebound:BestDefense"],"picked":"Slimebound:ComboTackle","floor":8},{"not_picked":["Slimebound:FinishingTackle","Slimebound:GoopTackle"],"picked":"Slimebound:Schlurp","floor":11},{"not_picked":["Slimebound:OneTwoCombo","Slimebound:RollThrough"],"picked":"Slimebound:MegaLick","floor":12},{"not_picked":["Slimebound:SplitAcid","Slimebound:GoopTackle","Slimebound:FinishingTackle"],"picked":"SKIP","floor":14},{"not_picked":["Slimebound:SlimeSpikes","Slimebound:RainOfGoop","Slimebound:GoopTackle"],"picked":"SKIP","floor":15},{"not_picked":["Slimebound:Teamwork","Slimebound:LeechLife"],"picked":"Slimebound:MassRepurpose","floor":16},{"not_picked":["Slimebound:Prepare"],"picked":"SKIP","floor":20},{"not_picked":["Slimebound:SlimeBarrage"],"picked":"SKIP","floor":22},{"not_picked":["Slimebound:DisruptingSlam"],"picked":"SKIP","floor":25},{"not_picked":[],"picked":"Slimebound:FlameTackle","floor":27},{"not_picked":[],"picked":"Slimebound:SplitLeeching","floor":29},{"not_picked":[],"picked":"Slimebound:Repurpose","floor":31}],"player_experience":70110,"relics_obtained":[{"floor":7,"key":"Pear"},{"floor":25,"key":"CaptainsWheel"},{"floor":28,"key":"Mercury Hourglass"},{"floor":29,"key":"Art of War"}],"event_choices":[{"damage_healed":0,"gold_gain":0,"player_choice":"Got Potions","damage_taken":0,"max_hp_gain":0,"max_hp_loss":0,"event_name":"Lab","floor":9,"gold_loss":0},{"damage_healed":0,"gold_gain":0,"player_choice":"Stole Relic","damage_taken":0,"relics_obtained":["MawBank"],"max_hp_gain":0,"max_hp_loss":0,"event_name":"Addict","floor":19,"gold_loss":0,"cards_obtained":["Pride"]}],"is_beta":false,"boss_relics":[{"not_picked":["bronze:MakeshiftBattery","Coffee Dripper"],"picked":"Busted Crown"}],"items_purged_floors":[20],"is_endless":false,"potions_floor_spawned":[3,6,8,14,16,22,31],"killed_by":"Snake Plant","ascension_level":1}}