{"host":"sckme7d1fomdxamv","time":1611771387,"event":{"mods":["Act Like it!","BaseMod","Downfall","Friendly Minions","Gensokyo","Kiyohime（清姬）","Marisa（F雨　魔理沙）","Minty Spire (QoL Compilation)","READ ME - Guardian Mod","Remilia（蕾米莉亚）","Replay The Spire","Shop Mod","StSLib","The Bug Knight","The Hierophant","The Servant 0.9.4"],"gold_per_floor":[114,114,134,59,59,59,91,91,91,108,120,135,167,183,183,285,285,295,295,309,234,234,265,265,5,5,24,44,44,44,56,110,215,215,233,233,251,76,93,123,123,33,108,127,137,137,137,151,151,151,151,151,3,31,31,31],"floor_reached":55,"language":"ZHS","playtime":17109,"items_purged":["HollowMod:FocusHealStart","Hallucinations"],"score":754,"play_id":"9485b9dd-63c6-43e6-960c-55f2f960e81f","local_time":"20210128021627","is_ascension_mode":false,"campfire_choices":[{"data":"HollowMod:QuirrelsAssistance","floor":6,"key":"SMITH"},{"floor":8,"key":"RECALL"},{"data":"HollowMod:VoidDash","floor":15,"key":"SMITH"},{"data":"HollowMod:LordofShades","floor":24,"key":"SMITH"},{"data":"HollowMod:Weaversong","floor":41,"key":"SMITH"},{"data":"HollowMod:CrystalDash","floor":46,"key":"SMITH"},{"data":"HollowMod:NailStrikeStart","floor":49,"key":"PURGE"},{"data":"HollowMod:PerfectDash","floor":52,"key":"SMITH"}],"circlet_count":0,"master_deck":["HollowMod:NailStrikeStart","HollowMod:QuickDashStart","HollowMod:QuickDashStart","HollowMod:QuickDashStart","HollowMod:QuickDashStart","HollowMod:PogoStrike","HollowMod:QuirrelsAssistance+1","HollowMod:DoubleDash","HollowMod:InfectedCysts+1","HollowMod:PerfectDash+1","HollowMod:DescendingDark+1","HollowMod:VengefulVoid+1","HollowMod:VoidDash+1","HollowMod:ShadowDash+1","HollowMod:LordofShades+1","HollowMod:HeavyBlow+1","HollowMod:SharpenedNail+1","HollowMod:VengefulVoid+1","HollowMod:AbyssShriek+1","HollowMod:CrystalDash+1","HollowMod:VengefulVoid+1","HollowMod:LifebloodCocoon+1","HollowMod:Weaversong+1","HollowMod:VoidDash+1","HollowMod:HuntersJournal+1","HollowMod:CoiledNail+1","HollowMod:HuntersJournal+1","HollowMod:SiblingsShadow+1","HollowMod:VengefulVoid+1","HollowMod:WraithStrike+1","HollowMod:LordofShades+1","HollowMod:SiblingsSouls+1","HollowMod:HuntersJournal+1"],"relics":["Honey Jar","ReplayTheSpireMod:Shallot","Molten Egg 2","Blue Candle","Ornamental Fan","Replay:Mystery Machine","Replay:Bronze Core","Ring of Fury","Replay:Kaleidoscope","Replay:Rubber Ducky","Toxic Egg 2","Philosopher\u0027s Stone","InkBottle","HollowMod:MantisClawRelic","Bottled Flame","HollowMod:StagPassRelic"],"acts_visited":["Exordium","TheCity","TheBeyond","TheEnding"],"potions_floor_usage":[20,33,54,54,55,55],"damage_taken":[{"damage":1,"enemies":"Cultist","floor":1,"turns":3},{"damage":0,"enemies":"Small Slimes","floor":3,"turns":2},{"damage":3,"enemies":"Gremlin Nob","floor":7,"turns":4},{"damage":0,"enemies":"2 Louse","floor":10,"turns":1},{"damage":3,"enemies":"Looter","floor":11,"turns":2},{"damage":0,"enemies":"2 Fungi Beasts","floor":12,"turns":2},{"damage":10,"enemies":"3 Sentries","floor":13,"turns":3},{"damage":1,"enemies":"Red Slaver","floor":14,"turns":2},{"damage":3,"enemies":"Hexaghost","floor":16,"turns":8},{"damage":6,"enemies":"HollowMod:HuskSentry","floor":18,"turns":4},{"damage":3,"enemies":"2 Thieves","floor":20,"turns":3},{"damage":1,"enemies":"Gremlin Leader","floor":23,"turns":3},{"damage":0,"enemies":"Cultist and Chosen","floor":27,"turns":3},{"damage":12,"enemies":"Centurion and Healer","floor":28,"turns":3},{"damage":0,"enemies":"Sentry and Sphere","floor":31,"turns":2},{"damage":2,"enemies":"Pondfish","floor":33,"turns":7},{"damage":0,"enemies":"Orb Walker","floor":35,"turns":2},{"damage":6,"enemies":"3 Shapes","floor":37,"turns":4},{"damage":3,"enemies":"Sphere and 2 Shapes","floor":39,"turns":3},{"damage":0,"enemies":"HollowMod:StalkingDevout","floor":40,"turns":3},{"damage":0,"enemies":"Spire Growth","floor":44,"turns":2},{"damage":0,"enemies":"3 Darklings","floor":45,"turns":3},{"damage":0,"enemies":"Maw","floor":48,"turns":3},{"damage":45,"enemies":"Time Eater","floor":50,"turns":9},{"damage":50,"enemies":"Shield and Spear","floor":54,"turns":6},{"damage":60,"enemies":"The Heart","floor":55,"turns":3}],"seed_played":"-2245291712802235031","potions_obtained":[{"floor":3,"key":"Languid Potion"},{"floor":7,"key":"SteroidPotion"},{"floor":11,"key":"BlessingOfTheForge"},{"floor":18,"key":"FearPotion"},{"floor":27,"key":"Fire Potion"},{"floor":31,"key":"Block Potion"},{"floor":37,"key":"ColorlessPotion"},{"floor":44,"key":"Strength Potion"},{"floor":48,"key":"SteroidPotion"}],"is_trial":false,"path_per_floor":["M","T","M","$","?","R","E","R","T","M","M","M","E","M","R","B",null,"M","?","M","?","?","E","R","$","T","M","M","T","?","M","R","B",null,"M","T","M","$","M","E","R","?","T","M","M","R","?","M","R","B",null,"R","$","E","B"],"character_chosen":"THE_BUGKNIGHT","items_purchased":["HollowMod:AbyssShriek+1","HollowMod:CrystalDash","Replay:Rubber Ducky","HollowMod:HuntersJournal+1","Regen Potion","EssenceOfSteel"],"campfire_rested":0,"item_purchase_floors":[25,25,25,38,53,53],"current_hp_per_floor":[74,74,74,74,62,62,59,59,59,59,56,56,46,45,45,42,75,69,69,66,66,66,65,65,65,65,65,53,53,53,53,53,51,75,75,75,69,69,66,66,66,66,66,66,66,66,66,66,66,21,75,75,75,37,0,0],"gold":31,"neow_bonus":"BOSS_RELIC","is_daily":false,"chose_seed":false,"campfire_upgraded":6,"win_rate":0.0,"timestamp":1611771387,"path_taken":["M","?","?","?","?","R","E","R","T","M","M","M","E","M","R","BOSS","M","?","M","?","?","E","R","$","T","M","M","?","?","M","R","BOSS","M","?","?","$","M","E","R","?","T","M","?","R","?","M","R","BOSS","R","$","E","BOSS"],"items_purchased_type":["Card","Card","Relic","Card","Potion","Potion"],"build_version":"2020-12-22","purchased_purges":2,"victory":false,"max_hp_per_floor":[75,75,75,75,75,75,75,75,75,75,75,75,75,75,75,75,75,75,75,75,75,75,75,75,75,75,75,75,75,75,75,75,75,75,75,75,75,75,75,75,75,75,75,75,75,75,75,75,75,75,75,75,75,75,75,75],"card_choices":[{"not_picked":["HollowMod:DashSlash","HollowMod:CycloneSlash","HollowMod:CornifersMapStart"],"picked":"HollowMod:QuirrelsAssistance","floor":1},{"not_picked":["HollowMod:NewGlowingWomb","HollowMod:FallenFury","HollowMod:CycloneSlash"],"picked":"HollowMod:DoubleDash","floor":3},{"not_picked":["HollowMod:BrokenVessel","HollowMod:InfectionAssault+1","HollowMod:SoulStrike+1"],"picked":"HollowMod:InfectedCysts+1","floor":7},{"not_picked":["HollowMod:VengefulVoid+1","HollowMod:GreatSlash+1","HollowMod:NewGlowingWomb"],"picked":"HollowMod:PerfectDash","floor":10},{"not_picked":["HollowMod:MawleksShell","HollowMod:DashSlash+1","HollowMod:SiblingsSouls"],"picked":"HollowMod:DescendingDark+1","floor":11},{"not_picked":["HollowMod:SiblingsSouls","HollowMod:BlackTendrils+1","HollowMod:CornifersMapStart"],"picked":"HollowMod:VengefulVoid+1","floor":12},{"not_picked":["HollowMod:CoiledNail+1","HollowMod:DesolateDive+1","HollowMod:SharpenedNail+1"],"picked":"HollowMod:VoidDash","floor":13},{"not_picked":["HollowMod:SiblingsSouls","HollowMod:MawleksShell","HollowMod:SoulStrike+1"],"picked":"HollowMod:ShadowDash","floor":14},{"not_picked":["HollowMod:PureVessel","HollowMod:theNailsmith","HollowMod:MidwifesHunger+1"],"picked":"HollowMod:LordofShades","floor":16},{"not_picked":["HollowMod:InfectedCysts+1","HollowMod:DashSlash+1","HollowMod:LifebloodCocoon"],"picked":"HollowMod:HeavyBlow+1","floor":18},{"not_picked":["HollowMod:ChannelNail","HollowMod:VengefulSpirit+1","HollowMod:InfectedAttack+1"],"picked":"HollowMod:SharpenedNail+1","floor":20},{"not_picked":["HollowMod:MidwifesHunger+1","HollowMod:CloakDash","HollowMod:SharpenedNail+1"],"picked":"HollowMod:VengefulVoid+1","floor":23},{"not_picked":["HollowMod:PureNailStrike+1","HollowMod:InfectedCysts+1","HollowMod:Grubsong"],"picked":"HollowMod:VengefulVoid+1","floor":27},{"not_picked":["HollowMod:SoulStrike+1","HollowMod:ShapeofUnn","HollowMod:DesolateDive+1"],"picked":"HollowMod:LifebloodCocoon+1","floor":28},{"not_picked":["HollowMod:ShadowDash+1","HollowMod:PureNailStrike+1","HollowMod:PerfectDash+1"],"picked":"HollowMod:Weaversong","floor":31},{"not_picked":["HollowMod:Weaversong","HollowMod:SlysStrikes","HollowMod:NewInfectedGuardian+1"],"picked":"HollowMod:VoidDash+1","floor":33},{"not_picked":["HollowMod:CycloneSlash+1","HollowMod:GoodIntentions+1","HollowMod:SharpenedNail+1"],"picked":"HollowMod:HuntersJournal+1","floor":35},{"not_picked":["HollowMod:PerfectDash+1","HollowMod:NewLittleFool+1","HollowMod:SharpenedNail+1"],"picked":"HollowMod:CoiledNail+1","floor":37},{"not_picked":["HollowMod:HowlingWraiths+1","HollowMod:PerfectDash+1","HollowMod:InfectedAttack+1"],"picked":"HollowMod:SiblingsShadow+1","floor":39},{"not_picked":["HollowMod:DreamGate+1","HollowMod:HowlingWraiths+1","HollowMod:GrimmsGift+1"],"picked":"HollowMod:VengefulVoid+1","floor":40},{"not_picked":["HollowMod:SoulShaman+1","HollowMod:SoulSplash+1","HollowMod:HuntersJournal+1"],"picked":"HollowMod:WraithStrike+1","floor":44},{"not_picked":["HollowMod:PureVessel","HollowMod:SoulShaman+1","HollowMod:HowlingWraiths+1","HollowMod:GoodIntentions+1"],"picked":"SKIP","floor":45},{"not_picked":["HollowMod:DescendingDark+1","HollowMod:DashSlash+1","HollowMod:SharpenedNail+1"],"picked":"HollowMod:SiblingsSouls+1","floor":48},{"not_picked":["HollowMod:MidwifesHunger+1","HollowMod:VengefulSpirit+1","HollowMod:GoodIntentions+1"],"picked":"HollowMod:HuntersJournal+1","floor":54}],"player_experience":212378,"relics_obtained":[{"floor":2,"key":"ReplayTheSpireMod:Shallot"},{"floor":7,"key":"Blue Candle"},{"floor":9,"key":"Ornamental Fan"},{"floor":13,"key":"Replay:Mystery Machine"},{"floor":22,"key":"Ring of Fury"},{"floor":23,"key":"Replay:Kaleidoscope"},{"floor":29,"key":"Toxic Egg 2"},{"floor":36,"key":"InkBottle"},{"floor":40,"key":"HollowMod:MantisClawRelic"},{"floor":43,"key":"Bottled Flame"},{"floor":54,"key":"HollowMod:StagPassRelic"}],"event_choices":[{"damage_healed":0,"gold_gain":0,"player_choice":"Success","damage_taken":12,"relics_obtained":["Molten Egg 2"],"max_hp_gain":0,"max_hp_loss":0,"event_name":"Scrap Ooze","floor":5,"gold_loss":0},{"cards_removed":["HollowMod:NailStrikeStart"],"damage_healed":0,"gold_gain":0,"player_choice":"Gave Gold","damage_taken":0,"max_hp_gain":0,"max_hp_loss":0,"event_name":"Beggar","floor":21,"gold_loss":75},{"damage_healed":0,"gold_gain":0,"player_choice":"0 cards matched","damage_taken":0,"max_hp_gain":0,"max_hp_loss":0,"event_name":"Match and Keep!","floor":30,"gold_loss":0,"cards_obtained":[]},{"cards_removed":["HollowMod:NailStrikeStart"],"damage_healed":0,"gold_gain":0,"player_choice":"Upgrade and Remove","damage_taken":0,"max_hp_gain":0,"max_hp_loss":0,"event_name":"Designer","floor":42,"gold_loss":90,"cards_upgraded":["HollowMod:ShadowDash"]},{"damage_healed":0,"gold_gain":0,"player_choice":"Copied","damage_taken":0,"max_hp_gain":0,"max_hp_loss":0,"event_name":"Duplicator","floor":47,"gold_loss":0,"cards_obtained":["HollowMod:LordofShades"]}],"is_beta":false,"boss_relics":[{"not_picked":["Replay:Ancient Bell","Calling Bell"],"picked":"Replay:Bronze Core"},{"not_picked":["Runic Pyramid","Kintsugi"],"picked":"Philosopher\u0027s Stone"}],"items_purged_floors":[4,38],"is_endless":false,"potions_floor_spawned":[3,7,11,18,27,31,37,44,48],"killed_by":"The Heart","ascension_level":0}}