{"host":"lrlw254gqe5layub","time":1611729619,"event":{"mods":["AchievementEnabler","BaseMod","Colored Map","Colored Powertips","Minty Spire (QoL Compilation)","Rare Cards Sparkle","SuperFastMode"],"gold_per_floor":[116,128,128,128,142,142,40,66,89,89,104,104,118,118,118,118,118],"floor_reached":16,"language":"KOR","playtime":348,"items_purged":["Decay"],"score":145,"play_id":"76b9379f-d09a-4e2b-99bf-2794cddaa4b4","local_time":"20210127154019","is_ascension_mode":true,"campfire_choices":[{"data":"Redo","floor":6,"key":"SMITH"},{"floor":10,"key":"REST"},{"data":"Zap","floor":12,"key":"SMITH"},{"floor":15,"key":"RECALL"}],"circlet_count":0,"master_deck":["Strike_B","Strike_B","Strike_B","Defend_B","Defend_B","Defend_B","Defend_B","Zap+1","Dualcast","Redo+1","Cold Snap"],"relics":["Cracked Core","NeowsBlessing","CeramicFish","Regal Pillow","Letter Opener"],"acts_visited":["Exordium"],"potions_floor_usage":[8,16],"damage_taken":[{"damage":0,"enemies":"Small Slimes","floor":1,"turns":1},{"damage":0,"enemies":"Cultist","floor":2,"turns":1},{"damage":0,"enemies":"Jaw Worm","floor":5,"turns":1},{"damage":36,"enemies":"Gremlin Nob","floor":8,"turns":5},{"damage":6,"enemies":"Lots of Slimes","floor":11,"turns":6},{"damage":2,"enemies":"Red Slaver","floor":13,"turns":2},{"damage":70,"enemies":"Slime Boss","floor":16,"turns":10}],"seed_played":"-630653152119459286","potions_obtained":[{"floor":2,"key":"Swift Potion"},{"floor":5,"key":"BlessingOfTheForge"}],"is_trial":false,"path_per_floor":["M","M","?","?","M","R","$","E","T","R","M","R","M","T","R","B"],"character_chosen":"DEFECT","items_purchased":["Cold Snap"],"campfire_rested":1,"item_purchase_floors":[7],"current_hp_per_floor":[68,68,68,68,68,68,68,32,32,69,63,63,61,61,61,0,0],"gold":118,"neow_bonus":"THREE_ENEMY_KILL","is_daily":false,"chose_seed":false,"campfire_upgraded":2,"win_rate":0.0,"timestamp":1611729619,"path_taken":["M","M","?","?","?","R","$","E","T","R","M","R","M","?","R","BOSS"],"items_purchased_type":["Card"],"build_version":"2020-12-22","purchased_purges":1,"victory":false,"max_hp_per_floor":[75,75,75,75,75,75,75,75,75,75,75,75,75,75,75,75,75],"card_choices":[{"not_picked":["Conserve Battery","Sweeping Beam","Barrage"],"picked":"SKIP","floor":1},{"not_picked":["Go for the Eyes","Storm","Auto Shields"],"picked":"SKIP","floor":2},{"not_picked":["Ball Lightning","Barrage"],"picked":"Redo","floor":5},{"not_picked":["Lockon","Multi-Cast","Gash"],"picked":"SKIP","floor":8},{"not_picked":["Conserve Battery","Streamline","Rebound"],"picked":"SKIP","floor":11},{"not_picked":["Conserve Battery","Streamline","Rebound"],"picked":"SKIP","floor":11},{"not_picked":["Steam","Sunder","FTL"],"picked":"SKIP","floor":13}],"player_experience":472490,"relics_obtained":[{"floor":8,"key":"CeramicFish"},{"floor":9,"key":"Regal Pillow"},{"floor":14,"key":"Letter Opener"}],"event_choices":[{"cards_removed":["Strike_B"],"damage_healed":0,"gold_gain":0,"player_choice":"Forget","damage_taken":0,"max_hp_gain":0,"max_hp_loss":0,"event_name":"Living Wall","floor":3,"gold_loss":0},{"damage_healed":0,"gold_gain":0,"player_choice":"Cursed","damage_taken":0,"max_hp_gain":0,"max_hp_loss":0,"event_name":"Wheel of Change","floor":4,"gold_loss":0,"cards_obtained":["Decay"]}],"is_beta":false,"boss_relics":[],"items_purged_floors":[7],"is_endless":false,"potions_floor_spawned":[2,5],"killed_by":"Slime Boss","ascension_level":9}}