{"host":"rqwnmhn71fwyjegj","time":1611759430,"event":{"mods":["AchievementEnabler","BaseMod","Minty Spire (QoL Compilation)"],"gold_per_floor":[116,134,32,43,43,68,68,68,91,91,104,129,141,172,184,196,196],"floor_reached":16,"language":"ENG","playtime":470,"items_purged":[],"score":149,"play_id":"4e0b431b-aef3-4c47-9a52-893d112b1b42","local_time":"20210127145710","is_ascension_mode":true,"campfire_choices":[{"floor":8,"key":"REST"},{"data":"Dagger Spray","floor":10,"key":"SMITH"},{"floor":15,"key":"REST"}],"circlet_count":0,"master_deck":["Strike_G","Strike_G","Strike_G","Strike_G","Strike_G","Defend_G","Defend_G","Defend_G","Defend_G","Defend_G","Survivor","Neutralize","Slice","Leg Sweep","Dagger Spray+1","Footwork","Dagger Spray","Quick Slash","Slice","Blade Dance"],"relics":["Ring of the Snake","Happy Flower","NlothsMask","MawBank"],"acts_visited":["Exordium"],"potions_floor_usage":[],"damage_taken":[{"damage":6,"enemies":"Cultist","floor":1,"turns":6},{"damage":0,"enemies":"2 Louse","floor":2,"turns":4},{"damage":0,"enemies":"Small Slimes","floor":4,"turns":3},{"damage":42,"enemies":"Gremlin Nob","floor":6,"turns":6},{"damage":0,"enemies":"Red Slaver","floor":11,"turns":4},{"damage":6,"enemies":"3 Sentries","floor":12,"turns":8},{"damage":9,"enemies":"Blue Slaver","floor":14,"turns":4},{"damage":57,"enemies":"Hexaghost","floor":16,"turns":11}],"seed_played":"-6641831030207451485","potions_obtained":[{"floor":2,"key":"GamblersBrew"},{"floor":11,"key":"Ancient Potion"}],"is_trial":false,"path_per_floor":["M","M","$","M","?","E","?","R","T","R","M","E","?","M","R","B"],"character_chosen":"THE_SILENT","items_purchased":["Dagger Spray","Footwork"],"campfire_rested":2,"item_purchase_floors":[3,3],"current_hp_per_floor":[64,64,64,64,64,22,22,45,45,45,45,39,39,30,53,0,0],"gold":196,"neow_bonus":"TEN_PERCENT_HP_BONUS","is_daily":false,"chose_seed":false,"campfire_upgraded":1,"win_rate":0.0,"timestamp":1611759430,"path_taken":["M","M","$","?","?","E","?","R","T","R","?","E","?","?","R","BOSS"],"items_purchased_type":["Card","Card"],"build_version":"2020-12-22","purchased_purges":0,"victory":false,"max_hp_per_floor":[77,77,77,77,77,77,77,77,77,77,77,77,77,77,77,77,77],"card_choices":[{"not_picked":["Bane","Dagger Throw"],"picked":"Slice","floor":1},{"not_picked":["PiercingWail","Tactician"],"picked":"Leg Sweep","floor":2},{"not_picked":["Predator","PiercingWail","Tactician"],"picked":"SKIP","floor":4},{"not_picked":["Quick Slash","Acrobatics"],"picked":"Dagger Spray","floor":6},{"not_picked":["Bane","Outmaneuver"],"picked":"Quick Slash","floor":11},{"not_picked":["Die Die Die","Eviscerate"],"picked":"Slice","floor":12},{"not_picked":["Underhanded Strike","Cloak And Dagger"],"picked":"Blade Dance","floor":14}],"player_experience":334060,"relics_obtained":[{"floor":6,"key":"Happy Flower"},{"floor":12,"key":"MawBank"}],"event_choices":[{"damage_healed":0,"gold_gain":0,"player_choice":"Ignored","damage_taken":0,"max_hp_gain":0,"max_hp_loss":0,"event_name":"Golden Idol","floor":5,"gold_loss":0},{"damage_healed":0,"gold_gain":0,"player_choice":"Trade","damage_taken":0,"relics_obtained":["NlothsMask"],"max_hp_gain":0,"max_hp_loss":0,"event_name":"FaceTrader","floor":7,"gold_loss":0},{"damage_healed":0,"gold_gain":0,"player_choice":"Bought 0 Potions","damage_taken":0,"max_hp_gain":0,"max_hp_loss":0,"event_name":"The Woman in Blue","floor":13,"gold_loss":0}],"is_beta":false,"boss_relics":[],"items_purged_floors":[],"is_endless":false,"potions_floor_spawned":[2,11],"killed_by":"Hexaghost","ascension_level":7}}