{"host":"kpyf5rnb72uwap8k","time":1611734411,"event":{"mods":["AchievementEnabler","BaseMod","Colored Map","Colored Powertips","DeckTracker","Minty Spire (QoL Compilation)","Permanent Neow","Quick Restart","StSLib","SuperFastMode"],"gold_per_floor":[213,224,243,243,243,284,209,253,277,290,290,190,224,249,261,392,404,404,279,219,69,69,69,69,69,69,69,69,69,69,69,69,69,69,69,69,69,69,69,69,69,69,69,69,69,69,69,69],"floor_reached":47,"language":"KOR","playtime":1613,"items_purged":["Strike_R","Strike_R","Strike_R","Clash"],"score":536,"play_id":"14fe72cf-7cbb-4d53-8e59-a21e75a8c804","local_time":"20210127170011","is_ascension_mode":true,"campfire_choices":[{"floor":11.0,"key":"REST"},{"floor":15.0,"key":"REST"},{"data":"Fire Breathing","floor":24.0,"key":"SMITH"},{"data":"Power Through","floor":27.0,"key":"SMITH"},{"floor":32.0,"key":"REST"},{"data":"Second Wind","floor":40.0,"key":"SMITH"},{"floor":42.0,"key":"REST"},{"data":"Second Wind","floor":46,"key":"SMITH"}],"circlet_count":0,"master_deck":["Defend_R","Defend_R","Defend_R","Defend_R","Bash","Second Wind+1","Hemokinesis+1","Shrug It Off","Power Through+1","Burning Pact","Immolate","Fire Breathing+1","Dark Embrace+1","Reckless Charge","Bandage Up","Second Wind+1"],"relics":["Burning Blood","Golden Idol","Anchor","Oddly Smooth Stone","Bag of Preparation","MawBank","Ectoplasm","Old Coin","Darkstone Periapt","Vajra","Empty Cage","Bottled Flame"],"acts_visited":["Exordium","TheCity","TheBeyond"],"potions_floor_usage":[47,47,47],"damage_taken":[{"damage":0.0,"enemies":"2 Louse","floor":1.0,"turns":3.0},{"damage":12.0,"enemies":"Jaw Worm","floor":2.0,"turns":3.0},{"damage":0.0,"enemies":"Cultist","floor":3.0,"turns":3.0},{"damage":8.0,"enemies":"Gremlin Nob","floor":6.0,"turns":3.0},{"damage":28.0,"enemies":"3 Sentries","floor":8.0,"turns":10.0},{"damage":9.0,"enemies":"Gremlin Gang","floor":10.0,"turns":6.0},{"damage":31.0,"enemies":"Gremlin Nob","floor":13.0,"turns":4.0},{"damage":2.0,"enemies":"2 Fungi Beasts","floor":14.0,"turns":3.0},{"damage":36.0,"enemies":"Slime Boss","floor":16.0,"turns":13.0},{"damage":4.0,"enemies":"3 Byrds","floor":18.0,"turns":4.0},{"damage":2.0,"enemies":"2 Thieves","floor":20.0,"turns":4.0},{"damage":30.0,"enemies":"Gremlin Leader","floor":23.0,"turns":8.0},{"damage":10.0,"enemies":"3 Cultists","floor":25.0,"turns":4.0},{"damage":16.0,"enemies":"Book of Stabbing","floor":28.0,"turns":5.0},{"damage":2.0,"enemies":"Sentry and Sphere","floor":30.0,"turns":4.0},{"damage":9.0,"enemies":"Snecko","floor":31.0,"turns":5.0},{"damage":61.0,"enemies":"Automaton","floor":33.0,"turns":9.0},{"damage":1.0,"enemies":"Orb Walker","floor":35.0,"turns":3.0},{"damage":16.0,"enemies":"3 Darklings","floor":36.0,"turns":3.0},{"damage":16.0,"enemies":"Jaw Worm Horde","floor":39.0,"turns":3.0},{"damage":16.0,"enemies":"Writhing Mass","floor":41.0,"turns":5.0},{"damage":52,"enemies":"Spire Growth","floor":44,"turns":5},{"damage":0,"enemies":"4 Shapes","floor":45,"turns":3},{"damage":83,"enemies":"2 Orb Walkers","floor":47,"turns":4}],"seed_played":"2839460628595653537","potions_obtained":[{"floor":1.0,"key":"Ancient Potion"},{"floor":6.0,"key":"BloodPotion"},{"floor":10.0,"key":"ElixirPotion"},{"floor":23.0,"key":"Fire Potion"},{"floor":28.0,"key":"Weak Potion"},{"floor":35.0,"key":"EntropicBrew"},{"floor":45,"key":"SpeedPotion"}],"is_trial":false,"path_per_floor":["M","M","M","?","?","E","$","E","T","M","R","$","E","M","R","B",null,"M","$","M","$","$","E","R","M","T","R","E","$","M","M","R","B",null,"M","M","?","$","M","R","M","R","T","M","M","R","?"],"character_chosen":"IRONCLAD","items_purchased":[],"campfire_rested":4,"item_purchase_floors":[],"current_hp_per_floor":[80,74,80,74,74,72,72,50,50,47,69,69,44,48,70,40,74,74,74,74,74,74,64,64,60,60,60,50,50,54,51,73,18,74,74,64,64,64,58,58,52,74,74,28,38,38,0,0],"gold":69,"neow_bonus":"HUNDRED_GOLD","is_daily":false,"chose_seed":false,"campfire_upgraded":4,"win_rate":0.0,"timestamp":1611734411,"path_taken":["M","M","M","?","?","E","$","E","T","M","R","?","E","M","R","BOSS","M","$","M","?","$","E","R","M","T","R","E","$","M","M","R","BOSS","M","?","?","$","M","R","M","R","T","M","M","R","?"],"items_purchased_type":[],"build_version":"2020-12-22","purchased_purges":4,"victory":false,"max_hp_per_floor":[80,80,80,74,74,74,74,74,74,74,74,74,74,74,74,74,74,74,74,74,74,74,74,74,74,74,74,74,74,74,74,74,74,74,74,74,74,74,74,74,74,74,74,74,74,74,74,74],"card_choices":[{"not_picked":["Intimidate","Heavy Blade"],"picked":"Clash","floor":1.0},{"not_picked":["Pummel","Sword Boomerang"],"picked":"Second Wind","floor":2.0},{"not_picked":["Flex","Perfected Strike"],"picked":"Hemokinesis","floor":3.0},{"not_picked":["True Grit","Infernal Blade"],"picked":"Shrug It Off","floor":6.0},{"not_picked":["Heavy Blade","Juggernaut"],"picked":"Power Through","floor":8.0},{"not_picked":["Dropkick","Sword Boomerang","Pommel Strike"],"picked":"SKIP","floor":10.0},{"not_picked":["Inflame","Second Wind","Battle Trance"],"picked":"SKIP","floor":13.0},{"not_picked":["Pommel Strike","Twin Strike"],"picked":"Burning Pact","floor":14.0},{"not_picked":["Limit Break","Corruption"],"picked":"Immolate","floor":16.0},{"not_picked":["Dual Wield","Power Through"],"picked":"Fire Breathing","floor":18.0},{"not_picked":["Inflame","Burning Pact","Anger"],"picked":"SKIP","floor":20.0},{"not_picked":["Entrench","Evolve"],"picked":"Dark Embrace+1","floor":23.0},{"not_picked":["Ghostly Armor","Clothesline"],"picked":"Reckless Charge","floor":25.0},{"not_picked":["Cleave","Flame Barrier","Anger"],"picked":"SKIP","floor":28.0},{"not_picked":["Cleave","Perfected Strike","Warcry"],"picked":"SKIP","floor":30.0},{"not_picked":["Perfected Strike","Sword Boomerang","Clash"],"picked":"SKIP","floor":31.0},{"not_picked":["True Grit+1","Twin Strike","Perfected Strike+1"],"picked":"SKIP","floor":35.0},{"not_picked":["Body Slam+1","Shockwave","Sword Boomerang"],"picked":"SKIP","floor":36.0},{"not_picked":["Impatience","The Bomb"],"picked":"Bandage Up","floor":37.0},{"not_picked":["Ghostly Armor","Pummel","Sword Boomerang"],"picked":"SKIP","floor":39.0},{"not_picked":["Anger","Pommel Strike","Clash+1"],"picked":"SKIP","floor":41.0},{"not_picked":["Cleave+1","Pummel"],"picked":"Second Wind","floor":44},{"not_picked":["Brutality","Flex+1","Wild Strike+1"],"picked":"SKIP","floor":45}],"player_experience":190444,"relics_obtained":[{"floor":6.0,"key":"Anchor"},{"floor":8.0,"key":"Oddly Smooth Stone"},{"floor":9.0,"key":"Bag of Preparation"},{"floor":13.0,"key":"MawBank"},{"floor":23.0,"key":"Old Coin"},{"floor":26.0,"key":"Darkstone Periapt"},{"floor":28.0,"key":"Vajra"},{"floor":43.0,"key":"Bottled Flame"}],"event_choices":[{"damage_healed":0.0,"max_hp_gain":0.0,"max_hp_loss":6.0,"gold_gain":0.0,"event_name":"Golden Idol","player_choice":"Lose Max HP","floor":4.0,"gold_loss":0.0,"damage_taken":0.0,"relics_obtained":["Golden Idol"]},{"damage_healed":0.0,"max_hp_gain":0.0,"max_hp_loss":0.0,"gold_gain":0.0,"event_name":"Living Wall","player_choice":"Grow","floor":5.0,"gold_loss":0.0,"damage_taken":0.0,"cards_upgraded":["Hemokinesis"]},{"damage_healed":0.0,"max_hp_gain":0.0,"max_hp_loss":0.0,"gold_gain":0.0,"event_name":"SensoryStone","player_choice":"Memory 1","floor":37.0,"gold_loss":0.0,"damage_taken":0.0},{"damage_healed":0,"gold_gain":0,"player_choice":"Fight","damage_taken":0,"max_hp_gain":0,"max_hp_loss":0,"event_name":"Mysterious Sphere","floor":47,"gold_loss":0}],"is_beta":false,"boss_relics":[{"not_picked":["Philosopher\u0027s Stone","Tiny House"],"picked":"Ectoplasm"},{"not_picked":["Runic Dome","Velvet Choker"],"picked":"Empty Cage"}],"items_purged_floors":[7,12,19,21],"is_endless":false,"potions_floor_spawned":[1,6,10,13,14,23,28,30,35,39,45],"killed_by":"2 Orb Walkers","ascension_level":2}}