{"host":"sp1f3sybb350mzsh","time":1611717018,"event":{"mods":["AchievementEnabler","BaseMod","Bestiary","Colored Map","Colored Powertips","Filter the Spire","Minty Spire (QoL Compilation)","Puzzle Mod","Relic Stats","StSLib"],"gold_per_floor":[111,111,121,121,135,135,167,167,167,187,14,26,57,109,109,207,207,223,233,233,246,246,274,288,302,302,302,314,347,278,296,296,296,296],"floor_reached":33,"language":"ENG","playtime":2455,"items_purged":[],"score":324,"play_id":"5c82052a-32bc-4252-bb08-cf99a56af79f","local_time":"20210126211018","is_ascension_mode":false,"campfire_choices":[{"data":"Hello World","floor":6,"key":"SMITH"},{"floor":8,"key":"REST"},{"data":"Turbo","floor":15,"key":"SMITH"},{"data":"Creative AI","floor":27,"key":"SMITH"},{"data":"Doom and Gloom","floor":32,"key":"SMITH"}],"circlet_count":0,"master_deck":["Zap","Dualcast","Turbo+1","Hello World+1","Capacitor","Glacier","Darkness","Ball Lightning","Streamline","Darkness","Creative AI+1","Lockon","Electrodynamics","Steam Power","Electrodynamics","Creative AI","Skim","Doom and Gloom+1","Biased Cognition","Static Discharge","Ghostly","Ghostly","Ghostly","Ghostly","Ghostly","Steam","Leap+1","Chaos","Defragment"],"relics":["Busted Crown","InkBottle","Centennial Puzzle","Blood Vial","Pandora\u0027s Box","StoneCalendar","Gremlin Horn","Dream Catcher"],"acts_visited":["Exordium","TheCity"],"potions_floor_usage":[13,19,29,33],"damage_taken":[{"damage":1,"enemies":"Jaw Worm","floor":1,"turns":3},{"damage":7,"enemies":"2 Louse","floor":3,"turns":2},{"damage":15,"enemies":"Small Slimes","floor":5,"turns":4},{"damage":31,"enemies":"Lagavulin","floor":7,"turns":8},{"damage":5,"enemies":"Looter","floor":10,"turns":4},{"damage":0,"enemies":"Large Slime","floor":12,"turns":4},{"damage":7,"enemies":"3 Sentries","floor":13,"turns":5},{"damage":28,"enemies":"Hexaghost","floor":16,"turns":10},{"damage":10,"enemies":"Chosen","floor":18,"turns":6},{"damage":17,"enemies":"Shell Parasite","floor":19,"turns":4},{"damage":2,"enemies":"Cultist and Chosen","floor":21,"turns":6},{"damage":5,"enemies":"Book of Stabbing","floor":23,"turns":5},{"damage":10,"enemies":"Snake Plant","floor":24,"turns":4},{"damage":5,"enemies":"Shelled Parasite and Fungi","floor":25,"turns":6},{"damage":2,"enemies":"Centurion and Healer","floor":28,"turns":7},{"damage":3,"enemies":"Slavers","floor":29,"turns":6},{"damage":6,"enemies":"Snake Plant","floor":31,"turns":4},{"damage":40,"enemies":"Automaton","floor":33,"turns":6}],"seed_played":"-8535769239746917415","potions_obtained":[{"floor":7,"key":"Explosive Potion"},{"floor":10,"key":"SneckoOil"},{"floor":13,"key":"Ancient Potion"},{"floor":19,"key":"SmokeBomb"},{"floor":28,"key":"Strength Potion"}],"is_trial":false,"path_per_floor":["M","?","M","?","M","R","E","R","T","M","$","M","E","?","R","B",null,"M","M","?","M","?","E","M","M","T","R","M","E","$","M","R","B"],"character_chosen":"DEFECT","items_purchased":["Ball Lightning","Streamline","DuplicationPotion","Defragment"],"campfire_rested":1,"item_purchase_floors":[11,11,11,30],"current_hp_per_floor":[74,79,72,72,57,57,26,50,50,45,45,45,38,38,38,12,80,70,55,40,38,38,35,27,24,24,24,24,23,23,19,19,0,0],"gold":296,"neow_bonus":"BOSS_RELIC","is_daily":false,"chose_seed":false,"campfire_upgraded":4,"win_rate":0.0,"timestamp":1611717018,"path_taken":["M","?","M","?","M","R","E","R","T","M","$","M","E","?","R","BOSS","M","M","?","M","?","E","M","M","T","R","M","E","$","M","R","BOSS"],"items_purchased_type":["Card","Card","Potion","Card"],"build_version":"2020-12-22","purchased_purges":0,"victory":false,"max_hp_per_floor":[75,80,80,80,80,80,80,80,80,80,80,80,80,80,80,80,80,80,80,40,40,40,40,40,40,40,40,40,40,40,40,40,40,40],"relic_stats":{"Blood Vial":18,"Centennial Puzzle":[39],"Dream Catcher":0,"Busted Crown":34,"Gremlin Horn":[3,5],"counters":[18,94],"Pandora\u0027s Box":["Lockon","Electrodynamics","Steam Power","Electrodynamics","Creative AI","Skim","Doom and Gloom","Biased Cognition"],"StoneCalendar":[0],"obtain_stats":[{"Blood Vial":13,"Centennial Puzzle":9,"Dream Catcher":29,"Busted Crown":0,"Gremlin Horn":26,"Pandora\u0027s Box":17,"StoneCalendar":23,"Cracked Core":0,"InkBottle":7},{"Blood Vial":7,"Centennial Puzzle":4,"Dream Catcher":16,"Busted Crown":0,"Gremlin Horn":14,"Pandora\u0027s Box":8,"StoneCalendar":12,"Cracked Core":0,"InkBottle":4},{"Blood Vial":30,"Centennial Puzzle":17,"Dream Catcher":84,"Busted Crown":0,"Gremlin Horn":71,"Pandora\u0027s Box":40,"StoneCalendar":61,"Cracked Core":0,"InkBottle":17}],"InkBottle":[31]},"card_choices":[{"not_picked":[],"picked":"Turbo","floor":1},{"not_picked":[],"picked":"Hello World","floor":3},{"not_picked":[],"picked":"Capacitor","floor":5},{"not_picked":[],"picked":"Glacier","floor":7},{"not_picked":[],"picked":"Darkness","floor":10},{"not_picked":["Beam Cell"],"picked":"SKIP","floor":12},{"not_picked":[],"picked":"Darkness","floor":13},{"not_picked":[],"picked":"Creative AI","floor":16},{"not_picked":["Tempest"],"picked":"SKIP","floor":18},{"not_picked":[],"picked":"Static Discharge","floor":19},{"not_picked":["Steam"],"picked":"SKIP","floor":21},{"not_picked":[],"picked":"Steam","floor":21},{"not_picked":[],"picked":"Leap+1","floor":23},{"not_picked":["Blizzard+1"],"picked":"SKIP","floor":24},{"not_picked":["Gash"],"picked":"SKIP","floor":25},{"not_picked":["Gash"],"picked":"SKIP","floor":28},{"not_picked":[],"picked":"Chaos","floor":29},{"not_picked":["Streamline+1"],"picked":"SKIP","floor":31}],"player_experience":130208,"relics_obtained":[{"floor":7,"key":"InkBottle"},{"floor":9,"key":"Centennial Puzzle"},{"floor":13,"key":"Blood Vial"},{"floor":23,"key":"StoneCalendar"},{"floor":26,"key":"Gremlin Horn"},{"floor":29,"key":"Dream Catcher"}],"event_choices":[{"damage_healed":0,"gold_gain":0,"player_choice":"Donut","damage_taken":0,"max_hp_gain":5,"max_hp_loss":0,"event_name":"Big Fish","floor":2,"gold_loss":0},{"damage_healed":0,"gold_gain":0,"player_choice":"Ignored","damage_taken":0,"max_hp_gain":0,"max_hp_loss":0,"event_name":"Liars Game","floor":4,"gold_loss":0},{"damage_healed":0,"gold_gain":52,"player_choice":"Gained Gold","damage_taken":0,"max_hp_gain":0,"max_hp_loss":0,"event_name":"Golden Wing","floor":14,"gold_loss":0},{"damage_healed":0,"gold_gain":0,"player_choice":"Became a Ghost","damage_taken":0,"max_hp_gain":0,"max_hp_loss":40,"event_name":"Ghosts","floor":20,"gold_loss":0,"cards_obtained":["Ghostly","Ghostly","Ghostly","Ghostly","Ghostly"]},{"damage_healed":0,"gold_gain":0,"player_choice":"Ignored","damage_taken":0,"max_hp_gain":0,"max_hp_loss":0,"event_name":"Vampires","floor":22,"gold_loss":0}],"is_beta":false,"boss_relics":[{"not_picked":["Nuclear Battery","Calling Bell"],"picked":"Pandora\u0027s Box"}],"items_purged_floors":[],"is_endless":false,"potions_floor_spawned":[7,10,13,18,19,28],"killed_by":"Automaton","ascension_level":0}}