{"host":"k5yjj86hwv5qv2gx","time":1611775982,"event":{"mods":["BaseMod","BetterRewards","Minty Spire (QoL Compilation)","StSLib"],"gold_per_floor":[116,116,133,149,149,182,182,207,207,242,278,304,354,366,378,477,489,524,555,588,628,667,713,753,804,825,878,224,224,243,61,61,144,171,192,14,23,80,103,134,134,162,171,203,223,19,55,84,84,84,84,84,84,7,39,39],"floor_reached":57,"language":"ENG","playtime":3625,"items_purged":["Strike_G","Strike_G","Strike_G","Writhe","Pain","Pain"],"score":4056,"play_id":"d37fff74-cac3-4b0a-bc96-b62bef11f33e","local_time":"20210127113302","is_ascension_mode":true,"campfire_choices":[{"data":"Crippling Poison","floor":7,"key":"SMITH"},{"floor":15,"key":"RECALL"},{"data":"Ghostly","floor":29,"key":"SMITH"},{"data":"Ghostly","floor":32,"key":"SMITH"},{"data":"Ghostly","floor":41,"key":"SMITH"},{"data":"Footwork","floor":49,"key":"SMITH"},{"data":"Noxious Fumes","floor":53,"key":"SMITH"}],"circlet_count":0,"master_deck":["AscendersBane","Defend_G","Defend_G","Defend_G","Defend_G","Survivor","Neutralize","Footwork+1","Crippling Poison+1","Dagger Spray","Poisoned Stab","Dodge and Roll","Bouncing Flask","Deadly Poison","Noxious Fumes+1","Escape Plan","Leg Sweep","Corpse Explosion","Backflip+1","Blur","Deadly Poison+1","Deflect","Ghostly+1","Ghostly+1","Ghostly+1","Well Laid Plans","Dodge and Roll","Calculated Gamble+1","Dodge and Roll","Footwork+1","Backflip","Adrenaline","Acrobatics+1","Underhanded Strike+1","PiercingWail+1","PiercingWail+1","Blur","Doubt","Blur","Backflip","Caltrops+1","Well Laid Plans+1","PiercingWail+1"],"relics":["Ring of the Snake","Lee\u0027s Waffle","WingedGreaves","White Beast Statue","Matryoshka","Lizard Tail","PreservedInsect","Anchor","Orichalcum","Boot","Bottled Lightning","Tiny Chest","Happy Flower","MawBank","Odd Mushroom","CeramicFish","Torii","Cursed Key","Oddly Smooth Stone","Centennial Puzzle","Gremlin Horn","HornCleat","Frozen Egg 2","TwistedFunnel","Membership Card","Astrolabe","Singing Bowl","Pocketwatch","Ginger","Ice Cream","Blood Vial","Art of War","Regal Pillow","Bronze Scales","Smiling Mask","Bag of Preparation"],"acts_visited":["Exordium","TheCity","TheBeyond","TheEnding"],"potions_floor_usage":[1,6,8,10,12,25,38,48,56,56],"damage_taken":[{"damage":1,"enemies":"Jaw Worm","floor":1,"turns":7},{"damage":1,"enemies":"Cultist","floor":3,"turns":6},{"damage":0,"enemies":"2 Louse","floor":4,"turns":2},{"damage":3,"enemies":"3 Sentries","floor":6,"turns":6},{"damage":7,"enemies":"Lagavulin","floor":8,"turns":4},{"damage":1,"enemies":"Gremlin Nob","floor":10,"turns":3},{"damage":0,"enemies":"The Mushroom Lair","floor":11,"turns":3},{"damage":0,"enemies":"Large Slime","floor":12,"turns":4},{"damage":4,"enemies":"Lagavulin","floor":13,"turns":6},{"damage":21,"enemies":"Hexaghost","floor":16,"turns":10},{"damage":2,"enemies":"Shell Parasite","floor":18,"turns":4},{"damage":1,"enemies":"Chosen","floor":19,"turns":5},{"damage":0,"enemies":"Centurion and Healer","floor":20,"turns":5},{"damage":1,"enemies":"Shelled Parasite and Fungi","floor":21,"turns":4},{"damage":0,"enemies":"Slavers","floor":23,"turns":3},{"damage":0,"enemies":"Chosen and Byrds","floor":24,"turns":5},{"damage":0,"enemies":"Gremlin Leader","floor":25,"turns":7},{"damage":0,"enemies":"Book of Stabbing","floor":27,"turns":5},{"damage":0,"enemies":"Snecko","floor":30,"turns":4},{"damage":0,"enemies":"Champ","floor":33,"turns":14},{"damage":1,"enemies":"3 Darklings","floor":35,"turns":3},{"damage":1,"enemies":"2 Orb Walkers","floor":38,"turns":3},{"damage":0,"enemies":"3 Shapes","floor":39,"turns":3},{"damage":0,"enemies":"Giant Head","floor":40,"turns":11},{"damage":0,"enemies":"Reptomancer","floor":42,"turns":6},{"damage":0,"enemies":"Nemesis","floor":44,"turns":9},{"damage":4,"enemies":"Transient","floor":45,"turns":6},{"damage":1,"enemies":"Writhing Mass","floor":48,"turns":6},{"damage":1,"enemies":"Donu and Deca","floor":50,"turns":12},{"damage":27,"enemies":"Time Eater","floor":51,"turns":17},{"damage":0,"enemies":"Shield and Spear","floor":55,"turns":7},{"damage":3,"enemies":"The Heart","floor":56,"turns":12}],"seed_played":"-3443010410683869512","potions_obtained":[{"floor":1,"key":"SneckoOil"},{"floor":3,"key":"Strength Potion"},{"floor":6,"key":"SkillPotion"},{"floor":8,"key":"Poison Potion"},{"floor":10,"key":"AttackPotion"},{"floor":12,"key":"SmokeBomb"},{"floor":13,"key":"SpeedPotion"},{"floor":19,"key":"CultistPotion"},{"floor":20,"key":"Poison Potion"},{"floor":21,"key":"SkillPotion"},{"floor":25,"key":"Energy Potion"},{"floor":38,"key":"LiquidMemories"},{"floor":40,"key":"Dexterity Potion"},{"floor":48,"key":"SteroidPotion"},{"floor":55,"key":"DuplicationPotion"}],"is_trial":false,"path_per_floor":["M","?","M","M","T","E","R","E","T","E","?","M","E","?","R","B",null,"M","M","M","M","?","E","M","E","T","E","$","R","M","$","R","B",null,"M","$","T","?","M","E","R","E","T","E","M","$","T","M","R","B","B",null,"R","$","E","B",null],"character_chosen":"THE_SILENT","items_purchased":["Lee\u0027s Waffle","Footwork","White Beast Statue","Matryoshka","Fire Potion","PreservedInsect","Anchor","PowerPotion","Frozen Egg 2","TwistedFunnel","Footwork+1","Membership Card","Backflip","Singing Bowl","Blur","Bronze Scales","Well Laid Plans+1","Poison Potion"],"campfire_rested":0,"item_purchase_floors":[0,0,0,0,0,0,0,0,28,28,28,31,31,36,36,46,46,54],"current_hp_per_floor":[72,72,71,71,71,68,68,61,61,60,60,60,56,51,51,30,62,60,59,59,58,36,36,36,36,36,36,36,36,36,36,36,36,36,35,35,35,34,34,36,36,38,38,42,38,38,38,39,39,40,15,35,35,35,39,38],"gold":39,"neow_bonus":"","is_daily":false,"chose_seed":false,"campfire_upgraded":6,"win_rate":0.0,"timestamp":1611775982,"path_taken":["M","?","?","M","?","E","R","E","T","E","?","M","E","?","R","BOSS","M","M","M","M","?","E","M","E","T","E","$","R","M","$","R","BOSS","M","$","?","?","?","E","R","E","T","E","M","?","?","M","R","BOSS","BOSS","R","$","E","BOSS"],"items_purchased_type":["Relic","Card","Relic","Relic","Potion","Relic","Relic","Potion","Relic","Relic","Card","Relic","Card","Relic","Card","Relic","Card","Potion"],"build_version":"2020-12-22","purchased_purges":6,"victory":true,"max_hp_per_floor":[73,73,73,73,73,73,73,73,73,73,73,73,73,73,73,73,73,73,73,73,73,36,36,36,36,36,36,36,36,36,36,36,36,36,36,36,36,36,36,38,38,40,40,42,42,42,42,42,42,42,42,42,42,42,44,44],"card_choices":[{"not_picked":["PiercingWail","Well Laid Plans"],"picked":"Crippling Poison","floor":1},{"not_picked":["Acrobatics","Escape Plan"],"picked":"Dagger Spray","floor":3},{"not_picked":["Dagger Throw","Acrobatics"],"picked":"Poisoned Stab","floor":4},{"not_picked":["Deflect","Acrobatics"],"picked":"Dodge and Roll","floor":6},{"not_picked":["Bane","Heel Hook"],"picked":"Bouncing Flask","floor":8},{"not_picked":["Acrobatics","Dodge and Roll"],"picked":"Deadly Poison","floor":10},{"not_picked":["Underhanded Strike","Blade Dance"],"picked":"Noxious Fumes","floor":11},{"not_picked":["Dagger Throw","Bane"],"picked":"Escape Plan","floor":12},{"not_picked":["Eviscerate","Escape Plan"],"picked":"Leg Sweep","floor":13},{"not_picked":["Burst","Night Terror"],"picked":"Corpse Explosion","floor":16},{"not_picked":["PiercingWail","Sucker Punch"],"picked":"Backflip+1","floor":18},{"not_picked":["Bouncing Flask","Flying Knee"],"picked":"Blur","floor":19},{"not_picked":["Dagger Throw","Distraction"],"picked":"Deadly Poison+1","floor":20},{"not_picked":["Prepared","Quick Slash"],"picked":"Deflect","floor":21},{"not_picked":["Slice+1","Envenom"],"picked":"Well Laid Plans","floor":23},{"not_picked":["Slice","Expertise"],"picked":"Dodge and Roll","floor":24},{"not_picked":["Escape Plan","PiercingWail"],"picked":"Calculated Gamble+1","floor":25},{"not_picked":["Reflex","Deadly Poison"],"picked":"Dodge and Roll","floor":27},{"not_picked":["Endless Agony","Blade Dance","Dagger Spray"],"picked":"SKIP","floor":30},{"not_picked":["Corpse Explosion","Night Terror"],"picked":"Adrenaline","floor":33},{"not_picked":["Underhanded Strike","Outmaneuver+1"],"picked":"PiercingWail+1","floor":35},{"not_picked":["Slice+1","Poisoned Stab"],"picked":"Blur","floor":38},{"not_picked":["Dagger Spray","Deadly Poison"],"picked":"Backflip","floor":39},{"not_picked":["Crippling Poison","All Out Attack","Distraction"],"picked":"Singing Bowl","floor":40},{"not_picked":["Riddle With Holes","Cloak And Dagger","Deadly Poison"],"picked":"Singing Bowl","floor":42},{"not_picked":["Infinite Blades+1","Corpse Explosion","Quick Slash"],"picked":"Singing Bowl","floor":44},{"not_picked":["Poisoned Stab+1","Bane"],"picked":"Caltrops+1","floor":45},{"not_picked":["Flying Knee+1","Backstab"],"picked":"PiercingWail+1","floor":48},{"not_picked":["Blade Dance+1","Slice+1","Masterful Stab+1"],"picked":"Singing Bowl","floor":55}],"player_experience":1136021,"relics_obtained":[{"floor":5,"key":"Boot"},{"floor":5,"key":"Bottled Lightning"},{"floor":6,"key":"Tiny Chest"},{"floor":9,"key":"Happy Flower"},{"floor":10,"key":"MawBank"},{"floor":11,"key":"Odd Mushroom"},{"floor":13,"key":"CeramicFish"},{"floor":23,"key":"Oddly Smooth Stone"},{"floor":25,"key":"Centennial Puzzle"},{"floor":26,"key":"Gremlin Horn"},{"floor":27,"key":"HornCleat"},{"floor":37,"key":"Pocketwatch"},{"floor":38,"key":"Ginger"},{"floor":40,"key":"Ice Cream"},{"floor":42,"key":"Blood Vial"},{"floor":43,"key":"Art of War"},{"floor":44,"key":"Regal Pillow"},{"floor":47,"key":"Smiling Mask"},{"floor":55,"key":"Bag of Preparation"}],"event_choices":[{"damage_healed":0,"gold_gain":0,"player_choice":"Gave Potion","damage_taken":0,"relics_obtained":["Orichalcum"],"max_hp_gain":0,"max_hp_loss":0,"event_name":"WeMeetAgain","floor":2,"gold_loss":0},{"damage_healed":0,"gold_gain":0,"player_choice":"Fought Mushrooms","damage_taken":0,"max_hp_gain":0,"max_hp_loss":0,"event_name":"Mushrooms","floor":11,"gold_loss":0},{"damage_healed":0,"gold_gain":0,"player_choice":"Success","damage_taken":5,"relics_obtained":["Torii"],"max_hp_gain":0,"max_hp_loss":0,"event_name":"Scrap Ooze","floor":14,"gold_loss":0},{"damage_healed":0,"gold_gain":0,"player_choice":"Became a Ghost","damage_taken":0,"max_hp_gain":0,"max_hp_loss":37,"event_name":"Ghosts","floor":22,"gold_loss":0,"cards_obtained":["Ghostly","Ghostly","Ghostly"]},{"damage_healed":0,"gold_gain":0,"player_choice":"Fight","damage_taken":0,"max_hp_gain":0,"max_hp_loss":0,"event_name":"Mysterious Sphere","floor":38,"gold_loss":0}],"is_beta":false,"boss_relics":[{"not_picked":["Calling Bell","Ring of the Serpent"],"picked":"Cursed Key"},{"not_picked":["Philosopher\u0027s Stone","SlaversCollar"],"picked":"Astrolabe"}],"items_purged_floors":[0,0,0,28,46,54],"is_endless":false,"potions_floor_spawned":[1,3,4,6,8,10,11,12,13,16,18,19,20,21,23,24,25,27,30,33,35,38,39,40,42,44,45,48,55],"ascension_level":20}}