{"host":"rb2p2z6v6vieend5","time":1611770841,"event":{"mods":["BaseMod","Block Reminder","Colored Map","DeckTracker","Highlight Path","Minty Spire (QoL Compilation)","Random Character Button","Relic Stats"],"gold_per_floor":[111,33,33,33,33,66,91,91,91,130,130,130,171,186,186,314,314,335,354,354,354,354,354,392,413,482,482,506,544,544,51,51,179,179,198,198,42,42,105,105,129,129,129],"floor_reached":42,"language":"ENG","playtime":4724,"items_purged":["Strike_P"],"score":630,"play_id":"f0d55269-b4d5-4724-8e57-c30ba3f7065f","local_time":"20210127190721","is_ascension_mode":true,"campfire_choices":[{"data":"BattleHymn","floor":8,"key":"SMITH"},{"floor":15,"key":"REST"},{"data":"MasterReality","floor":23,"key":"SMITH"},{"floor":30,"key":"REST"},{"floor":32,"key":"REST"},{"data":"Wallop","floor":40,"key":"SMITH"}],"circlet_count":0,"master_deck":["Eruption+1","Vigilance","JustLucky","Wireheading","Brilliance+1","BattleHymn+1","Wallop+1","MasterReality+1","JustLucky+1","Wallop+1","Brilliance","Metamorphosis+1","Devotion","Meditate+1","CutThroughFate+1"],"relics":["PureWater","Golden Idol","GoldenEye","Vajra","Damaru","Toy Ornithopter","Sozu","MutagenicStrength","Gremlin Horn","Dream Catcher","Toxic Egg 2","White Beast Statue","Singing Bowl","Pandora\u0027s Box","Whetstone","Peace Pipe"],"acts_visited":["Exordium","TheCity","TheBeyond"],"potions_floor_usage":[24,39],"damage_taken":[{"damage":0,"enemies":"Small Slimes","floor":1,"turns":2},{"damage":17,"enemies":"Lagavulin","floor":6,"turns":5},{"damage":0,"enemies":"2 Louse","floor":7,"turns":1},{"damage":0,"enemies":"Gremlin Nob","floor":10,"turns":2},{"damage":0,"enemies":"3 Sentries","floor":13,"turns":3},{"damage":12,"enemies":"Jaw Worm","floor":14,"turns":2},{"damage":0,"enemies":"Slime Boss","floor":16,"turns":3},{"damage":0,"enemies":"Chosen","floor":18,"turns":3},{"damage":18,"enemies":"2 Thieves","floor":19,"turns":3},{"damage":22,"enemies":"Book of Stabbing","floor":24,"turns":3},{"damage":0,"enemies":"Centurion and Healer","floor":25,"turns":3},{"damage":0,"enemies":"Cultist and Chosen","floor":28,"turns":3},{"damage":20,"enemies":"Slavers","floor":29,"turns":3},{"damage":18,"enemies":"Automaton","floor":33,"turns":5},{"damage":0,"enemies":"3 Darklings","floor":35,"turns":2},{"damage":6,"enemies":"2 Orb Walkers","floor":39,"turns":3},{"damage":11,"enemies":"Orb Walker","floor":41,"turns":3},{"damage":97,"enemies":"Writhing Mass","floor":42,"turns":2}],"seed_played":"-5911648637648417055","potions_obtained":[{"floor":7,"key":"SteroidPotion"},{"floor":14,"key":"SteroidPotion"}],"is_trial":false,"path_per_floor":["M","$","?","?","?","E","M","R","T","E","?","?","E","M","R","B",null,"M","M","?","T","?","R","E","M","T","?","M","E","R","$","R","B",null,"M","?","$","?","?","R","M","M"],"character_chosen":"WATCHER","items_purchased":["Wireheading","Metamorphosis+1","Singing Bowl","Whetstone"],"campfire_rested":3,"item_purchase_floors":[2,31,31,37],"current_hp_per_floor":[51,51,37,37,37,20,20,20,20,20,13,13,13,1,21,21,67,67,49,49,49,49,49,32,32,32,32,32,12,32,32,54,36,69,71,71,71,67,66,66,57,0,0],"gold":129,"neow_bonus":"REMOVE_TWO","is_daily":false,"chose_seed":false,"campfire_upgraded":3,"win_rate":0.0,"timestamp":1611770841,"path_taken":["M","$","?","?","?","E","M","R","T","E","?","?","E","?","R","BOSS","M","M","?","?","?","R","E","M","T","?","M","E","R","$","R","BOSS","M","?","$","?","?","R","M","M"],"items_purchased_type":["Card","Card","Relic","Relic"],"build_version":"2020-12-22","purchased_purges":1,"victory":false,"max_hp_per_floor":[72,72,72,67,67,67,67,67,67,67,67,67,67,67,67,67,67,67,67,67,67,67,67,67,67,67,67,67,67,67,67,69,69,69,71,71,71,67,67,67,69,69,69],"relic_stats":{"Sozu":8,"Peace Pipe":0,"Dream Catcher":2,"Gremlin Horn":[9,9],"Singing Bowl":6,"counters":[18,51],"Golden Idol":138,"Pandora\u0027s Box":["Meditate","CarveReality"],"Whetstone":["Wallop","Brilliance"],"GoldenEye":[31],"obtain_stats":[{"Gremlin Horn":21,"Singing Bowl":31,"Golden Idol":4,"Vajra":9,"Damaru":10,"Whetstone":37,"GoldenEye":6,"White Beast Statue":29,"Sozu":17,"Peace Pipe":39,"Dream Catcher":24,"MutagenicStrength":20,"Pandora\u0027s Box":34,"PureWater":0,"Toxic Egg 2":26,"Toy Ornithopter":13},{"Gremlin Horn":9,"Singing Bowl":13,"Golden Idol":1,"Vajra":3,"Damaru":4,"Whetstone":15,"GoldenEye":2,"White Beast Statue":13,"Sozu":7,"Peace Pipe":16,"Dream Catcher":10,"MutagenicStrength":9,"Pandora\u0027s Box":14,"PureWater":0,"Toxic Egg 2":11,"Toy Ornithopter":5},{"Gremlin Horn":24,"Singing Bowl":36,"Golden Idol":2,"Vajra":8,"Damaru":10,"Whetstone":43,"GoldenEye":7,"White Beast Statue":36,"Sozu":18,"Peace Pipe":46,"Dream Catcher":27,"MutagenicStrength":24,"Pandora\u0027s Box":41,"PureWater":0,"Toxic Egg 2":30,"Toy Ornithopter":13}],"Toy Ornithopter":10},"card_choices":[{"not_picked":["SashWhip","FlurryOfBlows"],"picked":"JustLucky","floor":1},{"not_picked":["WheelKick","Nirvana"],"picked":"Brilliance","floor":6},{"not_picked":["FlurryOfBlows","MentalFortress"],"picked":"BattleHymn","floor":7},{"not_picked":["CrushJoints","Prostrate"],"picked":"Wallop","floor":10},{"not_picked":["FlyingSleeves","SashWhip","Crescendo"],"picked":"SKIP","floor":13},{"not_picked":["ThirdEye","Fasting2","Worship"],"picked":"SKIP","floor":14},{"not_picked":["DevaForm","Ragnarok"],"picked":"MasterReality","floor":16},{"not_picked":["Nirvana","Swivel"],"picked":"JustLucky+1","floor":18},{"not_picked":["Consecrate","InnerPeace","Collect"],"picked":"SKIP","floor":19},{"not_picked":["Evaluate","Collect"],"picked":"Wallop","floor":24},{"not_picked":["Halt","EmptyBody+1","Prostrate+1"],"picked":"SKIP","floor":25},{"not_picked":["CrushJoints+1","ThirdEye+1"],"picked":"Brilliance","floor":28},{"not_picked":["EmptyFist","JustLucky","ClearTheMind+1"],"picked":"SKIP","floor":29},{"not_picked":["WreathOfFlame+1","Prostrate+1","SashWhip"],"picked":"Singing Bowl","floor":32},{"not_picked":["DevaForm","LessonLearned"],"picked":"Devotion","floor":33},{"not_picked":["FlyingSleeves","Halt+1","EmptyFist+1"],"picked":"Singing Bowl","floor":35},{"not_picked":["Halt+1","SandsOfTime"],"picked":"CutThroughFate+1","floor":39},{"not_picked":["Prostrate+1","EmptyFist+1","Brilliance"],"picked":"Singing Bowl","floor":41}],"player_experience":624339,"relics_obtained":[{"floor":6,"key":"GoldenEye"},{"floor":9,"key":"Vajra"},{"floor":10,"key":"Damaru"},{"floor":13,"key":"Toy Ornithopter"},{"floor":21,"key":"Gremlin Horn"},{"floor":24,"key":"Dream Catcher"},{"floor":26,"key":"Toxic Egg 2"},{"floor":29,"key":"White Beast Statue"},{"floor":39,"key":"Peace Pipe"}],"event_choices":[{"damage_healed":0,"gold_gain":0,"player_choice":"Entered Light","damage_taken":14,"max_hp_gain":0,"max_hp_loss":0,"event_name":"Shining Light","floor":3,"gold_loss":0,"cards_upgraded":["Strike_P","Eruption"]},{"damage_healed":0,"gold_gain":0,"player_choice":"Lose Max HP","damage_taken":0,"relics_obtained":["Golden Idol"],"max_hp_gain":0,"max_hp_loss":5,"event_name":"Golden Idol","floor":4,"gold_loss":0},{"cards_removed":["Defend_P"],"damage_healed":0,"gold_gain":0,"player_choice":"Forget","damage_taken":0,"max_hp_gain":0,"max_hp_loss":0,"event_name":"Living Wall","floor":5,"gold_loss":0},{"cards_removed":["Defend_P"],"damage_healed":0,"gold_gain":0,"player_choice":"Card Removal","damage_taken":7,"max_hp_gain":0,"max_hp_loss":0,"event_name":"Golden Wing","floor":11,"gold_loss":0},{"damage_healed":0,"gold_gain":0,"player_choice":"Ignored","damage_taken":0,"max_hp_gain":0,"max_hp_loss":0,"event_name":"Liars Game","floor":12,"gold_loss":0},{"damage_healed":0,"gold_gain":0,"player_choice":"Inject Mutagens","damage_taken":0,"relics_obtained":["MutagenicStrength"],"max_hp_gain":0,"max_hp_loss":0,"event_name":"Drug Dealer","floor":20,"gold_loss":0},{"cards_removed":["Strike_P"],"damage_healed":0,"gold_gain":0,"player_choice":"Elegance","damage_taken":0,"max_hp_gain":0,"max_hp_loss":0,"event_name":"Back to Basics","floor":22,"gold_loss":0},{"damage_healed":0,"gold_gain":0,"player_choice":"Ignored","damage_taken":0,"max_hp_gain":0,"max_hp_loss":0,"event_name":"Ghosts","floor":27,"gold_loss":0},{"cards_removed":["CarveReality"],"damage_healed":0,"gold_gain":0,"player_choice":"Removed Attack","damage_taken":0,"max_hp_gain":0,"max_hp_loss":0,"event_name":"Falling","floor":36,"gold_loss":0},{"damage_healed":0,"gold_gain":0,"player_choice":"Max HP","damage_taken":0,"max_hp_gain":0,"max_hp_loss":4,"event_name":"Winding Halls","floor":38,"gold_loss":0},{"damage_healed":0,"gold_gain":0,"player_choice":"Fight","damage_taken":0,"max_hp_gain":0,"max_hp_loss":0,"event_name":"Mysterious Sphere","floor":39,"gold_loss":0}],"is_beta":false,"boss_relics":[{"not_picked":["Runic Dome","Snecko Eye"],"picked":"Sozu"},{"not_picked":["Fusion Hammer","SacredBark"],"picked":"Pandora\u0027s Box"}],"items_purged_floors":[31],"is_endless":false,"potions_floor_spawned":[7,14,19,25,28,29,33,35,39,41],"killed_by":"Writhing Mass","ascension_level":3}}