{"host":"2eswhqk6sgfpt1j1","time":1611748035,"event":{"mods":["Act Like it!","BaseMod","Colored Powertips","Hallownest","Lobotomy","Minty Spire (QoL Compilation)","Replay The Spire","StSLib","The Bug Knight","The Cursed","The Hierophant","The Servant 0.9.4"],"gold_per_floor":[110,122,122,122,138,138,103,116,116,0,19,19,19,31,31,31,31],"floor_reached":16,"language":"ZHS","playtime":570,"items_purged":[],"score":92,"play_id":"efef0e08-5d4c-457c-a906-ad1263e51e4d","local_time":"20210127194715","is_ascension_mode":false,"campfire_choices":[{"data":"ReplayTheSpireMod:Private Reserves","floor":6.0,"key":"SMITH"},{"data":"HollowMod:GreatSlash","floor":13.0,"key":"SMITH"},{"floor":15,"key":"DIG"}],"circlet_count":0,"master_deck":["HollowMod:NailStrikeStart","HollowMod:NailStrikeStart","HollowMod:NailStrikeStart","HollowMod:NailStrikeStart","HollowMod:QuickDashStart","HollowMod:QuickDashStart","HollowMod:QuickDashStart","HollowMod:QuickDashStart","HollowMod:FocusHealStart","HollowMod:PogoStrike","ReplayTheSpireMod:Private Reserves+1","HollowMod:HuntersJournal","HollowMod:GreatSlash+1"],"relics":["HollowMod:VesselMask","Chameleon Ring","Replay:Rubber Ducky","Du-Vu Doll","Mummified Hand","Torii"],"acts_visited":["Hallownest:Greenpath"],"potions_floor_usage":[14],"damage_taken":[{"damage":0.0,"enemies":"Hallownest:monsterHuskWarrior","floor":1.0,"turns":5.0},{"damage":3.0,"enemies":"Hallownest:2_MossCreeps","floor":2.0,"turns":5.0},{"damage":1.0,"enemies":"2_ Uuma","floor":5.0,"turns":6.0},{"damage":0.0,"enemies":"Hallownest:Wandering_and_Horned","floor":8.0,"turns":5.0},{"damage":3.0,"enemies":"Hallownest:2_Tiktiks_1_Baldur_1_Crawlid","floor":11.0,"turns":2.0},{"damage":0,"enemies":"Hallownest:1_Baldur_1_Crawlid_1_Warrior","floor":14,"turns":1},{"damage":47,"enemies":"Hallownest:BossBrokenVessel","floor":16,"turns":7}],"seed_played":"2535858272270399175","potions_obtained":[{"floor":2.0,"key":"SpeedPotion"},{"floor":5.0,"key":"Languid Potion"},{"floor":8.0,"key":"SteroidPotion"}],"is_trial":false,"path_per_floor":["M","M","?","?","M","R","?","M","T","?","M","?","R","M","R","B"],"character_chosen":"THE_BUGKNIGHT","items_purchased":[],"campfire_rested":0,"item_purchase_floors":[],"current_hp_per_floor":[75,73,73,64,73,73,78,78,78,78,75,35,35,35,35,0,0],"gold":31,"neow_bonus":"RANDOM_COLORLESS","is_daily":false,"chose_seed":false,"campfire_upgraded":2,"win_rate":0.0,"timestamp":1611748035,"path_taken":["M","M","?","?","M","R","?","M","T","?","?","?","R","M","R","BOSS"],"items_purchased_type":[],"build_version":"2020-12-22","purchased_purges":0,"victory":false,"max_hp_per_floor":[75,75,75,75,75,75,80,80,80,80,80,80,80,80,80,80,80],"card_choices":[{"not_picked":["Dark Shackles","Finesse"],"picked":"ReplayTheSpireMod:Private Reserves","floor":0.0},{"not_picked":["HollowMod:WraithStrike","HollowMod:CloakDash","HollowMod:ChannelNail"],"picked":"SKIP","floor":1.0},{"not_picked":["HollowMod:QuirrelsAssistance","HollowMod:CloakDash"],"picked":"HollowMod:HuntersJournal","floor":2.0},{"not_picked":["HollowMod:DungDefenderAura","HollowMod:CornifersMapStart","HollowMod:SharpenedNail"],"picked":"SKIP","floor":5.0},{"not_picked":["HollowMod:HeavyBlow","HollowMod:CloakDash"],"picked":"HollowMod:GreatSlash","floor":8.0},{"not_picked":["HollowMod:GrimmsGift","HollowMod:DesolateDive","HollowMod:MonarchWings"],"picked":"SKIP","floor":11.0},{"not_picked":["HollowMod:DashSlash","HollowMod:LuriensSpire","HollowMod:PerfectDash"],"picked":"SKIP","floor":14}],"player_experience":417090,"relics_obtained":[{"floor":9.0,"key":"Chameleon Ring"},{"floor":15,"key":"Torii"}],"event_choices":[],"is_beta":false,"boss_relics":[],"items_purged_floors":[],"is_endless":false,"potions_floor_spawned":[2,5,8],"killed_by":"Hallownest:BossBrokenVessel","ascension_level":0}}