{"host":"kg61lsvem4dxoat8","time":1611724506,"event":{"mods":["BaseMod","Colored Powertips","Minty Spire (QoL Compilation)","Quick Restart","Rare Cards Sparkle","Relic Stats","slay the spire mod where everything is the same but ironclad has a cowboy hat"],"gold_per_floor":[109,122,272,272,40,65,83,83,107,118,153,153,153,153],"floor_reached":13,"language":"ENG","playtime":293,"items_purged":["Doubt"],"score":230,"play_id":"3abf88a4-402d-40c3-ac1d-589e90bb1e34","local_time":"20210127131506","is_ascension_mode":true,"campfire_choices":[{"data":"Cloak And Dagger","floor":12,"key":"SMITH"}],"circlet_count":0,"master_deck":["AscendersBane","Strike_G","Strike_G","Strike_G","Strike_G","Strike_G","Defend_G","Defend_G","Defend_G","Defend_G","Defend_G","Survivor","Neutralize","Calculated Gamble+1","Envenom","A Thousand Cuts","Slice","Cloak And Dagger+1"],"relics":["Ring of the Snake","NeowsBlessing","Anchor","PreservedInsect","InkBottle"],"acts_visited":["Exordium"],"potions_floor_usage":[11],"damage_taken":[{"damage":0,"enemies":"Small Slimes","floor":1,"turns":1},{"damage":0,"enemies":"2 Louse","floor":2,"turns":1},{"damage":0,"enemies":"Gremlin Nob","floor":6,"turns":1},{"damage":7,"enemies":"Jaw Worm","floor":7,"turns":8},{"damage":6,"enemies":"3 Louse","floor":10,"turns":7},{"damage":21,"enemies":"3 Sentries","floor":11,"turns":7},{"damage":33,"enemies":"Gremlin Nob","floor":13,"turns":3}],"seed_played":"5619936420665228580","potions_obtained":[{"floor":10,"key":"EssenceOfSteel"},{"floor":11,"key":"Dexterity Potion"}],"is_trial":false,"path_per_floor":["M","M","?","?","$","E","M","?","T","M","E","R","E"],"character_chosen":"THE_SILENT","items_purchased":["Envenom"],"campfire_rested":0,"item_purchase_floors":[5],"current_hp_per_floor":[59,59,59,59,59,59,52,57,57,51,30,30,0,0],"gold":153,"neow_bonus":"THREE_ENEMY_KILL","is_daily":false,"chose_seed":false,"campfire_upgraded":1,"win_rate":0.0,"timestamp":1611724506,"path_taken":["M","M","?","?","?","E","M","?","T","?","E","R","E"],"items_purchased_type":["Card"],"build_version":"2020-12-22","purchased_purges":1,"victory":false,"max_hp_per_floor":[66,66,66,66,66,66,66,71,71,71,71,71,71,71],"relic_stats":{"counters":[7,28],"PreservedInsect":56,"obtain_stats":[{"Anchor":6,"NeowsBlessing":0,"PreservedInsect":9,"InkBottle":11,"Ring of the Snake":0},{"Anchor":3,"NeowsBlessing":0,"PreservedInsect":4,"InkBottle":6,"Ring of the Snake":0},{"Anchor":3,"NeowsBlessing":0,"PreservedInsect":11,"InkBottle":25,"Ring of the Snake":0}],"InkBottle":[1],"Ring of the Snake":[14]},"card_choices":[{"not_picked":["Acrobatics","Setup","Masterful Stab"],"picked":"SKIP","floor":1},{"not_picked":["Prepared","Dagger Throw"],"picked":"Calculated Gamble","floor":2},{"not_picked":["Bane","Finisher","Flechettes"],"picked":"SKIP","floor":6},{"not_picked":["Infinite Blades","Accuracy"],"picked":"A Thousand Cuts","floor":7},{"not_picked":["Flechettes","Sucker Punch"],"picked":"Slice","floor":10},{"not_picked":["Calculated Gamble","Prepared"],"picked":"Cloak And Dagger","floor":11}],"player_experience":1400969,"relics_obtained":[{"floor":6,"key":"Anchor"},{"floor":9,"key":"PreservedInsect"},{"floor":11,"key":"InkBottle"}],"event_choices":[{"damage_healed":0,"gold_gain":150,"player_choice":"AGREE","damage_taken":0,"max_hp_gain":0,"max_hp_loss":0,"event_name":"Liars Game","floor":3,"gold_loss":0,"cards_obtained":["Doubt"]},{"damage_healed":0,"gold_gain":0,"player_choice":"Grow","damage_taken":0,"max_hp_gain":0,"max_hp_loss":0,"event_name":"Living Wall","floor":4,"gold_loss":0,"cards_upgraded":["Calculated Gamble"]},{"damage_healed":0,"gold_gain":0,"player_choice":"Donut","damage_taken":0,"max_hp_gain":5,"max_hp_loss":0,"event_name":"Big Fish","floor":8,"gold_loss":0}],"is_beta":false,"boss_relics":[],"items_purged_floors":[5],"is_endless":false,"potions_floor_spawned":[10,11],"killed_by":"Gremlin Nob","ascension_level":19}}