{"host":"mgjbkrm6zb65cm01","time":1611756591,"event":{"mods":["ATMod(°¢èªMod)","BaseMod","Conspire","Good Game Mod","Marisa£¨ìFÓê¡¡Ä§ÀíÉ³£©","Minty Spire (QoL Compilation)","Quick Restart","Relic Stats","Replay The Spire","Spicy Shops","StSLib","The Bladedancer","The Servant 0.9.4","UnlockEverythingMod","noobMod"],"gold_per_floor":[111,121,169,94,113,147,162,162,162,162,16,50,50,65,65,165,165,181,191,191,207,207,222,2,2,47,63,79,106,21,21,21,121,121,140,415,430,380,409,446,479,479,548,548,548,548,548,567,567,583,583,590,590,590,109,158,181],"floor_reached":58,"language":"ZHS","playtime":3761,"items_purged":["Strike_R","Strike_R","Strike_R","Second Wind","Regret"],"score":1236,"play_id":"3e0dee54-1de5-40a2-b781-0a5bb01f14b6","local_time":"20210127220951","is_ascension_mode":false,"campfire_choices":[{"data":"Armaments","floor":8,"key":"SMITH"},{"floor":13,"key":"RECALL"},{"data":"True Grit","floor":15,"key":"SMITH"},{"floor":42,"key":"REST"},{"data":"Ghostly Armor","floor":46,"key":"SMITH"},{"data":"Uppercut","floor":49,"key":"SMITH"},{"data":"Ghostly Armor","floor":51,"key":"SMITH"},{"data":"Body Slam","floor":54,"key":"SMITH"}],"circlet_count":0,"master_deck":["Strike_R","Defend_R","Defend_R","Defend_R","Defend_R","Bash","Armaments+1","Uppercut+1","Reaper+1","AT_BodySlamDance","Armaments","AT_BodySlamDance+1","ReplayTheSpireMod:Stacked","True Grit+1","Uppercut+1","Feed","Shrug It Off+1","Ghostly Armor+1","Thunderclap","Shrug It Off","Cleave+1","Shrug It Off+1","Berserk+1","True Grit+1","conspire:SpireCoStock","Body Slam+1","Combust","Ghostly Armor+1"],"relics":["Burning Blood","REME:ComplimentaryCards","ice","AT_ATBox","Orichalcum","Bottled Flame","Juzu Bracelet","Smiling Mask","Another Sword","conspire:SlowCooker","AT_EbonyIvory","MealTicket","Replay:Baseball","SacredBark","Gremlin Food","Mirror","Guide Book","ReplayTheSpireMod:Ninjato"],"acts_visited":["Exordium","TheCity","TheBeyond","TheEnding"],"potions_floor_usage":[12,18,21,29,29,33,41,52,52,52,57,57,57,57],"damage_taken":[{"damage":0.0,"enemies":"Cultist","floor":1.0,"turns":3.0},{"damage":5.0,"enemies":"Jaw Worm","floor":2.0,"turns":4.0},{"damage":4,"enemies":"conspire:RoseBush","floor":5,"turns":3},{"damage":33,"enemies":"conspire:MimicChest","floor":6,"turns":6},{"damage":11,"enemies":"2 Fungi Beasts","floor":7,"turns":4},{"damage":14,"enemies":"3 Sentries","floor":12,"turns":7},{"damage":7,"enemies":"Exordium Thugs","floor":14,"turns":4},{"damage":22,"enemies":"Hexaghost","floor":16,"turns":11},{"damage":20,"enemies":"Spheric Guardian","floor":18,"turns":5},{"damage":16,"enemies":"2 Thieves","floor":19,"turns":5},{"damage":36,"enemies":"Centurion and Healer","floor":21,"turns":8},{"damage":7,"enemies":"Sentry and Sphere","floor":23,"turns":4},{"damage":3,"enemies":"conspire:HollyBat","floor":27,"turns":10},{"damage":16,"enemies":"Snake Plant","floor":28,"turns":4},{"damage":34,"enemies":"Book of Stabbing","floor":29,"turns":6},{"damage":0,"enemies":"Snecko","floor":31,"turns":2},{"damage":13,"enemies":"conspire:MysteriousRune","floor":33,"turns":9},{"damage":67,"enemies":"3 Darklings","floor":35,"turns":6},{"damage":23,"enemies":"3 Shapes","floor":37,"turns":4},{"damage":97,"enemies":"Transient","floor":39,"turns":5},{"damage":10,"enemies":"Writhing Mass","floor":40,"turns":5},{"damage":11,"enemies":"R_Hoarder","floor":41,"turns":6},{"damage":5,"enemies":"Spire Growth","floor":48,"turns":3},{"damage":15,"enemies":"Jaw Worm Horde","floor":50,"turns":4},{"damage":70,"enemies":"conspire:OrnateMirror","floor":52,"turns":5},{"damage":26,"enemies":"Shield and Spear","floor":56,"turns":5},{"damage":3,"enemies":"The Heart","floor":57,"turns":6}],"seed_played":"41447918421562402","potions_obtained":[{"floor":1.0,"key":"Doom Potion"},{"floor":3.0,"key":"Strength Potion"},{"floor":7,"key":"Death Potion"},{"floor":16,"key":"Fire Potion"},{"floor":18,"key":"SkillPotion"},{"floor":19,"key":"Block Potion"},{"floor":23,"key":"Fire Potion"},{"floor":37,"key":"conspire:TimeTravelPotion"},{"floor":39,"key":"Ancient Potion"},{"floor":40,"key":"SpeedPotion"},{"floor":50,"key":"Reflective Coating"}],"is_trial":false,"path_per_floor":["M","M","?","$","M","?","M","R","T","?","$","E","R","M","R","B",null,"M","M","?","M","?","M","$","?","T","M","M","E","?","M","R","B",null,"M","?","M","?","M","M","E","R","T","PTL","PTL","R","?","M","R","M","R","B",null,"R","$","E","B",null],"character_chosen":"IRONCLAD","items_purchased":["True Grit","AttackPotion","Shrug It Off","AT_EbonyIvory","Guide Book","AttackPotion","Block Potion","LiquidMemories"],"campfire_rested":1,"item_purchase_floors":[11,11,24,24,55,55,55,55],"current_hp_per_floor":[80,80,60,60,68,41,46,46,46,46,46,38,38,37,37,26,80,66,66,66,39,39,38,38,38,38,51,44,16,16,22,50,43,94,33,33,16,16,17,13,108,108,108,108,108,108,108,110,110,117,117,126,126,126,126,126,129],"gold":181,"neow_bonus":"RANDOM_COMMON_RELIC","is_daily":false,"chose_seed":false,"campfire_upgraded":6,"win_rate":0.0,"timestamp":1611756591,"path_taken":["M","M","?","$","M","?","M","R","T","?","?","E","R","M","R","BOSS","M","M","?","M","?","M","$","?","T","M","M","E","?","M","R","BOSS","M","?","M","?","M","M","E","R","T","PTL","PTL","R","?","M","R","M","R","BOSS","R","$","E","BOSS"],"items_purchased_type":["Card","Potion","Card","Relic","Relic","Potion","Potion","Potion"],"build_version":"2020-12-22","purchased_purges":5,"victory":true,"max_hp_per_floor":[80,80,80,80,80,80,80,80,80,80,80,80,80,80,80,80,80,80,84,84,87,87,87,87,87,87,91,94,94,94,94,94,94,94,94,94,94,94,97,105,108,108,108,108,108,108,108,110,110,117,117,126,126,126,126,135,198],"relic_stats":{"counters":[27,144],"MealTicket":0,"Juzu Bracelet":3,"Orichalcum":[114],"Smiling Mask":350,"obtain_stats":[{"Gremlin Food":41,"AT_ATBox":0,"ReplayTheSpireMod:Ninjato":56,"SacredBark":34,"Guide Book":55,"conspire:SlowCooker":17,"AT_EbonyIvory":24,"ice":0,"Juzu Bracelet":6,"Orichalcum":0,"Smiling Mask":9,"Burning Blood":0,"REME:ComplimentaryCards":0,"Bottled Flame":3,"Replay:Baseball":30,"MealTicket":29,"Another Sword":12,"Mirror":43},{"Gremlin Food":22,"AT_ATBox":0,"ReplayTheSpireMod:Ninjato":26,"SacredBark":17,"Guide Book":25,"conspire:SlowCooker":8,"AT_EbonyIvory":12,"ice":0,"Juzu Bracelet":4,"Orichalcum":0,"Smiling Mask":5,"Burning Blood":0,"REME:ComplimentaryCards":0,"Bottled Flame":2,"Replay:Baseball":15,"MealTicket":15,"Another Sword":6,"Mirror":22},{"Gremlin Food":121,"AT_ATBox":0,"ReplayTheSpireMod:Ninjato":138,"SacredBark":95,"Guide Book":133,"conspire:SlowCooker":42,"AT_EbonyIvory":64,"ice":0,"Juzu Bracelet":16,"Orichalcum":0,"Smiling Mask":20,"Burning Blood":0,"REME:ComplimentaryCards":0,"Bottled Flame":7,"Replay:Baseball":84,"MealTicket":84,"Another Sword":27,"Mirror":121}],"Burning Blood":141},"card_choices":[{"not_picked":["Headbutt","Sword Boomerang"],"picked":"Armaments","floor":1.0},{"not_picked":["Shrug It Off","Infernal Blade"],"picked":"Uppercut","floor":2.0},{"not_picked":["Run Through","Pommel Strike"],"picked":"Reaper","floor":3.0},{"not_picked":["Flame Barrier","Thunderclap"],"picked":"AT_BodySlamDance","floor":5},{"not_picked":["Second Wind","AT_IchimonjiDouble"],"picked":"Armaments","floor":6},{"not_picked":["Spot Weakness","Flame Barrier"],"picked":"AT_BodySlamDance","floor":7},{"not_picked":["Reckless Charge","Abandon"],"picked":"Second Wind","floor":12},{"not_picked":["Armaments","Twin Strike"],"picked":"Uppercut","floor":14},{"not_picked":["Corruption","Immolate"],"picked":"Feed","floor":16},{"not_picked":["Dropkick","Body Slam","Rage"],"picked":"SKIP","floor":18},{"not_picked":["Warcry+1","Iron Wave"],"picked":"Shrug It Off+1","floor":19},{"not_picked":["Wild Strike","Reaper","Blood for Blood"],"picked":"SKIP","floor":21},{"not_picked":["Dark Embrace","ReplayTheSpireMod:Strike From Hell"],"picked":"Thunderclap","floor":23},{"not_picked":["Havoc","Replay:Undeath\u0027s Touch"],"picked":"Cleave+1","floor":27},{"not_picked":["Sword Boomerang+1","Body Slam","Dual Wield"],"picked":"SKIP","floor":28},{"not_picked":["Sword Boomerang","Reckless Charge"],"picked":"Shrug It Off+1","floor":29},{"not_picked":["Double Tap","Hemogenesis"],"picked":"Berserk","floor":33},{"not_picked":["Sword Boomerang+1","AT_DrawKnifeCut"],"picked":"True Grit+1","floor":35},{"not_picked":["Wild Strike","Anger","Sword Boomerang"],"picked":"SKIP","floor":37},{"not_picked":["Disarm","Sword Boomerang"],"picked":"Body Slam","floor":39},{"not_picked":["Armaments","Clash","Havoc+1"],"picked":"SKIP","floor":40},{"not_picked":["Double Tap","Twin Strike"],"picked":"Combust","floor":41},{"not_picked":["AT_IchimonjiDouble+1","ReplayTheSpireMod:Strike From Hell","Replay:Undeath\u0027s Touch"],"picked":"SKIP","floor":48},{"not_picked":["Evolve","ReplayReversal"],"picked":"Ghostly Armor","floor":50},{"not_picked":["Pommel Strike+1","Cleave+1","Replay:Undeath\u0027s Touch"],"picked":"SKIP","floor":56}],"player_experience":98109,"relics_obtained":[{"floor":3.0,"key":"Bottled Flame"},{"floor":6,"key":"Juzu Bracelet"},{"floor":9,"key":"Smiling Mask"},{"floor":12,"key":"Another Sword"},{"floor":29,"key":"MealTicket"},{"floor":41,"key":"Gremlin Food"},{"floor":43,"key":"Mirror"},{"floor":56,"key":"ReplayTheSpireMod:Ninjato"}],"event_choices":[{"damage_healed":0,"gold_gain":0,"player_choice":"2 cards matched","damage_taken":0,"max_hp_gain":0,"max_hp_loss":0,"event_name":"Match and Keep!","floor":10,"gold_loss":0,"cards_obtained":["AT_Homeward","ReplayTheSpireMod:Stacked"]},{"damage_healed":0,"gold_gain":0,"player_choice":"Got Potions","damage_taken":0,"max_hp_gain":0,"max_hp_loss":0,"event_name":"Lab","floor":20,"gold_loss":0},{"damage_healed":0,"gold_gain":0,"player_choice":"Ignored","damage_taken":0,"max_hp_gain":0,"max_hp_loss":0,"event_name":"Vampires","floor":25,"gold_loss":0},{"damage_healed":0,"gold_gain":0,"player_choice":"Obtained Relic","damage_taken":0,"relics_obtained":["Replay:Baseball"],"max_hp_gain":0,"max_hp_loss":0,"event_name":"Addict","floor":30,"gold_loss":85},{"damage_healed":0,"gold_gain":275,"player_choice":"Desecrate","damage_taken":0,"max_hp_gain":0,"max_hp_loss":0,"event_name":"Golden Shrine","floor":36,"gold_loss":0,"cards_obtained":["Regret"]},{"damage_healed":0,"gold_gain":0,"player_choice":"Invest 1","damage_taken":0,"max_hp_gain":0,"max_hp_loss":0,"event_name":"conspire:Investor","floor":38,"gold_loss":0},{"cards_removed":["Strike_R"],"damage_healed":0,"gold_gain":0,"player_choice":"Purged","damage_taken":0,"max_hp_gain":0,"max_hp_loss":0,"event_name":"Purifier","floor":47,"gold_loss":0}],"is_beta":false,"boss_relics":[{"not_picked":["Runic Dome","Replay:Ancient Bell"],"picked":"conspire:SlowCooker"},{"not_picked":["conspire:SeveredTorchhead","Painkiller Herb"],"picked":"SacredBark"}],"items_purged_floors":[4,11,24,55,55],"is_endless":false,"potions_floor_spawned":[1,7,16,18,19,23,28,31,37,39,40,50],"ascension_level":0}}