{"host":"3po7ngt2j61s4rmj","time":1611778132,"event":{"mods":["Act Like it!","BaseMod","Elementarium","JesterMod","Minty Spire (QoL Compilation)","Relic Stats","Shade Mod","StSLib"],"gold_per_floor":[115,135,151,151,167,195,195,229,229,229,241,241,17,17,17,119,119,139,189,179,196,216,216,236,261,285,285,310,44,44,60,60,155,155,168,187,199,199,217,217,217],"floor_reached":40,"language":"ENG","playtime":3012,"items_purged":["Shade:Strike_Shade","Shade:Strike_Shade"],"score":717,"play_id":"9269dd35-2064-416c-8f4e-ed425ba8efdc","local_time":"20210127130852","is_ascension_mode":true,"campfire_choices":[{"data":"Shade:GreaterAnimation","floor":7,"key":"SMITH"},{"data":"Shade:CommandSoldier","floor":10,"key":"SMITH"},{"floor":12,"key":"REST"},{"data":"Shade:FreshBones","floor":15,"key":"SMITH"},{"data":"Shade:Coordination","floor":23,"key":"SMITH"},{"data":"Shade:FreshBones","floor":27,"key":"SMITH"},{"data":"Elementarium:GildedEssence","floor":30,"key":"SMITH"},{"data":"Shade:CommandSoldier","floor":32,"key":"SMITH"}],"circlet_count":0,"master_deck":["AscendersBane","Shade:Strike_Shade","Shade:Strike_Shade","Shade:Defend_Shade","Shade:Defend_Shade","Shade:Defend_Shade","Shade:Defend_Shade","Shade:AnimateDead","Shade:CarefulCut","Shade:SkeletonArmy+1","Shade:SanguineRitual","Shade:CommandSoldier+1","Shade:StitchTogether","Shade:GreaterAnimation+1","Shade:ExtraLimbs","Shade:FreshBones+1","Shade:SanguineRitual","Shade:SpectralStrikes","Shade:Coordination+1","Shade:FreshBones+1","Elementarium:GildedEssence+1","Shade:CommandSoldier+1","Shade:RitualOffering+1","Shade:WallOfFlesh","Shade:GreaterAnimation","Shade:Bonestorm+1","Shade:FleshOffering+1"],"relics":["Shade:YorickPolishedSkull","MealTicket","Dead Branch","Dream Catcher","Art of War","Membership Card","Oddly Smooth Stone","Coffee Dripper","Kunai","Tiny Chest","Molten Egg 2","Ancient Tea Set","Sundial","Elementarium:ElementariumTrophy"],"acts_visited":["Exordium","Exordium","TheBeyond"],"potions_floor_usage":[6,6,33,33,39,40],"damage_taken":[{"damage":0,"enemies":"Small Slimes","floor":1,"turns":4},{"damage":2,"enemies":"Cultist","floor":2,"turns":3},{"damage":0,"enemies":"2 Louse","floor":3,"turns":4},{"damage":20,"enemies":"2 Fungi Beasts","floor":5,"turns":3},{"damage":4,"enemies":"Gremlin Nob","floor":6,"turns":3},{"damage":9,"enemies":"3 Sentries","floor":8,"turns":5},{"damage":3,"enemies":"Red Slaver","floor":11,"turns":3},{"damage":12,"enemies":"Hexaghost","floor":16,"turns":6},{"damage":3,"enemies":"Elementarium:VoidCorruption","floor":18,"turns":4},{"damage":5,"enemies":"Elementarium:Cyclone","floor":21,"turns":4},{"damage":7,"enemies":"Elementarium:VoidBeast","floor":22,"turns":4},{"damage":9,"enemies":"Elementarium:STONE_GOLEMS","floor":24,"turns":2},{"damage":2,"enemies":"Elementarium:ElementalPortal","floor":25,"turns":3},{"damage":1,"enemies":"Elementarium:FIRE_NOBILITY","floor":28,"turns":3},{"damage":0,"enemies":"Elementarium:3_ELEMENTALS","floor":31,"turns":3},{"damage":25,"enemies":"Elementarium:GoldenDragon","floor":33,"turns":8},{"damage":5,"enemies":"Orb Walker","floor":35,"turns":4},{"damage":8,"enemies":"3 Darklings","floor":36,"turns":3},{"damage":5,"enemies":"Maw","floor":37,"turns":5},{"damage":39,"enemies":"4 Shapes","floor":39,"turns":3},{"damage":2,"enemies":"Spire Growth","floor":40,"turns":1}],"seed_played":"-2661734562407948829","potions_obtained":[{"floor":2,"key":"DistilledChaos"},{"floor":3,"key":"LiquidBronze"},{"floor":5,"key":"FearPotion"},{"floor":16,"key":"Block Potion"},{"floor":24,"key":"Ancient Potion"},{"floor":28,"key":"DuplicationPotion"},{"floor":37,"key":"SpeedPotion"},{"floor":39,"key":"PowerPotion"}],"is_trial":false,"path_per_floor":["M","M","M","?","M","E","R","E","T","R","M","R","$","T","R","B",null,"M","?","?","M","M","R","M","E","T","R","E","$","R","M","R","B",null,"M","M","M","?","M","M"],"character_chosen":"SHADE","items_purchased":["Membership Card","Shade:SpectralStrikes","Ancient Tea Set","Sundial","Shade:WallOfFlesh"],"campfire_rested":1,"item_purchase_floors":[13,13,29,29,29],"current_hp_per_floor":[59,57,57,57,37,33,33,31,31,31,28,47,62,62,62,57,63,60,60,60,55,48,48,39,37,37,37,36,51,51,51,51,33,57,52,44,46,40,1,0,0],"gold":217,"neow_bonus":"RANDOM_COMMON_RELIC","is_daily":false,"chose_seed":false,"campfire_upgraded":7,"win_rate":0.0,"timestamp":1611778132,"path_taken":["M","M","M","?","M","E","R","E","T","R","M","R","$","?","R","BOSS","M","?","?","M","M","R","M","E","T","R","E","$","R","M","R","BOSS","M","M","M","?","?","M"],"items_purchased_type":["Relic","Card","Relic","Relic","Card"],"build_version":"2020-12-22","purchased_purges":2,"victory":false,"max_hp_per_floor":[65,65,65,65,65,65,65,65,65,65,65,65,65,65,65,65,65,65,65,65,65,65,65,65,65,65,65,65,65,65,65,65,65,65,65,65,65,65,65,65,65],"relic_stats":{"Dream Catcher":1,"counters":[21,78],"Sundial":[2],"Dead Branch":[82],"MealTicket":30,"Tiny Chest":0,"Art of War":[28],"Kunai":[1],"obtain_stats":[{"Shade:YorickSkull":0,"Dead Branch":6,"Oddly Smooth Stone":14,"Shade:YorickPolishedSkull":34,"Ancient Tea Set":29,"Dream Catcher":8,"Elementarium:ElementariumTrophy":33,"Sundial":29,"MealTicket":0,"Tiny Chest":26,"Molten Egg 2":28,"Art of War":9,"Coffee Dripper":17,"Membership Card":13,"Kunai":25},{"Shade:YorickSkull":0,"Dead Branch":5,"Oddly Smooth Stone":7,"Shade:YorickPolishedSkull":16,"Ancient Tea Set":14,"Dream Catcher":6,"Elementarium:ElementariumTrophy":16,"Sundial":14,"MealTicket":0,"Tiny Chest":13,"Molten Egg 2":14,"Art of War":6,"Coffee Dripper":8,"Membership Card":7,"Kunai":13},{"Shade:YorickSkull":0,"Dead Branch":17,"Oddly Smooth Stone":25,"Shade:YorickPolishedSkull":62,"Ancient Tea Set":51,"Dream Catcher":22,"Elementarium:ElementariumTrophy":62,"Sundial":51,"MealTicket":0,"Tiny Chest":48,"Molten Egg 2":51,"Art of War":22,"Coffee Dripper":31,"Membership Card":25,"Kunai":48}]},"card_choices":[{"not_picked":["Shade:ClawBack","Shade:WallOfFlesh"],"picked":"Shade:SkeletonArmy","floor":1},{"not_picked":["Shade:PoundOfFlesh","Shade:SkeletonHug"],"picked":"Shade:SanguineRitual","floor":2},{"not_picked":["Shade:Trample","Shade:DangerousRitual"],"picked":"Shade:CommandSoldier","floor":3},{"not_picked":["Shade:FingerOfDeath","Shade:SkeletonHug"],"picked":"Shade:StitchTogether","floor":5},{"not_picked":["Shade:AncientSpear","Shade:FeralStrike"],"picked":"Shade:GreaterAnimation","floor":6},{"not_picked":["Shade:LoseControl","Shade:Bite_Shade"],"picked":"Shade:ExtraLimbs","floor":8},{"not_picked":["Shade:GreyBargain","Shade:GraveStillness"],"picked":"Shade:FreshBones","floor":11},{"not_picked":["Shade:LyeBath","Shade:Haruspicy"],"picked":"Shade:SanguineRitual","floor":12},{"not_picked":["Shade:LoseControl","Shade:UnbarTheGrave"],"picked":"Shade:Coordination","floor":16},{"not_picked":["Shade:WallOfFlesh","Shade:FeralStrike"],"picked":"Shade:FreshBones","floor":18},{"not_picked":["Shade:SkeletonHug","Shade:SpontaneousRitual"],"picked":"Shade:CommandSoldier","floor":21},{"not_picked":["Shade:SanguineRitual","Shade:FeralStrike","Shade:GreyBargain"],"picked":"SKIP","floor":22},{"not_picked":["Shade:SkeletonHug","Shade:Trample"],"picked":"Shade:RitualOffering+1","floor":24},{"not_picked":["Shade:AncientSpear","Shade:ExtraLimbs","Shade:Excise"],"picked":"SKIP","floor":25},{"not_picked":["Shade:FleshToFlesh","Shade:BoneShards+1","Shade:CloudOfShrapnel+1"],"picked":"SKIP","floor":28},{"not_picked":["Shade:DangerousRitual+1","Shade:Bite_Shade+1","Shade:CommandSoldier"],"picked":"SKIP","floor":31},{"not_picked":["Shade:Coordination","Shade:DarkOfNight"],"picked":"Shade:GreaterAnimation","floor":33},{"not_picked":["Shade:FuneraryArmor+1","Shade:ClawBack+1"],"picked":"Shade:Bonestorm+1","floor":35},{"not_picked":["Shade:AncientSpear+1","Shade:Haruspicy"],"picked":"Shade:FleshOffering+1","floor":36},{"not_picked":["Shade:FleshToFlesh","Shade:CoffinDance+1","Shade:WallOfFlesh"],"picked":"SKIP","floor":37},{"not_picked":["Shade:DangerousRitual+1","Shade:SanguineRitual","Shade:SkeletonHug+1"],"picked":"SKIP","floor":39}],"player_experience":1108182,"relics_obtained":[{"floor":6,"key":"Dead Branch"},{"floor":8,"key":"Dream Catcher"},{"floor":9,"key":"Art of War"},{"floor":14,"key":"Oddly Smooth Stone"},{"floor":25,"key":"Kunai"},{"floor":26,"key":"Tiny Chest"},{"floor":28,"key":"Molten Egg 2"}],"event_choices":[{"damage_healed":0,"gold_gain":0,"player_choice":"Upgraded","damage_taken":0,"max_hp_gain":0,"max_hp_loss":0,"event_name":"Upgrade Shrine","floor":4,"gold_loss":0,"cards_upgraded":["Shade:SkeletonArmy"]},{"damage_healed":0,"gold_gain":50,"player_choice":"Take","damage_taken":0,"max_hp_gain":0,"max_hp_loss":0,"event_name":"Elementarium:StickySituation","floor":19,"gold_loss":0},{"damage_healed":0,"gold_gain":0,"player_choice":"Toss","damage_taken":0,"max_hp_gain":0,"max_hp_loss":0,"event_name":"Elementarium:OnrushingOffering","floor":20,"gold_loss":10,"cards_obtained":["Elementarium:GildedEssence"]},{"damage_healed":0,"gold_gain":0,"player_choice":"Damaged","damage_taken":6,"max_hp_gain":0,"max_hp_loss":0,"event_name":"Wheel of Change","floor":38,"gold_loss":0}],"is_beta":false,"boss_relics":[{"not_picked":["Runic Pyramid","SlaversCollar"],"picked":"Coffee Dripper"},{"not_picked":["Calling Bell","Black Star"],"picked":"Shade:YorickPolishedSkull"}],"items_purged_floors":[13,29],"is_endless":false,"potions_floor_spawned":[2,3,5,16,24,28,37,39],"killed_by":"Spire Growth","ascension_level":12}}