{"host":"vdr09qmawei9b8kz","time":1611791088,"event":{"mods":["BaseMod","Hermit","Minty Spire (QoL Compilation)","StSLib"],"gold_per_floor":[111,111,128,142,142,176,24,47,47,47,63,93,104,123,123,226,226,236,236,7,7,20,37,37,54,77,96,105,126,135,179,188,292,292,312,335,18,46,30,39,76,76,76,119,143,143,152,161,161,161,161],"floor_reached":50,"language":"ENG","playtime":4537,"items_purged":[],"score":557,"play_id":"a1c2c4cd-47d5-43ea-9a9c-f0c3ba0793b7","local_time":"20210127184448","is_ascension_mode":false,"campfire_choices":[{"floor":10,"key":"REST"},{"data":"hermit:Determination","floor":15,"key":"SMITH"},{"data":"hermit:Maintenance","floor":24,"key":"SMITH"},{"floor":28,"key":"REST"},{"floor":30,"key":"REST"},{"floor":32,"key":"REST"},{"floor":40,"key":"REST"},{"data":"hermit:FatalDesire","floor":42,"key":"SMITH"},{"data":"hermit:Grudge","floor":49,"key":"SMITH"}],"circlet_count":0,"master_deck":["hermit:Strike_Hermit","hermit:Strike_Hermit","hermit:Strike_Hermit","hermit:Strike_Hermit","hermit:Defend_Hermit","hermit:Defend_Hermit","hermit:Defend_Hermit","hermit:Defend_Hermit","hermit:Snapshot","hermit:Covet","hermit:Snipe","Pain","hermit:Coalescence","hermit:TakeCover+1","hermit:Grudge","hermit:Determination+1","hermit:Deadeye","hermit:Brawl","hermit:Gambit","hermit:HighCaliber+1","hermit:Horror","hermit:BodyArmor","hermit:Grudge+1","hermit:BodyArmor","hermit:Maintenance+1","hermit:SprayPray","hermit:CursedWeapon","hermit:Glare+1","hermit:Combo","hermit:Glare+1","hermit:Combo+1","hermit:DeadMansHand+1","hermit:FatalDesire+1","hermit:CursedWeapon","hermit:Glare+1","hermit:GoldenBullet","hermit:Virtue","hermit:Dive","hermit:WideOpen+1","hermit:BigShot+1","hermit:Showdown+1","hermit:PistolWhip+1","Doubt","Writhe"],"relics":["hermit:ClaspedLocket","NeowsBlessing","WarpedTongs","Vajra","Sling","hermit:RyeStalk","Matryoshka","Akabeko","Dream Catcher","CeramicFish","PreservedInsect","Eternal Feather","SlaversCollar","Gremlin Horn","Meat on the Bone","Anchor","Darkstone Periapt","Toy Ornithopter"],"acts_visited":["Exordium","TheCity","TheBeyond"],"potions_floor_usage":[6,16,23,25,27,33,33,35,35,41,50,50],"damage_taken":[{"damage":0,"enemies":"Cultist","floor":1,"turns":1},{"damage":0,"enemies":"2 Louse","floor":3,"turns":2},{"damage":0,"enemies":"Jaw Worm","floor":4,"turns":1},{"damage":17,"enemies":"Lagavulin","floor":6,"turns":9},{"damage":3,"enemies":"Blue Slaver","floor":11,"turns":3},{"damage":12,"enemies":"3 Sentries","floor":12,"turns":6},{"damage":0,"enemies":"2 Fungi Beasts","floor":13,"turns":2},{"damage":5,"enemies":"Red Slaver","floor":14,"turns":2},{"damage":25,"enemies":"Hexaghost","floor":16,"turns":11},{"damage":13,"enemies":"Shell Parasite","floor":18,"turns":6},{"damage":9,"enemies":"2 Thieves","floor":22,"turns":4},{"damage":3,"enemies":"Snecko","floor":23,"turns":5},{"damage":10,"enemies":"Centurion and Healer","floor":25,"turns":7},{"damage":19,"enemies":"Snake Plant","floor":27,"turns":2},{"damage":32,"enemies":"Sentry and Sphere","floor":29,"turns":6},{"damage":36,"enemies":"Book of Stabbing","floor":31,"turns":4},{"damage":58,"enemies":"Automaton","floor":33,"turns":11},{"damage":16,"enemies":"Orb Walker","floor":35,"turns":5},{"damage":37,"enemies":"3 Darklings","floor":36,"turns":5},{"damage":46,"enemies":"Spire Growth","floor":38,"turns":6},{"damage":17,"enemies":"Nemesis","floor":41,"turns":5},{"damage":9,"enemies":"Reptomancer","floor":44,"turns":3},{"damage":32,"enemies":"Sphere and 2 Shapes","floor":45,"turns":6},{"damage":105,"enemies":"Awakened One","floor":50,"turns":7}],"seed_played":"4722190784419885461","potions_obtained":[{"floor":3,"key":"BlessingOfTheForge"},{"floor":4,"key":"SteroidPotion"},{"floor":12,"key":"Energy Potion"},{"floor":16,"key":"ColorlessPotion"},{"floor":22,"key":"Block Potion"},{"floor":23,"key":"Block Potion"},{"floor":27,"key":"LiquidBronze"},{"floor":31,"key":"Energy Potion"},{"floor":33,"key":"EntropicBrew"},{"floor":38,"key":"LiquidBronze"},{"floor":44,"key":"BlessingOfTheForge"}],"is_trial":false,"path_per_floor":["M","?","M","M","?","E","$","T","T","R","M","E","M","M","R","B",null,"M","?","$","?","M","M","R","M","T","M","R","M","R","E","R","B",null,"M","M","$","M","$","R","E","R","T","E","M","?","?","?","R","B"],"character_chosen":"HERMIT","items_purchased":["Sling","Dream Catcher","hermit:BodyArmor","hermit:Grudge","Gremlin Horn","hermit:GoldenBullet","hermit:Dive"],"campfire_rested":5,"item_purchase_floors":[7,20,20,20,37,37,39],"current_hp_per_floor":[75,75,75,75,75,58,58,58,58,75,72,60,60,55,55,30,75,65,65,65,59,52,54,54,48,48,29,51,25,47,16,56,6,75,59,29,29,20,20,63,47,71,71,62,38,38,81,87,87,0,0],"gold":161,"neow_bonus":"THREE_ENEMY_KILL","is_daily":false,"chose_seed":false,"campfire_upgraded":4,"win_rate":0.0,"timestamp":1611791088,"path_taken":["M","?","M","?","?","E","$","?","T","R","M","E","M","M","R","BOSS","M","?","$","?","?","M","R","M","T","M","R","M","R","E","R","BOSS","M","M","$","?","$","R","E","R","T","E","M","?","?","?","R","BOSS"],"items_purchased_type":["Relic","Relic","Card","Card","Relic","Card","Card"],"build_version":"2020-12-22","purchased_purges":0,"victory":false,"max_hp_per_floor":[75,75,75,75,75,75,75,75,75,75,75,75,75,75,75,75,75,75,75,75,75,75,75,75,75,75,75,75,75,75,75,75,75,75,75,75,75,75,75,75,75,75,75,75,75,75,81,87,87,87,87],"card_choices":[{"not_picked":["hermit:CalledShot","hermit:Malice"],"picked":"hermit:Snipe","floor":1},{"not_picked":["hermit:Desperado","hermit:ItchyTrigger"],"picked":"hermit:Coalescence","floor":3},{"not_picked":["hermit:HighCaliber","hermit:LowProfile"],"picked":"hermit:TakeCover","floor":4},{"not_picked":["hermit:HoleUp","hermit:DeadMansHand"],"picked":"hermit:Grudge","floor":6},{"not_picked":["hermit:Manifest","hermit:CalledShot"],"picked":"hermit:Determination","floor":11},{"not_picked":["hermit:HighCaliber","hermit:Headshot"],"picked":"hermit:Deadeye","floor":12},{"not_picked":["hermit:Ricochet","hermit:SprayPray"],"picked":"hermit:ShadowCloak","floor":13},{"not_picked":["hermit:LoneWolf","hermit:HoleUp"],"picked":"hermit:Brawl","floor":14},{"not_picked":["hermit:Purgatory","hermit:OverwhelmingPower"],"picked":"hermit:Gambit","floor":16},{"not_picked":["hermit:Glare","hermit:Virtue+1"],"picked":"hermit:HighCaliber+1","floor":18},{"not_picked":["hermit:FullyLoaded","hermit:Desperado+1"],"picked":"hermit:BodyArmor","floor":22},{"not_picked":["hermit:Quickdraw","hermit:Brawl"],"picked":"hermit:Maintenance","floor":23},{"not_picked":["hermit:TrackingShot","hermit:HighCaliber+1"],"picked":"hermit:SprayPray","floor":25},{"not_picked":["hermit:WideOpen","hermit:Snipe"],"picked":"hermit:CursedWeapon","floor":27},{"not_picked":["hermit:HoleUp","hermit:Horror"],"picked":"hermit:Glare+1","floor":28},{"not_picked":["hermit:Roulette","hermit:Vantage"],"picked":"hermit:Combo","floor":29},{"not_picked":["hermit:SprayPray","hermit:Snipe"],"picked":"hermit:Glare+1","floor":30},{"not_picked":["hermit:FullyLoaded","hermit:DeadMansHand"],"picked":"hermit:Combo+1","floor":31},{"not_picked":["hermit:Ricochet+1","hermit:Roulette"],"picked":"hermit:DeadMansHand+1","floor":32},{"not_picked":["hermit:Reprieve","hermit:EternalForm"],"picked":"hermit:FatalDesire","floor":33},{"not_picked":["hermit:Maintenance","hermit:HighCaliber+1"],"picked":"hermit:CursedWeapon","floor":35},{"not_picked":["hermit:LowProfile","hermit:Roulette+1"],"picked":"hermit:Glare+1","floor":36},{"not_picked":["hermit:PistolWhip","hermit:DeadMansHand+1"],"picked":"hermit:Virtue","floor":38},{"not_picked":["hermit:ItchyTrigger","hermit:Misfire"],"picked":"hermit:WideOpen+1","floor":40},{"not_picked":["hermit:Glare","hermit:Snipe+1"],"picked":"hermit:BigShot+1","floor":41},{"not_picked":["hermit:Malice+1","hermit:FatalDesire"],"picked":"hermit:Showdown+1","floor":44},{"not_picked":["hermit:Maintenance","hermit:DeadMansHand"],"picked":"hermit:PistolWhip+1","floor":45}],"player_experience":339564,"relics_obtained":[{"floor":6,"key":"Vajra"},{"floor":8,"key":"hermit:RyeStalk"},{"floor":9,"key":"Matryoshka"},{"floor":12,"key":"Akabeko"},{"floor":26,"key":"CeramicFish"},{"floor":26,"key":"PreservedInsect"},{"floor":31,"key":"Eternal Feather"},{"floor":41,"key":"Meat on the Bone"},{"floor":43,"key":"Anchor"},{"floor":43,"key":"Darkstone Periapt"},{"floor":44,"key":"Toy Ornithopter"}],"event_choices":[{"damage_healed":0,"gold_gain":0,"player_choice":"Rummage","damage_taken":0,"relics_obtained":["WarpedTongs"],"max_hp_gain":0,"max_hp_loss":0,"event_name":"Accursed Blacksmith","floor":2,"gold_loss":0,"cards_obtained":["Pain"]},{"damage_healed":0,"gold_gain":0,"player_choice":"Grow","damage_taken":0,"max_hp_gain":0,"max_hp_loss":0,"event_name":"Living Wall","floor":5,"gold_loss":0,"cards_upgraded":["hermit:TakeCover"]},{"damage_healed":0,"gold_gain":0,"player_choice":"Read","damage_taken":0,"max_hp_gain":0,"max_hp_loss":0,"event_name":"The Library","floor":19,"gold_loss":0,"cards_obtained":["hermit:Horror"]},{"damage_healed":0,"gold_gain":0,"player_choice":"","damage_taken":6,"max_hp_gain":0,"max_hp_loss":0,"event_name":"Knowing Skull","floor":21,"potions_obtained":[],"gold_loss":0,"cards_obtained":[]},{"cards_removed":["hermit:ShadowCloak"],"damage_healed":0,"gold_gain":0,"player_choice":"Removed Power","damage_taken":0,"max_hp_gain":0,"max_hp_loss":0,"event_name":"Falling","floor":46,"gold_loss":0},{"damage_healed":37,"gold_gain":0,"player_choice":"Heal","damage_taken":0,"max_hp_gain":0,"max_hp_loss":0,"event_name":"MindBloom","floor":47,"gold_loss":0,"cards_obtained":["Doubt"]},{"damage_healed":20,"gold_gain":0,"player_choice":"Writhe","damage_taken":0,"max_hp_gain":0,"max_hp_loss":0,"event_name":"Winding Halls","floor":48,"gold_loss":0,"cards_obtained":["Writhe"]}],"is_beta":false,"boss_relics":[{"not_picked":["Snecko Eye","Calling Bell"],"picked":"hermit:ClaspedLocket"},{"not_picked":["SacredBark","Empty Cage"],"picked":"SlaversCollar"}],"items_purged_floors":[],"is_endless":false,"potions_floor_spawned":[3,4,12,16,22,23,27,31,33,38,44],"killed_by":"Awakened One","ascension_level":0}}