{"host":"farxtl2u8hmkbdo2","time":1611751722,"event":{"mods":["A Magickal Journey","BaseMod","Better Altar","Better Note","Better Sensory Stone","Better Skull","Better Third Choice","Challenge The Spire","Colored Map","Colored Powertips","Current Relic Mod","Energized Spire","Fox Events","Gremlin Mod","Hermit","Hubris","Mimic Mod","Minty Spire (QoL Compilation)","Quick Restart","READ ME - Guardian Mod","READ ME - Snecko Mod","Rare Cards Sparkle","StSLib","The Bladedancer","The Bug Knight","The Cursed","The Disciple","The Elementalist","The Hierophant","The Marked","The Necromancer","The Runesmith","Transform Curses"],"gold_per_floor":[15,30,48,0,14,48,148,148,186,213,178,188,198,198,198,294,294,309,384,394,0,0,32,32,60,90,36,36,46,46,57,57,161,161,188,408,20,20,93,160,160,0,23,23,52,52,52,76,76,76,76,76,18,52,52,52],"floor_reached":55,"language":"SPA","playtime":4734,"items_purged":[],"score":789,"play_id":"c99bed0e-dde7-4a9e-9df6-4a32cbb9f10f","local_time":"20210127094842","is_ascension_mode":false,"campfire_choices":[{"data":"hermit:Manifest","floor":8.0,"key":"SMITH"},{"data":"hermit:GoldenBullet","floor":15.0,"key":"SMITH"},{"data":"hubris:DuctTapeCard","floor":24.0,"key":"SMITH"},{"data":"hermit:Adapt","floor":32.0,"key":"SMITH"},{"floor":41,"key":"REST"},{"floor":44,"key":"RECALL"},{"data":"hermit:HeroicBravado","floor":49,"key":"SMITH"},{"data":"hermit:Covet","floor":52,"key":"SMITH"}],"circlet_count":0,"master_deck":["hermit:Defend_Hermit","hermit:Defend_Hermit+1","hermit:Defend_Hermit","hermit:Snapshot","hermit:Covet+1","hermit:Enervate","hermit:Roulette","hermit:NoHoldsBarred+1","hermit:Malice","hermit:Manifest+1","Enlightenment","hermit:FromBeyond+1","hermit:Snipe","hermit:Quickdraw+1","hermit:EyeOfTheStorm","hermit:Coalescence","Blasphemy+1","hermit:Adapt+1","hermit:Cheat","hermit:Deadeye+1","hermit:TakeCover","hermit:Misfire","hermit:LowProfile+1","hermit:GoldenBullet+1","hermit:DeadOrAlive","hermit:HeroicBravado+1","hermit:Quickdraw","Bite","Bite","Bite","Bite","Bite","hermit:Spite+1","hermit:DeadOrAlive","hermit:LowProfile+1","hermit:Grudge","hubris:DuctTapeCard","hermit:LuckOfTheDraw+1","hermit:Brawl+1","hermit:Glare","hermit:Manifest+1"],"relics":["hermit:Momento","Omamori","hubris:TenFootPole","betterThird:SlimedRelic","MealTicket","The Courier","SlaversCollar","Bottled Tornado","Anchor","hubris:DuctTape","War Paint","Bottled Flame","betterThird:NestCultRelic","SacredBark","Juzu Bracelet","Orichalcum","Nunchaku","PreservedInsect","hermit:RyeStalk","StrikeDummy","Whetstone","Bag of Preparation","Pen Nib","Toy Ornithopter"],"acts_visited":["Exordium","TheCity","TheBeyond","TheEnding"],"potions_floor_usage":[40,40,40,45,50,50,54,54,54,55],"damage_taken":[{"damage":0.0,"enemies":"Small Slimes","floor":1.0,"turns":1.0},{"damage":1.0,"enemies":"Cultist","floor":2.0,"turns":3.0},{"damage":1.0,"enemies":"Jaw Worm","floor":3.0,"turns":2.0},{"damage":0.0,"enemies":"Exordium Wildlife","floor":5.0,"turns":1.0},{"damage":0.0,"enemies":"Gremlin Nob","floor":6.0,"turns":2.0},{"damage":2.0,"enemies":"Lots of Slimes","floor":9.0,"turns":7.0},{"damage":29.0,"enemies":"Lagavulin","floor":10.0,"turns":9.0},{"damage":11.0,"enemies":"Lots of Slimes","floor":12.0,"turns":2.0},{"damage":0.0,"enemies":"3 Louse","floor":13.0,"turns":4.0},{"damage":8.0,"enemies":"Slime Boss","floor":16.0,"turns":5.0},{"damage":0.0,"enemies":"Spheric Guardian","floor":18.0,"turns":4.0},{"damage":2.0,"enemies":"3 Byrds","floor":20.0,"turns":6.0},{"damage":6.0,"enemies":"Book of Stabbing","floor":23.0,"turns":6.0},{"damage":8.0,"enemies":"Slavers","floor":25.0,"turns":5.0},{"damage":0.0,"enemies":"Snecko","floor":26.0,"turns":1.0},{"damage":1.0,"enemies":"Snecko","floor":29.0,"turns":5.0},{"damage":3.0,"enemies":"Centurion and Healer","floor":31.0,"turns":4.0},{"damage":43.0,"enemies":"Automaton","floor":33.0,"turns":10.0},{"damage":21.0,"enemies":"3 Shapes","floor":35.0,"turns":6.0},{"damage":42,"enemies":"Reptomancer","floor":40,"turns":7},{"damage":0,"enemies":"Orb Walker","floor":45,"turns":3},{"damage":31,"enemies":"Awakened One","floor":50,"turns":12},{"damage":50,"enemies":"Shield and Spear","floor":54,"turns":6},{"damage":65,"enemies":"The Heart","floor":55,"turns":8}],"seed_played":"-8780603809449192529","potions_obtained":[{"floor":1.0,"key":"Strength Potion"},{"floor":5.0,"key":"FearPotion"},{"floor":6.0,"key":"Energy Potion"},{"floor":12.0,"key":"Block Potion"},{"floor":13.0,"key":"PowerPotion"},{"floor":20.0,"key":"Weak Potion"},{"floor":23.0,"key":"PowerPotion"},{"floor":31.0,"key":"ColorlessPotion"},{"floor":33.0,"key":"BlessingOfTheForge"},{"floor":45,"key":"FearPotion"}],"is_trial":false,"path_per_floor":["M","M","M","?","M","E","?","R","MIM","E","?","M","M","?","R","B",null,"M","?","M","$","?","E","R","E","MIM","$","?","M","?","M","R","B",null,"M","?","$","?","T","E","R","$","T","R","M","$","?","T","R","B",null,"R","$","E","B"],"character_chosen":"HERMIT","items_purchased":["Bottled Tornado","Anchor","hermit:TakeCover","hermit:Misfire","hermit:HeroicBravado","Nunchaku","PreservedInsect","hermit:RyeStalk","hermit:Grudge","Whetstone","Swift Potion","Strength Potion","hermit:Glare"],"campfire_rested":1,"item_purchase_floors":[21,21,21,21,27,37,37,37,37,42,42,53,53],"current_hp_per_floor":[75,74,73,79,79,79,79,79,77,48,43,34,36,18,18,12,81,81,77,77,81,81,75,75,69,71,81,81,80,80,81,81,57,81,62,36,51,51,51,19,43,58,58,58,64,79,81,81,81,58,81,81,81,33,0,0],"gold":52,"neow_bonus":"TRANSFORM_TWO_CARDS","is_daily":false,"chose_seed":false,"campfire_upgraded":6,"win_rate":0.0,"timestamp":1611751722,"path_taken":["M","M","M","?","M","E","?","R","MIM","E","?","M","M","?","R","BOSS","M","?","M","$","?","E","R","E","MIM","$","?","M","?","M","R","BOSS","M","?","$","?","?","E","R","$","T","R","M","?","?","?","R","BOSS","R","$","E","BOSS"],"items_purchased_type":["Relic","Relic","Card","Card","Card","Relic","Relic","Relic","Card","Relic","Potion","Potion","Card"],"build_version":"2020-12-22","purchased_purges":0,"victory":false,"max_hp_per_floor":[75,75,75,81,81,81,81,81,81,81,81,81,81,81,81,81,81,81,81,81,81,81,81,81,81,81,81,81,81,81,81,81,81,81,81,81,81,81,81,81,81,81,81,81,81,81,81,81,81,81,81,81,81,81,81,81],"card_choices":[{"not_picked":["hermit:Malice","hermit:LuckOfTheDraw"],"picked":"hermit:NoHoldsBarred","floor":1.0},{"not_picked":["hermit:Virtue","hermit:BodyArmor"],"picked":"hermit:Malice","floor":2.0},{"not_picked":["hermit:Misfire","hermit:CalledShot"],"picked":"hermit:Manifest","floor":3.0},{"not_picked":["hermit:Misfire","hermit:FullyLoaded"],"picked":"hermit:GoldenBullet","floor":5.0},{"not_picked":["hermit:Spite","hermit:Dive"],"picked":"hermit:FromBeyond","floor":6.0},{"not_picked":["hermit:Headshot","hermit:FullyLoaded"],"picked":"hermit:Snipe","floor":9.0},{"not_picked":["hermit:Scavenge","hermit:CursedWeapon"],"picked":"hermit:Quickdraw","floor":10.0},{"not_picked":["hermit:Glare","hermit:TrackingShot"],"picked":"hermit:EyeOfTheStorm","floor":12.0},{"not_picked":["hermit:Ricochet","hermit:Manifest"],"picked":"hermit:Coalescence","floor":13.0},{"not_picked":["hermit:BlackWind","hermit:Roughhouse"],"picked":"hermit:Adapt","floor":16.0},{"not_picked":["hermit:Dive","hermit:FullyLoaded"],"picked":"hermit:Cheat","floor":18.0},{"not_picked":["hermit:Grudge+1","hermit:SprayPray"],"picked":"hermit:Deadeye+1","floor":20.0},{"not_picked":["hermit:LuckOfTheDraw","hermit:TrackingShot"],"picked":"hermit:LowProfile+1","floor":23.0},{"not_picked":["hermit:Virtue","hermit:BodyArmor"],"picked":"hermit:GoldenBullet+1","floor":25.0},{"not_picked":["hermit:BodyArmor","hermit:Headshot"],"picked":"hermit:DeadOrAlive","floor":26.0},{"not_picked":["hermit:TrackingShot","hermit:Misfire"],"picked":"hermit:Quickdraw","floor":29.0},{"not_picked":["hermit:HoleUp","hermit:Vantage+1"],"picked":"hermit:Spite+1","floor":31.0},{"not_picked":["hermit:FromBeyond","hermit:BlackWind"],"picked":"hermit:DeadOrAlive","floor":33.0},{"not_picked":["hermit:Desperado","hermit:Roulette"],"picked":"hermit:LowProfile+1","floor":35.0},{"not_picked":["hermit:Ricochet+1","hermit:HeroicBravado"],"picked":"hermit:LuckOfTheDraw+1","floor":40},{"not_picked":["hermit:BodyArmor","hermit:NoHoldsBarred"],"picked":"hermit:Brawl+1","floor":45},{"not_picked":["hermit:Desperado","hermit:GoldenBullet"],"picked":"hermit:Manifest+1","floor":54}],"player_experience":1894363,"relics_obtained":[{"floor":6.0,"key":"Omamori"},{"floor":9.0,"key":"hubris:TenFootPole"},{"floor":10.0,"key":"Blood Vial"},{"floor":23.0,"key":"hubris:DuctTape"},{"floor":25.0,"key":"War Paint"},{"floor":26.0,"key":"Bottled Flame"},{"floor":40,"key":"StrikeDummy"},{"floor":43,"key":"Bag of Preparation"},{"floor":48,"key":"Pen Nib"},{"floor":54,"key":"Toy Ornithopter"}],"event_choices":[{"damage_healed":0.0,"max_hp_gain":0.0,"max_hp_loss":0.0,"gold_gain":0.0,"event_name":"betterThird:BetterSerpent","player_choice":"RENOUNCE","floor":4.0,"gold_loss":48.0,"damage_taken":48.0,"cards_obtained":["Enlightenment"]},{"damage_healed":0.0,"max_hp_gain":0.0,"max_hp_loss":0.0,"gold_gain":100.0,"event_name":"Wheel of Change","player_choice":"Gold","floor":7.0,"gold_loss":0.0,"damage_taken":0.0},{"damage_healed":0.0,"max_hp_gain":0.0,"max_hp_loss":0.0,"gold_gain":0.0,"event_name":"betterThird:BetterGoop","player_choice":"Slimed","floor":11.0,"gold_loss":35.0,"damage_taken":11.0},{"damage_healed":0.0,"max_hp_gain":0.0,"max_hp_loss":0.0,"gold_gain":75.0,"event_name":"FaceTrader","player_choice":"Touch","floor":19.0,"gold_loss":0.0,"damage_taken":8.0},{"cards_removed":["Blasphemy"],"damage_healed":0.0,"max_hp_gain":0.0,"max_hp_loss":0.0,"gold_gain":0.0,"event_name":"betterNote:BetterNote","player_choice":"Give","floor":22.0,"gold_loss":0.0,"damage_taken":0.0,"cards_obtained":["None"]},{"damage_healed":0.0,"max_hp_gain":0.0,"max_hp_loss":0.0,"gold_gain":0.0,"event_name":"betterThird:BetterNest","player_choice":"Madness","floor":28.0,"gold_loss":0.0,"damage_taken":0.0,"relics_obtained":["betterThird:NestCultRelic"]},{"damage_healed":0.0,"max_hp_gain":0.0,"max_hp_loss":0.0,"gold_gain":0.0,"event_name":"Vampires","player_choice":"Became a vampire (Vial)","floor":30.0,"relics_lost":["Blood Vial"],"gold_loss":0.0,"damage_taken":0.0,"cards_obtained":["Bite","Bite","Bite","Bite","Bite"]},{"damage_healed":0.0,"max_hp_gain":0.0,"max_hp_loss":0.0,"gold_gain":0.0,"event_name":"betterThird:BetterPortal","player_choice":"Random: Green","floor":36.0,"gold_loss":0.0,"damage_taken":0.0},{"damage_healed":0.0,"max_hp_gain":0.0,"max_hp_loss":0.0,"gold_gain":220.0,"event_name":"betterSkull:BetterSkull","player_choice":"RE GO GO RE ","floor":36.0,"gold_loss":0.0,"damage_taken":60.0,"cards_upgraded":[],"relics_obtained":["Juzu Bracelet","Orichalcum"]},{"damage_healed":0.0,"max_hp_gain":0.0,"max_hp_loss":0.0,"gold_gain":0.0,"event_name":"Duplicator","player_choice":"Copied","floor":38.0,"gold_loss":0.0,"damage_taken":0.0,"cards_obtained":["hubris:DuctTapeCard"]},{"damage_healed":20,"gold_gain":0,"player_choice":"Writhe","damage_taken":0,"max_hp_gain":0,"max_hp_loss":0,"event_name":"Winding Halls","floor":47,"gold_loss":0,"cards_obtained":["Writhe"]}],"is_beta":false,"boss_relics":[{"not_picked":["hermit:ClaspedLocket","energizedSpire:SpiderWeb"],"picked":"SlaversCollar"},{"not_picked":["Fusion Hammer","energizedSpire:OgreHead"],"picked":"SacredBark"}],"items_purged_floors":[],"is_endless":false,"potions_floor_spawned":[1,5,6,12,13,20,23,31,33,35,45],"killed_by":"The Heart","ascension_level":0}}