{"host":"1tl36azeqm6yhdgj","time":1611748403,"event":{"mods":["AchievementEnabler","BaseMod","Minty Spire (QoL Compilation)","StSLib","The IronCluck","everything is the same but u backflip on backflip"],"gold_per_floor":[119,139,157,432,18,18,30,46,94,109,109,144,156,195,195,282,282,247,247,247],"floor_reached":19,"language":"ENG","playtime":992,"items_purged":["Regret"],"score":362,"play_id":"ef9b7ff9-ae07-48bd-b30f-6ac03d058c01","local_time":"20210127065323","is_ascension_mode":true,"campfire_choices":[{"data":"Discovery","floor":6.0,"key":"SMITH"},{"floor":15.0,"key":"REST"}],"circlet_count":0,"master_deck":["AscendersBane","Strike_R","Strike_R","Strike_R","Strike_R","Defend_R","Defend_R","Defend_R","Defend_R","Bash","Flex","Body Slam","Burning Pact","Discovery+1","Panache","Impervious","Anger","Clash","Dark Embrace","Spot Weakness","Cleave","Fire Breathing+1","Barricade+1","Thunderclap"],"relics":["Black Blood","NeowsBlessing","Omamori","Frozen Egg 2","CeramicFish"],"acts_visited":["Exordium","TheCity"],"potions_floor_usage":[16],"damage_taken":[{"damage":0.0,"enemies":"Jaw Worm","floor":1.0,"turns":1.0},{"damage":0.0,"enemies":"Cultist","floor":2.0,"turns":1.0},{"damage":0.0,"enemies":"2 Louse","floor":3.0,"turns":1.0},{"damage":7.0,"enemies":"Gremlin Gang","floor":7.0,"turns":4.0},{"damage":7.0,"enemies":"Blue Slaver","floor":8.0,"turns":4.0},{"damage":4.0,"enemies":"Exordium Wildlife","floor":10.0,"turns":2.0},{"damage":10.0,"enemies":"Lagavulin","floor":12.0,"turns":7.0},{"damage":21.0,"enemies":"Large Slime","floor":13.0,"turns":8.0},{"damage":15.0,"enemies":"3 Sentries","floor":14.0,"turns":7.0},{"damage":45,"enemies":"Hexaghost","floor":16,"turns":9},{"damage":22,"enemies":"2 Thieves","floor":18,"turns":5},{"damage":55,"enemies":"Spheric Guardian","floor":19,"turns":5}],"seed_played":"-8251940403150479602","potions_obtained":[{"floor":3.0,"key":"Explosive Potion"},{"floor":10.0,"key":"Fire Potion"},{"floor":12.0,"key":"PowerPotion"},{"floor":13.0,"key":"LiquidBronze"}],"is_trial":false,"path_per_floor":["M","M","M","?","$","R","M","M","T","M","?","E","M","E","R","B",null,"M","M"],"character_chosen":"IRONCLAD","items_purchased":["Discovery","Panache","Weak Potion"],"campfire_rested":1,"item_purchase_floors":[5,5,5],"current_hp_per_floor":[74,75,75,75,75,75,74,73,73,75,75,71,56,47,69,30,64,54,0,0],"gold":247,"neow_bonus":"THREE_ENEMY_KILL","is_daily":false,"chose_seed":false,"campfire_upgraded":1,"win_rate":0.0,"timestamp":1611748403,"path_taken":["M","M","M","?","?","R","?","M","T","M","?","E","M","E","R","BOSS","M","M"],"items_purchased_type":["Card","Card","Potion"],"build_version":"2020-12-22","purchased_purges":1,"victory":false,"max_hp_per_floor":[75,75,75,75,75,75,75,75,75,75,75,75,75,75,75,75,75,75,75,75],"card_choices":[{"not_picked":["Perfected Strike","Twin Strike"],"picked":"Flex","floor":1.0},{"not_picked":["Iron Wave","Searing Blow"],"picked":"Body Slam","floor":2.0},{"not_picked":["Pommel Strike","Sword Boomerang"],"picked":"Burning Pact","floor":3.0},{"not_picked":["Flex","Rupture"],"picked":"Impervious","floor":7.0},{"not_picked":["Iron Wave","True Grit"],"picked":"Anger","floor":8.0},{"not_picked":["Hemokinesis","True Grit"],"picked":"Clash","floor":10.0},{"not_picked":["Seeing Red","Battle Trance"],"picked":"Spot Weakness","floor":12.0},{"not_picked":["Evolve+1","Heavy Blade"],"picked":"Cleave","floor":13.0},{"not_picked":["Intimidate","Havoc"],"picked":"Fire Breathing+1","floor":14.0},{"not_picked":["Double Tap","Corruption+1"],"picked":"Barricade+1","floor":16},{"not_picked":["Perfected Strike","Rampage"],"picked":"Thunderclap","floor":18}],"player_experience":2076579,"relics_obtained":[{"floor":9.0,"key":"Omamori"},{"floor":12.0,"key":"Frozen Egg 2"},{"floor":14.0,"key":"CeramicFish"}],"event_choices":[{"damage_healed":0.0,"max_hp_gain":0.0,"max_hp_loss":0.0,"gold_gain":275.0,"event_name":"Golden Shrine","player_choice":"Desecrate","floor":4.0,"gold_loss":0.0,"damage_taken":0.0,"cards_obtained":["Regret"]},{"damage_healed":0.0,"max_hp_gain":0.0,"max_hp_loss":0.0,"gold_gain":0.0,"cards_transformed":["Strike_R"],"event_name":"Living Wall","player_choice":"Change","floor":11.0,"gold_loss":0.0,"damage_taken":0.0,"cards_obtained":["Dark Embrace"]}],"is_beta":false,"boss_relics":[{"not_picked":["Runic Pyramid","Fusion Hammer"],"picked":"Black Blood"}],"items_purged_floors":[5],"is_endless":false,"potions_floor_spawned":[3,10,12,13],"killed_by":"Spheric Guardian","ascension_level":20}}