{"host":"yqa5il53nhlo2jdd","time":1611732499,"event":{"mods":["AchievementEnabler","Arknights The Spire","BaseMod","BetterRewards","Minty Spire (QoL Compilation)","StSLib","[IsaacMod]ÒÔÈö¼âËþ"],"gold_per_floor":[112,49,59,59,69,69,81,109,109,109,34,46,59,82,82,158,208,223,223,135,151,151,178,178,208,208,219,238,257,257,61,61,138,138,151,169,181,208,208,225,276,287,337,337,337,337,362,377,377,377],"floor_reached":51,"language":"ZHS","playtime":2068,"items_purged":["ats:Strike V","ats:Strike G","ats:Strike S","ats:Defend","ats:Defend","ats:Defend"],"score":2190,"play_id":"81fa11a9-7823-4432-a24c-cd46463505e6","local_time":"20210127152819","is_ascension_mode":true,"campfire_choices":[{"data":"ats:Soul Absorption","floor":6.0,"key":"SMITH"},{"data":"ats:Emotion Absorption","floor":10.0,"key":"SMITH"},{"data":"ats:Burning Ground","floor":15.0,"key":"SMITH"},{"data":"ats:Mental Burst","floor":30.0,"key":"SMITH"},{"data":"ats:Guardian Obelisk","floor":32.0,"key":"SMITH"},{"data":"ats:Very Hot Blade","floor":45.0,"key":"SMITH"},{"floor":49,"key":"DIG"}],"circlet_count":0,"master_deck":["AscendersBane","ats:Emotion Absorption+1","ats:Burning Ground+1","ats:Soul Absorption+1","ats:Mental Burst+1","ats:Very Hot Blade+1","ats:Guardian Obelisk+1"],"relics":["ats:Sanity","HushsDoor","DeathBook","PreservedInsect","BelialBook","Tiny Chest","SteamSale","Sundial","Pear","ats:Originium","Ornamental Fan","Ginger","TheBean","Tiny House","MutagenicStrength","SatanicBible","BloodDonationMachine","Enchiridion","The Courier","Molten Egg 2","ClockworkSouvenir","Empty Cage","ats:Berate","Shovel","Lantern","Gremlin Horn","Dream Catcher","Mango"],"acts_visited":["Exordium","TheCity","TheBeyond"],"potions_floor_usage":[50],"damage_taken":[{"damage":0.0,"enemies":"Cultist","floor":1.0,"turns":3.0},{"damage":0.0,"enemies":"Jaw Worm","floor":3.0,"turns":4.0},{"damage":0.0,"enemies":"2 Louse","floor":5.0,"turns":1.0},{"damage":10.0,"enemies":"Exordium Thugs","floor":7.0,"turns":3.0},{"damage":7.0,"enemies":"Lagavulin","floor":8.0,"turns":5.0},{"damage":0.0,"enemies":"Looter","floor":12.0,"turns":2.0},{"damage":1.0,"enemies":"Large Slime","floor":13.0,"turns":4.0},{"damage":21.0,"enemies":"Hexaghost","floor":16.0,"turns":6.0},{"damage":7.0,"enemies":"Chosen","floor":18.0,"turns":3.0},{"damage":0.0,"enemies":"Spheric Guardian","floor":21.0,"turns":2.0},{"damage":0.0,"enemies":"Slavers","floor":23.0,"turns":1.0},{"damage":4.0,"enemies":"Book of Stabbing","floor":25.0,"turns":3.0},{"damage":0.0,"enemies":"Centurion and Healer","floor":27.0,"turns":3.0},{"damage":0.0,"enemies":"Snecko","floor":28.0,"turns":2.0},{"damage":0.0,"enemies":"Sentry and Sphere","floor":29.0,"turns":2.0},{"damage":32.0,"enemies":"Champ","floor":33.0,"turns":4.0},{"damage":0.0,"enemies":"Orb Walker","floor":35.0,"turns":2.0},{"damage":0.0,"enemies":"3 Shapes","floor":36.0,"turns":4.0},{"damage":0.0,"enemies":"Spire Growth","floor":37.0,"turns":2.0},{"damage":16.0,"enemies":"Writhing Mass","floor":40.0,"turns":2.0},{"damage":27.0,"enemies":"2 Orb Walkers","floor":41.0,"turns":2.0},{"damage":0.0,"enemies":"Jaw Worm Horde","floor":42.0,"turns":2.0},{"damage":0,"enemies":"Giant Head","floor":47,"turns":3},{"damage":0,"enemies":"Maw","floor":48,"turns":2},{"damage":0,"enemies":"Time Eater","floor":50,"turns":2}],"seed_played":"7453015552854245224","potions_obtained":[{"floor":3.0,"key":"FearPotion"},{"floor":5.0,"key":"Block Potion"},{"floor":7.0,"key":"BlessingOfTheForge"},{"floor":16.0,"key":"Swift Potion"},{"floor":18.0,"key":"FearPotion"},{"floor":27.0,"key":"FairyPotion"},{"floor":33.0,"key":"AttackPotion"},{"floor":41.0,"key":"Dexterity Potion"},{"floor":42.0,"key":"PowerPotion"}],"is_trial":false,"path_per_floor":["M","$","M","T","M","R","M","E","T","R","$","M","M","T","R","B",null,"M","?","$","M","T","E","?","E","T","M","M","M","R","$","R","B",null,"M","M","M","T","?","M","?","M","T","T","R","?","E","M","R","B",null],"character_chosen":"DOCTOR_CLASS","items_purchased":["PreservedInsect","ats:Burning Ground","BelialBook","Tiny Chest","SteamSale","ats:Soul Absorption","ats:Mental Burst","ats:Very Hot Blade","Sundial","SteroidPotion","ClockworkSouvenir","ats:Guardian Obelisk"],"campfire_rested":0,"item_purchase_floors":[0,0,0,0,0,0,0,0,0,0,31,31],"current_hp_per_floor":[64,64,64,74,74,74,64,57,57,57,57,57,56,56,56,35,75,68,68,68,68,68,68,47,43,43,43,48,48,48,48,48,69,82,82,82,82,82,82,86,86,86,86,86,86,86,86,86,100,100],"gold":377,"neow_bonus":"","is_daily":false,"chose_seed":false,"campfire_upgraded":6,"win_rate":0.0,"timestamp":1611732499,"path_taken":["M","?","M","?","?","R","M","E","T","R","$","M","M","?","R","BOSS","M","?","?","?","?","E","?","E","T","M","?","M","R","$","R","BOSS","M","M","?","?","?","M","?","?","T","?","R","?","E","M","R","BOSS"],"items_purchased_type":["Relic","Card","Relic","Relic","Relic","Card","Card","Card","Relic","Potion","Relic","Card"],"build_version":"2020-12-22","purchased_purges":6,"victory":true,"max_hp_per_floor":[71,71,71,81,81,81,81,81,81,81,81,81,81,81,81,81,86,86,86,86,86,86,86,86,86,86,86,86,86,86,86,86,86,86,86,86,86,86,86,86,86,86,86,86,86,86,86,86,100,100],"card_choices":[{"not_picked":["ats:Closed Bolt Burst Fire","ats:Hammer On","ats:True Silver Slash"],"picked":"SKIP","floor":1.0},{"not_picked":["ats:Blood Oath","ats:Hammer On","ats:Ignite"],"picked":"SKIP","floor":3.0},{"not_picked":["ats:Apocalypse","ats:Healing Drone","ats:Sashimi Platter"],"picked":"SKIP","floor":5.0},{"not_picked":["ats:Leaping Hammer","ats:Mental Burst","ats:Healing Drone"],"picked":"SKIP","floor":7.0},{"not_picked":["ats:Sunburst","ats:Literary Storm","ats:Flexible Camouflage"],"picked":"SKIP","floor":8.0},{"not_picked":["ats:Soul Absorption","ats:Flexible Camouflage","ats:Consecutive Shot Auto"],"picked":"SKIP","floor":12.0},{"not_picked":["ats:Defend Order","ats:Literary Storm","ats:Powerful Strike"],"picked":"SKIP","floor":13.0},{"not_picked":["ats:Guard Mode","ats:Neurotoxin","ats:Apocalypse"],"picked":"SKIP","floor":18.0},{"not_picked":["ats:Consecutive Shot Auto","ats:Closed Bolt Burst Fire","ats:Sunburst+1"],"picked":"SKIP","floor":21.0},{"not_picked":["ats:Rat Pack","ats:Neurotoxin+1","ats:Durian"],"picked":"SKIP","floor":23.0},{"not_picked":["ats:Healing Strengthening","ats:Leaping Hammer","ats:Revitalization"],"picked":"SKIP","floor":25.0},{"not_picked":["ats:Leaping Hammer+1","ats:Curse Doll","ats:Red Shift+1"],"picked":"SKIP","floor":27.0},{"not_picked":["ats:LN2 Cannon+1","ats:Hook Shot","ats:Defend Order"],"picked":"SKIP","floor":28.0},{"not_picked":["ats:Apocalypse","ats:Guard Mode","ats:Support Order"],"picked":"SKIP","floor":29.0},{"not_picked":["ats:Burning Ground+1","ats:Ignite+1","ats:Consecutive Shot Auto+1"],"picked":"SKIP","floor":35.0},{"not_picked":["ats:Shell Defense","ats:Guard Mode","ats:Blood Oath+1"],"picked":"SKIP","floor":36.0},{"not_picked":["ats:Ignite+1","ats:Flexible Camouflage","ats:Counter Healing Mode"],"picked":"SKIP","floor":37.0},{"not_picked":["Enlightenment","Flash of Steel+1"],"picked":"Bomb","floor":39.0},{"not_picked":["ats:Soul Absorption","ats:Defend Order","ats:Shadow Raid+1"],"picked":"SKIP","floor":40.0},{"not_picked":["ats:Hammer On+1","ats:Durian","ats:Guard Mode"],"picked":"SKIP","floor":42.0},{"not_picked":["ats:Closed Bolt Burst Fire+1","ats:Leaping Hammer+1","ats:Explosion Area Strengthen+1"],"picked":"SKIP","floor":47},{"not_picked":["ats:Charging Defense","ats:Sunburst+1","ats:Very Hot Blade+1"],"picked":"SKIP","floor":48}],"player_experience":726476,"relics_obtained":[{"floor":4.0,"key":"Pear"},{"floor":8.0,"key":"ats:Originium"},{"floor":8.0,"key":"Ornamental Fan"},{"floor":9.0,"key":"Ginger"},{"floor":14.0,"key":"TheBean"},{"floor":22.0,"key":"SatanicBible"},{"floor":23.0,"key":"ats:Originium"},{"floor":23.0,"key":"BloodDonationMachine"},{"floor":24.0,"key":"Enchiridion"},{"floor":25.0,"key":"ats:Originium"},{"floor":25.0,"key":"The Courier"},{"floor":26.0,"key":"Molten Egg 2"},{"floor":38.0,"key":"ats:Berate"},{"floor":41.0,"key":"Shovel"},{"floor":43.0,"key":"Lantern"},{"floor":44.0,"key":"Gremlin Horn"},{"floor":47,"key":"ats:Originium"},{"floor":47,"key":"Dream Catcher"},{"floor":49,"key":"Mango"}],"event_choices":[{"damage_healed":0.0,"max_hp_gain":0.0,"max_hp_loss":0.0,"gold_gain":0.0,"event_name":"Drug Dealer","player_choice":"Inject Mutagens","floor":19.0,"gold_loss":0.0,"damage_taken":0.0,"relics_obtained":["MutagenicStrength"]},{"damage_healed":0.0,"max_hp_gain":0.0,"max_hp_loss":0.0,"gold_gain":0.0,"event_name":"Cursed Tome","player_choice":"Obtained Book","floor":24.0,"gold_loss":0.0,"damage_taken":21.0},{"damage_healed":0.0,"max_hp_gain":0.0,"max_hp_loss":0.0,"gold_gain":0.0,"event_name":"SensoryStone","player_choice":"Memory 1","floor":39.0,"gold_loss":0.0,"damage_taken":0.0},{"damage_healed":0.0,"max_hp_gain":0.0,"max_hp_loss":0.0,"gold_gain":0.0,"event_name":"Mysterious Sphere","player_choice":"Fight","floor":41.0,"gold_loss":0.0,"damage_taken":0.0},{"cards_removed":["ats:Armor Crushing Shot"],"damage_healed":0,"gold_gain":0,"player_choice":"Purged","damage_taken":0,"max_hp_gain":0,"max_hp_loss":0,"event_name":"Purifier","floor":46,"gold_loss":0}],"is_beta":false,"boss_relics":[{"not_picked":["SacredBark","Velvet Choker"],"picked":"Tiny House"},{"not_picked":[]},{"not_picked":["ChampionBelt","Astrolabe"],"picked":"Empty Cage"},{"not_picked":[]}],"items_purged_floors":[0,0,2,11,20,31],"is_endless":false,"potions_floor_spawned":[3,5,7,16,18,27,28,33,35,41,42,47,48],"ascension_level":19}}