{"host":"86exz9sc3zcspcml","time":1611707882,"event":{"mods":["AchievementEnabler","BaseMod","Better Third Choice","Colored Map","Colored Powertips","Gold Saver","Minty Spire (QoL Compilation)","Quick Restart","Rare Cards Sparkle","Spire Birthday Party","StSLib"],"gold_per_floor":[790,790,78,353,389,389,440,103,103,136,173,173,192,202,202,297,297,307,307,307,317,333,388,388,434,434,452,367,367,487,76,76,178,178,195,250,277,294,294,629,215,215,239,239,16,27,61,76,76,76],"floor_reached":51,"language":"ENG","playtime":2563,"items_purged":["Burn","Regret"],"score":893,"play_id":"f165fba2-630d-4365-a888-373482c71de4","local_time":"20210126183802","is_ascension_mode":false,"campfire_choices":[{"floor":6,"key":"RECALL"},{"data":"Thunderclap","floor":12,"key":"SMITH"},{"data":"Metallicize","floor":15,"key":"SMITH"},{"floor":24,"key":"REST"},{"floor":32,"key":"REST"},{"floor":44,"key":"REST"},{"floor":49,"key":"REST"}],"circlet_count":0,"master_deck":["Strike_R","Strike_R","Strike_R","Strike_R","Strike_R","Defend_R","Defend_R","Defend_R+1","Defend_R","Bash","Metallicize+1","HandOfGreed","Iron Wave","Flash of Steel","Combust","Pommel Strike","Rampage","Thunderclap+1","Whirlwind","Perfected Strike","Whirlwind","Perfected Strike","Limit Break+1","Perfected Strike","Perfected Strike+1","Uppercut","Anger","Cleave+1","Cleave+1","Shrug It Off","Anger","Reaper","Twin Strike+1","Twin Strike","Thunderclap+1","Flash of Steel","Flex+1","Thunderclap+1","Pommel Strike+1","Spot Weakness+1","Armaments+1","Perfected Strike+1","Perfected Strike+1","Searing Blow+1","Intimidate+1"],"relics":["Burning Blood","Ice Cream","Regal Pillow","Orichalcum","Fusion Hammer","War Paint","Vajra","Darkstone Periapt","FossilizedHelix","Tiny Chest","Sundial","Peace Pipe","Ornamental Fan","Mercury Hourglass","Brimstone","SlaversCollar","Ginger","Bag of Preparation","Old Coin","Bottled Flame","Orrery","MealTicket","Potion Belt","Chemical X","Molten Egg 2"],"acts_visited":["Exordium","TheCity","TheBeyond"],"potions_floor_usage":[11,16,16,33,48,48,50],"damage_taken":[{"damage":5,"enemies":"Small Slimes","floor":1,"turns":3},{"damage":7,"enemies":"Jaw Worm","floor":5,"turns":4},{"damage":27,"enemies":"3 Sentries","floor":7,"turns":7},{"damage":0,"enemies":"Cultist","floor":10,"turns":3},{"damage":0,"enemies":"Gremlin Gang","floor":11,"turns":3},{"damage":18,"enemies":"Large Slime","floor":13,"turns":5},{"damage":0,"enemies":"3 Louse","floor":14,"turns":2},{"damage":44,"enemies":"The Guardian","floor":16,"turns":9},{"damage":19,"enemies":"Spheric Guardian","floor":18,"turns":4},{"damage":12,"enemies":"Shell Parasite","floor":21,"turns":5},{"damage":0,"enemies":"Snecko","floor":22,"turns":2},{"damage":34,"enemies":"Gremlin Leader","floor":23,"turns":5},{"damage":34,"enemies":"Slavers","floor":25,"turns":4},{"damage":0,"enemies":"Cultist and Chosen","floor":27,"turns":5},{"damage":15,"enemies":"Colosseum Slavers","floor":30,"turns":4},{"damage":2,"enemies":"Colosseum Nobs","floor":30,"turns":4},{"damage":15,"enemies":"Collector","floor":33,"turns":4},{"damage":0,"enemies":"3 Darklings","floor":35,"turns":3},{"damage":22,"enemies":"2 Orb Walkers","floor":36,"turns":3},{"damage":0,"enemies":"Orb Walker","floor":38,"turns":2},{"damage":10,"enemies":"Giant Head","floor":40,"turns":5},{"damage":0,"enemies":"Transient","floor":46,"turns":5},{"damage":31,"enemies":"Nemesis","floor":47,"turns":3},{"damage":0,"enemies":"Maw","floor":48,"turns":3},{"damage":43,"enemies":"Awakened One","floor":50,"turns":5}],"seed_played":"-4962425124519185357","potions_obtained":[{"floor":0,"key":"FairyPotion"},{"floor":0,"key":"SpeedPotion"},{"floor":0,"key":"SpeedPotion"},{"floor":5,"key":"Energy Potion"},{"floor":14,"key":"DistilledChaos"},{"floor":22,"key":"ElixirPotion"},{"floor":23,"key":"Dexterity Potion"},{"floor":40,"key":"AttackPotion"},{"floor":47,"key":"SteroidPotion"}],"is_trial":false,"path_per_floor":["M","?","$","?","M","R","E","$","T","M","M","R","M","M","R","B",null,"M","?","?","M","M","E","R","E","T","M","?","T","?","$","R","B",null,"M","?","T","M","?","E","$","T","T","R","$","M","E","M","R","B",null],"character_chosen":"IRONCLAD","items_purchased":["HandOfGreed","Ice Cream","Iron Wave","Flash of Steel","Orichalcum","Rampage","Thunderclap","Mercury Hourglass","Brimstone","Anger","Bottled Flame","Orrery","Chemical X","DuplicationPotion"],"campfire_rested":4,"item_purchase_floors":[3,3,3,3,8,8,8,31,31,31,41,41,45,45],"current_hp_per_floor":[80,80,80,80,79,79,58,58,58,64,70,70,58,64,64,26,80,67,80,80,74,80,52,80,52,52,58,58,58,53,53,80,71,80,80,64,64,70,70,66,66,66,66,80,80,80,55,61,80,80],"gold":76,"neow_bonus":"THREE_SMALL_POTIONS","is_daily":false,"chose_seed":false,"campfire_upgraded":2,"win_rate":0.0,"timestamp":1611707882,"path_taken":["M","?","$","?","M","R","E","$","T","?","M","R","?","M","R","BOSS","M","?","?","M","M","E","R","E","T","M","?","?","?","$","R","BOSS","M","?","?","M","?","E","$","?","T","R","$","M","E","M","R","BOSS"],"items_purchased_type":["Card","Relic","Card","Card","Relic","Card","Card","Relic","Relic","Card","Relic","Relic","Relic","Potion"],"build_version":"2020-12-22","purchased_purges":2,"victory":true,"max_hp_per_floor":[80,80,80,80,80,80,80,80,80,80,80,80,80,80,80,80,80,80,80,80,80,80,80,80,80,80,80,80,80,80,80,80,80,80,80,80,80,80,80,80,80,80,80,80,80,80,80,80,80,80],"card_choices":[{"not_picked":["Body Slam","Havoc"],"picked":"Metallicize","floor":1},{"not_picked":["Pummel","Wild Strike"],"picked":"Combust","floor":5},{"not_picked":["True Grit","Clash"],"picked":"Pommel Strike","floor":7},{"not_picked":["Clash","Hemokinesis"],"picked":"Whirlwind","floor":10},{"not_picked":["Burning Pact","Infernal Blade"],"picked":"Perfected Strike","floor":11},{"not_picked":["Sentinel","Warcry"],"picked":"Whirlwind","floor":13},{"not_picked":["Pommel Strike","Heavy Blade"],"picked":"Perfected Strike","floor":14},{"not_picked":["Exhume","Corruption"],"picked":"Limit Break","floor":16},{"not_picked":["Reckless Charge","Headbutt+1"],"picked":"Perfected Strike","floor":18},{"not_picked":["Shockwave","Twin Strike+1"],"picked":"Perfected Strike+1","floor":21},{"not_picked":["Heavy Blade","Sword Boomerang"],"picked":"Uppercut","floor":22},{"not_picked":["Double Tap","Blood for Blood+1"],"picked":"Anger","floor":23},{"not_picked":["Berserk","Flame Barrier"],"picked":"Cleave+1","floor":25},{"not_picked":["Clothesline+1","Iron Wave+1"],"picked":"Cleave+1","floor":27},{"not_picked":["Body Slam","Metallicize"],"picked":"Shrug It Off","floor":30},{"not_picked":["Corruption","Fiend Fire"],"picked":"Reaper","floor":33},{"not_picked":["Fire Breathing+1","Headbutt+1"],"picked":"Twin Strike+1","floor":35},{"not_picked":["Cleave","Shrug It Off+1"],"picked":"Twin Strike","floor":36},{"not_picked":["Warcry","Combust"],"picked":"Thunderclap+1","floor":38},{"not_picked":["PanicButton","Purity"],"picked":"Flash of Steel","floor":39},{"not_picked":["Warcry+1","Clothesline"],"picked":"Flex+1","floor":40},{"not_picked":["Combust+1","Whirlwind+1"],"picked":"Thunderclap+1","floor":41},{"not_picked":["Sword Boomerang+1","Sentinel+1"],"picked":"Pommel Strike+1","floor":41},{"not_picked":["Warcry","Headbutt+1"],"picked":"Spot Weakness+1","floor":41},{"not_picked":["Dual Wield","Barricade"],"picked":"Armaments+1","floor":41},{"not_picked":["Armaments","Sword Boomerang"],"picked":"Perfected Strike+1","floor":41},{"not_picked":["Heavy Blade+1","Burning Pact+1"],"picked":"Perfected Strike+1","floor":46},{"not_picked":["Headbutt+1","Flex+1"],"picked":"Searing Blow+1","floor":47},{"not_picked":["Pummel+1","Sentinel"],"picked":"Intimidate+1","floor":48}],"player_experience":106653,"relics_obtained":[{"floor":7,"key":"Regal Pillow"},{"floor":23,"key":"Vajra"},{"floor":25,"key":"Darkstone Periapt"},{"floor":26,"key":"FossilizedHelix"},{"floor":29,"key":"Sundial"},{"floor":30,"key":"Peace Pipe"},{"floor":30,"key":"Ornamental Fan"},{"floor":36,"key":"Ginger"},{"floor":37,"key":"Bag of Preparation"},{"floor":40,"key":"Old Coin"},{"floor":42,"key":"MealTicket"},{"floor":43,"key":"Potion Belt"},{"floor":47,"key":"Molten Egg 2"}],"event_choices":[{"damage_healed":80,"gold_gain":0,"player_choice":"Embrace Burn","damage_taken":0,"max_hp_gain":0,"max_hp_loss":80,"event_name":"betterThird:BetterShining","floor":2,"gold_loss":0},{"damage_healed":0,"gold_gain":275,"player_choice":"Desecrate","damage_taken":0,"max_hp_gain":0,"max_hp_loss":0,"event_name":"Golden Shrine","floor":4,"gold_loss":0,"cards_obtained":["Regret"]},{"damage_healed":26,"gold_gain":0,"player_choice":"Heal","damage_taken":0,"max_hp_gain":0,"max_hp_loss":0,"event_name":"The Library","floor":19,"gold_loss":0},{"damage_healed":0,"gold_gain":0,"player_choice":"Opened","damage_taken":0,"relics_obtained":["War Paint"],"max_hp_gain":0,"max_hp_loss":0,"event_name":"The Mausoleum","floor":20,"gold_loss":0},{"damage_healed":0,"gold_gain":0,"player_choice":"Obtained Relic","damage_taken":0,"relics_obtained":["Tiny Chest"],"max_hp_gain":0,"max_hp_loss":0,"event_name":"Addict","floor":28,"gold_loss":85},{"damage_healed":0,"gold_gain":0,"player_choice":"Fight","damage_taken":0,"max_hp_gain":0,"max_hp_loss":0,"event_name":"Colosseum","floor":30,"gold_loss":0},{"damage_healed":0,"gold_gain":0,"player_choice":"Fought Nobs","damage_taken":0,"max_hp_gain":0,"max_hp_loss":0,"event_name":"Colosseum","floor":30,"gold_loss":0},{"damage_healed":0,"gold_gain":0,"player_choice":"Fight","damage_taken":0,"max_hp_gain":0,"max_hp_loss":0,"event_name":"Mysterious Sphere","floor":36,"gold_loss":0},{"damage_healed":0,"gold_gain":0,"player_choice":"Memory 1","damage_taken":0,"max_hp_gain":0,"max_hp_loss":0,"event_name":"SensoryStone","floor":39,"gold_loss":0}],"is_beta":false,"boss_relics":[{"not_picked":["Philosopher\u0027s Stone","Empty Cage"],"picked":"Fusion Hammer"},{"not_picked":["Runic Pyramid","Astrolabe"],"picked":"SlaversCollar"}],"items_purged_floors":[3,8],"is_endless":false,"potions_floor_spawned":[5,10,14,22,23,25,27,30,40,47],"ascension_level":0}}