{"host":"ctlqibkg0sskiu65","time":1611731357,"event":{"mods":["AchievementEnabler","Aspiration","BaseMod","BetterRewards","Colored Map","Colored Powertips","Conspire","Fiend Mod","Infinite Spire","Minty Spire (QoL Compilation)","Quick Restart","Replay The Spire","Shop Mod","StSLib","The Bladedancer","The Cursed","The Hierophant","The Jungle","The Kombatant","The Servant 0.9.4","TheBandit"],"gold_per_floor":[114,94,105,54,54,54,74,100,100,100,123,142,107,107,127,162,162,236,236,253,203,221,238,257,257,257],"floor_reached":25,"language":"ENG","playtime":951,"items_purged":["Strike_G"],"score":595,"play_id":"96e9a4f7-20c9-409e-8552-af8513121ce0","local_time":"20210127010917","is_ascension_mode":true,"campfire_choices":[{"data":"Poisoned Stab","floor":10.0,"key":"SMITH"},{"data":"Poisoned Stab","floor":14.0,"key":"SMITH"},{"floor":17.0,"key":"REST"}],"circlet_count":0,"master_deck":["AscendersBane","Strike_G+1","Strike_G","Strike_G","Strike_G","Defend_G","Defend_G","Defend_G","Defend_G","Defend_G","Survivor","Neutralize","Dodge and Roll+1","Poisoned Stab","Poisoned Stab+1","Slice","Poisoned Stab+1","Noxious Fumes","Leg Sweep","After Image","Noxious Fumes","Backflip","PiercingWail"],"relics":["Ring of the Snake","Membership Card","MealTicket","Oddly Smooth Stone","The Courier","ReplayFunnel","Replay:Baseball","Cursed Key"],"acts_visited":["Exordium","TheCity"],"potions_floor_usage":[],"damage_taken":[{"damage":5.0,"enemies":"Cultist","floor":1.0,"turns":6.0},{"damage":0.0,"enemies":"Jaw Worm","floor":3.0,"turns":6.0},{"damage":0.0,"enemies":"2 Louse","floor":7.0,"turns":4.0},{"damage":33.0,"enemies":"Lagavulin","floor":8.0,"turns":7.0},{"damage":6.0,"enemies":"Exordium Wildlife","floor":12.0,"turns":5.0},{"damage":2.0,"enemies":"Red Slaver","floor":15.0,"turns":6.0},{"damage":14.0,"enemies":"Gremlin Nob","floor":16.0,"turns":4.0},{"damage":19.0,"enemies":"The Guardian","floor":18.0,"turns":9.0},{"damage":19.0,"enemies":"2 Thieves","floor":20.0,"turns":5.0},{"damage":3.0,"enemies":"Shell Parasite","floor":22.0,"turns":6.0},{"damage":0.0,"enemies":"Centurion and Healer","floor":23.0,"turns":6.0},{"damage":16.0,"enemies":"3 Cultists","floor":24.0,"turns":7.0},{"damage":24,"enemies":"Gremlin Leader","floor":25,"turns":3}],"seed_played":"7603128446257517489","potions_obtained":[{"floor":1.0,"key":"Block Potion"},{"floor":2.0,"key":"Milkshake"},{"floor":3.0,"key":"DistilledChaos"},{"floor":16.0,"key":"Languid Potion"},{"floor":18.0,"key":"Weak Potion"},{"floor":20.0,"key":"SteroidPotion"},{"floor":22.0,"key":"Explosive Potion"}],"is_trial":false,"path_per_floor":["M","?","M","$","PTL","PTL","M","E","?","R","T","M","?","R","M","E","R","B",null,"M","?","M","M","M","E"],"character_chosen":"THE_SILENT","items_purchased":["Membership Card","MealTicket","Poisoned Stab"],"campfire_rested":1,"item_purchase_floors":[0,0,4],"current_hp_per_floor":[54,54,54,66,66,66,66,33,28,28,28,22,38,38,36,22,41,22,55,36,36,33,33,17,0,0],"gold":257,"neow_bonus":"","is_daily":false,"chose_seed":false,"campfire_upgraded":2,"win_rate":0.0,"timestamp":1611731357,"path_taken":["M","?","M","$","PTL","PTL","?","E","?","R","T","M","?","R","M","E","R","BOSS","M","?","M","?","M","E"],"items_purchased_type":["Relic","Relic","Card"],"build_version":"2020-12-22","purchased_purges":1,"victory":false,"max_hp_per_floor":[66,66,66,66,66,66,66,66,66,66,66,66,66,66,66,66,66,66,66,66,66,66,66,66,66,66],"card_choices":[{"not_picked":["Bane","Finisher"],"picked":"Dodge and Roll","floor":1.0},{"not_picked":["Heel Hook","Envenom"],"picked":"Poisoned Stab","floor":3.0},{"not_picked":["Flechettes","Draining Mist","Blur"],"picked":"SKIP","floor":7.0},{"not_picked":["Underhanded Strike","Slice","Endless Agony"],"picked":"SKIP","floor":8.0},{"not_picked":["Underhanded Strike","Endless Agony"],"picked":"Slice","floor":8.0},{"not_picked":["Dodge and Roll","Acrobatics"],"picked":"Poisoned Stab","floor":12.0},{"not_picked":["Acrobatics","Quick Slash"],"picked":"Noxious Fumes","floor":15.0},{"not_picked":["Blade Dance","Flying Knee"],"picked":"Leg Sweep","floor":16.0},{"not_picked":["Unload","Grand Finale"],"picked":"After Image","floor":18.0},{"not_picked":["Prepared","Escape Plan"],"picked":"Noxious Fumes","floor":20.0},{"not_picked":["Infinite Blades","Acrobatics"],"picked":"Backflip","floor":22.0},{"not_picked":["Poisoned Stab","ReplayTheSpireMod:Exploit Weakness+1"],"picked":"PiercingWail","floor":23.0},{"not_picked":["Poisoned Stab","Backflip","Slice"],"picked":"SKIP","floor":24.0}],"player_experience":251749,"relics_obtained":[{"floor":8.0,"key":"Oddly Smooth Stone"},{"floor":11.0,"key":"ReplayFunnel"},{"floor":16.0,"key":"Replay:Baseball"}],"event_choices":[{"damage_healed":0.0,"max_hp_gain":0.0,"max_hp_loss":0.0,"gold_gain":0.0,"event_name":"The Woman in Blue","player_choice":"Bought 1 Potion","floor":2.0,"gold_loss":0.0,"damage_taken":0.0},{"damage_healed":0.0,"max_hp_gain":0.0,"max_hp_loss":0.0,"gold_gain":0.0,"event_name":"Scrap Ooze","player_choice":"Success","floor":9.0,"gold_loss":0.0,"damage_taken":5.0,"relics_obtained":["The Courier"]},{"damage_healed":16.0,"max_hp_gain":0.0,"max_hp_loss":0.0,"gold_gain":0.0,"event_name":"The Cleric","player_choice":"Healed","floor":13.0,"gold_loss":35.0,"damage_taken":0.0},{"damage_healed":0.0,"max_hp_gain":0.0,"max_hp_loss":0.0,"gold_gain":0.0,"event_name":"Designer","player_choice":"Upgraded Two","floor":21.0,"gold_loss":50.0,"damage_taken":0.0,"cards_upgraded":["Strike_G","Dodge and Roll"]}],"is_beta":false,"boss_relics":[{"not_picked":["Velvet Choker","aspiration:SecretTechniqueScroll"],"picked":"Cursed Key"}],"items_purged_floors":[4],"is_endless":false,"potions_floor_spawned":[1,3,16,18,20,22],"killed_by":"Gremlin Leader","ascension_level":18}}