{"host":"mnpd8gh7cwxsn5kh","time":1611777724,"event":{"mods":["BaseMod","Block Reminder","Colored Map","Colored Powertips","Highlight Path","Minty Spire (QoL Compilation)","Relic Sorter","Relic Stats"],"gold_per_floor":[117,87,98,109,121,150,150,34,34,64,80,51,51,51,51,153,153,173,200,200,210,230,256,256,68,68,68,84,98,98,98,98,203,203,213,213,227,242,259,293,293,149,149,168,168,168,168,168,168,168],"floor_reached":51,"language":"ENG","playtime":3883,"items_purged":["Shame"],"score":882,"play_id":"2b901299-566c-494d-bd96-93ea11fa1c99","local_time":"20210127210204","is_ascension_mode":true,"campfire_choices":[{"floor":13,"key":"REST"},{"data":"BattleHymn","floor":15,"key":"SMITH"},{"data":"Evaluate","floor":24,"key":"SMITH"},{"data":"Fasting2","floor":32,"key":"SMITH"},{"data":"Blasphemy","floor":41,"key":"SMITH"},{"data":"Nirvana","floor":45,"key":"SMITH"},{"data":"Evaluate","floor":47,"key":"SMITH"},{"floor":49,"key":"RECALL"}],"circlet_count":0,"master_deck":["Strike_P+1","Strike_P+1","Strike_P+1","Defend_P+1","Defend_P+1","Defend_P+1","Defend_P+1","Eruption+1","Vigilance+1","SashWhip+1","WheelKick+1","InnerPeace+1","Consecrate+1","Judgement+1","CutThroughFate+1","BattleHymn+1","CutThroughFate+1","FlurryOfBlows+1","Evaluate+1","Ragnarok+1","FlurryOfBlows+1","ThirdEye+1","Meditate+1","CutThroughFate+1","ClearTheMind+1","Blasphemy+1","LikeWater+1","Evaluate+1","Fasting2+1","Evaluate+1","Conclude+1","SandsOfTime+1","CarveReality+1","Evaluate+1","FearNoEvil+1","Protect+1","Nirvana+1"],"relics":["Runic Dome","Lantern","Pantograph","Prayer Wheel","Coffee Dripper","Red Mask","Damaru","Mercury Hourglass","MealTicket","Ornamental Fan","Busted Crown","Blood Vial","Melange","Shuriken","Mark of the Bloom"],"acts_visited":["Exordium","TheCity","TheBeyond"],"potions_floor_usage":[5,16,16,28,40,50,50,50],"damage_taken":[{"damage":0,"enemies":"2 Louse","floor":1,"turns":4},{"damage":0,"enemies":"Cultist","floor":3,"turns":3},{"damage":0,"enemies":"Small Slimes","floor":4,"turns":2},{"damage":18,"enemies":"Exordium Thugs","floor":5,"turns":4},{"damage":30,"enemies":"Lagavulin","floor":6,"turns":6},{"damage":20,"enemies":"3 Sentries","floor":10,"turns":3},{"damage":0,"enemies":"Blue Slaver","floor":11,"turns":2},{"damage":20,"enemies":"The Guardian","floor":16,"turns":7},{"damage":6,"enemies":"Chosen","floor":18,"turns":3},{"damage":0,"enemies":"Masked Bandits","floor":19,"turns":2},{"damage":6,"enemies":"2 Thieves","floor":21,"turns":2},{"damage":0,"enemies":"Cultist and Chosen","floor":22,"turns":3},{"damage":34,"enemies":"Slavers","floor":23,"turns":5},{"damage":0,"enemies":"Chosen and Byrds","floor":28,"turns":4},{"damage":18,"enemies":"Snake Plant","floor":29,"turns":3},{"damage":4,"enemies":"Automaton","floor":33,"turns":6},{"damage":10,"enemies":"3 Shapes","floor":35,"turns":3},{"damage":4,"enemies":"Orb Walker","floor":37,"turns":2},{"damage":8,"enemies":"Spire Growth","floor":38,"turns":4},{"damage":20,"enemies":"Transient","floor":39,"turns":5},{"damage":19,"enemies":"Reptomancer","floor":40,"turns":5},{"damage":11,"enemies":"Maw","floor":44,"turns":5},{"damage":22,"enemies":"Donu and Deca","floor":50,"turns":8}],"seed_played":"-1609023225915857061","potions_obtained":[{"floor":2,"key":"EssenceOfSteel"},{"floor":2,"key":"EssenceOfSteel"},{"floor":4,"key":"FearPotion"},{"floor":5,"key":"Weak Potion"},{"floor":18,"key":"SpeedPotion"},{"floor":19,"key":"FearPotion"},{"floor":29,"key":"AttackPotion"},{"floor":37,"key":"Regen Potion"},{"floor":44,"key":"Ancient Potion"}],"is_trial":false,"path_per_floor":["M","?","M","M","M","E","?","$","T","E","M","?","R","?","R","B",null,"M","?","?","M","M","E","R","$","T","T","M","M","?","?","R","B",null,"M","?","M","M","M","E","R","$","T","M","R","?","R","?","R","B",null],"character_chosen":"WATCHER","items_purchased":["CutThroughFate","BattleHymn","Fasting2","Regen Potion","Melange"],"campfire_rested":1,"item_purchase_floors":[8,8,25,25,42],"current_hp_per_floor":[72,72,72,72,54,24,24,24,24,4,4,4,25,25,25,30,72,66,66,66,60,60,26,26,26,26,26,38,20,44,31,31,52,77,67,87,83,75,55,50,50,65,65,56,56,56,56,56,56,34],"gold":168,"neow_bonus":"BOSS_RELIC","is_daily":false,"chose_seed":false,"campfire_upgraded":6,"win_rate":0.0,"timestamp":1611777724,"path_taken":["M","?","M","?","M","E","?","?","T","E","?","?","R","?","R","BOSS","M","?","?","M","M","E","R","$","T","?","?","M","?","?","R","BOSS","M","?","?","M","M","E","R","$","T","M","R","?","R","?","R","BOSS"],"items_purchased_type":["Card","Card","Card","Potion","Relic"],"build_version":"2020-12-22","purchased_purges":1,"victory":true,"max_hp_per_floor":[72,72,72,72,72,72,72,72,72,72,72,72,72,72,72,72,72,72,72,72,72,72,72,72,72,72,72,72,72,72,77,77,77,77,77,87,87,87,87,87,87,87,87,87,87,87,87,87,87,87],"relic_stats":{"Blood Vial":2,"Mark of the Bloom":27,"Busted Crown":22,"counters":[23,91],"Ornamental Fan":[120],"Shuriken":[9],"Pantograph":50,"Melange":[3],"Prayer Wheel":11,"MealTicket":15,"obtain_stats":[{"Lantern":6,"Mark of the Bloom":48,"Damaru":20,"Melange":42,"Mercury Hourglass":23,"Blood Vial":40,"Runic Dome":0,"Busted Crown":34,"Ornamental Fan":27,"Shuriken":43,"Pantograph":9,"Prayer Wheel":10,"MealTicket":26,"Coffee Dripper":17,"Red Mask":19,"PureWater":0},{"Lantern":5,"Mark of the Bloom":22,"Damaru":10,"Melange":21,"Mercury Hourglass":13,"Blood Vial":21,"Runic Dome":0,"Busted Crown":16,"Ornamental Fan":13,"Shuriken":21,"Pantograph":5,"Prayer Wheel":6,"MealTicket":13,"Coffee Dripper":8,"Red Mask":10,"PureWater":0},{"Lantern":19,"Mark of the Bloom":83,"Damaru":36,"Melange":78,"Mercury Hourglass":46,"Blood Vial":78,"Runic Dome":0,"Busted Crown":59,"Ornamental Fan":46,"Shuriken":78,"Pantograph":19,"Prayer Wheel":22,"MealTicket":46,"Coffee Dripper":31,"Red Mask":36,"PureWater":0}],"Mercury Hourglass":[174]},"card_choices":[{"not_picked":["EmptyBody","PathToVictory"],"picked":"SashWhip","floor":1},{"not_picked":["Crescendo","BowlingBash"],"picked":"WheelKick","floor":3},{"not_picked":["EmptyFist","ThirdEye"],"picked":"InnerPeace","floor":4},{"not_picked":["Swivel","Perseverance"],"picked":"Consecrate","floor":5},{"not_picked":["Swivel","BowlingBash"],"picked":"Judgement","floor":6},{"not_picked":["EmptyBody","TalkToTheHand"],"picked":"CutThroughFate","floor":10},{"not_picked":["Crescendo","BowlingBash"],"picked":"FlurryOfBlows","floor":11},{"not_picked":["BowlingBash","SignatureMove"],"picked":"Evaluate","floor":11},{"not_picked":["Scrawl","DevaForm"],"picked":"Ragnarok","floor":16},{"not_picked":["BowlingBash+1","Swivel"],"picked":"FlurryOfBlows","floor":18},{"not_picked":["CarveReality","BowlingBash"],"picked":"ThirdEye","floor":18},{"not_picked":["FollowUp","CrushJoints"],"picked":"Meditate","floor":19},{"not_picked":["Prostrate+1","Evaluate"],"picked":"CutThroughFate","floor":21},{"not_picked":["Consecrate+1","FlurryOfBlows"],"picked":"ClearTheMind","floor":21},{"not_picked":["Wireheading","Tantrum+1"],"picked":"Blasphemy","floor":22},{"not_picked":["BowlingBash+1","Consecrate"],"picked":"LikeWater","floor":22},{"not_picked":["PathToVictory","CutThroughFate"],"picked":"Evaluate","floor":23},{"not_picked":["Pray","Nirvana"],"picked":"Evaluate","floor":28},{"not_picked":["Omniscience","FearNoEvil"],"picked":"Conclude+1","floor":28},{"not_picked":["Crescendo","Evaluate"],"picked":"SandsOfTime","floor":29},{"not_picked":["EmptyBody","SashWhip","Indignation"],"picked":"SKIP","floor":29},{"not_picked":["Ragnarok","Brilliance"],"picked":"DeusExMachina","floor":33},{"not_picked":[],"picked":"CarveReality+1","floor":35},{"not_picked":["CrushJoints"],"picked":"SKIP","floor":35},{"not_picked":[],"picked":"Evaluate+1","floor":37},{"not_picked":["EmptyBody"],"picked":"SKIP","floor":37},{"not_picked":[],"picked":"FearNoEvil+1","floor":38},{"not_picked":[],"picked":"Protect","floor":38},{"not_picked":[],"picked":"Nirvana","floor":39},{"not_picked":["FollowUp+1"],"picked":"SKIP","floor":39},{"not_picked":["BowlingBash+1"],"picked":"SKIP","floor":40},{"not_picked":["Crescendo+1"],"picked":"SKIP","floor":44},{"not_picked":["Consecrate+1"],"picked":"SKIP","floor":44}],"player_experience":118466,"relics_obtained":[{"floor":6,"key":"Lantern"},{"floor":9,"key":"Pantograph"},{"floor":10,"key":"Prayer Wheel"},{"floor":19,"key":"Red Mask"},{"floor":23,"key":"Mercury Hourglass"},{"floor":26,"key":"MealTicket"},{"floor":27,"key":"Ornamental Fan"},{"floor":40,"key":"Blood Vial"},{"floor":43,"key":"Shuriken"}],"event_choices":[{"damage_healed":0,"gold_gain":0,"player_choice":"Bought 2 Potions","damage_taken":0,"max_hp_gain":0,"max_hp_loss":0,"event_name":"The Woman in Blue","floor":2,"gold_loss":0},{"damage_healed":0,"gold_gain":0,"player_choice":"Upgraded","damage_taken":0,"max_hp_gain":0,"max_hp_loss":0,"event_name":"Upgrade Shrine","floor":7,"gold_loss":0,"cards_upgraded":["Eruption"]},{"damage_healed":0,"gold_gain":0,"player_choice":"Left Gold","damage_taken":0,"max_hp_gain":0,"max_hp_loss":0,"event_name":"World of Goop","floor":12,"gold_loss":29},{"damage_healed":0,"gold_gain":0,"player_choice":"Searched \u00270\u0027 times","damage_taken":0,"max_hp_gain":0,"max_hp_loss":0,"event_name":"Dead Adventurer","floor":14,"gold_loss":0},{"damage_healed":0,"gold_gain":0,"player_choice":"Fought Bandits","damage_taken":0,"max_hp_gain":0,"max_hp_loss":0,"event_name":"Masked Bandits","floor":19,"gold_loss":0},{"damage_healed":0,"gold_gain":0,"player_choice":"Stole Relic","damage_taken":0,"relics_obtained":["Damaru"],"max_hp_gain":0,"max_hp_loss":0,"event_name":"Addict","floor":20,"gold_loss":0,"cards_obtained":["Shame"]},{"damage_healed":24,"gold_gain":0,"player_choice":"Heal","damage_taken":0,"max_hp_gain":0,"max_hp_loss":0,"event_name":"The Library","floor":30,"gold_loss":0},{"damage_healed":0,"gold_gain":0,"player_choice":"Shed Blood","damage_taken":18,"max_hp_gain":5,"max_hp_loss":0,"event_name":"Forgotten Altar","floor":31,"gold_loss":0},{"cards_removed":["DeusExMachina"],"damage_healed":10,"gold_gain":0,"player_choice":"Offered Rare","damage_taken":0,"max_hp_gain":10,"max_hp_loss":0,"event_name":"Bonfire Elementals","floor":36,"gold_loss":0},{"cards_removed":["Strike_P"],"damage_healed":0,"gold_gain":0,"player_choice":"Removed Attack","damage_taken":0,"max_hp_gain":0,"max_hp_loss":0,"event_name":"Falling","floor":46,"gold_loss":0},{"damage_healed":0,"gold_gain":0,"player_choice":"Upgrade","damage_taken":0,"relics_obtained":["Mark of the Bloom"],"max_hp_gain":0,"max_hp_loss":0,"event_name":"MindBloom","floor":48,"gold_loss":0,"cards_upgraded":["Strike_P","Strike_P","Strike_P","Defend_P","Defend_P","Defend_P","Defend_P","Vigilance","SashWhip","WheelKick","InnerPeace","Consecrate","Judgement","CutThroughFate","CutThroughFate","FlurryOfBlows","Ragnarok","FlurryOfBlows","ThirdEye","Meditate","CutThroughFate","ClearTheMind","LikeWater","Evaluate","SandsOfTime","Protect"]}],"is_beta":false,"boss_relics":[{"not_picked":["Velvet Choker","Ectoplasm"],"picked":"Coffee Dripper"},{"not_picked":["SlaversCollar","VioletLotus"],"picked":"Busted Crown"}],"items_purged_floors":[25],"is_endless":false,"potions_floor_spawned":[4,5,10,11,18,19,29,37,44],"ascension_level":3}}