{"host":"3vhe2wr81aw5r9bm","time":1611720651,"event":{"mods":["AchievementEnabler","BaseMod","Colored Powertips","Hermit","Lobotomy","Minty Spire (QoL Compilation)","Quick Restart","Replay The Spire","StSLib"],"gold_per_floor":[115,129,147,161,178,206,206,206,206,206,240,255,266,278,278,278,278],"floor_reached":16,"language":"ENG","playtime":1880,"items_purged":[],"score":122,"play_id":"c9636a21-509c-4278-9329-9fbfbca3dce9","local_time":"20210126231051","is_ascension_mode":true,"campfire_choices":[{"floor":8,"key":"REST"},{"data":"hermit:BigShot","floor":10,"key":"SMITH"},{"floor":15,"key":"REST"}],"circlet_count":0,"master_deck":["hermit:Strike_Hermit","hermit:Strike_Hermit","hermit:Strike_Hermit","hermit:Strike_Hermit","hermit:Defend_Hermit","hermit:Defend_Hermit","hermit:Defend_Hermit","hermit:Defend_Hermit","hermit:Snapshot","hermit:Covet","LittleHelper","hermit:SprayPray","HappyTeddy","hermit:FlashPowder","CherryBlossoms","hermit:BigShot+1","Wellcheers","hermit:TakeAim","CrumblingArmor","hermit:Enervate","OSAHOGD","hermit:Gambit","Rudolta","hermit:Headshot","MHz","hermit:Gambit","WallGazer","hermit:LoneWolf","DespairKnight","hermit:Midnight"],"relics":["hermit:Momento","CogitoBucket","Art of War","NlothsMask","Quantum Egg","BackwardClock"],"acts_visited":["Exordium"],"potions_floor_usage":[6,12,14,16],"damage_taken":[{"damage":6,"enemies":"Jaw Worm","floor":1,"turns":3},{"damage":6,"enemies":"Cultist","floor":2,"turns":3},{"damage":6,"enemies":"2 Louse","floor":3,"turns":2},{"damage":5,"enemies":"Large Slime","floor":4,"turns":6},{"damage":8,"enemies":"Lots of Slimes","floor":5,"turns":4},{"damage":15,"enemies":"Replay:BlueRogue","floor":6,"turns":5},{"damage":22,"enemies":"Gremlin Nob","floor":11,"turns":3},{"damage":28,"enemies":"Red Slaver","floor":12,"turns":12},{"damage":4,"enemies":"Looter","floor":13,"turns":2},{"damage":2,"enemies":"Blue Slaver","floor":14,"turns":1},{"damage":35,"enemies":"Hexaghost","floor":16,"turns":7}],"seed_played":"-5623715128591703382","potions_obtained":[{"floor":2,"key":"Elixir"},{"floor":3,"key":"Fire Potion"},{"floor":11,"key":"Dexterity Potion"},{"floor":12,"key":"Fire Potion"},{"floor":13,"key":"Weak Potion"}],"is_trial":false,"path_per_floor":["M","M","M","M","M","E","?","R","T","R","E","M","M","M","R","B"],"character_chosen":"HERMIT","items_purchased":[],"campfire_rested":2,"item_purchase_floors":[],"current_hp_per_floor":[69,63,57,52,47,32,32,54,54,54,35,13,9,7,29,0,0],"gold":278,"neow_bonus":"","is_daily":false,"chose_seed":false,"campfire_upgraded":1,"win_rate":0.0,"timestamp":1611720651,"path_taken":["M","M","M","M","M","E","?","R","T","R","E","M","M","M","R","BOSS"],"items_purchased_type":[],"build_version":"2020-12-22","purchased_purges":0,"victory":false,"max_hp_per_floor":[75,75,75,75,75,75,75,75,75,75,75,75,75,75,75,75,75],"card_choices":[{"not_picked":["FairyFestival","SnowQueen"],"picked":"LittleHelper","floor":1},{"not_picked":["hermit:Roulette","hermit:Misfire"],"picked":"hermit:SprayPray","floor":1},{"not_picked":["OldLady","SpiderBud"],"picked":"HappyTeddy","floor":2},{"not_picked":["hermit:WideOpen","hermit:LuckOfTheDraw"],"picked":"hermit:FlashPowder","floor":2},{"not_picked":["ShyLook","UniverseFragment"],"picked":"CherryBlossoms","floor":3},{"not_picked":["hermit:Maintenance","hermit:Feint"],"picked":"hermit:BigShot","floor":3},{"not_picked":["Laetitia","LittlePrince"],"picked":"Wellcheers","floor":4},{"not_picked":["hermit:TrackingShot","hermit:Glare"],"picked":"hermit:TakeAim","floor":4},{"not_picked":["SnowQueen","OSAHOGD"],"picked":"CrumblingArmor","floor":5},{"not_picked":["hermit:LowProfile","hermit:Virtue"],"picked":"hermit:Enervate","floor":5},{"not_picked":["MeatLantern","UniverseFragment"],"picked":"OSAHOGD","floor":6},{"not_picked":["hermit:Gestalt","hermit:CalledShot"],"picked":"hermit:Gambit","floor":6},{"not_picked":["Scorched","Murderer"],"picked":"Rudolta","floor":11},{"not_picked":["hermit:WideOpen","hermit:NoHoldsBarred"],"picked":"hermit:Headshot","floor":11},{"not_picked":["BeautyBeast","PunishingBird"],"picked":"MHz","floor":12},{"not_picked":["hermit:Feint","hermit:Desperado"],"picked":"hermit:Gambit","floor":12},{"not_picked":["SpiderBud","MeatLantern"],"picked":"WallGazer","floor":13},{"not_picked":["hermit:Cheat","hermit:CalledShot"],"picked":"hermit:LoneWolf","floor":13},{"not_picked":["RedShoes","SpiderBud"],"picked":"DespairKnight","floor":14},{"not_picked":["hermit:Dive","hermit:Glare"],"picked":"hermit:Midnight","floor":14}],"player_experience":335338,"relics_obtained":[{"floor":6,"key":"Art of War"},{"floor":11,"key":"Quantum Egg"}],"event_choices":[{"damage_healed":0,"gold_gain":0,"player_choice":"Trade","damage_taken":0,"relics_obtained":["NlothsMask"],"max_hp_gain":0,"max_hp_loss":0,"event_name":"FaceTrader","floor":7,"gold_loss":0}],"is_beta":false,"boss_relics":[],"items_purged_floors":[],"is_endless":false,"potions_floor_spawned":[2,3,11,12,13],"killed_by":"Hexaghost","ascension_level":1}}