{"host":"jbj9vjxoxc0v9q6j","time":1611778326,"event":{"mods":["BaseMod","Downfall","Hermit","Minty Spire (QoL Compilation)","Replay The Spire","Shop Mod","StSLib","The Disciple","The Runesmith"],"gold_per_floor":[99,159,159,159,159,259,283,283,301,311,311,311,16,16,35,99,111,216,216,216,227,277,294,356,356,406,406,438,488,488,41,64,114,133,240,240,240,258,308,406,425,429,429,429],"floor_reached":42,"language":"ENG","playtime":4006,"items_purged":["Slimebound:Strike_Slimebound","Injury"],"score":500,"play_id":"1898a82e-a3da-4330-8a77-7e347ab0eee7","local_time":"20210127151206","is_ascension_mode":true,"campfire_choices":[{"data":"Slimebound:Split","floor":1.0,"key":"SMITH"},{"floor":8.0,"key":"REST"},{"data":"Slimebound:LeadByExample","floor":14.0,"key":"SMITH"},{"data":"Slimebound:LevelUp","floor":20.0,"key":"SMITH"},{"data":"Slimebound:OozeBath","floor":25.0,"key":"SMITH"},{"data":"Slimebound:AcidTongue","floor":27.0,"key":"SMITH"},{"data":"Slimebound:SlimeBarrage","floor":30.0,"key":"SMITH"},{"data":"Slimebound:DouseInSlime","floor":37,"key":"SMITH"}],"circlet_count":0,"master_deck":["Slimebound:Strike_Slimebound","Slimebound:Tackle","Slimebound:Defend_Slimebound","Slimebound:Defend_Slimebound","Slimebound:Defend_Slimebound","Slimebound:Split+1","Slimebound:CorrosiveSpit","Slimebound:LevelUp+1","Slimebound:Prepare","Slimebound:Schlurp","Slimebound:SplitLeeching","Slimebound:SamplingLick","Slimebound:AcidTongue+1","Slimebound:SplitBruiser","Slimebound:LeadByExample+1","Slimebound:MegaLick","Slimebound:SplitMire","Slimebound:SplitMire","Slimebound:SplitLeeching","Slimebound:OozeBath+1","Slimebound:SplitBruiser","Slimebound:LevelUp+1","Slimebound:PressTheAttack+1","Slimebound:LevelUp","Slimebound:SlimeBarrage+1","Slimebound:LivingWall","Slimebound:SlimeSpikes","Slimebound:Prepare","Slimebound:DouseInSlime+1","Slimebound:Schlurp","expansioncontent:AwakenDeath","Slimebound:SplitLeeching+1","Slimebound:FlameTackle"],"relics":["Slimebound:AbsorbEndCombat","downfall:HeartsMalice","TungstenRod","downfall:CloakOfManyFaces","CultistMask","FaceOfCleric","NlothsMask","GremlinMask","SsserpentHead","Replay:Grab Bag","Velvet Choker","Cursed Key","Empty Cage","Lantern","Garlic","Replay:Bandana","MerchantsRug","Replay:Bronze Core","Replay:Towering Pillar of Hats"],"acts_visited":["Exordium","TheCity","TheBeyond"],"potions_floor_usage":[40],"damage_taken":[{"damage":0.0,"enemies":"Lagavulin Event","floor":2.0,"turns":1.0},{"damage":0.0,"enemies":"Small Slimes","floor":3.0,"turns":1.0},{"damage":0.0,"enemies":"Jaw Worm","floor":5.0,"turns":1.0},{"damage":68.0,"enemies":"downfall:FaceTrader","floor":6.0,"turns":12.0},{"damage":0.0,"enemies":"Cultist","floor":9.0,"turns":3.0},{"damage":7.0,"enemies":"Blue Slaver","floor":10.0,"turns":3.0},{"damage":0.0,"enemies":"downfall:FleeingMerchant","floor":13.0,"turns":4.0},{"damage":3.0,"enemies":"Gremlin Gang","floor":15.0,"turns":4.0},{"damage":13.0,"enemies":"3 Louse","floor":16.0,"turns":3.0},{"damage":1.0,"enemies":"Large Slime","floor":17.0,"turns":3.0},{"damage":10.0,"enemies":"IC_STATUS_ARCHETYPE","floor":18.0,"turns":7.0},{"damage":4.0,"enemies":"Spheric Guardian","floor":21.0,"turns":5.0},{"damage":3.0,"enemies":"Shell Parasite","floor":23.0,"turns":4.0},{"damage":10.0,"enemies":"Shelled Parasite and Fungi","floor":24.0,"turns":4.0},{"damage":32.0,"enemies":"Gremlin Leader","floor":28.0,"turns":4.0},{"damage":0.0,"enemies":"downfall:FleeingMerchant","floor":31.0,"turns":4.0},{"damage":8.0,"enemies":"Snake Plant","floor":32.0,"turns":4.0},{"damage":7.0,"enemies":"Snecko","floor":34.0,"turns":5.0},{"damage":29.0,"enemies":"DF_ARCHETYPE_CLAW","floor":35.0,"turns":7.0},{"damage":0,"enemies":"3 Shapes","floor":38,"turns":6},{"damage":83,"enemies":"2 Orb Walkers","floor":40,"turns":6},{"damage":16,"enemies":"Orb Walker","floor":41,"turns":4},{"damage":32,"enemies":"Writhing Mass","floor":42,"turns":2}],"seed_played":"830905611277871368","potions_obtained":[{"floor":2.0,"key":"sneckomod:MuddlingPotion"},{"floor":9.0,"key":"PowerPotion"},{"floor":15.0,"key":"Dexterity Potion"},{"floor":23.0,"key":"Fire Potion"},{"floor":28.0,"key":"FairyPotion"},{"floor":33.0,"key":"CultistPotion"},{"floor":40,"key":"DuplicationPotion"},{"floor":41,"key":"Adrenaline Potion"}],"is_trial":false,"path_per_floor":["R","?","M","?","M","?","T","R","M","M","PTL","PTL","$","R","M","M","M","B",null,"R","M","?","M","M","R","T","R","E","?","R","$","M","?","M","B",null,"R","M","?","?","M","M"],"character_chosen":"SLIMEBOUND","items_purchased":["Slimebound:LeadByExample","Slimebound:MegaLick","Slimebound:SplitMire","Replay:Bandana","Slimebound:SlimeSpikes","MerchantsRug"],"campfire_rested":1,"item_purchase_floors":[13,13,13,31,31,31],"current_hp_per_floor":[65,65,65,65,65,5,5,24,27,25,25,25,32,32,36,28,30,25,72,72,71,71,73,66,66,66,66,41,41,41,46,41,41,39,19,80,80,81,81,27,16,0,0,0],"gold":429,"neow_bonus":"THREE_ENEMY_KILL","is_daily":false,"chose_seed":false,"campfire_upgraded":7,"win_rate":0.0,"timestamp":1611778326,"path_taken":["R","?","M","?","?","?","T","R","M","M","PTL","PTL","$","R","M","?","M","BOSS","R","M","?","M","?","R","T","R","E","?","R","$","M","?","M","BOSS","BOSS","R","M","?","?","M","M"],"items_purchased_type":["Card","Card","Card","Relic","Card","Relic"],"build_version":"2020-12-22","purchased_purges":2,"victory":false,"max_hp_per_floor":[65,65,65,65,65,65,65,65,66,67,67,67,68,68,69,70,71,72,72,72,73,73,74,75,75,75,75,76,76,76,77,78,78,79,80,80,80,81,81,82,83,83,83,83],"card_choices":[{"not_picked":["Slimebound:ForwardTackle","Slimebound:PressTheAttack"],"picked":"Slimebound:LevelUp","floor":2.0},{"not_picked":["Slimebound:SlimeBrawl","Slimebound:Schlurp"],"picked":"Slimebound:Prepare","floor":3.0},{"not_picked":["Slimebound:ComboTackle","Slimebound:FinishingTackle"],"picked":"Slimebound:Schlurp","floor":5.0},{"not_picked":["Slimebound:Prepare","Slimebound:PressTheAttack"],"picked":"Slimebound:SplitLeeching","floor":6.0},{"not_picked":["Slimebound:ComboTackle","Slimebound:Grow"],"picked":"Slimebound:SamplingLick","floor":9.0},{"not_picked":["Slimebound:FlameTackle","Slimebound:SlimeTap"],"picked":"Slimebound:AcidTongue","floor":10.0},{"not_picked":["Slimebound:RallyTheTroops","Slimebound:ServeAndProtect"],"picked":"Slimebound:SplitBruiser","floor":13.0},{"not_picked":["Slimebound:GoopSpray","Slimebound:Schlurp"],"picked":"Slimebound:SplitMire","floor":15.0},{"not_picked":["Slimebound:SlimeTap","Slimebound:Equalize","Slimebound:Replication"],"picked":"SKIP","floor":16.0},{"not_picked":["Slimebound:Schlurp","Slimebound:AcidTongue"],"picked":"Slimebound:SplitLeeching","floor":17.0},{"not_picked":["Slimebound:Overexert","Slimebound:SelfFormingGoo"],"picked":"Slimebound:OozeBath","floor":18.0},{"not_picked":["Slimebound:ServeAndProtect","Slimebound:HauntingLick"],"picked":"Slimebound:SplitBruiser","floor":21.0},{"not_picked":["Slimebound:LivingWall","Slimebound:SplitMire"],"picked":"Slimebound:PressTheAttack+1","floor":23.0},{"not_picked":["Slimebound:ComboTackle","Slimebound:SplitMire","Slimebound:LeechEnergy"],"picked":"SKIP","floor":24.0},{"not_picked":["Slimebound:SplitLeeching+1","Slimebound:SlimeSlap"],"picked":"Slimebound:LevelUp","floor":28.0},{"not_picked":["Slimebound:SlimeBarrage","Slimebound:Repurpose"],"picked":"Slimebound:LivingWall","floor":31.0},{"not_picked":["Slimebound:DivideAndConquer","Slimebound:SplitAcid","Slimebound:SplitLeeching"],"picked":"SKIP","floor":32.0},{"not_picked":["Slimebound:LeechEnergy","Slimebound:FlameTackle"],"picked":"Slimebound:Prepare","floor":34.0},{"not_picked":["Slimebound:SlimeSlap","Slimebound:LeechLife"],"picked":"Slimebound:DouseInSlime","floor":35},{"not_picked":["Slimebound:LeechEnergy","Slimebound:BestDefense+1"],"picked":"Slimebound:Schlurp","floor":38},{"not_picked":["expansioncontent:GuardianWhirl","expansioncontent:DashGenerateEvil"],"picked":"expansioncontent:AwakenDeath","floor":39},{"not_picked":["Slimebound:GrowthPunch","Slimebound:Prepare"],"picked":"Slimebound:SplitLeeching+1","floor":40},{"not_picked":["Slimebound:HauntingLick","Slimebound:Prepare"],"picked":"Slimebound:FlameTackle","floor":41}],"player_experience":1974751,"relics_obtained":[{"floor":2.0,"key":"TungstenRod"},{"floor":6.0,"key":"downfall:CloakOfManyFaces"},{"floor":26.0,"key":"Lantern"},{"floor":28.0,"key":"Garlic"},{"floor":40,"key":"Replay:Towering Pillar of Hats"}],"event_choices":[{"damage_healed":0.0,"max_hp_gain":0.0,"max_hp_loss":0.0,"gold_gain":0.0,"event_name":"The Library","player_choice":"Read","floor":29.0,"gold_loss":0.0,"damage_taken":0.0,"cards_obtained":["Slimebound:SlimeBarrage"]},{"damage_healed":0,"gold_gain":0,"player_choice":"Fight","damage_taken":0,"max_hp_gain":0,"max_hp_loss":0,"event_name":"Mysterious Sphere","floor":40,"gold_loss":0}],"is_beta":false,"boss_relics":[{"not_picked":["Pandora\u0027s Box","Ring of Chaos"],"picked":"Replay:Grab Bag"},{"not_picked":["Slimebound:TarBlob","bronze:MakeshiftBattery"],"picked":"Velvet Choker"},{"not_picked":["Runesmith:UraniumAnvil","Replay:Wanted Poster"],"picked":"Cursed Key"},{"not_picked":["Kintsugi","SlaversCollar"],"picked":"Empty Cage"},{"not_picked":["Replay:Ancient Bell","Honey Jar"],"picked":"Replay:Bronze Core"}],"items_purged_floors":[13,31],"is_endless":false,"potions_floor_spawned":[2,9,15,16,21,23,28,34,40,41],"killed_by":"Writhing Mass","ascension_level":1}}