{"host":"xmr2g8b7eju0288o","time":1611773730,"event":{"mods":["AchievementEnabler","BaseMod","Colored Map","Colored Powertips","KOR Keyword Fix","Minty Spire (QoL Compilation)","Quick Restart","Spicy Shops","StSLib","SuperFastMode"],"gold_per_floor":[135,135,165,165,211,295,215,215,215],"floor_reached":8,"language":"KOR","playtime":236,"items_purged":[],"score":108,"play_id":"5d159862-a7c3-4696-b86b-2bfeab0810c0","local_time":"20210128035530","daily_mods":["Heirloom","DeadlyEvents","Elite Swarm","Midas"],"is_ascension_mode":true,"campfire_choices":[],"circlet_count":0,"master_deck":["AscendersBane","Strike_G","Strike_G","Strike_G","Strike_G","Defend_G","Defend_G","Defend_G","Defend_G","Defend_G","Survivor","Neutralize+1","Poisoned Stab","Adrenaline"],"relics":["Ring of the Snake","Shovel","Vajra","Shuriken","Frozen Eye"],"acts_visited":["Exordium"],"potions_floor_usage":[6,6],"damage_taken":[{"damage":1,"enemies":"2 Louse","floor":1,"turns":5},{"damage":3,"enemies":"Cultist","floor":3,"turns":4},{"damage":22,"enemies":"Lagavulin","floor":6,"turns":7},{"damage":6,"enemies":"Gremlin Nob","floor":8,"turns":3}],"seed_played":"1447645422771885084","potions_obtained":[{"floor":1,"key":"Swift Potion"},{"floor":3,"key":"LiquidMemories"}],"is_trial":true,"path_per_floor":["M","?","M","?","T","E","$","E"],"character_chosen":"THE_SILENT","items_purchased":["Frozen Eye"],"campfire_rested":0,"item_purchase_floors":[7],"current_hp_per_floor":[58,58,55,48,48,26,26,20,20],"gold":215,"neow_bonus":"","is_daily":false,"chose_seed":false,"campfire_upgraded":0,"win_rate":0.0,"timestamp":1611773730,"path_taken":["M","?","?","?","?","E","$","E"],"items_purchased_type":["Relic"],"build_version":"2020-12-22","purchased_purges":0,"victory":false,"max_hp_per_floor":[66,66,66,66,66,66,66,66,66],"card_choices":[{"not_picked":["Dash","Deflect","Tactician"],"picked":"SKIP","floor":1},{"not_picked":["Quick Slash","Slice"],"picked":"Poisoned Stab","floor":3},{"not_picked":["Malaise","Grand Finale"],"picked":"Adrenaline","floor":6}],"player_experience":88746,"relics_obtained":[{"floor":5,"key":"Vajra"},{"floor":6,"key":"Shuriken"}],"event_choices":[{"damage_healed":0,"gold_gain":0,"player_choice":"Forge","damage_taken":0,"max_hp_gain":0,"max_hp_loss":0,"event_name":"Accursed Blacksmith","floor":2,"gold_loss":0,"cards_upgraded":["Neutralize"]},{"cards_removed":["Strike_G"],"damage_healed":0,"gold_gain":0,"player_choice":"Card Removal","damage_taken":7,"max_hp_gain":0,"max_hp_loss":0,"event_name":"Golden Wing","floor":4,"gold_loss":0}],"is_beta":false,"boss_relics":[],"items_purged_floors":[],"is_endless":true,"potions_floor_spawned":[1,3],"killed_by":"Gremlin Nob","ascension_level":20}}