{"host":"jhywql2x2v3ppvhm","time":1611764930,"event":{"mods":["BaseMod","Colored Map","Colored Powertips","Downfall","Googly Eyes","Hermit","Marisa????????","Minty Spire (QoL Compilation)","Rare Cards Sparkle","Slay the Relics Exporter","StSLib","The Animator","The Bug Knight","The Cursed","The Disciple","The Necromancer","The Runesmith","The Servant 0.9.4","slay the spire mod where everything is the same but ironclad has a cowboy hat"],"gold_per_floor":[99,113,127,143,143,4,72,72,87,87,87,87],"floor_reached":10,"language":"ENG","playtime":541,"items_purged":[],"score":58,"play_id":"5a48355a-a33f-4828-aa7d-00b913ef135b","local_time":"20210127112850","is_ascension_mode":false,"campfire_choices":[{"floor":1,"key":"RECALL"},{"data":"Slimebound:LeadByExample","floor":8,"key":"SMITH"}],"circlet_count":0,"master_deck":["Slimebound:Strike_Slimebound","Slimebound:Strike_Slimebound","Slimebound:Defend_Slimebound","Slimebound:Defend_Slimebound","Slimebound:Defend_Slimebound","Slimebound:Defend_Slimebound","Slimebound:Split","Slimebound:CorrosiveSpit","Slimebound:ProtectTheBoss","Slimebound:SplitMire","Slimebound:LeadByExample+1","Slimebound:SplitMire","Slimebound:SlimeBarrage","Slimebound:SplitAcid","Slimebound:DivideAndConquer","Slimebound:GoopSpray"],"relics":["Slimebound:AbsorbEndCombat","HollowMod:StagPassRelic"],"acts_visited":["Exordium"],"potions_floor_usage":[],"damage_taken":[{"damage":2,"enemies":"2 Louse","floor":2,"turns":4},{"damage":0,"enemies":"Small Slimes","floor":3,"turns":3},{"damage":0,"enemies":"Jaw Worm","floor":4,"turns":3},{"damage":10,"enemies":"downfall:FleeingMerchant","floor":6,"turns":4},{"damage":42,"enemies":"Gremlin Gang","floor":9,"turns":4},{"damage":23,"enemies":"3 Sentries","floor":10,"turns":4}],"seed_played":"6384130337507484048","potions_obtained":[{"floor":9,"key":"Strength Potion"}],"is_trial":false,"path_per_floor":["R","M","M","M","?","$","T","R","M","E"],"character_chosen":"SLIMEBOUND","items_purchased":["Slimebound:SplitAcid","Slimebound:DivideAndConquer"],"campfire_rested":0,"item_purchase_floors":[6,6],"current_hp_per_floor":[65,65,65,65,65,61,61,61,19,0,0,0],"gold":87,"neow_bonus":"TRANSFORM_CARD","is_daily":false,"chose_seed":false,"campfire_upgraded":1,"win_rate":0.0,"timestamp":1611764930,"path_taken":["R","M","M","M","?","$","T","R","M","E"],"items_purchased_type":["Card","Card"],"build_version":"2020-12-22","purchased_purges":0,"victory":false,"max_hp_per_floor":[65,65,65,65,65,65,65,65,65,65,65,65],"card_choices":[{"not_picked":["Slimebound:ComboTackle","Slimebound:GoopTackle"],"picked":"Slimebound:SplitMire","floor":2},{"not_picked":["Slimebound:SlimeSpikes","Slimebound:SplitLeeching"],"picked":"Slimebound:LeadByExample","floor":3},{"not_picked":["Slimebound:ProtectTheBoss","Slimebound:GoopTackle"],"picked":"Slimebound:SplitMire","floor":4},{"not_picked":["Slimebound:SlimeSpikes","Slimebound:GrowthPunch"],"picked":"Slimebound:SlimeBarrage","floor":6},{"not_picked":["Slimebound:RejuvenatingLick","Slimebound:ViciousTackle"],"picked":"Slimebound:GoopSpray","floor":9}],"player_experience":170771,"relics_obtained":[{"floor":7,"key":"HollowMod:StagPassRelic"}],"event_choices":[],"is_beta":false,"boss_relics":[],"items_purged_floors":[],"is_endless":false,"potions_floor_spawned":[9],"killed_by":"3 Sentries","ascension_level":0}}