{"host":"hn9kwncajibu2nw8","time":1611714642,"event":{"mods":["AchievementEnabler","BaseMod","Block Reminder","Colored Powertips","DeckTracker","Highlight Path","KOR Keyword Fix","Minty Spire (QoL Compilation)","Quick Restart","Rare Cards Sparkle"],"gold_per_floor":[119,55,69,84,28,28,62,78,131,131,281,341,357,370,370,370,370],"floor_reached":16,"language":"KOR","playtime":441,"items_purged":[],"score":189,"play_id":"9d8cf8d0-2044-4460-92f0-49c3c309c45b","local_time":"20210127113042","is_ascension_mode":true,"campfire_choices":[{"data":"Neutralize","floor":6,"key":"SMITH"},{"floor":10,"key":"REST"},{"data":"Defend_G","floor":15,"key":"SMITH"}],"circlet_count":0,"master_deck":["AscendersBane","Strike_G","Strike_G","Strike_G","Strike_G","Strike_G","Defend_G","Defend_G","Defend_G","Defend_G+1","Defend_G","Survivor","Neutralize+1","All Out Attack","Quick Slash","Eviscerate","Backflip","Crippling Poison","Backflip","Doubt","Choke","Calculated Gamble"],"relics":["Runic Dome","Blue Candle","Happy Flower","Pen Nib","CaptainsWheel"],"acts_visited":[],"potions_floor_usage":[],"damage_taken":[{"damage":3,"enemies":"Cultist","floor":1,"turns":4},{"damage":0,"enemies":"Small Slimes","floor":3,"turns":4},{"damage":2,"enemies":"2 Louse","floor":4,"turns":2},{"damage":28,"enemies":"Gremlin Nob","floor":7,"turns":4},{"damage":3,"enemies":"Looter","floor":8,"turns":3},{"damage":27,"enemies":"3 Sentries","floor":12,"turns":8},{"damage":10,"enemies":"Blue Slaver","floor":13,"turns":4},{"damage":1,"enemies":"3 Louse","floor":14,"turns":2},{"damage":0,"enemies":"Slime Boss","floor":16,"turns":1}],"seed_played":"-1729764156820115394","potions_obtained":[{"floor":3,"key":"SpeedPotion"},{"floor":8,"key":"Energy Potion"}],"is_trial":false,"path_per_floor":["M","?","M","M","$","R","E","M","T","R","?","?","M","M","R","B"],"character_chosen":"THE_SILENT","items_purchased":["Backflip"],"campfire_rested":1,"item_purchase_floors":[5],"current_hp_per_floor":[56,56,56,54,54,54,26,23,23,42,42,15,5,4,4,4,4],"gold":370,"neow_bonus":"BOSS_RELIC","is_daily":false,"chose_seed":false,"campfire_upgraded":2,"win_rate":0.0,"timestamp":1611714642,"path_taken":["M","?","M","?","$","R","E","M","T","R","?","?","M","M","R","BOSS"],"items_purchased_type":["Card"],"build_version":"2020-12-22","purchased_purges":0,"victory":false,"max_hp_per_floor":[66,66,66,66,66,66,66,66,66,66,66,66,66,66,66,66,66],"card_choices":[{"not_picked":["Outmaneuver","Prepared"],"picked":"All Out Attack","floor":1},{"not_picked":["Calculated Gamble","Poisoned Stab"],"picked":"Quick Slash","floor":3},{"not_picked":["Prepared","Outmaneuver"],"picked":"Eviscerate","floor":4},{"not_picked":["Well Laid Plans","Underhanded Strike"],"picked":"Crippling Poison","floor":7},{"not_picked":["Flying Knee","Concentrate"],"picked":"Backflip","floor":8},{"not_picked":["Prepared","Underhanded Strike"],"picked":"Choke","floor":12},{"not_picked":["Poisoned Stab","Endless Agony"],"picked":"Calculated Gamble","floor":13},{"not_picked":["Sucker Punch","Prepared","Concentrate"],"picked":"SKIP","floor":14}],"player_experience":482430,"relics_obtained":[{"floor":7,"key":"Happy Flower"},{"floor":9,"key":"Pen Nib"},{"floor":12,"key":"CaptainsWheel"}],"event_choices":[{"damage_healed":0,"gold_gain":0,"player_choice":"Paid Gold","damage_taken":0,"relics_obtained":["Blue Candle"],"max_hp_gain":0,"max_hp_loss":0,"event_name":"WeMeetAgain","floor":2,"gold_loss":64},{"damage_healed":0,"gold_gain":150,"player_choice":"AGREE","damage_taken":0,"max_hp_gain":0,"max_hp_loss":0,"event_name":"Liars Game","floor":11,"gold_loss":0,"cards_obtained":["Doubt"]},{"damage_healed":0,"gold_gain":0,"player_choice":"Searched \u00271\u0027 times","damage_taken":0,"max_hp_gain":0,"max_hp_loss":0,"event_name":"Dead Adventurer","floor":12,"gold_loss":0}],"is_beta":false,"boss_relics":[],"items_purged_floors":[],"is_endless":false,"potions_floor_spawned":[3,8,12,14],"killed_by":"Slime Boss","ascension_level":17}}