{"host":"mmro3auxcbu5pwad","time":1611761354,"event":{"mods":["Aspiration","BaseMod","Conspire","Energized Spire","Halation","Hubris","Infinite Spire","Minty Spire (QoL Compilation)","Permanent Neow","Replay The Spire","StSLib"],"gold_per_floor":[119,119,119,135,160,160,160,160,160,178,178,178,197,218,218,0,0,131,131,149,258,258,272,296,296,316,334,334,334,334,348,388,412,412,532,532,548,548,569,569,593,593,616,616,616,616,14,27,41,62,62,62,62],"floor_reached":52,"language":"ENG","playtime":2048,"items_purged":["Strike_P","Establishment"],"score":568,"play_id":"f6e3d0d1-5edb-475f-98bb-708e3e222615","local_time":"20210127162914","is_ascension_mode":false,"campfire_choices":[{"data":"SashWhip","floor":6,"key":"SMITH"},{"data":"SashWhip","floor":9,"key":"SMITH"},{"data":"FearNoEvil","floor":12,"key":"SMITH"},{"data":"FearNoEvil","floor":15,"key":"SMITH"},{"data":"Vigilance","floor":17,"key":"SMITH"},{"data":"Defend_P","floor":25,"key":"SMITH"},{"data":"Body Slam","floor":29,"key":"SMITH"},{"floor":34,"key":"REST"},{"data":"Evaluate","floor":42,"key":"SMITH"},{"floor":44,"key":"REST"},{"data":"Evaluate","floor":46,"key":"SMITH"},{"floor":51,"key":"REST"}],"circlet_count":0,"master_deck":["Strike_P","Strike_P","Strike_P","Defend_P","Defend_P","Defend_P","Defend_P","Eruption+1","Vigilance+1","SashWhip+1","FlyingSleeves","SashWhip+1","FearNoEvil+1","Consecrate","FearNoEvil+1","Establishment","FollowUp","infinitespire:Fortify","Beam Cell+1","Evaluate+1","Body Slam+1","Headbutt","Iron Wave","BasicCrystalCard+1","Strike_P","Strike_P","Strike_P","Defend_P","Defend_P","Defend_P","Defend_P","Eruption+1","Vigilance+1","SashWhip+1","FlyingSleeves","SashWhip+1","FearNoEvil+1","Consecrate","FearNoEvil+1","FollowUp","infinitespire:Fortify","Beam Cell+1","Evaluate+1","Body Slam+1","Headbutt","Iron Wave","BasicCrystalCard+1","Beam Cell+1","Go for the Eyes","Ball Lightning","Evaluate+1"],"relics":["PureWater","Golden Idol","Darkstone Periapt","hubris:EmptyBottle","aspiration:PoetsPen_weak","Blood Vial","aspiration:Nostalgia","Iron Core","Simple Rune","Mirror","Strawberry","aspiration:DefectSkillbook","conspire:TopHat","Pantograph","Potion Belt","Toolbox"],"acts_visited":["Exordium","TheCity","TheBeyond"],"potions_floor_usage":[18,18,23,23,32,32,50,50,52,52],"damage_taken":[{"damage":5,"enemies":"Small Slimes","floor":1,"turns":3},{"damage":0,"enemies":"2 Louse","floor":4,"turns":2},{"damage":0,"enemies":"Cultist","floor":5,"turns":2},{"damage":0,"enemies":"3 Louse","floor":10,"turns":2},{"damage":4,"enemies":"Blue Slaver","floor":13,"turns":2},{"damage":0,"enemies":"Exordium Wildlife","floor":14,"turns":2},{"damage":20,"enemies":"Fading Forest","floor":18,"turns":11},{"damage":0,"enemies":"3 Byrds","floor":20,"turns":3},{"damage":14,"enemies":"2 Thieves","floor":23,"turns":2},{"damage":0,"enemies":"3 Cultists","floor":26,"turns":2},{"damage":7,"enemies":"Centurion and Healer","floor":27,"turns":4},{"damage":0,"enemies":"Chosen and Byrds","floor":31,"turns":3},{"damage":49,"enemies":"Slavers","floor":32,"turns":6},{"damage":3,"enemies":"Snecko","floor":33,"turns":3},{"damage":28,"enemies":"Automaton","floor":35,"turns":8},{"damage":6,"enemies":"Orb Walker","floor":37,"turns":2},{"damage":18,"enemies":"3 Shapes","floor":39,"turns":4},{"damage":0,"enemies":"3 Darklings","floor":41,"turns":5},{"damage":15,"enemies":"Jaw Worm Horde","floor":43,"turns":3},{"damage":14,"enemies":"Sphere and 2 Shapes","floor":48,"turns":3},{"damage":53,"enemies":"4 Shapes","floor":49,"turns":5},{"damage":0,"enemies":"Jaw Worm Horde","floor":50,"turns":3},{"damage":77,"enemies":"Replay:Hell Engine","floor":52,"turns":4}],"seed_played":"3232865895537842807","potions_obtained":[{"floor":4,"key":"Adrenaline Potion"},{"floor":13,"key":"Elixir"},{"floor":23,"key":"Fruit Juice"},{"floor":27,"key":"Energy Potion"},{"floor":33,"key":"Strength Potion"},{"floor":49,"key":"Elixir"},{"floor":50,"key":"Fire Potion"}],"is_trial":false,"path_per_floor":["M","?","?","M","M","R","PTL","PTL","R","M","T","R","M","M","R","$","R","B",null,"M","?","AVR","M","T","R","M","M","T","R","?","M","E","M","R","B",null,"M","AVR","M","?","M","R","M","R","T","R","$","M","M","M","R","B"],"character_chosen":"WATCHER","items_purchased":["hubris:EmptyBottle","Potion Belt","Go for the Eyes","Ball Lightning","Toolbox","Adrenaline Potion","AttackPotion"],"campfire_rested":3,"item_purchase_floors":[16,47,47,47,47,47,47],"current_hp_per_floor":[67,67,67,67,67,67,67,67,67,67,67,67,63,63,63,63,63,53,67,67,51,51,49,49,49,51,46,46,46,46,48,8,7,32,6,84,78,78,62,62,64,64,51,76,76,76,76,64,13,15,40,0,0],"gold":62,"neow_bonus":"UPGRADE_CARD","is_daily":false,"chose_seed":false,"campfire_upgraded":9,"win_rate":0.0,"timestamp":1611761354,"path_taken":["M","?","?","?","M","R","PTL","PTL","R","M","T","R","M","M","R","$","R","BOSS","M","?","AVR","M","?","R","M","?","T","R","?","M","E","M","R","BOSS","M","AVR","M","?","?","R","M","R","T","R","$","M","M","M","R","BOSS"],"items_purchased_type":["Relic","Relic","Card","Card","Relic","Potion","Potion"],"build_version":"2020-12-22","purchased_purges":2,"victory":false,"max_hp_per_floor":[72,67,67,67,67,67,67,67,67,67,67,67,67,67,67,67,67,67,67,67,67,67,77,77,77,77,77,77,77,77,77,84,84,84,84,84,84,84,84,84,84,84,84,84,84,84,84,84,84,84,84,84,84],"card_choices":[{"not_picked":["PathToVictory","Consecrate"],"picked":"SashWhip","floor":1},{"not_picked":["Weave","Replay:BluntJabs"],"picked":"FlyingSleeves","floor":4},{"not_picked":["BowlingBash","Perseverance"],"picked":"SashWhip","floor":5},{"not_picked":["TalkToTheHand","Replay:AtTheReady"],"picked":"FearNoEvil","floor":10},{"not_picked":["WindmillStrike","FlyingSleeves"],"picked":"Consecrate","floor":13},{"not_picked":["Perseverance","Consecrate"],"picked":"FearNoEvil","floor":14},{"not_picked":["Replay:AllIn","Scrawl"],"picked":"Establishment","floor":18},{"not_picked":["SashWhip","Replay:ManipulateFuture+1"],"picked":"FollowUp","floor":20},{"not_picked":["ReplayReversal","Fire Breathing+1"],"picked":"Beam Cell+1","floor":23},{"not_picked":["ReplayTheSpireMod:System Scan","Halt"],"picked":"Evaluate","floor":26},{"not_picked":["Anger","Fasting2"],"picked":"Body Slam","floor":27},{"not_picked":["Rebound","ThirdEye","Replay:Battleflow"],"picked":"SKIP","floor":31},{"not_picked":["Heavy Blade","Evaluate+1"],"picked":"Headbutt","floor":32},{"not_picked":["Recycle+1","Hologram"],"picked":"Iron Wave","floor":33},{"not_picked":["Fusion","FollowUp+1","ThirdEye"],"picked":"BasicCrystalCard+1","floor":37},{"not_picked":["Force Field","Cold Snap","Stack","Consecrate"],"picked":"SKIP","floor":39},{"not_picked":["Hyperbeam","FollowUp","Prostrate","Consecrate"],"picked":"SKIP","floor":41},{"not_picked":["Hyperbeam","FollowUp","Prostrate","Consecrate"],"picked":"SKIP","floor":41},{"not_picked":["FTL+1","Sweeping Beam","Rebound"],"picked":"Beam Cell+1","floor":43},{"not_picked":["Auto Shields","Protect","Consecrate"],"picked":"Evaluate+1","floor":48},{"not_picked":["Rip and Tear","ClearTheMind","Panic Button+1","Fission"],"picked":"SKIP","floor":49},{"not_picked":["Compile Driver","FlyingSleeves+1","Barrage","CutThroughFate+1"],"picked":"SKIP","floor":50}],"player_experience":52513,"relics_obtained":[{"floor":11,"key":"Darkstone Periapt"},{"floor":21,"key":"Blood Vial"},{"floor":24,"key":"Simple Rune"},{"floor":28,"key":"Mirror"},{"floor":32,"key":"Strawberry"},{"floor":45,"key":"Pantograph"}],"event_choices":[{"damage_healed":0,"gold_gain":0,"player_choice":"Lose Max HP","damage_taken":0,"relics_obtained":["Golden Idol"],"max_hp_gain":0,"max_hp_loss":5,"event_name":"Golden Idol","floor":2,"gold_loss":0},{"damage_healed":0,"gold_gain":0,"player_choice":"Bought 0 Potions","damage_taken":0,"max_hp_gain":0,"max_hp_loss":0,"event_name":"The Woman in Blue","floor":3,"gold_loss":0},{"damage_healed":0,"gold_gain":0,"player_choice":"Ignored","damage_taken":0,"max_hp_gain":0,"max_hp_loss":0,"event_name":"The Mausoleum","floor":30,"gold_loss":0}],"is_beta":false,"boss_relics":[{"not_picked":["Coffee Dripper","Cursed Key"],"picked":"aspiration:PoetsPen_weak"},{"not_picked":["Philosopher\u0027s Stone","aspiration:IroncladSkillbook"],"picked":"aspiration:DefectSkillbook"}],"items_purged_floors":[16,47],"is_endless":false,"potions_floor_spawned":[4,13,23,27,33,35,39,41,48,49,50],"killed_by":"Replay:Hell Engine","ascension_level":0}}