{"host":"9wmbndr0y3287dmq","time":1611773546,"event":{"mods":["BaseMod","Hermit","Marisa????????","Minty Spire (QoL Compilation)","StSLib","The Bug Knight","The Cursed","The Runesmith","The Servant 0.9.4"],"gold_per_floor":[115,115,132,144,154,154,174,199,199,199,199],"floor_reached":10,"language":"FRA","playtime":907,"items_purged":[],"score":70,"play_id":"32cc10ea-6066-4874-83c7-a9fefe17a51b","local_time":"20210127195226","is_ascension_mode":false,"campfire_choices":[{"floor":6,"key":"REST"}],"circlet_count":0,"master_deck":["Strike_S","Strike_S","Strike_S","Strike_S","Defend_S","Defend_S","Defend_S","Defend_S","KidneyShot","Exchange","DualDimension","SilverBlades","BestPractice","Manipulate"],"relics":["Uniform","HollowMod:PaleOreRelic","Kunai"],"acts_visited":["Exordium"],"potions_floor_usage":[8,10],"damage_taken":[{"damage":0,"enemies":"Jaw Worm","floor":1,"turns":5},{"damage":0,"enemies":"Cultist","floor":3,"turns":4},{"damage":6,"enemies":"2 Louse","floor":4,"turns":4},{"damage":22,"enemies":"Lots of Slimes","floor":5,"turns":5},{"damage":16,"enemies":"Red Slaver","floor":7,"turns":4},{"damage":19,"enemies":"HollowMod:MossKnight","floor":8,"turns":7},{"damage":41,"enemies":"Gremlin Nob","floor":10,"turns":5}],"seed_played":"-6883333094008933030","potions_obtained":[{"floor":1,"key":"BlessingOfTheForge"},{"floor":3,"key":"SteroidPotion"},{"floor":7,"key":"Explosive Potion"}],"is_trial":false,"path_per_floor":["M","?","M","M","M","R","M","E","T","E"],"character_chosen":"THE_SERVANT","items_purchased":[],"campfire_rested":1,"item_purchase_floors":[],"current_hp_per_floor":[65,65,65,59,37,56,40,21,21,0,0],"gold":199,"neow_bonus":"RANDOM_COMMON_RELIC","is_daily":false,"chose_seed":false,"campfire_upgraded":0,"win_rate":0.0,"timestamp":1611773546,"path_taken":["M","?","M","?","M","R","M","E","T","E"],"items_purchased_type":[],"build_version":"2020-12-22","purchased_purges":0,"victory":false,"max_hp_per_floor":[65,65,65,65,65,65,65,65,65,65,65],"card_choices":[{"not_picked":["TimeWarp","Unruled"],"picked":"DualDimension","floor":1},{"not_picked":["Moondial","Desolation"],"picked":"SilverBlades","floor":3},{"not_picked":["BottledTime","DoubleEdge"],"picked":"BestPractice","floor":4},{"not_picked":["TimeWarp","Replace"],"picked":"Manipulate","floor":5},{"not_picked":["Unruled","Shuttle","TimeWarp"],"picked":"SKIP","floor":7},{"not_picked":["ShatteredReality","TimeWarp","DoubleEdge"],"picked":"SKIP","floor":8}],"player_experience":251335,"relics_obtained":[{"floor":8,"key":"Kunai"}],"event_choices":[{"damage_healed":0,"gold_gain":0,"player_choice":"Bought 0 Potions","damage_taken":0,"max_hp_gain":0,"max_hp_loss":0,"event_name":"The Woman in Blue","floor":2,"gold_loss":0}],"is_beta":false,"boss_relics":[],"items_purged_floors":[],"is_endless":false,"potions_floor_spawned":[1,3,7],"killed_by":"Gremlin Nob","ascension_level":0}}