{"host":"vyiqbz5w606ur92t","time":1611780851,"event":{"mods":["BaseMod","Downfall","Minty Spire (QoL Compilation)","StSLib"],"gold_per_floor":[99,114,129,42,142,472,472,472,502,502,281,281,296,311,326,426,426,326,341,356,371,321,321,321,321,321,321,321],"floor_reached":26,"language":"ENG","playtime":3628,"items_purged":["Pain"],"score":236,"play_id":"736a3cf5-e756-479c-a12d-8f467acbbda3","local_time":"20210127205411","daily_mods":["SealedDeck","Colorless Cards","Lethality"],"is_ascension_mode":false,"campfire_choices":[{"data":"sneckomod:Nope","floor":8.0,"key":"SMITH"},{"floor":12.0,"key":"RECALL"},{"data":"sneckomod:WideSting","floor":18,"key":"SMITH"}],"circlet_count":0,"master_deck":["sneckomod:UnknownDraw","sneckomod:Unknown1Cost","sneckomod:Unknown0Cost","sneckomod:UnknownBlock","sneckomod:IronFang","sneckomod:WideSting+1","sneckomod:SoulCleanse","sneckomod:SoulRoll","sneckomod:SoulDraw","champ:DeathBlow","sneckomod:Nope+1","sneckomod:QuickBite","sneckomod:UnknownCommonSkill","sneckomod:UnendingSupply","sneckomod:SoulExchange","sneckomod:TrashToTreasure","sneckomod:IronFang","sneckomod:CheapStock","sneckomod:QuickMove","sneckomod:UnknownDraw","sneckomod:UnknownBlock","Dramatic Entrance","sneckomod:UnknownExhaust","sneckomod:UnknownRarePower","sneckomod:UnknownUncommonSkill","sneckomod:PureSnecko+1","sneckomod:DefensiveFlair"],"relics":["sneckomod:SneckoSoul","Old Coin","Nunchaku","Smiling Mask","WarpedTongs","sneckomod:SneckoTalon","downfall:HeartBlessingRed","Omamori","Necronomicon"],"acts_visited":["Exordium","TheCity"],"potions_floor_usage":[20,20,23,23],"damage_taken":[{"damage":0.0,"enemies":"2 Louse","floor":2.0,"turns":1.0},{"damage":15.0,"enemies":"Cultist","floor":3.0,"turns":3.0},{"damage":60.0,"enemies":"downfall:FleeingMerchant","floor":4.0,"turns":4.0},{"damage":18.0,"enemies":"3 Sentries","floor":6.0,"turns":3.0},{"damage":28.0,"enemies":"Gremlin Nob","floor":9.0,"turns":3.0},{"damage":37.0,"enemies":"downfall:FleeingMerchant","floor":11.0,"turns":4.0},{"damage":20.0,"enemies":"Small Slimes","floor":13.0,"turns":4.0},{"damage":5.0,"enemies":"Red Slaver","floor":14.0,"turns":1.0},{"damage":0.0,"enemies":"Large Slime","floor":15.0,"turns":1.0},{"damage":15,"enemies":"WA_ARCHETYPE_RETAIN","floor":16,"turns":5},{"damage":21,"enemies":"Shell Parasite","floor":19,"turns":4},{"damage":45,"enemies":"3 Byrds","floor":20,"turns":2},{"damage":36,"enemies":"Sentry and Sphere","floor":21,"turns":4},{"damage":38,"enemies":"Slavers","floor":23,"turns":3},{"damage":5,"enemies":"Centurion and Healer","floor":26,"turns":2}],"seed_played":"-8653540479942029245","potions_obtained":[{"floor":2.0,"key":"SteroidPotion"},{"floor":6.0,"key":"SmokeBomb"},{"floor":13.0,"key":"sneckomod:DiceRollPotion"},{"floor":14.0,"key":"FearPotion"},{"floor":15.0,"key":"Explosive Potion"},{"floor":16,"key":"Weak Potion"},{"floor":21,"key":"ColorlessPotion"}],"is_trial":false,"path_per_floor":["R","M","M","$","?","E","T","R","E","?","$","R","M","M","M","B",null,"R","M","M","M","?","E","T","?","M"],"character_chosen":"THE_SNECKO","items_purchased":["sneckomod:UnendingSupply","sneckomod:CheapStock","sneckomod:QuickMove","sneckomod:UnknownDraw"],"campfire_rested":0,"item_purchase_floors":[4,11,11,11],"current_hp_per_floor":[90,90,90,90,90,72,72,72,64,64,42,42,22,22,22,7,90,90,79,44,23,56,18,18,2,0,0,0],"gold":321,"neow_bonus":"","is_daily":true,"chose_seed":false,"campfire_upgraded":2,"win_rate":0.0,"timestamp":1611780851,"path_taken":["R","M","M","$","?","E","T","R","E","?","$","R","M","?","M","BOSS","R","M","M","M","?","E","T","?","M"],"items_purchased_type":["Card","Card","Card","Card"],"build_version":"2020-12-22","purchased_purges":1,"victory":false,"max_hp_per_floor":[90,90,90,90,90,90,90,90,90,90,90,90,90,90,90,90,90,90,90,90,90,90,90,90,90,90,90,90],"card_choices":[{"not_picked":["sneckomod:QuickBite","sneckomod:SoulRoll"],"picked":"sneckomod:Nope","floor":2.0},{"not_picked":["PanicButton","sneckomod:UnknownCommonAttack"],"picked":"sneckomod:QuickBite","floor":3.0},{"not_picked":["sneckomod:SoulDraw","sneckomod:SoulRoll"],"picked":"sneckomod:UnknownCommonSkill","floor":4.0},{"not_picked":["sneckomod:SoulDraw","sneckomod:SnekBeam"],"picked":"sneckomod:SoulExchange","floor":6.0},{"not_picked":["sneckomod:SoulDraw","sneckomod:Memorize"],"picked":"sneckomod:TrashToTreasure","floor":9.0},{"not_picked":["sneckomod:Nope","sneckomod:TrashToTreasure"],"picked":"sneckomod:IronFang","floor":11.0},{"not_picked":["sneckomod:Nope","sneckomod:RainOfDice"],"picked":"sneckomod:UnknownBlock","floor":13.0},{"not_picked":["Violence","sneckomod:IronFang"],"picked":"Dramatic Entrance","floor":14.0},{"not_picked":["Trip","sneckomod:QuickBite"],"picked":"sneckomod:UnknownExhaust","floor":15.0},{"not_picked":["sneckomod:GlitteringGambit","The Bomb"],"picked":"sneckomod:UnknownRarePower","floor":16},{"not_picked":["sneckomod:QuickBite","sneckomod:UnknownCommonSkill"],"picked":"sneckomod:UnknownUncommonSkill","floor":19},{"not_picked":["sneckomod:Nope+1","sneckomod:RainOfDice+1"],"picked":"sneckomod:PureSnecko+1","floor":20},{"not_picked":["sneckomod:TrashToTreasure+1","Good Instincts"],"picked":"sneckomod:DefensiveFlair","floor":21}],"player_experience":1126302,"relics_obtained":[{"floor":6.0,"key":"Old Coin"},{"floor":7.0,"key":"Nunchaku"},{"floor":9.0,"key":"Smiling Mask"},{"floor":24,"key":"Omamori"},{"floor":25,"key":"Necronomicon"}],"event_choices":[{"damage_healed":0.0,"max_hp_gain":0.0,"max_hp_loss":0.0,"gold_gain":0.0,"event_name":"Accursed Blacksmith","player_choice":"Rummage","floor":10.0,"gold_loss":0.0,"damage_taken":0.0,"relics_obtained":["WarpedTongs"],"cards_obtained":["Pain"]}],"is_beta":false,"boss_relics":[{"not_picked":["Philosopher\u0027s Stone","Runic Dome"],"picked":"sneckomod:SneckoTalon"}],"items_purged_floors":[11],"is_endless":false,"potions_floor_spawned":[2,6,13,14,15,16,21],"killed_by":"Centurion and Healer","ascension_level":0}}