{"host":"4kmvpqjeiacgn1pr","time":1611707527,"event":{"mods":["AchievementEnabler","BaseMod","Better Altar","Better Match","Better Note","Better Sensory Stone","Better Skull","Better Third Choice","Colored Map","Colored Powertips","Curses Come First","Highlight Path","Minty Spire (QoL Compilation)","Permanent Neow","Rare Cards Sparkle","Replay The Spire","Spicy Shops","StSLib"],"gold_per_floor":[111,111,111,111,111,129,129,129,129],"floor_reached":8,"language":"ENG","playtime":359,"items_purged":[],"score":55,"play_id":"3e52371c-fa77-4aac-8668-42be511f2750","local_time":"20210126193207","is_ascension_mode":true,"campfire_choices":[],"circlet_count":0,"master_deck":["Strike_R","Strike_R","Strike_R","Strike_R","Strike_R","Defend_R","Defend_R","Defend_R","Defend_R","Bash","m_Survivalism+1","Strike_B","Transmutation","Replay:Undeath\u0027s Touch","Sentinel","Replay:Bootleg Shield Generator"],"relics":["Burning Blood"],"acts_visited":["Exordium"],"potions_floor_usage":[],"damage_taken":[{"damage":22,"enemies":"Jaw Worm","floor":1,"turns":7},{"damage":7,"enemies":"2 Louse","floor":6,"turns":3},{"damage":83,"enemies":"Gremlin Nob","floor":8,"turns":5}],"seed_played":"-1151810953155871761","potions_obtained":[],"is_trial":false,"path_per_floor":["M","?","?","PTL","PTL","M","?","E"],"character_chosen":"IRONCLAD","items_purchased":[],"campfire_rested":0,"item_purchase_floors":[],"current_hp_per_floor":[64,64,80,80,80,79,79,0,0],"gold":129,"neow_bonus":"RANDOM_COLORLESS_2","is_daily":false,"chose_seed":false,"campfire_upgraded":0,"win_rate":0.0,"timestamp":1611707527,"path_taken":["M","?","?","PTL","PTL","?","?","E"],"items_purchased_type":[],"build_version":"2020-12-22","purchased_purges":0,"victory":false,"max_hp_per_floor":[80,80,80,80,80,80,80,80,80],"card_choices":[{"not_picked":["Poisoned Strike","Panache"],"picked":"Transmutation","floor":0},{"not_picked":["Perfected Strike","Twin Strike"],"picked":"Replay:Undeath\u0027s Touch","floor":1},{"not_picked":["Bloodletting","Wild Strike"],"picked":"Sentinel","floor":6},{"not_picked":["Panache","ReplayTheSpireMod:Trickstab"],"picked":"Replay:Bootleg Shield Generator","floor":7}],"player_experience":355725,"relics_obtained":[],"event_choices":[{"damage_healed":16,"gold_gain":0,"player_choice":"Full Heal","damage_taken":0,"max_hp_gain":0,"max_hp_loss":0,"event_name":"Wheel of Change","floor":3,"gold_loss":0},{"damage_healed":0,"gold_gain":1,"player_choice":"1","damage_taken":0,"max_hp_gain":0,"max_hp_loss":0,"event_name":"betterStone:BetterStone","floor":7,"gold_loss":0}],"is_beta":false,"boss_relics":[],"items_purged_floors":[],"is_endless":false,"potions_floor_spawned":[],"killed_by":"Gremlin Nob","ascension_level":5}}