{"host":"kg61lsvem4dxoat8","time":1611755182,"event":{"mods":["AchievementEnabler","BaseMod","Better Altar","Better Match","Better Sensory Stone","Highlight Path","Minty Spire (QoL Compilation)","Quick Restart","Relic Sorter","Relic Stats","StSLib","Synergy Search","slay the spire mod where everything is the same but ironclad has a cowboy hat"],"gold_per_floor":[109,109,163,213,64,97,17,48,48,48,48,74,90,90,90,190,190,208,6,366,347,367,367,406,406,431,770,804,729,729,729,729,729,729],"floor_reached":33,"language":"ENG","playtime":814,"items_purged":["Strike_R"],"score":543,"play_id":"ca6ed22a-f9dd-4ace-add1-25ea5b0eea44","local_time":"20210127214622","is_ascension_mode":true,"campfire_choices":[{"data":"Feel No Pain","floor":15.0,"key":"SMITH"},{"data":"Juggernaut","floor":23.0,"key":"SMITH"},{"data":"Infernal Blade","floor":25.0,"key":"SMITH"},{"data":"Barricade","floor":30.0,"key":"SMITH"},{"data":"Power Through","floor":32.0,"key":"SMITH"}],"circlet_count":0,"master_deck":["Strike_R+1","Strike_R","Strike_R","Defend_R","Defend_R+1","Defend_R+1","Defend_R","Bash","Carnage+1","Power Through+1","Feel No Pain+1","Infernal Blade+1","Dramatic Entrance","Burning Pact","Juggernaut+1","Feel No Pain+1","Fire Breathing","Seeing Red","Ghostly Armor+1","True Grit+1","Barricade+1","Flame Barrier+1"],"relics":["Burning Blood","NeowsBlessing","Vajra","Medical Kit","War Paint","Smiling Mask","Red Skull","Bottled Tornado","Mark of Pain","CeramicFish","Bag of Marbles","Old Coin","Red Mask"],"acts_visited":["Exordium","TheCity"],"potions_floor_usage":[],"damage_taken":[{"damage":0.0,"enemies":"2 Louse","floor":1.0,"turns":1.0},{"damage":0.0,"enemies":"Gremlin Nob","floor":6.0,"turns":1.0},{"damage":0.0,"enemies":"3 Sentries","floor":8.0,"turns":2.0},{"damage":16.0,"enemies":"Gremlin Nob","floor":12.0,"turns":4.0},{"damage":1.0,"enemies":"Jaw Worm","floor":13.0,"turns":2.0},{"damage":12.0,"enemies":"The Guardian","floor":16.0,"turns":12.0},{"damage":0.0,"enemies":"Chosen","floor":18.0,"turns":3.0},{"damage":6.0,"enemies":"2 Thieves","floor":21.0,"turns":4.0},{"damage":0.0,"enemies":"Cultist and Chosen","floor":22.0,"turns":4.0},{"damage":0.0,"enemies":"Slavers","floor":24.0,"turns":4.0},{"damage":29.0,"enemies":"Gremlin Leader","floor":27.0,"turns":7.0},{"damage":0.0,"enemies":"Masked Bandits","floor":28.0,"turns":3.0},{"damage":62,"enemies":"Collector","floor":33,"turns":6}],"seed_played":"-4828493601734761289","potions_obtained":[{"floor":1.0,"key":"EssenceOfSteel"},{"floor":8.0,"key":"BloodPotion"},{"floor":12.0,"key":"Explosive Potion"},{"floor":22.0,"key":"Fire Potion"},{"floor":24.0,"key":"AttackPotion"}],"is_trial":false,"path_per_floor":["M","?","?","T","$","E","$","E","T","$","?","E","M","?","R","B",null,"M","$","?","M","M","R","E","R","T","E","?","?","R","?","R","B"],"character_chosen":"IRONCLAD","items_purchased":["Medical Kit","Feel No Pain","Fire Breathing","Seeing Red"],"campfire_rested":0,"item_purchase_floors":[5,7,19,19],"current_hp_per_floor":[78,62,62,62,62,68,68,74,74,74,74,64,69,69,69,63,76,80,80,44,60,66,66,72,72,72,49,55,55,55,55,55,0,0],"gold":729,"neow_bonus":"THREE_ENEMY_KILL","is_daily":false,"chose_seed":false,"campfire_upgraded":5,"win_rate":0.0,"timestamp":1611755182,"path_taken":["M","?","?","?","$","E","?","E","T","$","?","E","M","?","R","BOSS","M","$","?","M","?","R","E","R","T","E","?","?","R","?","R","BOSS"],"items_purchased_type":["Relic","Card","Card","Card"],"build_version":"2020-12-22","purchased_purges":1,"victory":false,"max_hp_per_floor":[80,80,80,80,80,80,80,80,80,80,80,80,80,80,80,80,80,80,80,80,80,80,80,80,80,80,80,80,80,80,80,80,80,80],"relic_stats":{"counters":[13,53],"CeramicFish":27,"War Paint":["Defend_R","Defend_R"],"Medical Kit":[40],"Smiling Mask":25,"obtain_stats":[{"NeowsBlessing":0,"CeramicFish":24,"Vajra":4,"War Paint":6,"Bottled Tornado":12,"Medical Kit":5,"Smiling Mask":8,"Burning Blood":0,"Old Coin":27,"Mark of Pain":17,"Bag of Marbles":26,"Red Mask":28,"Red Skull":9},{"NeowsBlessing":0,"CeramicFish":10,"Vajra":1,"War Paint":2,"Bottled Tornado":4,"Medical Kit":1,"Smiling Mask":3,"Burning Blood":0,"Old Coin":11,"Mark of Pain":6,"Bag of Marbles":10,"Red Mask":12,"Red Skull":3},{"NeowsBlessing":0,"CeramicFish":37,"Vajra":1,"War Paint":2,"Bottled Tornado":8,"Medical Kit":1,"Smiling Mask":4,"Burning Blood":0,"Old Coin":44,"Mark of Pain":22,"Bag of Marbles":37,"Red Mask":47,"Red Skull":4}],"Burning Blood":70},"card_choices":[{"not_picked":["Pummel","Uppercut"],"picked":"Carnage","floor":1.0},{"not_picked":["Armaments","Reckless Charge"],"picked":"Power Through","floor":6.0},{"not_picked":["Warcry","Rupture"],"picked":"Infernal Blade","floor":8.0},{"not_picked":["Deep Breath","Jack Of All Trades"],"picked":"Dramatic Entrance","floor":11.0},{"not_picked":["Anger","Sentinel"],"picked":"Burning Pact","floor":12.0},{"not_picked":["Armaments","Dropkick"],"picked":"Juggernaut","floor":13.0},{"not_picked":["Second Wind","Armaments"],"picked":"Feel No Pain+1","floor":18.0},{"not_picked":["Clash","Anger","Heavy Blade"],"picked":"SKIP","floor":21.0},{"not_picked":["Clash+1","Headbutt+1"],"picked":"Ghostly Armor+1","floor":22.0},{"not_picked":["Berserk","Evolve+1"],"picked":"True Grit+1","floor":24.0},{"not_picked":["Body Slam+1","Pommel Strike"],"picked":"Barricade","floor":27.0},{"not_picked":["Twin Strike","Bloodletting"],"picked":"Flame Barrier+1","floor":28.0}],"player_experience":1408568,"relics_obtained":[{"floor":4.0,"key":"Vajra"},{"floor":6.0,"key":"War Paint"},{"floor":8.0,"key":"Smiling Mask"},{"floor":9.0,"key":"Red Skull"},{"floor":12.0,"key":"Bottled Tornado"},{"floor":24.0,"key":"CeramicFish"},{"floor":26.0,"key":"Bag of Marbles"},{"floor":27.0,"key":"Old Coin"},{"floor":28.0,"key":"Red Mask"}],"event_choices":[{"damage_healed":0.0,"max_hp_gain":0.0,"max_hp_loss":0.0,"gold_gain":0.0,"event_name":"Shining Light","player_choice":"Entered Light","floor":2.0,"gold_loss":0.0,"damage_taken":16.0,"cards_upgraded":["Carnage","Strike_R"]},{"damage_healed":0.0,"max_hp_gain":0.0,"max_hp_loss":0.0,"gold_gain":54.0,"event_name":"Golden Wing","player_choice":"Gained Gold","floor":3.0,"gold_loss":0.0,"damage_taken":0.0},{"damage_healed":0.0,"max_hp_gain":0.0,"max_hp_loss":0.0,"gold_gain":1.0,"event_name":"betterStone:BetterStone","player_choice":"1","floor":11.0,"gold_loss":0.0,"damage_taken":0.0},{"damage_healed":0.0,"max_hp_gain":0.0,"max_hp_loss":0.0,"gold_gain":0.0,"event_name":"Liars Game","player_choice":"Ignored","floor":14.0,"gold_loss":0.0,"damage_taken":0.0},{"damage_healed":0.0,"max_hp_gain":0.0,"max_hp_loss":0.0,"gold_gain":360.0,"event_name":"Knowing Skull","player_choice":"GOLD GOLD GOLD GOLD ","floor":20.0,"potions_obtained":[],"gold_loss":0.0,"damage_taken":36.0,"cards_obtained":[]},{"damage_healed":0.0,"max_hp_gain":0.0,"max_hp_loss":0.0,"gold_gain":0.0,"event_name":"Masked Bandits","player_choice":"Fought Bandits","floor":28.0,"gold_loss":0.0,"damage_taken":0.0},{"cards_removed":["Strike_R"],"damage_healed":0.0,"max_hp_gain":0.0,"max_hp_loss":0.0,"gold_gain":0.0,"event_name":"Beggar","player_choice":"Gave Gold","floor":29.0,"gold_loss":75.0,"damage_taken":0.0},{"damage_healed":0.0,"max_hp_gain":0.0,"max_hp_loss":0.0,"gold_gain":0.0,"event_name":"Ghosts","player_choice":"Ignored","floor":31.0,"gold_loss":0.0,"damage_taken":0.0}],"is_beta":false,"boss_relics":[{"not_picked":["Philosopher\u0027s Stone","Calling Bell"],"picked":"Mark of Pain"}],"items_purged_floors":[19],"is_endless":false,"potions_floor_spawned":[1,8,12,16,22,24],"killed_by":"Collector","ascension_level":8}}