{"host":"2wp95sdfrgw3k439","time":1611779730,"event":{"mods":["BaseMod","Better Altar","Better Skull","Better Third Choice","Curses Come First","Minty Spire (QoL Compilation)","Permanent Neow","Reliquary","StSLib"],"gold_per_floor":[109,126,136,148,98,98,131,131,213,213,223,223,249,22,22,122,122,135,135,154,154,165,198,198,198,198],"floor_reached":25,"language":"ENG","playtime":1208,"items_purged":[],"score":323,"play_id":"6b492213-0ecb-4afa-bb9b-fac1e35dcb21","local_time":"20210127133530","is_ascension_mode":true,"campfire_choices":[{"data":"Pommel Strike","floor":6,"key":"SMITH"},{"floor":8,"key":"REST"},{"data":"Dropkick","floor":10,"key":"SMITH"},{"data":"Bash","floor":12,"key":"SMITH"},{"data":"Hemokinesis","floor":15,"key":"SMITH"},{"floor":24,"key":"REST"}],"circlet_count":0,"master_deck":["Strike_R","Strike_R","Defend_R","Defend_R","Defend_R","Bash+1","Headbutt","Iron Wave","Pommel Strike+1","Intimidate","Dropkick+1","Hemokinesis+1","Feed","Body Slam","Rage","Shrug It Off"],"relics":["Black Blood","Peace Pipe","Kunai","Blood Vial","reliquary:BrokenClock","MutagenicStrength","reliquary:QuartzCube"],"acts_visited":["Exordium","TheCity"],"potions_floor_usage":[4,13,16,22,22],"damage_taken":[{"damage":1,"enemies":"Cultist","floor":1,"turns":3},{"damage":9,"enemies":"Jaw Worm","floor":2,"turns":4},{"damage":5,"enemies":"Small Slimes","floor":3,"turns":4},{"damage":9,"enemies":"Red Slaver","floor":4,"turns":3},{"damage":30,"enemies":"Gremlin Nob","floor":7,"turns":5},{"damage":8,"enemies":"3 Louse","floor":11,"turns":4},{"damage":30,"enemies":"Lagavulin","floor":13,"turns":5},{"damage":52,"enemies":"The Guardian","floor":16,"turns":10},{"damage":28,"enemies":"3 Byrds","floor":18,"turns":5},{"damage":10,"enemies":"Chosen","floor":20,"turns":3},{"damage":6,"enemies":"3 Cultists","floor":22,"turns":3},{"damage":53,"enemies":"Slavers","floor":23,"turns":9},{"damage":53,"enemies":"Gremlin Leader","floor":25,"turns":4}],"seed_played":"-1708587041297584877","potions_obtained":[{"floor":2,"key":"LiquidMemories"},{"floor":7,"key":"BloodPotion"},{"floor":13,"key":"EssenceOfSteel"},{"floor":16,"key":"DuplicationPotion"},{"floor":20,"key":"Explosive Potion"}],"is_trial":false,"path_per_floor":["M","M","M","M","?","R","E","R","T","R","M","R","E","$","R","B",null,"M","?","M","?","M","E","R","E"],"character_chosen":"IRONCLAD","items_purchased":["reliquary:BrokenClock","Hemokinesis"],"campfire_rested":2,"item_purchase_floors":[14,14],"current_hp_per_floor":[72,69,70,67,67,67,43,64,64,64,62,62,52,52,52,8,56,45,45,52,52,60,24,48,0,0],"gold":198,"neow_bonus":"REMOVE_TWO","is_daily":false,"chose_seed":false,"campfire_upgraded":4,"win_rate":0.0,"timestamp":1611779730,"path_taken":["M","M","M","?","?","R","E","R","T","R","M","R","E","$","R","BOSS","M","?","?","?","M","E","R","E"],"items_purchased_type":["Relic","Card"],"build_version":"2020-12-22","purchased_purges":0,"victory":false,"max_hp_per_floor":[72,72,72,72,72,72,72,72,72,72,72,72,72,72,72,72,72,75,75,78,78,78,81,81,81,81],"card_choices":[{"not_picked":["Twin Strike","Flex"],"picked":"Headbutt","floor":1},{"not_picked":["Wild Strike","Clothesline"],"picked":"Iron Wave","floor":2},{"not_picked":["Combust","Seeing Red"],"picked":"Pommel Strike","floor":3},{"not_picked":["Perfected Strike","Dark Embrace"],"picked":"Intimidate","floor":4},{"not_picked":["Rampage","Sentinel"],"picked":"Dropkick","floor":7},{"not_picked":["Cleave","Headbutt","Corruption"],"picked":"SKIP","floor":11},{"not_picked":["Iron Wave","Clash","Intimidate"],"picked":"SKIP","floor":13},{"not_picked":["Immolate","Offering"],"picked":"Feed","floor":16},{"not_picked":["Anger+1","Iron Wave"],"picked":"Body Slam","floor":18},{"not_picked":["Clothesline","Headbutt","Perfected Strike"],"picked":"SKIP","floor":20},{"not_picked":["Perfected Strike","Headbutt"],"picked":"Rage","floor":22},{"not_picked":["Uppercut","Cleave"],"picked":"Shrug It Off","floor":23}],"player_experience":480230,"relics_obtained":[{"floor":7,"key":"Peace Pipe"},{"floor":9,"key":"Kunai"},{"floor":13,"key":"Blood Vial"},{"floor":23,"key":"reliquary:QuartzCube"}],"event_choices":[{"cards_removed":["Strike_R"],"damage_healed":0,"gold_gain":0,"player_choice":"Card Removal","damage_taken":0,"max_hp_gain":0,"max_hp_loss":0,"event_name":"The Cleric","floor":5,"gold_loss":50},{"cards_removed":["Strike_R"],"damage_healed":0,"gold_gain":0,"player_choice":"Purged","damage_taken":0,"max_hp_gain":0,"max_hp_loss":0,"event_name":"Purifier","floor":19,"gold_loss":0},{"damage_healed":0,"gold_gain":0,"player_choice":"Inject Mutagens","damage_taken":0,"relics_obtained":["MutagenicStrength"],"max_hp_gain":0,"max_hp_loss":0,"event_name":"Drug Dealer","floor":21,"gold_loss":0}],"is_beta":false,"boss_relics":[{"not_picked":["Black Star","Astrolabe"],"picked":"Black Blood"}],"items_purged_floors":[],"is_endless":false,"potions_floor_spawned":[2,7,13,16,20],"killed_by":"Gremlin Leader","ascension_level":8}}