{"host":"rqwnmhn71fwyjegj","time":1611760752,"event":{"mods":["AchievementEnabler","BaseMod","Minty Spire (QoL Compilation)"],"gold_per_floor":[119,90,107,73,73,73,102,102,102,119,146,146,146,166,166,166,166],"floor_reached":16,"language":"ENG","playtime":500,"items_purged":[],"score":146,"play_id":"f4938814-b42a-498a-878f-dfedc942c2f8","local_time":"20210127151912","is_ascension_mode":true,"campfire_choices":[{"data":"Deadly Poison","floor":6,"key":"SMITH"},{"floor":8,"key":"REST"},{"floor":12,"key":"REST"},{"floor":15,"key":"REST"}],"circlet_count":0,"master_deck":["Strike_G","Strike_G","Strike_G","Strike_G","Strike_G","Defend_G","Defend_G","Defend_G","Defend_G","Defend_G","Survivor","Neutralize","Deadly Poison+1","Footwork","Sucker Punch","Backflip","Infinite Blades","Dagger Spray","Poisoned Stab","Infinite Blades"],"relics":["Ring of the Snake","Dream Catcher","Bottled Lightning","Shovel"],"acts_visited":["Exordium"],"potions_floor_usage":[11],"damage_taken":[{"damage":3,"enemies":"Small Slimes","floor":1,"turns":6},{"damage":5,"enemies":"2 Louse","floor":3,"turns":4},{"damage":66,"enemies":"Gremlin Nob","floor":7,"turns":6},{"damage":2,"enemies":"Jaw Worm","floor":10,"turns":3},{"damage":6,"enemies":"Lagavulin","floor":11,"turns":7},{"damage":23,"enemies":"Lots of Slimes","floor":14,"turns":4},{"damage":45,"enemies":"The Guardian","floor":16,"turns":11}],"seed_played":"1227631620922322467","potions_obtained":[{"floor":1,"key":"Dexterity Potion"}],"is_trial":false,"path_per_floor":["M","?","M","$","?","R","E","R","T","M","E","R","?","M","R","B"],"character_chosen":"THE_SILENT","items_purchased":["Footwork"],"campfire_rested":3,"item_purchase_floors":[4],"current_hp_per_floor":[67,67,62,62,67,67,1,25,25,23,17,41,41,18,42,0,0],"gold":166,"neow_bonus":"TEN_PERCENT_HP_BONUS","is_daily":false,"chose_seed":false,"campfire_upgraded":1,"win_rate":0.0,"timestamp":1611760752,"path_taken":["M","?","M","$","?","R","E","R","T","M","E","R","?","M","R","BOSS"],"items_purchased_type":["Card"],"build_version":"2020-12-22","purchased_purges":0,"victory":false,"max_hp_per_floor":[77,77,77,77,82,82,82,82,82,82,82,82,82,82,82,82,82],"card_choices":[{"not_picked":["Blur","Prepared"],"picked":"Deadly Poison","floor":1},{"not_picked":["Heel Hook","Skewer","Slice"],"picked":"SKIP","floor":3},{"not_picked":["Quick Slash","Heel Hook"],"picked":"Sucker Punch","floor":7},{"not_picked":["Flechettes","Outmaneuver"],"picked":"Backflip","floor":8},{"not_picked":["Reflex","Predator","Underhanded Strike"],"picked":"SKIP","floor":10},{"not_picked":["Well Laid Plans","Flechettes"],"picked":"Infinite Blades","floor":11},{"not_picked":["Setup","Calculated Gamble"],"picked":"Dagger Spray","floor":12},{"not_picked":["Flying Knee","Grand Finale"],"picked":"Poisoned Stab","floor":14},{"not_picked":["Riddle With Holes","Caltrops"],"picked":"Infinite Blades","floor":15}],"player_experience":335309,"relics_obtained":[{"floor":7,"key":"Dream Catcher"},{"floor":9,"key":"Bottled Lightning"},{"floor":11,"key":"Shovel"}],"event_choices":[{"damage_healed":0,"gold_gain":0,"player_choice":"Left Gold","damage_taken":0,"max_hp_gain":0,"max_hp_loss":0,"event_name":"World of Goop","floor":2,"gold_loss":29},{"damage_healed":0,"gold_gain":0,"player_choice":"Donut","damage_taken":0,"max_hp_gain":5,"max_hp_loss":0,"event_name":"Big Fish","floor":5,"gold_loss":0},{"damage_healed":0,"gold_gain":0,"player_choice":"Ignored","damage_taken":0,"max_hp_gain":0,"max_hp_loss":0,"event_name":"Golden Idol","floor":13,"gold_loss":0}],"is_beta":false,"boss_relics":[],"items_purged_floors":[],"is_endless":false,"potions_floor_spawned":[1],"killed_by":"The Guardian","ascension_level":7}}