{"host":"kpyf5rnb72uwap8k","time":1611761338,"event":{"mods":["AchievementEnabler","BaseMod","Colored Map","Colored Powertips","DeckTracker","Minty Spire (QoL Compilation)","Permanent Neow","Quick Restart","StSLib","SuperFastMode"],"gold_per_floor":[116,116,116,142,217,217,217,243,288,321,70,70,88,101,101,198,198,210,210,54,70,80,80,94,94,94,94,94,128,128],"floor_reached":29,"language":"KOR","playtime":24502,"items_purged":[],"score":340,"play_id":"30c6287f-0619-44ea-ad2c-0be85405471b","local_time":"20210128002858","is_ascension_mode":true,"campfire_choices":[{"data":"Bash","floor":7,"key":"SMITH"},{"data":"Perfected Strike","floor":12,"key":"SMITH"},{"floor":15,"key":"REST"},{"data":"Second Wind","floor":23,"key":"SMITH"},{"floor":25,"key":"REST"},{"floor":28,"key":"REST"}],"circlet_count":0,"master_deck":["Strike_R","Strike_R+1","Strike_R","Strike_R","Strike_R+1","Defend_R","Defend_R","Defend_R","Perfected Strike+1","Wild Strike","Second Wind+1","Headbutt+1","Reaper+1","Reaper+1"],"relics":["Burning Blood","NeowsBlessing","Regal Pillow","Sundial","Red Skull","Vajra","Molten Egg 2","Astrolabe","DollysMirror","Pantograph","Blood Vial"],"acts_visited":["Exordium","TheCity"],"potions_floor_usage":[16,24],"damage_taken":[{"damage":0,"enemies":"Jaw Worm","floor":1,"turns":1},{"damage":0,"enemies":"Gremlin Nob","floor":6,"turns":1},{"damage":0,"enemies":"3 Sentries","floor":8,"turns":2},{"damage":36,"enemies":"Lagavulin","floor":10,"turns":6},{"damage":0,"enemies":"2 Louse","floor":13,"turns":2},{"damage":0,"enemies":"Cultist","floor":14,"turns":3},{"damage":60,"enemies":"Slime Boss","floor":16,"turns":9},{"damage":60,"enemies":"3 Byrds","floor":18,"turns":6},{"damage":12,"enemies":"Chosen","floor":21,"turns":4},{"damage":58,"enemies":"Snake Plant","floor":22,"turns":5},{"damage":29,"enemies":"Centurion and Healer","floor":24,"turns":6},{"damage":75,"enemies":"Book of Stabbing","floor":29,"turns":5}],"seed_played":"660557537518899060","potions_obtained":[{"floor":1,"key":"SteroidPotion"},{"floor":14,"key":"Energy Potion"},{"floor":18,"key":"DuplicationPotion"},{"floor":21,"key":"Ancient Potion"},{"floor":24,"key":"FearPotion"}],"is_trial":false,"path_per_floor":["M","?","?","T","?","E","R","E","T","E","$","R","M","M","R","B",null,"M","?","$","M","M","R","M","R","T","$","R","E"],"character_chosen":"IRONCLAD","items_purchased":["Molten Egg 2","DollysMirror"],"campfire_rested":3,"item_purchase_floors":[11,20],"current_hp_per_floor":[80,64,69,69,58,64,64,70,70,40,40,40,46,52,85,31,85,37,37,37,44,7,7,20,60,60,60,85,31,31],"gold":128,"neow_bonus":"THREE_ENEMY_KILL","is_daily":false,"chose_seed":false,"campfire_upgraded":3,"win_rate":0.0,"timestamp":1611761338,"path_taken":["M","?","?","?","?","E","R","E","T","E","?","R","M","M","R","BOSS","M","?","$","M","M","R","M","R","T","$","R","E"],"items_purchased_type":["Relic","Relic"],"build_version":"2020-12-22","purchased_purges":0,"victory":false,"max_hp_per_floor":[80,80,85,85,85,85,85,85,85,85,85,85,85,85,85,85,85,85,85,85,85,85,85,85,85,85,85,85,85,85],"card_choices":[{"not_picked":["Pummel","Warcry"],"picked":"Iron Wave","floor":1},{"not_picked":["Flex","Shrug It Off","Clash"],"picked":"SKIP","floor":6},{"not_picked":["Fiend Fire","Flame Barrier"],"picked":"Perfected Strike","floor":8},{"not_picked":["Sword Boomerang","Iron Wave"],"picked":"Wild Strike","floor":10},{"not_picked":["Infernal Blade","Havoc","Entrench"],"picked":"SKIP","floor":13},{"not_picked":["Clothesline+1","Dark Embrace"],"picked":"Second Wind","floor":14},{"not_picked":["Headbutt+1","Sword Boomerang+1","Heavy Blade+1"],"picked":"SKIP","floor":18},{"not_picked":["Sword Boomerang+1","Body Slam+1","Burning Pact"],"picked":"SKIP","floor":21},{"not_picked":["Pummel+1","Armaments","Clash+1"],"picked":"SKIP","floor":22},{"not_picked":["Warcry","Flame Barrier","Iron Wave+1"],"picked":"SKIP","floor":24}],"player_experience":192057,"relics_obtained":[{"floor":4,"key":"Regal Pillow"},{"floor":8,"key":"Sundial"},{"floor":9,"key":"Red Skull"},{"floor":10,"key":"Vajra"},{"floor":26,"key":"Pantograph"},{"floor":29,"key":"Blood Vial"}],"event_choices":[{"damage_healed":0,"gold_gain":0,"player_choice":"Entered Light","damage_taken":16,"max_hp_gain":0,"max_hp_loss":0,"event_name":"Shining Light","floor":2,"gold_loss":0,"cards_upgraded":["Strike_R","Strike_R"]},{"damage_healed":0,"gold_gain":0,"player_choice":"Donut","damage_taken":0,"max_hp_gain":5,"max_hp_loss":0,"event_name":"Big Fish","floor":3,"gold_loss":0},{"damage_healed":0,"gold_gain":75,"player_choice":"Gather Gold","damage_taken":11,"max_hp_gain":0,"max_hp_loss":0,"event_name":"World of Goop","floor":5,"gold_loss":0},{"cards_removed":["Inflame"],"damage_healed":0,"gold_gain":0,"player_choice":"Card Removal","damage_taken":0,"max_hp_gain":0,"max_hp_loss":0,"event_name":"Wheel of Change","floor":19,"gold_loss":0}],"is_beta":false,"boss_relics":[{"not_picked":["SlaversCollar","Philosopher\u0027s Stone"],"picked":"Astrolabe"}],"items_purged_floors":[],"is_endless":false,"potions_floor_spawned":[1,14,18,21,24],"killed_by":"Book of Stabbing","ascension_level":2}}