{"host":"wik2u884rt5bbues","time":1611781654,"event":{"mods":["AchievementEnabler","BaseMod","Colored Map","Colored Powertips","DeckTracker","Googly Eyes","Minty Spire (QoL Compilation)","Permanent Neow","Quick Restart","Shop Mod","StSLib","SuperFastMode"],"gold_per_floor":[109,127,127,127,0,0,0,16,84,84,58,71,95,95,95,218,218,242,242,262,285,29,29,29],"floor_reached":23,"language":"ENG","playtime":892,"items_purged":["Pain","Strike_R"],"score":281,"play_id":"0bc3bb58-367d-458d-a9fb-137d686c7673","local_time":"20210127210734","is_ascension_mode":true,"campfire_choices":[{"data":"Limit Break","floor":6.0,"key":"SMITH"},{"floor":15.0,"key":"REST"}],"circlet_count":0,"master_deck":["AscendersBane","Strike_R","Strike_R","Strike_R","Strike_R+1","Defend_R","Defend_R","Defend_R","Defend_R","Bash+1","Limit Break+1","Heavy Blade","Flex","Shrug It Off"],"relics":["Burning Blood","Golden Idol","Bag of Marbles","Pantograph","Sozu","Vajra"],"acts_visited":["Exordium","TheCity"],"potions_floor_usage":[],"damage_taken":[{"damage":9.0,"enemies":"Jaw Worm","floor":1.0,"turns":3.0},{"damage":18.0,"enemies":"2 Louse","floor":2.0,"turns":5.0},{"damage":0.0,"enemies":"Small Slimes","floor":8.0,"turns":2.0},{"damage":6.0,"enemies":"Looter","floor":12.0,"turns":3.0},{"damage":1.0,"enemies":"Gremlin Gang","floor":13.0,"turns":3.0},{"damage":44.0,"enemies":"The Guardian","floor":16.0,"turns":10.0},{"damage":22.0,"enemies":"Chosen","floor":18.0,"turns":6.0},{"damage":17,"enemies":"Shell Parasite","floor":20,"turns":5},{"damage":31,"enemies":"Shelled Parasite and Fungi","floor":21,"turns":5},{"damage":20,"enemies":"Book of Stabbing","floor":23,"turns":3}],"seed_played":"-7857739588223643006","potions_obtained":[{"floor":2.0,"key":"EssenceOfSteel"},{"floor":8.0,"key":"DistilledChaos"}],"is_trial":false,"path_per_floor":["M","M","?","?","$","R","?","M","T","?","$","M","M","$","R","B",null,"M","?","M","M","$","E"],"character_chosen":"IRONCLAD","items_purchased":["Flex","Shrug It Off","Vajra"],"campfire_rested":1,"item_purchase_floors":[5,11,22],"current_hp_per_floor":[69,57,37,25,25,25,30,36,36,19,19,19,24,24,49,36,73,57,57,46,21,21,1,1],"gold":29,"neow_bonus":"THREE_RARE_CARDS","is_daily":false,"chose_seed":false,"campfire_upgraded":1,"win_rate":0.0,"timestamp":1611781654,"path_taken":["M","M","?","?","$","R","?","M","T","?","?","M","?","$","R","BOSS","M","?","?","M","$","E"],"items_purchased_type":["Card","Card","Relic"],"build_version":"2020-12-22","purchased_purges":2,"victory":false,"max_hp_per_floor":[80,80,80,80,80,80,85,85,85,85,85,85,85,85,85,85,85,85,85,85,85,85,85,85],"card_choices":[{"not_picked":["Feed","Double Tap"],"picked":"Limit Break","floor":0.0},{"not_picked":["True Grit","Wild Strike","Intimidate"],"picked":"SKIP","floor":1.0},{"not_picked":["Disarm","Havoc"],"picked":"Heavy Blade","floor":2.0},{"not_picked":["Cleave","Feed","Thunderclap"],"picked":"SKIP","floor":8.0},{"not_picked":["Cleave","Feed","Thunderclap"],"picked":"SKIP","floor":8.0},{"not_picked":["Rage","Iron Wave","Battle Trance"],"picked":"SKIP","floor":12.0},{"not_picked":["Dual Wield","Headbutt","Havoc"],"picked":"SKIP","floor":13.0},{"not_picked":["Thunderclap+1","Armaments","Headbutt"],"picked":"SKIP","floor":18.0},{"not_picked":["Body Slam","True Grit","Carnage+1"],"picked":"SKIP","floor":20},{"not_picked":["Bloodletting+1","True Grit","Ghostly Armor"],"picked":"SKIP","floor":21}],"player_experience":778466,"relics_obtained":[{"floor":9.0,"key":"Pantograph"}],"event_choices":[{"damage_healed":0.0,"max_hp_gain":0.0,"max_hp_loss":0.0,"gold_gain":0.0,"event_name":"Golden Idol","player_choice":"Take Damage","floor":3.0,"gold_loss":0.0,"damage_taken":20.0,"relics_obtained":["Golden Idol"]},{"damage_healed":0.0,"max_hp_gain":0.0,"max_hp_loss":0.0,"gold_gain":0.0,"event_name":"Scrap Ooze","player_choice":"Success","floor":4.0,"gold_loss":0.0,"damage_taken":12.0,"relics_obtained":["Bag of Marbles"]},{"damage_healed":0.0,"max_hp_gain":5.0,"max_hp_loss":0.0,"gold_gain":0.0,"event_name":"Big Fish","player_choice":"Donut","floor":7.0,"gold_loss":0.0,"damage_taken":0.0},{"damage_healed":0.0,"max_hp_gain":0.0,"max_hp_loss":0.0,"gold_gain":0.0,"event_name":"Shining Light","player_choice":"Entered Light","floor":10.0,"gold_loss":0.0,"damage_taken":17.0,"cards_upgraded":["Strike_R","Bash"]},{"damage_healed":0.0,"max_hp_gain":0.0,"max_hp_loss":0.0,"gold_gain":0.0,"event_name":"Match and Keep!","player_choice":"0 cards matched","floor":19.0,"gold_loss":0.0,"damage_taken":0.0,"cards_obtained":[]}],"is_beta":false,"boss_relics":[{"not_picked":["Runic Cube","Runic Pyramid"],"picked":"Sozu"}],"items_purged_floors":[5,22],"is_endless":false,"potions_floor_spawned":[2,8],"killed_by":"Book of Stabbing","ascension_level":11}}