{"host":"hpn0uxah5qjr7pa6","time":1611726744,"event":{"mods":["Act Like it!","BaseMod","BetterRewards","Colored Powertips","Conspire","Downfall","Hallownest","Hermit","Hubris","Infinite Spire","Minty Spire (QoL Compilation)","Quick Restart","Replay The Spire","StSLib","The Cursed","The Disciple","The Jungle","The Servant 0.9.4"],"gold_per_floor":[109,9,58,19,55,39,39,119,119,119,145,178,178,190,190,316,316,345,403,67,67,480,480,528,528,528],"floor_reached":25,"language":"ENG","playtime":1614,"items_purged":[],"score":254,"play_id":"bd985074-a2ed-40d0-8024-212933db307d","local_time":"20210126215224","is_ascension_mode":true,"campfire_choices":[{"data":"Poisoned Stab","floor":7,"key":"SMITH"},{"floor":10,"key":"REST"},{"floor":13,"key":"REST"},{"data":"Terror","floor":23,"key":"SMITH"}],"circlet_count":0,"master_deck":["Strike_G","Strike_G","Strike_G","Strike_G","Strike_G","Defend_G","Defend_G","Defend_G","Defend_G+1","Defend_G+1","Survivor","Neutralize","conspire:SpireCoStock+1","Deadly Poison","Deadly Poison","Poisoned Stab+1","Dagger Spray","Terror+1","Poison Darts","Poisoned Stab","Deadly Poison","Deadly Poison","Storm of Steel"],"relics":["hubris:CrystalStatue","infinitespire:PuzzleCube","hubris:ToyBattleship","hubris:VirtuousBlindfold","Lee\u0027s Waffle","hubris:TenFootPole","Simple Rune"],"acts_visited":["Exordium","Hallownest:CityofTears"],"potions_floor_usage":[8,14,18,24],"damage_taken":[{"damage":0,"enemies":"Cultist","floor":1,"turns":5},{"damage":0,"enemies":"Small Slimes","floor":3,"turns":4},{"damage":6,"enemies":"Jaw Worm","floor":5,"turns":4},{"damage":0,"enemies":"Looter","floor":6,"turns":4},{"damage":36,"enemies":"3 Sentries","floor":8,"turns":10},{"damage":19,"enemies":"Gremlin Nob","floor":11,"turns":4},{"damage":26,"enemies":"Exordium Thugs","floor":12,"turns":8},{"damage":0,"enemies":"2 Fungi Beasts","floor":14,"turns":3},{"damage":27,"enemies":"The Guardian","floor":16,"turns":10},{"damage":23,"enemies":"Hallownest:Flukemon_and_Top","floor":18,"turns":5},{"damage":0,"enemies":"Hallownest:2_Mistakes","floor":19,"turns":7},{"damage":75,"enemies":"Hallownest:eliteWatcherKnight","floor":24,"turns":13},{"damage":10,"enemies":"Hallownest:3_Mistakes","floor":25,"turns":1}],"seed_played":"-2057277627005261554","potions_obtained":[{"floor":3,"key":"Weak Potion"},{"floor":8,"key":"Cursed Concoction"},{"floor":12,"key":"AttackPotion"},{"floor":16,"key":"Energy Potion"},{"floor":18,"key":"Guardian:BlockOnCardUsePotion"}],"is_trial":false,"path_per_floor":["M","?","M","$","M","M","R","?","T","R","E","M","R","M","R","B",null,"M","M","$","?","?","R","E","M"],"character_chosen":"THE_SILENT","items_purchased":["Deadly Poison","Lee\u0027s Waffle","Deadly Poison","hubris:TenFootPole"],"campfire_rested":2,"item_purchase_floors":[4,20,20,20],"current_hp_per_floor":[70,70,70,70,64,64,64,28,28,49,30,4,25,25,46,19,70,47,47,77,77,77,77,2,0,0],"gold":528,"neow_bonus":"","is_daily":false,"chose_seed":false,"campfire_upgraded":2,"win_rate":0.0,"timestamp":1611726744,"path_taken":["M","?","M","$","M","M","R","?","T","R","E","M","R","M","R","BOSS","M","M","$","?","?","R","E","?"],"items_purchased_type":["Card","Relic","Card","Relic"],"build_version":"2020-12-22","purchased_purges":0,"victory":false,"max_hp_per_floor":[70,70,70,70,70,70,70,70,70,70,70,70,70,70,70,70,70,70,70,77,77,77,77,77,77,77],"card_choices":[{"not_picked":["Dodge and Roll","Acrobatics","Deflect"],"picked":"SKIP","floor":1},{"not_picked":["Backflip","Dodge and Roll","Draining Mist"],"picked":"SKIP","floor":3},{"not_picked":["Deflect","Backstab","ReplayTheSpireMod:Tripwire"],"picked":"SKIP","floor":5},{"not_picked":["Dodge and Roll","Doppelganger"],"picked":"Poisoned Stab","floor":6},{"not_picked":["Backflip","Hidden Blade","Predator"],"picked":"SKIP","floor":11},{"not_picked":["Deflect","Cloak And Dagger"],"picked":"Dagger Spray","floor":12},{"not_picked":["Quick Slash","Prepared"],"picked":"Terror","floor":14},{"not_picked":["Atom Bomb","Storm of Steel"],"picked":"Poison Darts","floor":16},{"not_picked":["PiercingWail","Slice"],"picked":"Poisoned Stab","floor":18},{"not_picked":["Slice","hubris:Sniper","Dagger Spray"],"picked":"SKIP","floor":19},{"not_picked":["Acrobatics+1","Poison Darts"],"picked":"Storm of Steel","floor":24}],"player_experience":109964,"relics_obtained":[{"floor":9,"key":"infinitespire:PuzzleCube"},{"floor":11,"key":"hubris:ToyBattleship"},{"floor":24,"key":"Simple Rune"}],"event_choices":[{"damage_healed":0,"gold_gain":0,"player_choice":"Invest 2","damage_taken":0,"max_hp_gain":0,"max_hp_loss":0,"event_name":"conspire:Investor","floor":2,"gold_loss":0},{"damage_healed":0,"gold_gain":0,"player_choice":"Searched \u00272\u0027 times","damage_taken":0,"relics_obtained":["hubris:CrystalStatue"],"max_hp_gain":0,"max_hp_loss":0,"event_name":"Dead Adventurer","floor":8,"gold_loss":0}],"is_beta":false,"boss_relics":[{"not_picked":["Kintsugi","conspire:SpecialSausage"],"picked":"hubris:VirtuousBlindfold"}],"items_purged_floors":[],"is_endless":false,"potions_floor_spawned":[3,8,12,16,18],"killed_by":"Hallownest:3_Mistakes","ascension_level":1}}