{"host":"d9m9v0h6vo0edadb","time":1611735332,"event":{"mods":["BaseMod","Hermit","Keyboard Shortcuts","Minty Spire (QoL Compilation)","StSLib","SuperFastMode","The Cursed"],"gold_per_floor":[110,129,147,87,12,12,87,87,111,82,94,108,108,108,108,108,108],"floor_reached":16,"language":"KOR","playtime":220,"items_purged":["Strike_G"],"score":184,"play_id":"78970e47-4f5f-4b01-9d8e-8577dc560bd9","local_time":"20210127171532","is_ascension_mode":true,"campfire_choices":[{"data":"Prepared","floor":6,"key":"SMITH"},{"data":"Flechettes","floor":8,"key":"SMITH"},{"floor":13,"key":"REST"},{"data":"Venomology","floor":15,"key":"SMITH"}],"circlet_count":0,"master_deck":["AscendersBane","Strike_G","Strike_G","Defend_G","Defend_G","Defend_G","Defend_G","Defend_G","Survivor","Neutralize","Flechettes+1","Acrobatics","Prepared+1","Burst","Venomology+1"],"relics":["Ring of the Snake","Bronze Scales"],"acts_visited":["Exordium"],"potions_floor_usage":[16,16,16],"damage_taken":[{"damage":2,"enemies":"Cultist","floor":1,"turns":5},{"damage":0,"enemies":"2 Louse","floor":2,"turns":3},{"damage":19,"enemies":"Jaw Worm","floor":3,"turns":4},{"damage":3,"enemies":"Looter","floor":4,"turns":5},{"damage":6,"enemies":"Exordium Thugs","floor":10,"turns":5},{"damage":0,"enemies":"3 Louse","floor":11,"turns":4},{"damage":5,"enemies":"Red Slaver","floor":12,"turns":2},{"damage":33,"enemies":"Hexaghost","floor":16,"turns":9}],"seed_played":"7067057799577113769","potions_obtained":[{"floor":1,"key":"LiquidMemories"},{"floor":2,"key":"SkillPotion"}],"is_trial":false,"path_per_floor":["M","M","M","M","$","R","?","R","T","M","M","M","R","?","R","B"],"character_chosen":"THE_SILENT","items_purchased":[],"campfire_rested":1,"item_purchase_floors":[],"current_hp_per_floor":[57,57,38,35,35,35,24,24,24,18,18,13,32,32,32,0,0],"gold":108,"neow_bonus":"REMOVE_CARD","is_daily":false,"chose_seed":false,"campfire_upgraded":3,"win_rate":0.0,"timestamp":1611735332,"path_taken":["M","M","M","?","$","R","?","R","T","M","M","M","R","?","R","BOSS"],"items_purchased_type":[],"build_version":"2020-12-22","purchased_purges":1,"victory":false,"max_hp_per_floor":[66,66,66,66,66,66,66,66,66,66,66,66,66,66,66,66,66],"card_choices":[{"not_picked":["PiercingWail","Flying Knee"],"picked":"Flechettes","floor":1},{"not_picked":["Bouncing Flask","Riddle With Holes"],"picked":"Acrobatics","floor":2},{"not_picked":["Poisoned Stab","Finisher","Underhanded Strike"],"picked":"SKIP","floor":3},{"not_picked":["Sucker Punch","Infinite Blades"],"picked":"Prepared","floor":4},{"not_picked":["Catalyst","Expertise","Outmaneuver"],"picked":"SKIP","floor":10},{"not_picked":["Dagger Spray","Prepared","Poisoned Stab"],"picked":"SKIP","floor":11},{"not_picked":["Bane","Dagger Spray"],"picked":"Burst","floor":12}],"player_experience":992843,"relics_obtained":[{"floor":9,"key":"Bronze Scales"}],"event_choices":[{"damage_healed":0,"gold_gain":75,"player_choice":"Gather Gold","damage_taken":11,"max_hp_gain":0,"max_hp_loss":0,"event_name":"World of Goop","floor":7,"gold_loss":0},{"damage_healed":0,"gold_gain":0,"cards_transformed":["Strike_G"],"player_choice":"Change","damage_taken":0,"max_hp_gain":0,"max_hp_loss":0,"event_name":"Living Wall","floor":14,"gold_loss":0,"cards_obtained":["Venomology"]}],"is_beta":false,"boss_relics":[],"items_purged_floors":[5],"is_endless":false,"potions_floor_spawned":[1,2],"killed_by":"Hexaghost","ascension_level":20}}