{"host":"5hj512uv6i1x1iks","time":1611780951,"event":{"mods":["BaseMod","Colored Powertips","Downfall","Minty Spire (QoL Compilation)","Rare Cards Sparkle","Relic Stats","Reliquary","StSLib"],"gold_per_floor":[99,113,113,125,139,239,239,139,15,42,61,46,63,75,85,181,181,181,281,281,281,292,311,311,322,222,234,234,252,252,277,292,292,292,292],"floor_reached":33,"language":"ENG","playtime":1667,"items_purged":["champ:Strike"],"score":286,"play_id":"cc5e819d-f711-43fa-bbd2-e914bb31da80","local_time":"20210127145551","is_ascension_mode":false,"campfire_choices":[{"floor":1,"key":"RECALL"},{"data":"1","floor":8,"key":"LIFT"},{"data":"2","floor":18,"key":"LIFT"},{"data":"3","floor":26,"key":"LIFT"}],"circlet_count":0,"master_deck":["champ:Strike","champ:Strike","champ:Defend","champ:Defend","champ:Defend","champ:Execute","champ:Taunt","champ:IronFortress","champ:DefensiveStyle","champ:BerserkersShout","champ:DeathBlow","champ:RisingSlash","champ:BringItOn","champ:FancyFootwork","champ:EnGarde","champ:AdrenalArmor","champ:BerserkerStyle","champ:VampiricStrike","champ:Parry+1","champ:TripleStrike","champ:CheapShot","J.A.X.","champ:SkillfulDodge","champ:Circumvent+1","champ:FlashCut+1","champ:Haymaker","champ:ShieldWall"],"relics":["champ:ChampionCrown","Girya","downfall:HeartBlessingRed","Odd Mushroom","expansioncontent:StudyCardRelic","MutagenicStrength","downfall:HeartBlessingBlue","reliquary:ExpiredCoupon"],"acts_visited":["Exordium","TheCity"],"potions_floor_usage":[16,33],"damage_taken":[{"damage":22,"enemies":"Jaw Worm","floor":2,"turns":4},{"damage":22,"enemies":"2 Louse","floor":4,"turns":3},{"damage":10,"enemies":"Small Slimes","floor":5,"turns":3},{"damage":10,"enemies":"downfall:FleeingMerchant","floor":9,"turns":4},{"damage":29,"enemies":"The Mushroom Lair","floor":10,"turns":4},{"damage":30,"enemies":"Exordium Wildlife","floor":11,"turns":3},{"damage":28,"enemies":"downfall:FleeingMerchant","floor":12,"turns":4},{"damage":35,"enemies":"Large Slime","floor":13,"turns":7},{"damage":10,"enemies":"3 Louse","floor":14,"turns":1},{"damage":18,"enemies":"Blue Slaver","floor":15,"turns":3},{"damage":82,"enemies":"WA_ARCHETYPE_RETAIN","floor":16,"turns":9},{"damage":54,"enemies":"downfall:Augmenter","floor":19,"turns":7},{"damage":20,"enemies":"Spheric Guardian","floor":22,"turns":3},{"damage":22,"enemies":"Shell Parasite","floor":23,"turns":4},{"damage":36,"enemies":"Snecko","floor":25,"turns":3},{"damage":27,"enemies":"Snake Plant","floor":27,"turns":4},{"damage":17,"enemies":"Centurion and Healer","floor":29,"turns":5},{"damage":62,"enemies":"Gremlin Leader","floor":31,"turns":8},{"damage":41,"enemies":"Cultist and Chosen","floor":32,"turns":5},{"damage":93,"enemies":"SI_MIRROR_ARCHETYPE","floor":33,"turns":6}],"seed_played":"-1465173539487097577","potions_obtained":[{"floor":2,"key":"bronze:BurnAndBuffPotion"},{"floor":4,"key":"AttackPotion"},{"floor":13,"key":"FairyPotion"},{"floor":21,"key":"CultistPotion"}],"is_trial":false,"path_per_floor":["R","M","?","M","M","?","T","R","$","?","M","$","M","M","M","B",null,"R","?","?","?","M","M","T","M","R","M","?","M","?","E","M","B"],"character_chosen":"THE_CHAMP","items_purchased":["champ:DeathBlow"],"campfire_rested":0,"item_purchase_floors":[9],"current_hp_per_floor":[99,97,97,95,95,95,95,95,95,86,86,73,63,63,60,23,99,99,80,80,80,80,80,80,75,85,72,72,69,69,52,31,0,0,0],"gold":292,"neow_bonus":"TEN_PERCENT_HP_BONUS","is_daily":false,"chose_seed":false,"campfire_upgraded":0,"win_rate":0.0,"timestamp":1611780951,"path_taken":["R","M","?","M","M","?","T","R","$","?","M","?","M","M","M","BOSS","R","?","?","?","?","M","T","M","R","M","?","M","?","E","M","BOSS"],"items_purchased_type":["Card"],"build_version":"2020-12-22","purchased_purges":1,"victory":false,"max_hp_per_floor":[99,99,99,99,99,99,99,99,99,99,99,99,99,99,99,99,99,99,99,99,99,99,99,99,99,109,109,109,109,109,109,109,109,109,109],"relic_stats":{"counters":[20,90],"obtain_stats":[{"Girya":7,"reliquary:ExpiredCoupon":31,"downfall:HeartBlessingRed":8,"downfall:HeartBlessingBlue":26,"MutagenicStrength":19,"champ:ChampionCrown":0,"expansioncontent:StudyCardRelic":17,"Odd Mushroom":10},{"Girya":3,"reliquary:ExpiredCoupon":18,"downfall:HeartBlessingRed":3,"downfall:HeartBlessingBlue":15,"MutagenicStrength":12,"champ:ChampionCrown":0,"expansioncontent:StudyCardRelic":11,"Odd Mushroom":5},{"Girya":10,"reliquary:ExpiredCoupon":79,"downfall:HeartBlessingRed":10,"downfall:HeartBlessingBlue":62,"MutagenicStrength":52,"champ:ChampionCrown":0,"expansioncontent:StudyCardRelic":45,"Odd Mushroom":18}]},"card_choices":[{"not_picked":["champ:CrownThrow","champ:ShieldSlam"],"picked":"champ:IronFortress","floor":2},{"not_picked":["champ:PreciseThrust","champ:Encircle","champ:ShieldSlam"],"picked":"SKIP","floor":4},{"not_picked":["champ:BladeFlurry","champ:RecklessLeap"],"picked":"champ:DefensiveStyle","floor":5},{"not_picked":["champ:PreciseThrust","champ:Lariat"],"picked":"champ:BerserkersShout","floor":9},{"not_picked":["champ:GutPunch","champ:TornadoPunch"],"picked":"champ:RisingSlash","floor":10},{"not_picked":["champ:FanOfKnives","champ:DancingMaster"],"picked":"champ:BringItOn","floor":11},{"not_picked":["champ:DeathBlow","champ:RisingSlash"],"picked":"champ:FancyFootwork","floor":12},{"not_picked":["champ:PreciseThrust","champ:BladeFlurry"],"picked":"champ:EnGarde","floor":13},{"not_picked":["champ:SkillfulDodge","champ:ShieldSigil"],"picked":"champ:AdrenalArmor","floor":14},{"not_picked":["champ:Haymaker","champ:GladiatorStyle"],"picked":"champ:BerserkerStyle","floor":15},{"not_picked":["champ:Improvising","champ:LastStand"],"picked":"champ:VampiricStrike","floor":16},{"not_picked":["champ:CrownThrow","champ:FaceSlap"],"picked":"champ:Parry+1","floor":19},{"not_picked":[],"picked":"J.A.X.","floor":19},{"not_picked":["champ:FanOfKnives","champ:BringItOn"],"picked":"champ:SkillfulDodge","floor":22},{"not_picked":["champ:PreemptiveStrike","champ:RisingSlash+1","champ:GutPunch"],"picked":"SKIP","floor":23},{"not_picked":["champ:StanceDance","champ:VampiricStrike"],"picked":"champ:Circumvent+1","floor":25},{"not_picked":["champ:RapidStrikes","champ:EnGarde","champ:PreciseThrust"],"picked":"SKIP","floor":27},{"not_picked":["champ:Backstep","champ:PreciseThrust"],"picked":"champ:FlashCut+1","floor":29},{"not_picked":["champ:IronFortress","champ:DeathBlow+1"],"picked":"champ:Haymaker","floor":31},{"not_picked":["champ:CrownThrow","champ:FlashCut"],"picked":"champ:ShieldWall","floor":32}],"player_experience":604985,"relics_obtained":[{"floor":7,"key":"Girya"},{"floor":10,"key":"Odd Mushroom"},{"floor":19,"key":"MutagenicStrength"},{"floor":31,"key":"reliquary:ExpiredCoupon"}],"event_choices":[{"damage_healed":0,"gold_gain":0,"player_choice":"Fought Mushrooms","damage_taken":0,"max_hp_gain":0,"max_hp_loss":0,"event_name":"Mushrooms","floor":10,"gold_loss":0},{"damage_healed":0,"gold_gain":0,"player_choice":"Ignored","damage_taken":0,"max_hp_gain":0,"max_hp_loss":0,"event_name":"Vampires","floor":28,"gold_loss":0}],"is_beta":false,"boss_relics":[{"not_picked":["Astrolabe","reliquary:RedCape"],"picked":"expansioncontent:StudyCardRelic"}],"items_purged_floors":[9],"is_endless":false,"potions_floor_spawned":[2,4,13,15,23,25,27,29,32],"killed_by":"SI_MIRROR_ARCHETYPE","ascension_level":0}}