{"host":"h4qgcirtxz6qax9j","time":1611726861,"event":{"mods":["2.2 Compatiblity","AchievementEnabler","BaseMod","Colored Powertips","Custom Start","Hermit","Marisa£¨Ùöéë¡¡Øª×âÞÞ£©","Minty Spire (QoL Compilation)","Replay The Spire","StSLib","SuperFastMode","The Servant 0.9.4"],"gold_per_floor":[116,132,132,144,99,99,111,81,81,92,92,126,140,140,140],"floor_reached":14,"language":"KOR","playtime":325,"items_purged":[],"score":101,"play_id":"617810a2-7eaf-45ff-8adf-3de5ad7785eb","local_time":"20210127145421","is_ascension_mode":true,"campfire_choices":[{"data":"SuperPerseids","floor":6,"key":"SMITH"},{"data":"GasGiant","floor":11,"key":"SMITH"}],"circlet_count":0,"master_deck":["Strike_MRS","Strike_MRS","Strike_MRS","Strike_MRS","Defend_MRS","Defend_MRS","Defend_MRS","Defend_MRS","MasterSpark","UpSweep","ReplayTheSpireMod:Restless Dread","Looming Evil","PowerUp","SuperPerseids+1","IllusionStar","GasGiant","GasGiant+1","SuperPerseids"],"relics":["MiniHakkero","Painkiller Herb","Bottled Lightning","Pantograph"],"acts_visited":["Exordium"],"potions_floor_usage":[14,14,14],"damage_taken":[{"damage":8,"enemies":"Jaw Worm","floor":1,"turns":4},{"damage":8,"enemies":"Small Slimes","floor":2,"turns":3},{"damage":4,"enemies":"Cultist","floor":4,"turns":3},{"damage":5,"enemies":"Gremlin Gang","floor":7,"turns":5},{"damage":9,"enemies":"Red Slaver","floor":10,"turns":4},{"damage":11,"enemies":"Gremlin Nob","floor":12,"turns":4},{"damage":18,"enemies":"Large Slime","floor":13,"turns":4},{"damage":18,"enemies":"Lagavulin","floor":14,"turns":4}],"seed_played":"4995208659225763555","potions_obtained":[{"floor":1,"key":"PowerPotion"},{"floor":8,"key":"BottledSpark"},{"floor":8,"key":"StarNLove"}],"is_trial":false,"path_per_floor":["?","?","?","?","T","T","?","?","T","?","T","E","?","E"],"character_chosen":"MARISA","items_purchased":["IllusionStar"],"campfire_rested":0,"item_purchase_floors":[5],"current_hp_per_floor":[67,59,59,55,55,55,50,50,50,41,41,30,12,0,0],"gold":140,"neow_bonus":"CURSED_BOSS_RELIC","is_daily":false,"chose_seed":false,"campfire_upgraded":2,"win_rate":0.0,"timestamp":1611726861,"path_taken":["?","?","?","?","T","T","?","?","T","?","T","E","?","E"],"items_purchased_type":["Card"],"build_version":"2020-12-22","purchased_purges":0,"victory":false,"max_hp_per_floor":[75,75,75,75,75,75,75,75,75,75,75,75,75,75,75],"card_choices":[{"not_picked":["GravityBeat","AsteroidBelt"],"picked":"PowerUp","floor":1},{"not_picked":["WitchLeyline","Acceleration","SporeBomb"],"picked":"SKIP","floor":2},{"not_picked":["AsteroidBelt","IllusionStar"],"picked":"SuperPerseids","floor":4},{"not_picked":["NonDirectionalLaser","GalacticHalo"],"picked":"GasGiant","floor":7},{"not_picked":["WitchOfGreed","ShootTheMoon"],"picked":"GasGiant","floor":10},{"not_picked":["LuminesStrike","AsteroidBelt","ChargeUpSpray"],"picked":"SKIP","floor":12},{"not_picked":["PowerUp","GravityBeat"],"picked":"SuperPerseids","floor":13}],"player_experience":119178,"relics_obtained":[{"floor":9,"key":"Bottled Lightning"},{"floor":12,"key":"Pantograph"}],"event_choices":[{"damage_healed":0,"gold_gain":0,"player_choice":"Ignored","damage_taken":0,"max_hp_gain":0,"max_hp_loss":0,"event_name":"Golden Wing","floor":3,"gold_loss":0},{"damage_healed":0,"gold_gain":0,"player_choice":"Bought 2 Potions","damage_taken":0,"max_hp_gain":0,"max_hp_loss":0,"event_name":"The Woman in Blue","floor":8,"gold_loss":0}],"is_beta":false,"boss_relics":[],"items_purged_floors":[],"is_endless":false,"potions_floor_spawned":[1,12],"killed_by":"Lagavulin","ascension_level":2}}