{"host":"kqjncq1jgqa58i7s","time":1611752508,"event":{"mods":["AchievementEnabler","BaseMod","Colored Map","Minty Spire (QoL Compilation)","Relic Stats"],"gold_per_floor":[118,131,145,157,157,157,157,157,157,157,173,199,210,230,230,301,301,319,234,246,171,181,181,209,209,258,258,275,291,291,321,321,321,321],"floor_reached":33,"language":"ENG","playtime":2203,"items_purged":["Defend_P"],"score":578,"play_id":"3ca5e4c2-ce74-4e00-8a5f-42d9352a3f1e","local_time":"20210127140148","is_ascension_mode":true,"campfire_choices":[{"data":"Consecrate","floor":6.0,"key":"SMITH"},{"data":"Vigilance","floor":8.0,"key":"SMITH"},{"floor":10.0,"key":"DIG"},{"floor":15.0,"key":"DIG"},{"floor":23.0,"key":"REST"},{"floor":25.0,"key":"DIG"},{"floor":27.0,"key":"DIG"},{"floor":30.0,"key":"REST"},{"floor":32,"key":"REST"}],"circlet_count":0,"master_deck":["AscendersBane","Strike_P","Strike_P","Strike_P","Strike_P","Defend_P","Defend_P","Defend_P","Eruption+1","Vigilance+1","Consecrate+1","Conclude+1","FlurryOfBlows","ThirdEye","Tantrum","FlurryOfBlows","MentalFortress","DevaForm","ThirdEye","Blasphemy","WaveOfTheHand","EmptyMind","MentalFortress","MentalFortress+1","Swivel+1","WheelKick","Adaptation","Nirvana","Meditate","Wallop","Adaptation"],"relics":["PureWater","NeowsBlessing","Shovel","Gambling Chip","Prayer Wheel","White Beast Statue","Snecko Eye","Dream Catcher","Ginger","Toy Ornithopter","Potion Belt","Bag of Marbles","Bag of Preparation"],"acts_visited":["Exordium","TheCity"],"potions_floor_usage":[31],"damage_taken":[{"damage":0.0,"enemies":"Small Slimes","floor":1.0,"turns":1.0},{"damage":0.0,"enemies":"Jaw Worm","floor":2.0,"turns":1.0},{"damage":0.0,"enemies":"2 Louse","floor":3.0,"turns":1.0},{"damage":0.0,"enemies":"Looter","floor":4.0,"turns":2.0},{"damage":0.0,"enemies":"Exordium Wildlife","floor":11.0,"turns":3.0},{"damage":3.0,"enemies":"3 Sentries","floor":12.0,"turns":3.0},{"damage":0.0,"enemies":"Large Slime","floor":13.0,"turns":2.0},{"damage":3.0,"enemies":"Lots of Slimes","floor":14.0,"turns":3.0},{"damage":24.0,"enemies":"Hexaghost","floor":16.0,"turns":9.0},{"damage":1.0,"enemies":"2 Thieves","floor":18.0,"turns":2.0},{"damage":17.0,"enemies":"Shell Parasite","floor":20.0,"turns":6.0},{"damage":32.0,"enemies":"Cultist and Chosen","floor":22.0,"turns":8.0},{"damage":14.0,"enemies":"Book of Stabbing","floor":24.0,"turns":5.0},{"damage":5.0,"enemies":"Snecko","floor":28.0,"turns":5.0},{"damage":1.0,"enemies":"Snake Plant","floor":29.0,"turns":3.0},{"damage":13,"enemies":"Gremlin Leader","floor":31,"turns":5},{"damage":44,"enemies":"Collector","floor":33,"turns":2}],"seed_played":"-4645461005431466671","potions_obtained":[{"floor":1.0,"key":"LiquidMemories"},{"floor":2.0,"key":"EssenceOfSteel"},{"floor":16.0,"key":"StancePotion"},{"floor":18.0,"key":"Ambrosia"},{"floor":20.0,"key":"LiquidBronze"},{"floor":24.0,"key":"SteroidPotion"},{"floor":28.0,"key":"SmokeBomb"},{"floor":29.0,"key":"GamblersBrew"},{"floor":31,"key":"SmokeBomb"}],"is_trial":false,"path_per_floor":["M","M","M","M","?","R","?","R","T","R","M","E","M","M","R","B",null,"M","?","M","$","M","R","E","R","T","R","M","M","R","E","R","B"],"character_chosen":"WATCHER","items_purchased":[],"campfire_rested":3,"item_purchase_floors":[],"current_hp_per_floor":[61,61,61,61,41,41,41,41,41,41,41,38,38,35,35,11,54,53,53,36,36,4,24,10,10,10,10,5,9,29,21,41,0,0],"gold":321,"neow_bonus":"THREE_ENEMY_KILL","is_daily":false,"chose_seed":false,"campfire_upgraded":2,"win_rate":0.0,"timestamp":1611752508,"path_taken":["M","M","M","M","?","R","?","R","T","R","M","E","?","M","R","BOSS","M","?","M","$","M","R","E","R","T","R","M","M","R","E","R","BOSS"],"items_purchased_type":[],"build_version":"2020-12-22","purchased_purges":1,"victory":false,"max_hp_per_floor":[68,68,68,68,68,68,68,68,68,68,68,68,68,68,68,68,68,68,68,68,68,68,68,68,68,68,68,68,68,68,68,68,68,68],"relic_stats":{"Dream Catcher":3,"Shovel":4,"counters":[17,61],"Gambling Chip":[49],"Snecko Eye":[73,70,78,74],"Prayer Wheel":7,"Bag of Preparation":[2],"Ginger":[8],"obtain_stats":[{"Potion Belt":26,"NeowsBlessing":0,"Bag of Preparation":31,"Ginger":24,"White Beast Statue":15,"Dream Catcher":19,"Shovel":9,"Gambling Chip":10,"Snecko Eye":17,"Prayer Wheel":12,"Bag of Marbles":27,"PureWater":0,"Toy Ornithopter":25},{"Potion Belt":13,"NeowsBlessing":0,"Bag of Preparation":16,"Ginger":13,"White Beast Statue":8,"Dream Catcher":10,"Shovel":4,"Gambling Chip":4,"Snecko Eye":9,"Prayer Wheel":6,"Bag of Marbles":13,"PureWater":0,"Toy Ornithopter":13},{"Potion Belt":46,"NeowsBlessing":0,"Bag of Preparation":59,"Ginger":46,"White Beast Statue":16,"Dream Catcher":27,"Shovel":5,"Gambling Chip":5,"Snecko Eye":25,"Prayer Wheel":11,"Bag of Marbles":46,"PureWater":0,"Toy Ornithopter":46}],"Toy Ornithopter":10},"card_choices":[{"not_picked":["InnerPeace","Swivel"],"picked":"Consecrate","floor":1.0},{"not_picked":["Prostrate","FlurryOfBlows"],"picked":"Conclude","floor":2.0},{"not_picked":["JustLucky","Vengeance"],"picked":"FlurryOfBlows","floor":3.0},{"not_picked":["Halt","WindmillStrike","SandsOfTime"],"picked":"SKIP","floor":4.0},{"not_picked":["Halt","WindmillStrike","SandsOfTime"],"picked":"SKIP","floor":4.0},{"not_picked":["CrushJoints","ClearTheMind"],"picked":"ThirdEye","floor":11.0},{"not_picked":["Collect","BowlingBash"],"picked":"Tantrum","floor":12.0},{"not_picked":["Consecrate","BowlingBash"],"picked":"FlurryOfBlows","floor":13.0},{"not_picked":["Swivel","Nirvana"],"picked":"MentalFortress","floor":13.0},{"not_picked":["BowlingBash","Consecrate"],"picked":"DevaForm","floor":14.0},{"not_picked":["Collect","Prostrate"],"picked":"ThirdEye","floor":14.0},{"not_picked":["Establishment","SpiritShield"],"picked":"Blasphemy","floor":16.0},{"not_picked":["Prostrate","BowlingBash"],"picked":"WaveOfTheHand","floor":18.0},{"not_picked":["Prostrate","Crescendo"],"picked":"EmptyMind","floor":18.0},{"not_picked":["Worship+1","Swivel"],"picked":"MentalFortress","floor":20.0},{"not_picked":["CutThroughFate","Crescendo"],"picked":"MentalFortress+1","floor":20.0},{"not_picked":["Perseverance","FollowUp"],"picked":"Swivel+1","floor":22.0},{"not_picked":["DeusExMachina","EmptyBody","SandsOfTime"],"picked":"SKIP","floor":22.0},{"not_picked":["ThirdEye","EmptyMind"],"picked":"WheelKick","floor":23.0},{"not_picked":["LikeWater","EmptyBody+1","SashWhip"],"picked":"SKIP","floor":24.0},{"not_picked":["Worship","Halt","EmptyBody+1"],"picked":"SKIP","floor":28.0},{"not_picked":["Crescendo","JustLucky+1","Halt"],"picked":"SKIP","floor":28.0},{"not_picked":["BowlingBash","Establishment"],"picked":"Adaptation","floor":29.0},{"not_picked":["Wireheading","SashWhip"],"picked":"Nirvana","floor":29.0},{"not_picked":["SandsOfTime+1","Sanctity"],"picked":"Meditate","floor":30.0},{"not_picked":["EmptyFist","ForeignInfluence"],"picked":"Wallop","floor":31},{"not_picked":["Tantrum","Worship+1"],"picked":"Adaptation","floor":32}],"player_experience":1633584,"relics_obtained":[{"floor":9.0,"key":"Shovel"},{"floor":10.0,"key":"Gambling Chip"},{"floor":12.0,"key":"Prayer Wheel"},{"floor":15.0,"key":"White Beast Statue"},{"floor":24.0,"key":"Ginger"},{"floor":25.0,"key":"Toy Ornithopter"},{"floor":26.0,"key":"Potion Belt"},{"floor":27.0,"key":"Bag of Marbles"},{"floor":31,"key":"Bag of Preparation"}],"event_choices":[{"damage_healed":0.0,"max_hp_gain":0.0,"max_hp_loss":0.0,"gold_gain":0.0,"event_name":"Shining Light","player_choice":"Entered Light","floor":5.0,"gold_loss":0.0,"damage_taken":20.0,"cards_upgraded":["Eruption","Conclude"]},{"damage_healed":0.0,"max_hp_gain":0.0,"max_hp_loss":0.0,"gold_gain":0.0,"event_name":"Liars Game","player_choice":"Ignored","floor":7.0,"gold_loss":0.0,"damage_taken":0.0},{"damage_healed":0.0,"max_hp_gain":0.0,"max_hp_loss":0.0,"gold_gain":0.0,"event_name":"Addict","player_choice":"Obtained Relic","floor":19.0,"gold_loss":85.0,"damage_taken":0.0,"relics_obtained":["Dream Catcher"]}],"is_beta":false,"boss_relics":[{"not_picked":["Runic Dome","HolyWater"],"picked":"Snecko Eye"}],"items_purged_floors":[21],"is_endless":false,"potions_floor_spawned":[1,2,12,14,16,18,20,22,24,28,29,31],"killed_by":"Collector","ascension_level":20}}