{"host":"rhn4lzew0xv07oqp","time":1611739223,"event":{"mods":["BaseMod","Colored Map","Minty Spire (QoL Compilation)","Relic Filter Mod","Spicy Shops","StSLib"],"gold_per_floor":[117,128,53,69,69,100,100,133,157,188,188,188,188],"floor_reached":12,"language":"ZHS","playtime":289,"items_purged":["Strike_B"],"score":110,"play_id":"9172e2eb-5af3-400a-945c-88e08659f01a","local_time":"20210127172023","is_ascension_mode":true,"campfire_choices":[{"floor":7,"key":"REST"},{"floor":11,"key":"REST"}],"circlet_count":0,"master_deck":["Strike_B","Strike_B","Strike_B","Defend_B","Defend_B","Defend_B","Defend_B","Zap","Dualcast","Pain","Consume"],"relics":["Cracked Core","NeowsBlessing","WarpedTongs","Lantern","Blood Vial","Orichalcum","Pantograph"],"acts_visited":["Exordium"],"potions_floor_usage":[12],"damage_taken":[{"damage":0,"enemies":"Cultist","floor":1,"turns":1},{"damage":0,"enemies":"2 Louse","floor":2,"turns":1},{"damage":0,"enemies":"Jaw Worm","floor":4,"turns":1},{"damage":35,"enemies":"3 Sentries","floor":6,"turns":9},{"damage":35,"enemies":"Lagavulin","floor":8,"turns":8},{"damage":19,"enemies":"Gremlin Nob","floor":10,"turns":4},{"damage":36,"enemies":"Lagavulin","floor":12,"turns":6}],"seed_played":"-1986252211961622277","potions_obtained":[{"floor":1,"key":"SpeedPotion"},{"floor":6,"key":"LiquidBronze"}],"is_trial":false,"path_per_floor":["M","M","$","M","?","E","R","E","T","E","R","E"],"character_chosen":"DEFECT","items_purchased":[],"campfire_rested":2,"item_purchase_floors":[],"current_hp_per_floor":[75,75,75,75,75,40,62,27,27,10,32,0,0],"gold":188,"neow_bonus":"THREE_ENEMY_KILL","is_daily":false,"chose_seed":false,"campfire_upgraded":0,"win_rate":0.0,"timestamp":1611739223,"path_taken":["M","M","?","M","?","E","R","E","T","E","R","E"],"items_purchased_type":[],"build_version":"2020-12-22","purchased_purges":1,"victory":false,"max_hp_per_floor":[75,75,75,75,75,75,75,75,75,75,75,75,75],"card_choices":[{"not_picked":["Reinforced Body","Go for the Eyes","Gash"],"picked":"SKIP","floor":1},{"not_picked":["Beam Cell","Skim","Go for the Eyes"],"picked":"SKIP","floor":2},{"not_picked":["Reprogram","Streamline","Coolheaded"],"picked":"SKIP","floor":4},{"not_picked":["Scrape","Redo"],"picked":"Consume","floor":6},{"not_picked":["Recycle","Undo","Conserve Battery"],"picked":"SKIP","floor":8},{"not_picked":["Aggregate","Stack","White Noise"],"picked":"SKIP","floor":10}],"player_experience":186889,"relics_obtained":[{"floor":6,"key":"Lantern"},{"floor":8,"key":"Blood Vial"},{"floor":9,"key":"Orichalcum"},{"floor":10,"key":"Pantograph"}],"event_choices":[{"damage_healed":0,"gold_gain":0,"player_choice":"Rummage","damage_taken":0,"relics_obtained":["WarpedTongs"],"max_hp_gain":0,"max_hp_loss":0,"event_name":"Accursed Blacksmith","floor":5,"gold_loss":0,"cards_obtained":["Pain"]}],"is_beta":false,"boss_relics":[],"items_purged_floors":[3],"is_endless":false,"potions_floor_spawned":[1,6],"killed_by":"Lagavulin","ascension_level":3}}