{"host":"clf2hd4adhiiw0zf","time":1611734055,"event":{"mods":["AchievementEnabler","BaseMod","Beaked The Cultist","Bestiary","Dark Map","Downfall","Gremlin Mod","Hermit","Jorbs\u0027s Wanderer Trilogy","Marisa????????","Minty Spire (QoL Compilation)","Shop Mod","StSLib","The Cursed","The Servant 0.9.4","Wide Potions"],"gold_per_floor":[360,85,85,136,153,184,184,214,214,214,214,214,235,271,271,271,271,271],"floor_reached":16,"language":"ENG","playtime":500,"items_purged":[],"score":122,"play_id":"c2461e4d-7a10-4665-bbc0-a7fac47b5d43","local_time":"20210127005415","is_ascension_mode":true,"campfire_choices":[{"floor":7,"key":"RECALL"},{"data":"bronze:DarkDash","floor":15,"key":"SMITH"}],"circlet_count":0,"master_deck":["bronze:Strike","bronze:Strike","bronze:Strike","bronze:Strike","bronze:Defend","bronze:Defend","bronze:Defend","bronze:Defend","bronze:Replicate","bronze:Goto","bronze:DarkDash+1","bronze:FineTuning","bronze:MaxOutput+1","bronze:DelayedSlice+1","Injury","bronze:CleanCode+1","bronze:CloningBeam+1"],"relics":["bronze:BronzeCore","Frozen Egg 2","Bird Faced Urn","Oddly Smooth Stone","PreservedInsect","Molten Egg 2","Matryoshka","Golden Idol","The Courier","Bottled Lightning"],"acts_visited":["Exordium"],"potions_floor_usage":[6,16],"damage_taken":[{"damage":3,"enemies":"Small Slimes","floor":1,"turns":3},{"damage":11,"enemies":"Jaw Worm","floor":5,"turns":3},{"damage":12,"enemies":"Lagavulin","floor":6,"turns":5},{"damage":12,"enemies":"3 Sentries","floor":8,"turns":6},{"damage":0,"enemies":"2 Louse","floor":13,"turns":2},{"damage":3,"enemies":"Lagavulin","floor":14,"turns":6},{"damage":40,"enemies":"The Guardian","floor":16,"turns":15}],"seed_played":"92442736933107475","potions_obtained":[{"floor":1,"key":"Explosive Potion"},{"floor":13,"key":"Swift Potion"}],"is_trial":false,"path_per_floor":["M","$","?","T","M","E","R","E","T","?","?","?","M","E","R","B"],"character_chosen":"THE_AUTOMATON","items_purchased":["Frozen Egg 2","bronze:DarkDash"],"campfire_rested":0,"item_purchase_floors":[2,2],"current_hp_per_floor":[46,46,43,43,32,20,20,10,10,10,33,33,35,36,36,0,0,0],"gold":271,"neow_bonus":"TWO_FIFTY_GOLD","is_daily":false,"chose_seed":false,"campfire_upgraded":1,"win_rate":0.0,"timestamp":1611734055,"path_taken":["M","$","?","?","M","E","R","E","T","?","?","?","?","E","R","BOSS"],"items_purchased_type":["Relic","Card"],"build_version":"2020-12-22","purchased_purges":0,"victory":false,"max_hp_per_floor":[70,70,70,70,70,70,70,70,70,70,70,70,70,70,70,70,70,70],"card_choices":[{"not_picked":["bronze:CloningBeam","bronze:ForLoop"],"picked":"bronze:Overheat","floor":1},{"not_picked":["bronze:OilSpill","bronze:BitShift"],"picked":"bronze:FineTuning","floor":5},{"not_picked":["bronze:CloningBeam","bronze:Turbo"],"picked":"bronze:MaxOutput+1","floor":6},{"not_picked":["bronze:DelayedGuard","bronze:Optimize+1"],"picked":"bronze:DelayedSlice+1","floor":8},{"not_picked":["bronze:Safeguard","bronze:BitShift"],"picked":"bronze:CleanCode+1","floor":13},{"not_picked":["bronze:FineTuning","bronze:Branch+1"],"picked":"bronze:CloningBeam+1","floor":14}],"player_experience":133444,"relics_obtained":[{"floor":4,"key":"Oddly Smooth Stone"},{"floor":6,"key":"PreservedInsect"},{"floor":8,"key":"Molten Egg 2"},{"floor":9,"key":"Matryoshka"},{"floor":14,"key":"Bottled Lightning"}],"event_choices":[{"damage_healed":0,"gold_gain":0,"player_choice":"Success","damage_taken":3,"relics_obtained":["Bird Faced Urn"],"max_hp_gain":0,"max_hp_loss":0,"event_name":"Scrap Ooze","floor":3,"gold_loss":0},{"damage_healed":0,"gold_gain":0,"player_choice":"Take Wound","damage_taken":0,"relics_obtained":["Golden Idol"],"max_hp_gain":0,"max_hp_loss":0,"event_name":"Golden Idol","floor":10,"gold_loss":0,"cards_obtained":["Injury"]},{"damage_healed":23,"gold_gain":0,"player_choice":"Banana","damage_taken":0,"max_hp_gain":0,"max_hp_loss":0,"event_name":"Big Fish","floor":11,"gold_loss":0},{"cards_removed":["bronze:Overheat"],"damage_healed":0,"gold_gain":0,"player_choice":"Gave Card","damage_taken":0,"relics_obtained":["The Courier"],"max_hp_gain":0,"max_hp_loss":0,"event_name":"WeMeetAgain","floor":12,"gold_loss":0}],"is_beta":false,"boss_relics":[],"items_purged_floors":[],"is_endless":false,"potions_floor_spawned":[1,13],"killed_by":"The Guardian","ascension_level":1}}