{"host":"nn0usk9aafse27ii","time":1611774262,"event":{"mods":["BaseMod","Colored Map","Highlight Path","Minty Spire (QoL Compilation)","Shop Mod","StSLib"],"gold_per_floor":[114,129,144,159,109,139,139,169,181,208,250,12,12,112,112,212,262,277,292,307,322,322,322,247,262,262,292,292,307,337,352,352,452,452,467,482,78,93,108,108,138,153,153,153,183,183,198,228,228,228],"floor_reached":51,"language":"ENG","playtime":6951,"items_purged":["Strike_R"],"score":851,"play_id":"c2e96dd7-2601-44b0-90b6-bd76eef97b39","local_time":"20210127110422","daily_mods":["Heirloom","Blue Cards","Elite Swarm"],"is_ascension_mode":false,"campfire_choices":[{"data":"Echo Form","floor":7.0,"key":"SMITH"},{"data":"Reaper","floor":13.0,"key":"SMITH"},{"data":"Body Slam","floor":15.0,"key":"SMITH"},{"data":"Double Energy","floor":23.0,"key":"SMITH"},{"data":"Creative AI","floor":28.0,"key":"SMITH"},{"data":"Exhume","floor":32.0,"key":"SMITH"},{"data":"Storm","floor":40.0,"key":"SMITH"},{"data":"White Noise","floor":44,"key":"SMITH"},{"data":"Exhume","floor":46,"key":"SMITH"},{"data":"Exhume","floor":49,"key":"SMITH"}],"circlet_count":0,"master_deck":["Strike_R","Strike_R","Defend_R","Defend_R","Defend_R","Defend_R","Bash","Metallicize","Steam","Cleave+1","Body Slam+1","Echo Form+1","Reaper+1","Inflame","Hyperbeam","Exhume+1","Steam Power","Double Energy+1","Gash+1","Self Repair","Hologram","Creative AI+1","Double Tap","Iron Wave+1","White Noise+1","Ghostly Armor+1","Double Energy+1","Storm+1","Thunderclap+1","Hyperbeam","Exhume+1","Melter+1","Exhume+1"],"relics":["Burning Blood","Girya","Unceasing Top","Centennial Puzzle","Bottled Flame","Eternal Feather","Nunchaku","Mummified Hand","Philosopher\u0027s Stone","MerchantsRug","Letter Opener","Pantograph","StrikeDummy","Art of War"],"acts_visited":["Exordium","TheCity","TheBeyond"],"potions_floor_usage":[45,45,50],"damage_taken":[{"damage":5.0,"enemies":"2 Louse","floor":1.0,"turns":4.0},{"damage":1.0,"enemies":"Cultist","floor":2.0,"turns":4.0},{"damage":0.0,"enemies":"Small Slimes","floor":3.0,"turns":3.0},{"damage":3.0,"enemies":"Red Slaver","floor":4.0,"turns":5.0},{"damage":20.0,"enemies":"3 Sentries","floor":6.0,"turns":9.0},{"damage":28.0,"enemies":"Gremlin Nob","floor":8.0,"turns":4.0},{"damage":11.0,"enemies":"Large Slime","floor":10.0,"turns":7.0},{"damage":27.0,"enemies":"Lagavulin","floor":11.0,"turns":6.0},{"damage":31.0,"enemies":"Hexaghost","floor":16.0,"turns":9.0},{"damage":19.0,"enemies":"Shell Parasite","floor":18.0,"turns":6.0},{"damage":37.0,"enemies":"3 Byrds","floor":19.0,"turns":5.0},{"damage":16.0,"enemies":"Sentry and Sphere","floor":20.0,"turns":6.0},{"damage":17.0,"enemies":"Centurion and Healer","floor":21.0,"turns":6.0},{"damage":32.0,"enemies":"Snecko","floor":25.0,"turns":7.0},{"damage":36.0,"enemies":"Slavers","floor":27.0,"turns":5.0},{"damage":20.0,"enemies":"Cultist and Chosen","floor":29.0,"turns":6.0},{"damage":0.0,"enemies":"Gremlin Leader","floor":30.0,"turns":5.0},{"damage":21.0,"enemies":"Snake Plant","floor":31.0,"turns":4.0},{"damage":48.0,"enemies":"Champ","floor":33.0,"turns":10.0},{"damage":2.0,"enemies":"3 Shapes","floor":35.0,"turns":2.0},{"damage":20.0,"enemies":"Orb Walker","floor":36.0,"turns":4.0},{"damage":2.0,"enemies":"Sphere and 2 Shapes","floor":38.0,"turns":2.0},{"damage":31.0,"enemies":"3 Darklings","floor":39.0,"turns":3.0},{"damage":10.0,"enemies":"Giant Head","floor":41.0,"turns":5.0},{"damage":26,"enemies":"Jaw Worm Horde","floor":42,"turns":3},{"damage":22,"enemies":"Nemesis","floor":45,"turns":5},{"damage":18,"enemies":"Transient","floor":47,"turns":5},{"damage":1,"enemies":"Giant Head","floor":48,"turns":2},{"damage":41,"enemies":"Donu and Deca","floor":50,"turns":5}],"seed_played":"-8653540479942029245","potions_obtained":[{"floor":1.0,"key":"SkillPotion"},{"floor":3.0,"key":"SneckoOil"},{"floor":10.0,"key":"Regen Potion"},{"floor":17.0,"key":"Fruit Juice"},{"floor":19.0,"key":"HeartOfIron"},{"floor":20.0,"key":"Swift Potion"},{"floor":25.0,"key":"AttackPotion"},{"floor":27.0,"key":"Regen Potion"},{"floor":33.0,"key":"LiquidMemories"},{"floor":35.0,"key":"ColorlessPotion"},{"floor":36.0,"key":"Weak Potion"},{"floor":39.0,"key":"BlessingOfTheForge"},{"floor":47,"key":"Energy Potion"},{"floor":48,"key":"Fire Potion"}],"is_trial":false,"path_per_floor":["M","M","M","M","?","E","R","E","T","M","E","$","R","?","R","B",null,"M","M","M","M","?","R","?","M","T","E","R","M","E","M","R","B",null,"M","M","$","M","M","R","E","M","T","R","E","R","M","E","R","B",null],"character_chosen":"IRONCLAD","items_purchased":["Eternal Feather","DollysMirror","MerchantsRug","LiquidMemories","Storm"],"campfire_rested":0,"item_purchase_floors":[12,37,37,37,37],"current_hp_per_floor":[80,80,80,80,80,66,66,44,44,42,36,36,45,45,54,34,90,84,59,49,38,38,50,50,56,56,33,45,73,90,89,90,60,90,90,83,83,90,72,87,90,77,77,90,82,90,90,90,90,62],"gold":228,"neow_bonus":"","is_daily":true,"chose_seed":false,"campfire_upgraded":10,"win_rate":0.0,"timestamp":1611774262,"path_taken":["M","M","M","M","?","E","R","E","T","M","E","$","R","?","R","BOSS","M","M","M","?","?","R","?","M","T","E","R","M","E","M","R","BOSS","M","M","$","M","M","R","E","M","T","R","E","R","M","E","R","BOSS"],"items_purchased_type":["Relic","Relic","Relic","Potion","Card"],"build_version":"2020-12-22","purchased_purges":1,"victory":true,"max_hp_per_floor":[80,80,80,80,80,80,80,80,80,80,80,80,80,80,80,80,90,90,90,90,90,90,90,90,90,90,90,90,90,90,90,90,90,90,90,90,90,90,90,90,90,90,90,90,90,90,90,90,90,90],"card_choices":[{"not_picked":["Static Discharge","Chaos"],"picked":"Metallicize","floor":1.0},{"not_picked":["Anger","Sword Boomerang"],"picked":"Steam","floor":2.0},{"not_picked":["Loop","Genetic Algorithm"],"picked":"Cleave","floor":3.0},{"not_picked":["Heavy Blade","Undo"],"picked":"Body Slam","floor":4.0},{"not_picked":["Feed","Multi-Cast"],"picked":"Echo Form","floor":6.0},{"not_picked":["Meteor Strike","Juggernaut"],"picked":"Reaper","floor":8.0},{"not_picked":["Dropkick","Pommel Strike"],"picked":"Inflame","floor":10.0},{"not_picked":["Amplify","Biased Cognition"],"picked":"Hyperbeam","floor":11.0},{"not_picked":["Meteor Strike","Multi-Cast"],"picked":"Exhume","floor":16.0},{"not_picked":["Headbutt","Wild Strike"],"picked":"Steam Power","floor":17.0},{"not_picked":["Streamline+1","Compile Driver"],"picked":"Double Energy","floor":18.0},{"not_picked":["Heavy Blade+1","Spot Weakness","Sever Soul"],"picked":"SKIP","floor":19.0},{"not_picked":["Clash","Headbutt+1"],"picked":"Gash+1","floor":20.0},{"not_picked":["Conserve Battery","Limit Break"],"picked":"Self Repair","floor":21.0},{"not_picked":["Turbo","Sunder+1"],"picked":"Hologram","floor":25.0},{"not_picked":["Buffer","Fission"],"picked":"Creative AI","floor":27.0},{"not_picked":["Hologram","Hello World","Reckless Charge"],"picked":"SKIP","floor":29.0},{"not_picked":["Creative AI","Buffer"],"picked":"Double Tap","floor":30.0},{"not_picked":["Storm","Barrage"],"picked":"Iron Wave+1","floor":31.0},{"not_picked":["Go for the Eyes+1","Static Discharge"],"picked":"White Noise","floor":35.0},{"not_picked":["True Grit","Clash"],"picked":"Ghostly Armor+1","floor":36.0},{"not_picked":["Dark Embrace+1","Ball Lightning","Sword Boomerang+1"],"picked":"SKIP","floor":38.0},{"not_picked":["Coolheaded","Searing Blow"],"picked":"Thunderclap+1","floor":39.0},{"not_picked":["Feed","Reaper"],"picked":"Hyperbeam","floor":41.0},{"not_picked":["Heatsinks","Twin Strike","Thunderclap+1"],"picked":"SKIP","floor":42},{"not_picked":["Creative AI","Double Tap"],"picked":"Exhume","floor":45},{"not_picked":["Cold Snap","Turbo+1"],"picked":"Melter+1","floor":47},{"not_picked":["Juggernaut","All For One"],"picked":"Exhume","floor":48}],"player_experience":417372,"relics_obtained":[{"floor":6.0,"key":"Unceasing Top"},{"floor":8.0,"key":"MawBank"},{"floor":9.0,"key":"Centennial Puzzle"},{"floor":11.0,"key":"Bottled Flame"},{"floor":26.0,"key":"Dream Catcher"},{"floor":27.0,"key":"Nunchaku"},{"floor":30.0,"key":"Mummified Hand"},{"floor":41.0,"key":"Letter Opener"},{"floor":43,"key":"Pantograph"},{"floor":45,"key":"StrikeDummy"},{"floor":48,"key":"Art of War"}],"event_choices":[{"cards_removed":["Strike_R"],"damage_healed":0.0,"max_hp_gain":0.0,"max_hp_loss":0.0,"gold_gain":0.0,"event_name":"The Cleric","player_choice":"Card Removal","floor":5.0,"gold_loss":50.0,"damage_taken":0.0},{"damage_healed":0.0,"max_hp_gain":0.0,"max_hp_loss":0.0,"gold_gain":100.0,"event_name":"Golden Shrine","player_choice":"Pray","floor":14.0,"gold_loss":0.0,"damage_taken":0.0},{"damage_healed":0.0,"max_hp_gain":0.0,"max_hp_loss":0.0,"gold_gain":0.0,"event_name":"The Mausoleum","player_choice":"Ignored","floor":22.0,"gold_loss":0.0,"damage_taken":0.0},{"cards_removed":["Strike_R"],"damage_healed":0.0,"max_hp_gain":0.0,"max_hp_loss":0.0,"gold_gain":0.0,"event_name":"Beggar","player_choice":"Gave Gold","floor":24.0,"gold_loss":75.0,"damage_taken":0.0}],"is_beta":false,"boss_relics":[{"not_picked":["Velvet Choker","Snecko Eye"],"picked":"Tiny House"},{"not_picked":["Cursed Key","Calling Bell"],"picked":"Philosopher\u0027s Stone"}],"items_purged_floors":[37],"is_endless":false,"potions_floor_spawned":[1,3,10,19,20,25,27,33,35,36,39,47,48],"ascension_level":0}}