{"host":"c5j8t0wyh2hvx9ju","time":1611751618,"event":{"mods":["Act Like it!","Astrologer","BaseMod","BetterRewards","Gensokyo","Minty Spire (QoL Compilation)","Prisma Mod","StSLib"],"gold_per_floor":[116,127,27,27,27,27,46,64,138,138,171,188,199,215,215,313,313,323,333,223,242,262,262,294,311,337,354,354,229,244,244,244,244,244],"floor_reached":33,"language":"JPN","playtime":2157,"items_purged":["Strike_P","Defend_P"],"score":502,"play_id":"f6e9dcd0-4546-409b-839b-abf7ac6e62f2","local_time":"20210127214658","is_ascension_mode":true,"campfire_choices":[{"data":"Eruption","floor":6.0,"key":"SMITH"},{"data":"TalkToTheHand","floor":10.0,"key":"SMITH"},{"data":"Wallop","floor":15.0,"key":"SMITH"},{"floor":23.0,"key":"REST"},{"floor":28.0,"key":"REST"},{"floor":32,"key":"REST"}],"circlet_count":0,"master_deck":["Strike_P+1","Strike_P","Strike_P","Defend_P","Defend_P+1","Defend_P+1","Eruption+1","Vigilance","MentalFortress","Evaluate","CutThroughFate","FlurryOfBlows","TalkToTheHand+1","Wallop+1","FlurryOfBlows","Wallop+1","LessonLearned+1","Perseverance+1","Consecrate+1","Tantrum","Wallop+1","EmptyMind+1","Halt"],"relics":["PureWater","Yang","HornCleat","Matryoshka","Oddly Smooth Stone","Sozu","Letter Opener","Ornamental Fan","Vajra"],"acts_visited":["Gensokyo:Gensokyo","Gensokyo:Gensokyoer"],"potions_floor_usage":[],"damage_taken":[{"damage":3.0,"enemies":"Gensokyo:Gryphon","floor":1.0,"turns":5.0},{"damage":6.0,"enemies":"Gensokyo:Python","floor":2.0,"turns":3.0},{"damage":1.0,"enemies":"Gensokyo:2_Kodama","floor":7.0,"turns":3.0},{"damage":3.0,"enemies":"Gensokyo:2_Rabbits","floor":8.0,"turns":5.0},{"damage":17.0,"enemies":"Gensokyo:Aya","floor":11.0,"turns":6.0},{"damage":4.0,"enemies":"Gensokyo:CorruptedTreant","floor":12.0,"turns":2.0},{"damage":0.0,"enemies":"Gensokyo:VengefulSpirit","floor":13.0,"turns":2.0},{"damage":0.0,"enemies":"Gensokyo:2_Rabbits","floor":14.0,"turns":2.0},{"damage":0.0,"enemies":"Gensokyo:Reimu","floor":16.0,"turns":9.0},{"damage":0.0,"enemies":"Gensokyo:CosmicMonolith","floor":18.0,"turns":4.0},{"damage":0.0,"enemies":"Gensokyo:2_Gloops","floor":19.0,"turns":4.0},{"damage":3.0,"enemies":"Gensokyo:Wraith","floor":21.0,"turns":6.0},{"damage":36.0,"enemies":"Gensokyo:Slime_Group","floor":22.0,"turns":3.0},{"damage":45.0,"enemies":"Gensokyo:Koishi","floor":24.0,"turns":5.0},{"damage":0.0,"enemies":"Gensokyo:Chomper_and_Gloop","floor":25.0,"turns":4.0},{"damage":0.0,"enemies":"Gensokyo:Wraith","floor":27.0,"turns":4.0},{"damage":0.0,"enemies":"Gensokyo:Monolith_and_Dog","floor":30.0,"turns":5.0},{"damage":67,"enemies":"Gensokyo:Kaguya","floor":33,"turns":5}],"seed_played":"-2909053808455213816","potions_obtained":[{"floor":2.0,"key":"Weak Potion"},{"floor":7.0,"key":"Dexterity Potion"},{"floor":13.0,"key":"GamblersBrew"},{"floor":14.0,"key":"SneckoOil"},{"floor":16.0,"key":"Dexterity Potion"}],"is_trial":false,"path_per_floor":["M","M","?","$","?","R","M","M","T","R","E","M","M","M","R","B",null,"M","M","$","M","M","R","E","M","T","M","R","$","M","?","R","B"],"character_chosen":"WATCHER","items_purchased":["MentalFortress","Yang","Tantrum","Halt"],"campfire_rested":3,"item_purchase_floors":[0,0,20,29],"current_hp_per_floor":[55,49,49,49,49,49,48,45,45,45,28,24,24,24,24,24,72,72,72,72,69,33,54,9,9,9,9,30,30,30,30,51,0,0],"gold":244,"neow_bonus":"","is_daily":false,"chose_seed":false,"campfire_upgraded":3,"win_rate":0.0,"timestamp":1611751618,"path_taken":["M","M","?","?","?","R","?","M","T","R","E","M","M","M","R","BOSS","M","M","$","M","M","R","E","M","T","M","R","?","?","?","R","BOSS"],"items_purchased_type":["Card","Relic","Card","Card"],"build_version":"2020-12-22","purchased_purges":2,"victory":false,"max_hp_per_floor":[72,72,72,72,72,72,72,72,72,72,72,72,72,72,72,72,72,72,72,72,72,72,72,72,72,72,72,72,72,72,72,72,72,72],"card_choices":[{"not_picked":["SashWhip","JustLucky"],"picked":"Evaluate","floor":1.0},{"not_picked":["Establishment","Prostrate"],"picked":"CutThroughFate","floor":2.0},{"not_picked":["Prostrate","Perseverance"],"picked":"FlurryOfBlows","floor":7.0},{"not_picked":["SashWhip","Prostrate"],"picked":"TalkToTheHand","floor":8.0},{"not_picked":["EmptyFist","ClearTheMind"],"picked":"Wallop","floor":11.0},{"not_picked":["FollowUp","PathToVictory"],"picked":"FlurryOfBlows","floor":12.0},{"not_picked":["Meditate","CutThroughFate"],"picked":"Wallop","floor":13.0},{"not_picked":["Fasting2","DeusExMachina","SignatureMove"],"picked":"SKIP","floor":14.0},{"not_picked":["Scrawl","DevaForm"],"picked":"LessonLearned","floor":16.0},{"not_picked":["Evaluate+1","Pray+1"],"picked":"Perseverance+1","floor":18.0},{"not_picked":["Crescendo","CrushJoints"],"picked":"Consecrate+1","floor":19.0},{"not_picked":["EmptyFist+1","CrushJoints+1","Protect"],"picked":"SKIP","floor":21.0},{"not_picked":["FollowUp","SashWhip"],"picked":"Wallop","floor":22.0},{"not_picked":["Pray","DeceiveReality","SashWhip"],"picked":"SKIP","floor":24.0},{"not_picked":["DeusExMachina","PathToVictory"],"picked":"EmptyMind+1","floor":25.0},{"not_picked":["Wireheading","ClearTheMind","Evaluate"],"picked":"SKIP","floor":27.0},{"not_picked":["Weave+1","LikeWater","EmptyFist+1"],"picked":"SKIP","floor":30.0}],"player_experience":867007,"relics_obtained":[{"floor":9.0,"key":"Matryoshka"},{"floor":11.0,"key":"Oddly Smooth Stone"},{"floor":24.0,"key":"Letter Opener"},{"floor":26.0,"key":"Ornamental Fan"},{"floor":26.0,"key":"Vajra"}],"event_choices":[],"is_beta":false,"boss_relics":[{"not_picked":["Ectoplasm","Runic Dome"],"picked":"Sozu"}],"items_purged_floors":[20,29],"is_endless":false,"potions_floor_spawned":[2,7,13,14,16,21,22,27,30],"killed_by":"Gensokyo:Kaguya","ascension_level":4}}