{"host":"95i1gxnztdrdyvhi","time":1611712298,"event":{"mods":["AchievementEnabler","Act Like it!","BaseMod","Downfall","Minty Spire (QoL Compilation)","Quick Restart","StSLib"],"gold_per_floor":[99,99,99,99,99,112,135,145,156,156,190,190,206,235,246,246,246,246],"floor_reached":16,"language":"ENG","playtime":906,"items_purged":[],"score":110,"play_id":"d166100c-99a6-45ac-80c9-3fa6ee5927ec","local_time":"20210127015138","is_ascension_mode":false,"campfire_choices":[{"data":"bronze:Replicate","floor":1,"key":"SMITH"},{"data":"bronze:FineTuning","floor":12,"key":"SMITH"}],"circlet_count":0,"master_deck":["bronze:Strike","bronze:Strike","bronze:Strike","bronze:Defend","bronze:Defend","bronze:Defend","bronze:Defend","bronze:Replicate+1","bronze:Goto","bronze:CutThrough","bronze:FineTuning+1","bronze:Iterate","bronze:Break","bronze:Overheat","bronze:Philosophize","bronze:Iterate","bronze:Goto","bronze:AlphaBuild","bronze:DigitalCarnage","bronze:FineTuning"],"relics":["bronze:BronzeCore","downfall:HeartsMalice","Orichalcum","Prayer Wheel","Bronze Scales"],"acts_visited":["Exordium"],"potions_floor_usage":[],"damage_taken":[{"damage":0,"enemies":"2 Louse","floor":2,"turns":1},{"damage":0,"enemies":"Cultist","floor":3,"turns":1},{"damage":0,"enemies":"Jaw Worm","floor":4,"turns":1},{"damage":8,"enemies":"Large Slime","floor":6,"turns":4},{"damage":2,"enemies":"2 Fungi Beasts","floor":8,"turns":3},{"damage":18,"enemies":"Exordium Wildlife","floor":9,"turns":5},{"damage":10,"enemies":"3 Sentries","floor":11,"turns":7},{"damage":0,"enemies":"3 Louse","floor":13,"turns":2},{"damage":24,"enemies":"Lagavulin","floor":14,"turns":4},{"damage":0,"enemies":"2 Fungi Beasts","floor":15,"turns":2},{"damage":0,"enemies":"DF_ARCHETYPE_STREAMLINE","floor":16,"turns":3}],"seed_played":"2045744844654025023","potions_obtained":[{"floor":6,"key":"EntropicBrew"},{"floor":9,"key":"hexamod:SoulburnPotion"},{"floor":11,"key":"SmokeBomb"},{"floor":15,"key":"FairyPotion"}],"is_trial":false,"path_per_floor":["R","M","M","M","?","M","T","M","M","?","E","R","M","E","M","B"],"character_chosen":"THE_AUTOMATON","items_purchased":[],"campfire_rested":0,"item_purchase_floors":[],"current_hp_per_floor":[70,70,70,70,70,62,62,60,42,42,32,32,32,8,8,8,8,8],"gold":246,"neow_bonus":"THREE_ENEMY_KILL","is_daily":false,"chose_seed":false,"campfire_upgraded":2,"win_rate":0.0,"timestamp":1611712298,"path_taken":["R","M","M","M","?","M","T","M","?","?","E","R","M","E","M","BOSS"],"items_purchased_type":[],"build_version":"2020-12-22","purchased_purges":0,"victory":false,"max_hp_per_floor":[70,70,70,70,70,70,70,70,70,70,70,70,70,70,70,70,70,70],"card_choices":[{"not_picked":["bronze:Repair","bronze:DelayedSlice"],"picked":"bronze:CutThrough","floor":2},{"not_picked":["bronze:Allocate","bronze:DigitalCarnage"],"picked":"bronze:FineTuning","floor":3},{"not_picked":["bronze:MaxOutput","bronze:BugBarrage"],"picked":"bronze:Iterate","floor":4},{"not_picked":["bronze:Iterate","bronze:BugBarrage"],"picked":"bronze:Overheat","floor":6},{"not_picked":["bronze:ClassDefault","bronze:ForceShield"],"picked":"bronze:Philosophize","floor":8},{"not_picked":["bronze:WildBeam","bronze:DelayedSlice"],"picked":"bronze:Iterate","floor":9},{"not_picked":["bronze:ShipIt","bronze:BronzeArmor"],"picked":"bronze:DigitalCarnage","floor":11},{"not_picked":["bronze:DelayedSlice","bronze:Invalidate"],"picked":"bronze:FineTuning","floor":13},{"not_picked":["bronze:CutThrough","bronze:Deprecate","bronze:MaxOutput"],"picked":"SKIP","floor":13},{"not_picked":["bronze:Frontload","bronze:Shell","bronze:Repair"],"picked":"SKIP","floor":14},{"not_picked":["bronze:Frontload","bronze:ChosenStrike","bronze:OilSpill"],"picked":"SKIP","floor":15},{"not_picked":["bronze:CutThrough","bronze:Iterate","bronze:Shell"],"picked":"SKIP","floor":15}],"player_experience":830153,"relics_obtained":[{"floor":7,"key":"Orichalcum"},{"floor":11,"key":"Prayer Wheel"},{"floor":14,"key":"Bronze Scales"}],"event_choices":[],"is_beta":false,"boss_relics":[],"items_purged_floors":[],"is_endless":false,"potions_floor_spawned":[6,9,11,15],"killed_by":"DF_ARCHETYPE_STREAMLINE","ascension_level":0}}