{"host":"mal0jdk4f6ubgyb8","time":1611767628,"event":{"mods":["100% Spire Juice","Act Like it!","Aspiration","BaseMod","CapriCore","Gensokyo","Hallownest","KinomotoSakuraMod(ƒæ÷Æ±æ”£)","Koishi","Luminous","Marisa£®ÏF”Í°°ƒß¿Ì…≥£©","Minty Spire (QoL Compilation)","Pale of the Ancients","Quick Restart","Reimu£®≤©¿ˆ¡È√Œ£©","Relic Stats","Remilia£®¿Ÿ√◊¿Ú—«£©","Replay The Spire","StSLib","The Animator","The Bug Knight","The Immortal","Waifu the Spire","WarShipGirlsR/’ΩΩ¢…Ÿ≈ÆR mod","Yakumo Yukari mod","Youmu£®ªÍ∆«—˝√Œ£©","Yuri Mod","Yuyuko"],"gold_per_floor":[114,74,86,86,99,99,124,124,124,139,139,151,151,166,166,262,262,276,276,291,69,86,115,115,142,142,142,142,142,175,186,186,281,281,297,297,297,308,324,324,356,368,380,392,416,408,163,103,103,103,103,103,52,84,84],"floor_reached":56,"language":"ZHS","playtime":4325,"items_purged":["Injury","MokouMod:Defend"],"score":1283,"play_id":"b3ef6aab-0942-4379-9e97-59c6bdedc78d","local_time":"20210128011348","is_ascension_mode":false,"campfire_choices":[{"floor":6.0,"key":"RECALL"},{"data":"MokouMod:Wildfire","floor":8.0,"key":"SMITH"},{"floor":15.0,"key":"DIG"},{"data":"MokouMod:ImperishableFlame","floor":24.0,"key":"SMITH"},{"data":"MokouMod:HeatSpark","floor":29.0,"key":"SMITH"},{"data":"Ghostly","floor":32.0,"key":"SMITH"},{"data":"MokouMod:HeatTransfer","floor":40,"key":"SMITH"},{"data":"Ghostly","floor":42,"key":"SMITH"},{"data":"Ghostly","floor":44,"key":"SMITH"},{"data":"MokouMod:HeatCyclone","floor":52,"key":"SMITH"}],"circlet_count":0,"master_deck":["MokouMod:Defend","MokouMod:Defend","MokouMod:Defend","MokouMod:HeatSpark+1","MokouMod:IndiscriminateIgnition","MokouMod:Wildfire+1","MokouMod:Ember+1","MokouMod:HeatTransfer+1","MokouMod:ProfanedFlare+1","Berserk+1","MokouMod:FlickeringFlame+1","Ghostly+1","Ghostly+1","Ghostly","Ghostly","Ghostly+1","MokouMod:Sear","MokouMod:Sear+1","MokouMod:ImperishableFlame+1","Bite","Bite","Bite","Bite","Bite","MokouMod:Rebirth+1","MokouMod:UncontrollableSolarReaction","MokouMod:HouraiForge+1","Inflame+1","MokouMod:RoaringFlare+1","Pommel Strike+1","MokouMod:Scorch","MokouMod:HeatCyclone+1","Barricade+1","MokouMod:RisingSunBarrier+1","Double Tap"],"relics":["aspiration:IroncladSkillbook","PaintedHorse:ReiMu","Ancient Tea Set","Frozen Egg 2","CrazyTorch:ReiMu","SacredBark","Whetstone","Centennial Puzzle","aspiration:ChemicalBlood","Replay:Baseball","HollowMod:PaleOreRelic","Coffee Dripper","MawBank","Snack Pack","ReplayFunnel","Mummified Hand"],"acts_visited":["Exordium","TheCity","TheCity","TheEnding"],"potions_floor_usage":[33,33,33,33,33,33,35,35,38,38,41,50,50,50,50,50,54,55,55,55,55,55,55,55],"damage_taken":[{"damage":0.0,"enemies":"Small Slimes","floor":1.0,"turns":3.0},{"damage":1.0,"enemies":"Cultist","floor":3.0,"turns":3.0},{"damage":0.0,"enemies":"2 Louse","floor":5.0,"turns":2.0},{"damage":8.0,"enemies":"Gremlin Nob","floor":7.0,"turns":3.0},{"damage":0.0,"enemies":"2 Fungi Beasts","floor":10.0,"turns":2.0},{"damage":4.0,"enemies":"Exordium Wildlife","floor":12.0,"turns":3.0},{"damage":6.0,"enemies":"3 Louse","floor":14.0,"turns":3.0},{"damage":64.0,"enemies":"Hexaghost","floor":16.0,"turns":11.0},{"damage":24.0,"enemies":"Shell Parasite","floor":18.0,"turns":6.0},{"damage":25.0,"enemies":"3 Byrds","floor":20.0,"turns":8.0},{"damage":3.0,"enemies":"3 Cultists","floor":22.0,"turns":6.0},{"damage":11.0,"enemies":"Slavers","floor":23.0,"turns":8.0},{"damage":2.0,"enemies":"Book of Stabbing","floor":25.0,"turns":5.0},{"damage":3.0,"enemies":"Slavers","floor":30.0,"turns":6.0},{"damage":15.0,"enemies":"Centurion and Healer","floor":31.0,"turns":6.0},{"damage":20,"enemies":"Collector","floor":33,"turns":8},{"damage":36,"enemies":"Hallownest:3_Siblings","floor":35,"turns":9},{"damage":3,"enemies":"Hallownest:2_Littles","floor":38,"turns":6},{"damage":1,"enemies":"Hallownest:2_Soldiers_and_1_Guardian","floor":39,"turns":8},{"damage":6,"enemies":"Hallownest:eliteHiveKnight","floor":41,"turns":7},{"damage":24,"enemies":"Hallownest:2_Wing_and_1_Kings","floor":45,"turns":7},{"damage":24,"enemies":"Hallownest:BossGreyPrinceZote","floor":50,"turns":4},{"damage":12,"enemies":"Shield and Spear","floor":54,"turns":9},{"damage":79,"enemies":"The Heart","floor":55,"turns":10}],"seed_played":"6782799328774029463","potions_obtained":[{"floor":1.0,"key":"SpeedPotion"},{"floor":3.0,"key":"DistilledChaos"},{"floor":12.0,"key":"Regen Potion"},{"floor":16.0,"key":"Toxic Potion"},{"floor":20.0,"key":"Block Potion"},{"floor":25.0,"key":"Adrenaline Potion"},{"floor":30.0,"key":"ColorlessPotion"},{"floor":35,"key":"Strength Potion"},{"floor":41,"key":"Languid Potion"},{"floor":45,"key":"MagicPotion:ReiMu"},{"floor":45,"key":"Swift Potion"},{"floor":55,"key":"Languid Potion"}],"is_trial":false,"path_per_floor":["M","?","M","?","M","R","E","R","T","M","?","M","?","M","R","B",null,"M","?","M","$","M","E","R","E","T","?","?","R","E","M","R","B",null,"M","?","?","M","M","R","E","R","T","R","M","?","$","?","R","B",null,"R","$","E","B",null],"character_chosen":"MKU","items_purchased":["Whetstone","ReplayFunnel","MokouMod:RisingSunBarrier+1"],"campfire_rested":0,"item_purchase_floors":[21,47,53],"current_hp_per_floor":[75,75,75,75,75,75,71,71,71,75,75,75,80,78,78,18,80,60,40,19,19,20,13,13,15,15,15,6,6,28,28,28,27,28,9,9,12,25,28,28,28,28,28,28,24,24,24,31,35,33,35,35,35,35,19],"gold":84,"neow_bonus":"BOSS_RELIC","is_daily":false,"chose_seed":false,"campfire_upgraded":8,"win_rate":0.0,"timestamp":1611767628,"path_taken":["M","?","M","?","?","R","E","R","T","M","?","M","?","?","R","BOSS","M","?","M","$","M","E","R","E","T","?","?","R","E","M","R","BOSS","M","?","?","M","M","R","E","R","T","R","?","?","?","?","R","BOSS","R","$","E","BOSS"],"items_purchased_type":["Relic","Relic","Card"],"build_version":"2020-12-22","purchased_purges":2,"victory":true,"max_hp_per_floor":[75,75,75,75,75,75,75,75,75,75,75,75,80,80,80,80,80,80,40,40,40,40,40,40,40,40,28,28,28,28,28,28,28,28,28,28,28,28,28,28,28,28,28,28,28,28,28,35,35,35,35,35,35,35,45],"relic_stats":{"Centennial Puzzle":[36],"counters":[24,143],"Mummified Hand":[8],"Whetstone":["MokouMod:Ember","MokouMod:FlickeringFlame"],"MawBank":72,"obtain_stats":[{"ReplayFunnel":47,"SacredBark":17,"Whetstone":21,"Frozen Egg 2":11,"Ancient Tea Set":7,"MawBank":41,"aspiration:IroncladSkillbook":0,"Centennial Puzzle":23,"Replay:Baseball":26,"PaintedHorse:ReiMu":2,"Mummified Hand":54,"MokouMod:PhoenixFeather":0,"CrazyTorch:ReiMu":15,"Coffee Dripper":34,"Snack Pack":43,"HollowMod:PaleOreRelic":30,"aspiration:ChemicalBlood":25},{"ReplayFunnel":21,"SacredBark":8,"Whetstone":10,"Frozen Egg 2":5,"Ancient Tea Set":4,"MawBank":20,"aspiration:IroncladSkillbook":0,"Centennial Puzzle":12,"Replay:Baseball":13,"PaintedHorse:ReiMu":1,"Mummified Hand":23,"MokouMod:PhoenixFeather":0,"CrazyTorch:ReiMu":7,"Coffee Dripper":16,"Snack Pack":20,"HollowMod:PaleOreRelic":14,"aspiration:ChemicalBlood":13},{"ReplayFunnel":120,"SacredBark":30,"Whetstone":44,"Frozen Egg 2":13,"Ancient Tea Set":11,"MawBank":113,"aspiration:IroncladSkillbook":0,"Centennial Puzzle":58,"Replay:Baseball":63,"PaintedHorse:ReiMu":3,"Mummified Hand":133,"MokouMod:PhoenixFeather":0,"CrazyTorch:ReiMu":19,"Coffee Dripper":83,"Snack Pack":113,"HollowMod:PaleOreRelic":69,"aspiration:ChemicalBlood":63}]},"card_choices":[{"not_picked":["Rampage","MokouMod:TemporalFireSeal","Blood for Blood"],"picked":"MokouMod:IndiscriminateIgnition","floor":1.0},{"not_picked":["MokouMod:IndiscriminateIgnition","MokouMod:ResoluteFlare","MokouMod:Firecracker"],"picked":"MokouMod:Wildfire","floor":3.0},{"not_picked":["MokouMod:EternalBurstReactor","Carnage","Havoc"],"picked":"MokouMod:Ember","floor":5.0},{"not_picked":["Bloodletting","Warcry","Life Link"],"picked":"MokouMod:HeatTransfer","floor":7.0},{"not_picked":["ReplayTheSpireMod:LeadingStrike","MokouMod:Fireball","MokouMod:IcarusDive","MokouMod:EternalBurstReactor"],"picked":"SKIP","floor":10.0},{"not_picked":["Run Through","Carnage","Sword Boomerang","Hemokinesis"],"picked":"SKIP","floor":12.0},{"not_picked":["MokouMod:Stoke","MokouMod:Fireball","MokouMod:InfernalWave"],"picked":"MokouMod:ProfanedFlare","floor":14.0},{"not_picked":["MokouMod:HouraiForge+1","MokouMod:SacredFire","Replay:Many Hands"],"picked":"Berserk+1","floor":16.0},{"not_picked":["Heavy Blade","Pommel Strike+1","Flex"],"picked":"MokouMod:FlickeringFlame","floor":18.0},{"not_picked":["Second Wind","Armaments","Sword Boomerang+1"],"picked":"MokouMod:Sear","floor":20.0},{"not_picked":["Perfected Strike","MokouMod:HeatCyclone","MokouMod:Singe"],"picked":"MokouMod:Sear+1","floor":22.0},{"not_picked":["Spot Weakness","Iron Wave+1","Life Link+1"],"picked":"MokouMod:ImperishableFlame","floor":23.0},{"not_picked":["Sword Boomerang","MokouMod:SearingShot","Uppercut","Heavy Blade"],"picked":"SKIP","floor":25.0},{"not_picked":["Corruption+1","Body Slam","Cleave+1"],"picked":"MokouMod:Rebirth+1","floor":30.0},{"not_picked":["Entrench","MokouMod:FujiyamaVolcano","MokouMod:FlareStarter"],"picked":"MokouMod:UncontrollableSolarReaction","floor":31.0},{"not_picked":["Barricade+1","Reaper","MokouMod:Rekindle"],"picked":"MokouMod:HouraiForge+1","floor":33},{"not_picked":["Burning Pact+1","Iron Wave+1","MokouMod:AdaptivePyromancy+1"],"picked":"Inflame+1","floor":35},{"not_picked":["MokouMod:Overheat+1","Battle Trance+1","Hemokinesis"],"picked":"MokouMod:RoaringFlare+1","floor":38},{"not_picked":["MokouMod:ResoluteFlare+1","Dual Wield","MokouMod:GuidingSmoke+1"],"picked":"Pommel Strike+1","floor":39},{"not_picked":["Havoc+1","MokouMod:Burn","Sword Boomerang"],"picked":"MokouMod:Scorch","floor":41},{"not_picked":["Headbutt","MokouMod:Stoke+1","Bludgeon","MokouMod:EternalBurstReactor+1"],"picked":"SKIP","floor":45},{"not_picked":[],"picked":"MokouMod:HeatCyclone","floor":46},{"not_picked":[],"picked":"Barricade","floor":46},{"not_picked":["MokouMod:ControlledCombustion+1","Dark Embrace+1","MokouMod:FlareStarter+1"],"picked":"Double Tap","floor":54}],"player_experience":374814,"relics_obtained":[{"floor":7.0,"key":"Ancient Tea Set"},{"floor":15.0,"key":"CrazyTorch:ReiMu"},{"floor":23.0,"key":"Centennial Puzzle"},{"floor":25.0,"key":"aspiration:ChemicalBlood"},{"floor":26.0,"key":"Replay:Baseball"},{"floor":30.0,"key":"HollowMod:PaleOreRelic"},{"floor":41,"key":"MawBank"},{"floor":43,"key":"Snack Pack"},{"floor":54,"key":"Mummified Hand"}],"event_choices":[{"damage_healed":0.0,"max_hp_gain":0.0,"max_hp_loss":0.0,"gold_gain":0.0,"event_name":"yidonshenshe","player_choice":"»˚«Æ","floor":2.0,"gold_loss":40.0,"damage_taken":0.0,"relics_obtained":["PaintedHorse:ReiMu"]},{"cards_removed":["MokouMod:Strike"],"damage_healed":0.0,"max_hp_gain":0.0,"max_hp_loss":0.0,"gold_gain":0.0,"event_name":"Purifier","player_choice":"Purged","floor":4.0,"gold_loss":0.0,"damage_taken":0.0},{"damage_healed":0.0,"max_hp_gain":5.0,"max_hp_loss":0.0,"gold_gain":0.0,"event_name":"Big Fish","player_choice":"Donut","floor":13.0,"gold_loss":0.0,"damage_taken":0.0},{"damage_healed":0.0,"max_hp_gain":0.0,"max_hp_loss":40.0,"gold_gain":0.0,"event_name":"Ghosts","player_choice":"Became a Ghost","floor":19.0,"gold_loss":0.0,"damage_taken":0.0,"cards_obtained":["Ghostly","Ghostly","Ghostly","Ghostly","Ghostly"]},{"damage_healed":0.0,"max_hp_gain":0.0,"max_hp_loss":12.0,"gold_gain":0.0,"event_name":"Vampires","player_choice":"Became a vampire","floor":27.0,"gold_loss":0.0,"damage_taken":0.0,"cards_obtained":["Bite","Bite","Bite","Bite","Bite"]},{"damage_healed":0.0,"max_hp_gain":0.0,"max_hp_loss":0.0,"gold_gain":0.0,"event_name":"Cursed Tome","player_choice":"Stopped","floor":28.0,"gold_loss":0.0,"damage_taken":9.0}],"is_beta":false,"boss_relics":[{"not_picked":["Snecko Eye","Calling Bell"],"picked":"SacredBark"},{"not_picked":["aspiration:SecretTechniqueScroll","Tiny House"],"picked":"Coffee Dripper"}],"items_purged_floors":[21,47],"is_endless":false,"potions_floor_spawned":[1,3,12,16,20,25,30,35,41],"ascension_level":0}}