{"host":"oz0i1fpezyhy8r2h","time":1611752675,"event":{"mods":["ATMod(°¢èªMod)","Act Like it!","Arknights The Spire","BaseMod","KinomotoSakuraMod(Ä¾Ö®±¾Ó£)","Minty Spire (QoL Compilation)","StSLib","The Bug Knight","¡¾ÒÅÎï¿¨ÅÆ¡¿REMEMod"],"gold_per_floor":[119,70,70,145,0,25,25,56,56,81,95,95,122,138,138,242,242,260,106,106,118,145,145,200,200,250,250,250,175,21,75,75,75,75],"floor_reached":33,"language":"ZHS","playtime":1223,"items_purged":["ClowCardTheSword"],"score":380,"play_id":"58c0f803-2ff1-49dd-b73f-4caf1a7c7344","local_time":"20210127210435","is_ascension_mode":true,"campfire_choices":[{"data":"ClowCardThePower","floor":7.0,"key":"SMITH"},{"floor":12.0,"key":"REST"},{"floor":15.0,"key":"RECALL"},{"data":"ClowCardTheLight","floor":25,"key":"SMITH"},{"data":"ClowCardTheTime","floor":27,"key":"SMITH"},{"floor":32,"key":"REST"}],"circlet_count":0,"master_deck":["SakuraCardTheLoop+","SakuraCardTheShadow+","ClowCardTheSword","ClowCardTheSword","ClowCardTheShield+1","ClowCardTheShield","ClowCardTheShield","SpellCardSeal","SpellCardRelease","ClowCardThePower+1","ClowCardTheTime+1","ClowCardTheSong+1","ClowCardTheLight+1","ClowCardTheDash+1"],"relics":["KSMOD_StarWand","AT_ATBox","REME_ComplimentaryCards","Sling","White Beast Statue","Ornamental Fan","AT_DeathDance","Dream Catcher","KSMOD_DarknessWand","AT_MibuBalloonWealth","Enchiridion","War Paint","Nunchaku","Lantern","Sundial"],"acts_visited":["Exordium","TheCity"],"potions_floor_usage":[33],"damage_taken":[{"damage":10.0,"enemies":"Small Slimes","floor":1.0,"turns":3.0},{"damage":21.0,"enemies":"Lagavulin","floor":6.0,"turns":5.0},{"damage":0.0,"enemies":"Gremlin Nob","floor":8.0,"turns":2.0},{"damage":3.0,"enemies":"3 Sentries","floor":10.0,"turns":8.0},{"damage":0.0,"enemies":"2 Louse","floor":11.0,"turns":3.0},{"damage":0.0,"enemies":"Jaw Worm","floor":14.0,"turns":2.0},{"damage":35.0,"enemies":"The Guardian","floor":16.0,"turns":10.0},{"damage":18.0,"enemies":"Shell Parasite","floor":18.0,"turns":7.0},{"damage":0.0,"enemies":"Spheric Guardian","floor":21.0,"turns":3.0},{"damage":9,"enemies":"REME_1_Revenger","floor":24,"turns":5},{"damage":0,"enemies":"Gremlin Leader","floor":31,"turns":4},{"damage":16,"enemies":"Champ","floor":33,"turns":4}],"seed_played":"-7283001535930913824","potions_obtained":[{"floor":1.0,"key":"Fire Potion"},{"floor":6.0,"key":"AttackPotion"},{"floor":8.0,"key":"CultistPotion"},{"floor":10.0,"key":"DuplicationPotion"},{"floor":14.0,"key":"SteroidPotion"},{"floor":18.0,"key":"KSMOD_MagickBottle"}],"is_trial":false,"path_per_floor":["M","$","?","?","$","E","R","E","T","E","M","R","T","M","R","B",null,"M","$","?","M","T","?","E","R","T","R","?","?","$","E","R","B"],"character_chosen":"KINOMOTOSAKURA","items_purchased":["ClowCardTheShadow","Sling","ClowCardTheLight","Lantern"],"campfire_rested":2,"item_purchase_floors":[2,5,19,30],"current_hp_per_floor":[60,60,60,49,49,28,28,28,28,25,25,46,46,46,46,11,70,52,52,52,52,52,36,33,33,33,33,33,33,33,33,54,38,38],"gold":75,"neow_bonus":"BOSS_RELIC","is_daily":false,"chose_seed":false,"campfire_upgraded":3,"win_rate":0.0,"timestamp":1611752675,"path_taken":["M","$","?","?","?","E","R","E","T","E","M","R","?","M","R","BOSS","M","$","?","?","?","?","E","R","T","R","?","?","$","E","R","BOSS"],"items_purchased_type":["Card","Relic","Card","Relic"],"build_version":"2020-12-22","purchased_purges":1,"victory":false,"max_hp_per_floor":[70,70,70,70,70,70,70,70,70,70,70,70,70,70,70,70,70,70,70,70,70,70,70,70,70,70,70,70,70,70,70,70,70,70],"card_choices":[{"not_picked":["ClowCardTheJump","ClowCardTheRain","ClowCardTheMaze"],"picked":"SKIP","floor":1.0},{"not_picked":["ClowCardTheEarthy","ClowCardTheSong"],"picked":"ClowCardThePower","floor":6.0},{"not_picked":["ClowCardTheArrow","ClowCardTheDream","ClowCardThePower"],"picked":"SKIP","floor":8.0},{"not_picked":["ClowCardTheEarthy","ClowCardTheDream","ClowCardTheFirey"],"picked":"SKIP","floor":10.0},{"not_picked":["ClowCardTheEarthy","ClowCardTheMaze","ClowCardTheDream"],"picked":"SKIP","floor":11.0},{"not_picked":["ClowCardTheSleep","ClowCardTheRain"],"picked":"ClowCardTheLoop","floor":14.0},{"not_picked":["ClowCardTheThrough","ClowCardTheFight"],"picked":"ClowCardTheTime","floor":16.0},{"not_picked":["ClowCardTheSilent","ClowCardTheVoice+1"],"picked":"ClowCardTheSong+1","floor":18.0},{"not_picked":["ClowCardTheMist","ClowCardTheStorm+1","ClowCardTheDream+1"],"picked":"SKIP","floor":21.0},{"not_picked":["ClowCardTheShadow","ClowCardTheReturn","ClowCardTheErase"],"picked":"SKIP","floor":24},{"not_picked":["ClowCardTheLibra","ClowCardTheMirror+1","ClowCardTheShadow"],"picked":"SKIP","floor":31}],"player_experience":93691,"relics_obtained":[{"floor":6.0,"key":"White Beast Statue"},{"floor":8.0,"key":"Ornamental Fan"},{"floor":9.0,"key":"AT_DeathDance"},{"floor":10.0,"key":"Dream Catcher"},{"floor":22.0,"key":"AT_MibuBalloonWealth"},{"floor":23.0,"key":"Enchiridion"},{"floor":24,"key":"War Paint"},{"floor":26,"key":"Nunchaku"},{"floor":31,"key":"Sundial"}],"event_choices":[{"damage_healed":0.0,"max_hp_gain":0.0,"max_hp_loss":0.0,"gold_gain":0.0,"event_name":"Liars Game","player_choice":"Ignored","floor":3.0,"gold_loss":0.0,"damage_taken":0.0},{"damage_healed":0.0,"max_hp_gain":0.0,"max_hp_loss":0.0,"gold_gain":75.0,"event_name":"World of Goop","player_choice":"Gather Gold","floor":4.0,"gold_loss":0.0,"damage_taken":11.0},{"damage_healed":0.0,"max_hp_gain":0.0,"max_hp_loss":0.0,"gold_gain":0.0,"cards_transformed":["ClowCardTheSword"],"event_name":"Transmorgrifier","player_choice":"Transformed","floor":20.0,"gold_loss":0.0,"damage_taken":0.0,"cards_obtained":["ClowCardTheDash"]},{"damage_healed":0.0,"max_hp_gain":0.0,"max_hp_loss":0.0,"gold_gain":0.0,"event_name":"Cursed Tome","player_choice":"Obtained Book","floor":23.0,"gold_loss":0.0,"damage_taken":16.0},{"damage_healed":0,"gold_gain":0,"player_choice":"Ignored","damage_taken":0,"max_hp_gain":0,"max_hp_loss":0,"event_name":"Ghosts","floor":28,"gold_loss":0},{"cards_removed":["ClowCardTheShield"],"damage_healed":0,"gold_gain":0,"player_choice":"Gave Gold","damage_taken":0,"max_hp_gain":0,"max_hp_loss":0,"event_name":"Beggar","floor":29,"gold_loss":75}],"is_beta":false,"boss_relics":[{"not_picked":["Busted Crown","Coffee Dripper"],"picked":"KSMOD_DarknessWand"}],"items_purged_floors":[19],"is_endless":false,"potions_floor_spawned":[1,6,8,10,11,14,16,18,21,24,31],"killed_by":"Champ","ascension_level":2}}