{"host":"mkybizqfemywalen","time":1611766595,"event":{"mods":["2.2 Compatiblity","BaseMod","Bestiary","Colored Map","Colored Powertips","Curses Come First","Highlight Path","Minty Spire (QoL Compilation)","Relic Stats","Slay the Relics Exporter","StSLib","SuperFastMode"],"gold_per_floor":[160,172,247,260,260,260,260],"floor_reached":6,"language":"ENG","playtime":164,"items_purged":[],"score":36,"play_id":"3d0b8846-6dfa-4fab-88b8-5b37e236a039","local_time":"20210127115635","is_ascension_mode":false,"campfire_choices":[],"circlet_count":0,"master_deck":["Strike_R+1","Strike_R","Strike_R","Strike_R","Strike_R","Defend_R","Defend_R","Defend_R","Defend_R","Bash","Twin Strike","Body Slam","Twin Strike","Armaments"],"relics":["Tiny House","Bird Faced Urn"],"acts_visited":[],"potions_floor_usage":[],"damage_taken":[{"damage":11,"enemies":"Jaw Worm","floor":1,"turns":3},{"damage":5,"enemies":"Small Slimes","floor":2,"turns":3},{"damage":7,"enemies":"2 Louse","floor":4,"turns":2},{"damage":49,"enemies":"Lagavulin","floor":6,"turns":5}],"seed_played":"-9141958862551525664","potions_obtained":[{"floor":0.0,"key":"HeartOfIron"},{"floor":1,"key":"Fire Potion"}],"is_trial":false,"path_per_floor":["M","M","?","M","?","E"],"character_chosen":"IRONCLAD","items_purchased":[],"campfire_rested":0,"item_purchase_floors":[],"current_hp_per_floor":[74,69,58,51,44,0,0],"gold":260,"neow_bonus":"BOSS_RELIC","is_daily":false,"chose_seed":false,"campfire_upgraded":0,"win_rate":0.0,"timestamp":1611766595,"path_taken":["M","M","?","M","?","E"],"items_purchased_type":[],"build_version":"2020-12-22","purchased_purges":0,"victory":false,"max_hp_per_floor":[85,85,85,85,85,85,85],"relic_stats":{"counters":[4,13],"Bird Faced Urn":[0],"obtain_stats":[{"Tiny House":0,"Bird Faced Urn":5,"Burning Blood":0},{"Tiny House":0,"Bird Faced Urn":3,"Burning Blood":0},{"Tiny House":0,"Bird Faced Urn":8,"Burning Blood":0}]},"card_choices":[{"not_picked":["Searing Blow","Havoc"],"picked":"Twin Strike","floor":0.0},{"not_picked":["Sever Soul","Dropkick"],"picked":"Body Slam","floor":1},{"not_picked":["Headbutt","Clash"],"picked":"Twin Strike","floor":2},{"not_picked":["Clothesline","Body Slam"],"picked":"Armaments","floor":4}],"player_experience":130318,"relics_obtained":[],"event_choices":[{"damage_healed":0,"gold_gain":75,"player_choice":"Gather Gold","damage_taken":11,"max_hp_gain":0,"max_hp_loss":0,"event_name":"World of Goop","floor":3,"gold_loss":0},{"damage_healed":0,"gold_gain":0,"player_choice":"Success","damage_taken":7,"relics_obtained":["Bird Faced Urn"],"max_hp_gain":0,"max_hp_loss":0,"event_name":"Scrap Ooze","floor":5,"gold_loss":0}],"is_beta":false,"boss_relics":[],"items_purged_floors":[],"is_endless":false,"potions_floor_spawned":[1],"killed_by":"Lagavulin","ascension_level":0}}