{"host":"kig4ty9d1aubg29s","time":1611710150,"event":{"mods":["BaseMod","Minty Spire (QoL Compilation)","READ ME - Guardian Mod","READ ME - Snecko Mod","StSLib","The Cursed","The Gatherer","The Hierophant","The Runesmith"],"gold_per_floor":[111,111,111,131,147,147,175,175,199,199,215,215,241,69,69,143,143,156,156,156,169,169,169],"floor_reached":22,"language":"KOR","playtime":543,"items_purged":[],"score":384,"play_id":"99f2607c-0a84-4dd7-8e2d-ceaae2cd926c","local_time":"20210127101550","is_ascension_mode":true,"campfire_choices":[{"data":"Zap","floor":6,"key":"SMITH"},{"floor":8,"key":"REST"},{"data":"Creative AI","floor":15,"key":"SMITH"}],"circlet_count":0,"master_deck":["AscendersBane","Strike_B","Strike_B","Strike_B","Strike_B","Defend_B","Defend_B","Defend_B","Defend_B","Zap+1","Dualcast","Steam","Loop+1","Sunder","Rip and Tear","Creative AI+1","Echo Form","Melter","Necronomicurse","Redo"],"relics":["Cracked Core","NeowsBlessing","Bag of Preparation","Thread and Needle","Juzu Bracelet","Toy Ornithopter","Du-Vu Doll","Runic Capacitor","Busted Crown","MutagenicStrength","Necronomicon"],"acts_visited":["Exordium","TheCity"],"potions_floor_usage":[7,7,16,18],"damage_taken":[{"damage":0,"enemies":"Jaw Worm","floor":1,"turns":1},{"damage":0,"enemies":"Cultist","floor":4,"turns":1},{"damage":0,"enemies":"Small Slimes","floor":5,"turns":1},{"damage":16,"enemies":"Lagavulin","floor":7,"turns":7},{"damage":0,"enemies":"2 Fungi Beasts","floor":11,"turns":2},{"damage":13,"enemies":"3 Sentries","floor":13,"turns":5},{"damage":38,"enemies":"The Guardian","floor":16,"turns":9},{"damage":28,"enemies":"Shell Parasite","floor":18,"turns":4},{"damage":2,"enemies":"2 Thieves","floor":21,"turns":3}],"seed_played":"5659646145934011107","potions_obtained":[{"floor":1,"key":"Fruit Juice"},{"floor":5,"key":"Block Potion"},{"floor":13,"key":"FocusPotion"},{"floor":16,"key":"SpeedPotion"},{"floor":18,"key":"LiquidMemories"},{"floor":21,"key":"Dexterity Potion"}],"is_trial":false,"path_per_floor":["M","?","?","M","M","R","E","R","T","?","M","?","E","$","R","B",null,"M","?","?","M","?"],"character_chosen":"DEFECT","items_purchased":["Runic Capacitor"],"campfire_rested":1,"item_purchase_floors":[14],"current_hp_per_floor":[64,53,53,53,53,53,42,64,64,64,64,64,51,51,51,18,62,39,39,18,16,0,0],"gold":169,"neow_bonus":"THREE_ENEMY_KILL","is_daily":false,"chose_seed":false,"campfire_upgraded":2,"win_rate":0.0,"timestamp":1611710150,"path_taken":["M","?","?","M","?","R","E","R","T","?","M","?","E","?","R","BOSS","M","?","?","M","?"],"items_purchased_type":["Relic"],"build_version":"2020-12-22","purchased_purges":0,"victory":false,"max_hp_per_floor":[71,71,71,71,71,71,76,76,76,76,76,76,76,76,76,76,76,76,76,76,76,81,81],"card_choices":[{"not_picked":["Darkness","Blizzard"],"picked":"Sweeping Beam","floor":1},{"not_picked":["Blizzard","Hologram"],"picked":"Steam","floor":4},{"not_picked":["Compile Driver","Chaos"],"picked":"Loop","floor":5},{"not_picked":["Biased Cognition","Darkness"],"picked":"Sunder","floor":7},{"not_picked":["Hologram","Sweeping Beam"],"picked":"Rip and Tear","floor":11},{"not_picked":["Beam Cell","Stack"],"picked":"Creative AI","floor":13},{"not_picked":["Thunder Strike","Machine Learning"],"picked":"Echo Form","floor":16},{"not_picked":[],"picked":"Melter","floor":18},{"not_picked":[],"picked":"Redo","floor":21}],"player_experience":1957685,"relics_obtained":[{"floor":7,"key":"Juzu Bracelet"},{"floor":9,"key":"Toy Ornithopter"},{"floor":13,"key":"Du-Vu Doll"},{"floor":20,"key":"Necronomicon"}],"event_choices":[{"damage_healed":0,"gold_gain":0,"player_choice":"Success","damage_taken":11,"relics_obtained":["Bag of Preparation"],"max_hp_gain":0,"max_hp_loss":0,"event_name":"Scrap Ooze","floor":2,"gold_loss":0},{"cards_removed":["Sweeping Beam"],"damage_healed":0,"gold_gain":0,"player_choice":"Gave Card","damage_taken":0,"relics_obtained":["Thread and Needle"],"max_hp_gain":0,"max_hp_loss":0,"event_name":"WeMeetAgain","floor":3,"gold_loss":0},{"damage_healed":0,"gold_gain":0,"player_choice":"Leave","damage_taken":0,"max_hp_gain":0,"max_hp_loss":0,"event_name":"The Cleric","floor":10,"gold_loss":0},{"damage_healed":0,"gold_gain":0,"player_choice":"Grow","damage_taken":0,"max_hp_gain":0,"max_hp_loss":0,"event_name":"Living Wall","floor":12,"gold_loss":0,"cards_upgraded":["Loop"]},{"damage_healed":0,"gold_gain":0,"player_choice":"Inject Mutagens","damage_taken":0,"relics_obtained":["MutagenicStrength"],"max_hp_gain":0,"max_hp_loss":0,"event_name":"Drug Dealer","floor":19,"gold_loss":0},{"damage_healed":0,"gold_gain":0,"player_choice":"Obtained Book","damage_taken":21,"max_hp_gain":0,"max_hp_loss":0,"event_name":"Cursed Tome","floor":20,"gold_loss":0}],"is_beta":false,"boss_relics":[{"not_picked":["Fusion Hammer","SacredBark"],"picked":"Busted Crown"}],"items_purged_floors":[],"is_endless":false,"potions_floor_spawned":[1,5,13,16,18,21],"ascension_level":20}}