{"host":"4nqeo0vu1vuav7gg","time":1611778582,"event":{"mods":["AchievementEnabler","BaseMod","Block Reminder","Colored Map","Colored Powertips","Highlight Path","Minty Spire (QoL Compilation)","Quick Restart","Rare Cards Sparkle","Relic Relevance Reorder","StSLib"],"gold_per_floor":[112,112,262,262,19,19,94,94,94,94,112,128,138,413,413,490,490,509,509,509],"floor_reached":19,"language":"ENG","playtime":495,"items_purged":["Doubt"],"score":302,"play_id":"8dce4a17-2503-4712-807b-45e4c517f8a6","local_time":"20210127211622","is_ascension_mode":true,"campfire_choices":[{"floor":6.0,"key":"REST"},{"floor":8.0,"key":"REST"},{"data":"Zap","floor":10.0,"key":"SMITH"},{"data":"Dualcast","floor":15.0,"key":"SMITH"}],"circlet_count":0,"master_deck":["AscendersBane","Strike_B","Strike_B","Defend_B","Defend_B","Defend_B","Defend_B","Zap+1","Dualcast+1","Rebound","Go for the Eyes","Ball Lightning","Reinforced Body","Reinforced Body","Regret","Electrodynamics","Ball Lightning"],"relics":["Cracked Core","Chemical X","Toy Ornithopter","SlaversCollar","Eternal Feather"],"acts_visited":["Exordium","TheCity"],"potions_floor_usage":[16,16,16],"damage_taken":[{"damage":1.0,"enemies":"Cultist","floor":1.0,"turns":3.0},{"damage":0.0,"enemies":"Small Slimes","floor":11.0,"turns":2.0},{"damage":2.0,"enemies":"2 Louse","floor":12.0,"turns":2.0},{"damage":4.0,"enemies":"2 Fungi Beasts","floor":13.0,"turns":3.0},{"damage":43,"enemies":"Hexaghost","floor":16,"turns":10},{"damage":2,"enemies":"3 Byrds","floor":18,"turns":3},{"damage":69,"enemies":"Masked Bandits","floor":19,"turns":3}],"seed_played":"4880808036358980387","potions_obtained":[{"floor":13.0,"key":"EntropicBrew"}],"is_trial":false,"path_per_floor":["M","?","?","?","$","R","?","R","T","R","M","M","M","?","R","B",null,"M","?"],"character_chosen":"DEFECT","items_purchased":["Chemical X"],"campfire_rested":2,"item_purchase_floors":[5],"current_hp_per_floor":[63,56,56,38,38,59,48,69,69,71,71,69,65,65,71,28,60,58,0,0],"gold":509,"neow_bonus":"TRANSFORM_CARD","is_daily":false,"chose_seed":false,"campfire_upgraded":2,"win_rate":0.0,"timestamp":1611778582,"path_taken":["M","?","?","?","$","R","?","R","T","R","M","?","M","?","R","BOSS","M","?"],"items_purchased_type":["Relic"],"build_version":"2020-12-22","purchased_purges":1,"victory":false,"max_hp_per_floor":[71,71,71,71,71,71,71,71,71,71,71,71,71,71,71,71,71,71,71,71],"card_choices":[{"not_picked":["Stack","Hologram"],"picked":"Go for the Eyes","floor":1.0},{"not_picked":["Coolheaded","Rebound"],"picked":"Ball Lightning","floor":11.0},{"not_picked":["Cold Snap","FTL"],"picked":"Reinforced Body","floor":12.0},{"not_picked":["Beam Cell","Coolheaded"],"picked":"Reinforced Body","floor":13.0},{"not_picked":["Fission","Core Surge"],"picked":"Electrodynamics","floor":16},{"not_picked":["Go for the Eyes","Redo"],"picked":"Ball Lightning","floor":18}],"player_experience":1075027,"relics_obtained":[{"floor":9.0,"key":"Eternal Feather"}],"event_choices":[{"cards_removed":["Strike_B"],"damage_healed":0.0,"max_hp_gain":0.0,"max_hp_loss":0.0,"gold_gain":0.0,"event_name":"Golden Wing","player_choice":"Card Removal","floor":2.0,"gold_loss":0.0,"damage_taken":7.0},{"damage_healed":0.0,"max_hp_gain":0.0,"max_hp_loss":0.0,"gold_gain":150.0,"event_name":"Liars Game","player_choice":"AGREE","floor":3.0,"gold_loss":0.0,"damage_taken":0.0,"cards_obtained":["Doubt"]},{"damage_healed":0.0,"max_hp_gain":0.0,"max_hp_loss":0.0,"gold_gain":0.0,"event_name":"Scrap Ooze","player_choice":"Success","floor":4.0,"gold_loss":0.0,"damage_taken":18.0,"relics_obtained":["Toy Ornithopter"]},{"damage_healed":0.0,"max_hp_gain":0.0,"max_hp_loss":0.0,"gold_gain":75.0,"event_name":"World of Goop","player_choice":"Gather Gold","floor":7.0,"gold_loss":0.0,"damage_taken":11.0},{"damage_healed":0.0,"max_hp_gain":0.0,"max_hp_loss":0.0,"gold_gain":275.0,"event_name":"Golden Shrine","player_choice":"Desecrate","floor":14.0,"gold_loss":0.0,"damage_taken":0.0,"cards_obtained":["Regret"]},{"damage_healed":0,"gold_gain":0,"player_choice":"Fought Bandits","damage_taken":0,"max_hp_gain":0,"max_hp_loss":0,"event_name":"Masked Bandits","floor":19,"gold_loss":0}],"is_beta":false,"boss_relics":[{"not_picked":["Tiny House","Runic Dome"],"picked":"SlaversCollar"}],"items_purged_floors":[5],"is_endless":false,"potions_floor_spawned":[13],"killed_by":"Masked Bandits","ascension_level":19}}