{"host":"s21r9c1cdih2g0le","time":1611746268,"event":{"mods":["Aspiration","BaseMod","BetterRewards","Colored Map","Conspire","Downfall","Energized Spire","Friendly Minions","GifTheSpireLib","Hubris","Infinite Spire","Ironclad Rager","Jorbs\u0027s Wanderer Trilogy","Mimic Mod","Minty Spire (QoL Compilation)","Replay The Spire","Shade Mod","StSLib","Stuff the Spire","SuperFastMode","The Mystic","Wandering Minibosses"],"gold_per_floor":[99,110,110,110,95,95,95,126,142,210,10,23,8,209,222,317,317,317,330,330,330,315,344,377,377,392,411,321,533,550,550,560,663,663,663,677,688,733,749,749,749,671,671,684,684,684,684],"floor_reached":45,"language":"ENG","playtime":2310,"items_purged":["champ:LastStand"],"score":533,"play_id":"2ed0db82-1306-4ae5-8b5e-1d3003ada199","local_time":"20210127121748","is_ascension_mode":false,"campfire_choices":[{"floor":1.0,"key":"RECALL"},{"floor":11,"key":"REST"},{"data":"champ:EnragedBash","floor":18,"key":"SMITH"},{"data":"champ:PerfectedStrike","floor":25,"key":"SMITH"},{"data":"champ:StrikeOfGenius","floor":35,"key":"SMITH"},{"data":"champ:GladiatorStyle","floor":40,"key":"SMITH"}],"circlet_count":0,"master_deck":["champ:Strike","champ:Strike","champ:Strike","champ:Strike","champ:Defend","champ:Defend","champ:Defend","champ:Defend","champ:Execute","champ:Taunt","champ:PerfectedStrike","champ:GladiatorStyle","champ:PerfectedStrike+1","champ:CrookedStrike","champ:BringItOn","champ:BerserkersShout","champ:ShieldWall","champ:EnragedBash+1","champ:GladiatorStyle+1","champ:TripleStrike+1","champ:StrikeOfGenius+1","downfall:Haunted","downfall:Haunted","Replay:Hysterical Blindness","champ:PerfectedStrike+1","champ:CrookedStrike+1","Parasite","champ:BladeFlurry+1","champ:ShieldWall","champ:FlashCut+1"],"relics":["champ:ChampionCrown","hubris:Icosahedron","ReplayTheSpireMod:Shallot","downfall:HeartBlessingGreen","downfall:HeartBlessingRed","Sozu","hubris:BottledHeart","Nloth\u0027s Gift","Strawberry","Molten Egg 2","Darkstone Periapt","energizedSpire:MagnifyingGlass","StuffTheSpire:NeowsTribute"],"acts_visited":["Exordium","TheCity","TheBeyond"],"potions_floor_usage":[16,33,38],"damage_taken":[{"damage":10.0,"enemies":"Small Slimes","floor":2.0,"turns":4.0},{"damage":0.0,"enemies":"downfall:FleeingMerchant","floor":5.0,"turns":4.0},{"damage":22,"enemies":"Gremlin Nob","floor":8,"turns":4},{"damage":10,"enemies":"Jaw Worm","floor":9,"turns":2},{"damage":10,"enemies":"Cultist","floor":10,"turns":2},{"damage":10,"enemies":"Large Slime","floor":12,"turns":4},{"damage":10,"enemies":"downfall:FleeingMerchant","floor":13,"turns":4},{"damage":0,"enemies":"2 Fungi Beasts","floor":15,"turns":3},{"damage":86,"enemies":"SI_SHIV_ARCHETYPE","floor":16,"turns":6},{"damage":10,"enemies":"Chosen","floor":19,"turns":3},{"damage":0,"enemies":"downfall:FleeingMerchant","floor":22,"turns":4},{"damage":0,"enemies":"Book of Stabbing","floor":23,"turns":5},{"damage":0,"enemies":"conspire:FuzzyDice","floor":24,"turns":4},{"damage":0,"enemies":"conspire:FuzzyDice","floor":26,"turns":7},{"damage":0,"enemies":"Centurion and Healer","floor":27,"turns":6},{"damage":0,"enemies":"downfall:FleeingMerchant","floor":28,"turns":4},{"damage":0,"enemies":"downfall:FleeingMerchant","floor":29,"turns":3},{"damage":0,"enemies":"Snecko","floor":30,"turns":3},{"damage":0,"enemies":"Snake Plant","floor":32,"turns":3},{"damage":0,"enemies":"IC_MUSHROOM_ARCHETYPE","floor":33,"turns":5},{"damage":0,"enemies":"Orb Walker","floor":36,"turns":2},{"damage":0,"enemies":"3 Shapes","floor":37,"turns":3},{"damage":0,"enemies":"2 Orb Walkers","floor":38,"turns":5},{"damage":0,"enemies":"Writhing Mass","floor":39,"turns":6},{"damage":0,"enemies":"Maw","floor":44,"turns":6},{"damage":1,"enemies":"Nightmare","floor":45,"turns":6}],"seed_played":"3166824697879224805","potions_obtained":[{"floor":2.0,"key":"Energy Potion"},{"floor":9,"key":"champ:TechniquePotion"},{"floor":10,"key":"Energy Potion"}],"is_trial":false,"path_per_floor":["R","M","?","?","$","?","T","E","M","M","R","M","$","?","M","B",null,"R","M","?","?","$","E","MIM","R","M","M","$","$","M","?","M","B",null,"R","M","M","?","M","R","T","$","?","M","NM"],"character_chosen":"THE_CHAMP","items_purchased":["champ:StrikeOfGenius","champ:ShieldWall"],"campfire_rested":1,"item_purchase_floors":[29,42],"current_hp_per_floor":[99,99,99,75,75,80,80,68,68,68,97,97,97,97,97,76,99,99,99,1,1,1,1,1,1,1,1,1,1,1,1,1,1,1,1,1,1,1,1,1,1,1,1,1,0,0,0],"gold":684,"neow_bonus":"TEN_PERCENT_HP_BONUS","is_daily":false,"chose_seed":false,"campfire_upgraded":4,"win_rate":0.0,"timestamp":1611746268,"path_taken":["R","M","?","?","$","?","T","E","M","M","R","?","$","?","M","BOSS","R","M","?","?","$","E","MIM","R","M","?","?","$","M","?","M","BOSS","R","M","M","?","M","R","T","$","?","M","NM"],"items_purchased_type":["Card","Card"],"build_version":"2020-12-22","purchased_purges":1,"victory":false,"max_hp_per_floor":[99,99,99,99,99,99,99,99,99,99,99,99,99,99,99,99,99,99,99,1,1,1,1,1,1,1,1,1,1,1,1,1,1,1,1,1,1,1,1,1,1,1,1,1,1,1,1],"card_choices":[{"not_picked":["champ:FlashCut","champ:GutPunch"],"picked":"champ:PerfectedStrike","floor":2.0},{"not_picked":["infinitespire:SealOfDarkness+","infinitespire:SevenWalls"],"picked":"infinitespire:NeuralNetwork","floor":4.0},{"not_picked":["champ:Backstep","champ:DefensiveShout","champ:CalledShot"],"picked":"SKIP","floor":5.0},{"not_picked":["champ:ShieldThrow","champ:CrownThrow"],"picked":"champ:GladiatorStyle","floor":8},{"not_picked":["champ:FanOfKnives","champ:RecklessLeap"],"picked":"champ:PerfectedStrike","floor":9},{"not_picked":["champ:FalseCounter","champ:TornadoPunch"],"picked":"champ:CrookedStrike","floor":10},{"not_picked":["champ:TornadoPunch","champ:SkillfulDodge"],"picked":"champ:BringItOn","floor":12},{"not_picked":["champ:FanOfKnives","champ:IronFortress"],"picked":"champ:BerserkersShout","floor":13},{"not_picked":["champ:Shatter","champ:SwordThrow"],"picked":"champ:ShieldWall","floor":14},{"not_picked":["champ:CalledShot","champ:FancyFootwork"],"picked":"champ:EnragedBash","floor":15},{"not_picked":["champ:SteelEdge","champ:ShieldThrow"],"picked":"champ:LastStand","floor":16},{"not_picked":["champ:CrownThrow","champ:EndlessRage+1","champ:Circumvent"],"picked":"SKIP","floor":19},{"not_picked":["champ:ShieldSlam","champ:BerserkersShout","champ:Lariat"],"picked":"SKIP","floor":22},{"not_picked":["champ:SteelEdge","champ:Duel","champ:ShieldSlam"],"picked":"SKIP","floor":23},{"not_picked":["champ:DefensiveShout","champ:Duel+1"],"picked":"champ:GladiatorStyle","floor":26},{"not_picked":["champ:AdrenalArmor","champ:FlashCut+1","champ:FanOfKnives+1"],"picked":"SKIP","floor":27},{"not_picked":["champ:LastStand","champ:AdrenalArmor+1","champ:ArenaPreparation"],"picked":"SKIP","floor":28},{"not_picked":["champ:DefensiveShout","champ:Encircle+1"],"picked":"champ:TripleStrike+1","floor":29},{"not_picked":["champ:BladeFlurry+1","champ:FocusedBerserking","champ:TornadoPunch+1"],"picked":"SKIP","floor":30},{"not_picked":["champ:EndlessRage","champ:StanceDance+1"],"picked":"champ:PerfectedStrike+1","floor":32},{"not_picked":["champ:SetATrap+1","champ:ArenaPreparation","champ:EnragedBash+1"],"picked":"SKIP","floor":36},{"not_picked":["champ:Backstep","champ:FanOfKnives+1","champ:CalledShot+1"],"picked":"SKIP","floor":37},{"not_picked":["champ:FlashCut+1","champ:PreemptiveStrike+1"],"picked":"champ:CrookedStrike+1","floor":38},{"not_picked":["champ:FanOfKnives+1","champ:AdrenalArmor+1"],"picked":"champ:BladeFlurry+1","floor":39},{"not_picked":["champ:EndlessRage","champ:Haymaker+1"],"picked":"champ:FlashCut+1","floor":44}],"player_experience":328452,"relics_obtained":[{"floor":7.0,"key":"ReplayTheSpireMod:Shallot"},{"floor":8,"key":"hubris:MobiusCoin"},{"floor":23,"key":"Strawberry"},{"floor":24,"key":"Molten Egg 2"},{"floor":38,"key":"StuffTheSpire:NeowsTribute"}],"event_choices":[{"cards_removed":["infinitespire:NeuralNetwork"],"damage_healed":5.0,"max_hp_gain":0.0,"max_hp_loss":0.0,"gold_gain":0.0,"event_name":"Bonfire Elementals","player_choice":"Offered Special","floor":6.0,"gold_loss":0.0,"damage_taken":0.0},{"damage_healed":0,"gold_gain":0,"player_choice":"Fight","damage_taken":0,"max_hp_gain":0,"max_hp_loss":0,"event_name":"Mysterious Sphere","floor":38,"gold_loss":0}],"is_beta":false,"boss_relics":[{"not_picked":["conspire:SlowCooker","champ:ChampionCrownUpgraded"],"picked":"Sozu"},{"not_picked":["energizedSpire:OgreHead","hubris:Stopwatch"],"picked":"energizedSpire:MagnifyingGlass"}],"items_purged_floors":[28],"is_endless":false,"potions_floor_spawned":[2,9,10,27,30,32,33,36,37],"killed_by":"Nightmare","ascension_level":0}}