{"host":"eswokialmqjd9jwx","time":1611737648,"event":{"mods":["AchievementEnabler","BaseMod","Colored Map","DeckTracker","KOR Keyword Fix","Minty Spire (QoL Compilation)","StSLib","SuperFastMode"],"gold_per_floor":[114,126,37,52,62,62,77,77,77,77,87,107,107,120,120,197,197,213,228,67,79,99,99,99,111,136,152,152,152],"floor_reached":28,"language":"KOR","playtime":921,"items_purged":["Flechettes"],"score":486,"play_id":"7dd93b71-995e-4072-b8c8-397c40445c29","local_time":"20210127175408","is_ascension_mode":true,"campfire_choices":[{"floor":6,"key":"REST"},{"floor":8,"key":"REST"},{"data":"Catalyst","floor":10,"key":"SMITH"},{"data":"Night Terror","floor":15,"key":"SMITH"},{"floor":23,"key":"REST"}],"circlet_count":0,"master_deck":["AscendersBane","Strike_G+1","Strike_G+1","Strike_G+1","Strike_G+1","Strike_G+1","Defend_G+1","Defend_G+1","Defend_G+1","Defend_G+1","Defend_G+1","Survivor","Neutralize","Bouncing Flask","Catalyst+1","Escape Plan","Well Laid Plans","Poisoned Stab","Backflip","Crippling Poison","Night Terror+1","Wraith Form v2+1","Escape Plan+1","Noxious Fumes+1","Acrobatics+1"],"relics":["Ring of the Snake","Frozen Egg 2","Fusion Hammer"],"acts_visited":["Exordium","TheCity"],"potions_floor_usage":[5,11,12],"damage_taken":[{"damage":0.0,"enemies":"Cultist","floor":1.0,"turns":3.0},{"damage":17,"enemies":"Jaw Worm","floor":2,"turns":6},{"damage":5,"enemies":"Small Slimes","floor":4,"turns":5},{"damage":36,"enemies":"Exordium Wildlife","floor":5,"turns":7},{"damage":2,"enemies":"2 Fungi Beasts","floor":7,"turns":5},{"damage":10,"enemies":"Lots of Slimes","floor":11,"turns":2},{"damage":0,"enemies":"Red Slaver","floor":12,"turns":4},{"damage":7,"enemies":"3 Louse","floor":14,"turns":5},{"damage":27,"enemies":"Hexaghost","floor":16,"turns":8},{"damage":1,"enemies":"Spheric Guardian","floor":18,"turns":4},{"damage":15,"enemies":"Shell Parasite","floor":19,"turns":7},{"damage":19,"enemies":"Snake Plant","floor":21,"turns":5},{"damage":10,"enemies":"Snecko","floor":22,"turns":5},{"damage":11,"enemies":"Centurion and Healer","floor":25,"turns":6},{"damage":16,"enemies":"Snake Plant","floor":27,"turns":5},{"damage":0,"enemies":"Snecko","floor":28,"turns":2}],"seed_played":"-4391513011451642922","potions_obtained":[{"floor":1,"key":"Energy Potion"},{"floor":5,"key":"Regen Potion"},{"floor":7,"key":"Explosive Potion"},{"floor":11,"key":"CultistPotion"},{"floor":21,"key":"Energy Potion"}],"is_trial":false,"path_per_floor":["M","M","$","M","M","R","M","R","T","R","M","M","?","M","R","B",null,"M","M","$","M","M","R","?","M","T","M","M"],"character_chosen":"THE_SILENT","items_purchased":["Well Laid Plans","Noxious Fumes+1"],"campfire_rested":3,"item_purchase_floors":[3,20],"current_hp_per_floor":[59,42,42,37,1,20,18,37,37,37,27,39,44,37,37,10,56,55,40,40,21,11,32,32,21,21,5,5,5],"gold":152,"neow_bonus":"THREE_CARDS","is_daily":false,"chose_seed":false,"campfire_upgraded":2,"win_rate":0.0,"timestamp":1611737648,"path_taken":["M","?","$","M","M","R","M","R","T","R","M","M","?","M","R","BOSS","M","M","$","M","M","R","?","M","T","M","M"],"items_purchased_type":["Card","Card"],"build_version":"2020-12-22","purchased_purges":1,"victory":false,"max_hp_per_floor":[66,66,66,66,66,66,66,66,66,66,66,66,71,71,71,71,71,71,71,71,71,71,71,71,71,71,71,71,71],"card_choices":[{"not_picked":["Dodge and Roll","Caltrops"],"picked":"Bouncing Flask","floor":0.0},{"not_picked":["Backflip","Endless Agony"],"picked":"Catalyst","floor":1},{"not_picked":["Caltrops","Catalyst"],"picked":"Escape Plan","floor":2},{"not_picked":["Escape Plan","Backflip"],"picked":"Poisoned Stab","floor":4},{"not_picked":["Choke","Accuracy"],"picked":"Backflip","floor":5},{"not_picked":["Cloak And Dagger","All Out Attack"],"picked":"Crippling Poison","floor":7},{"not_picked":["Blade Dance","Prepared"],"picked":"Flechettes","floor":11},{"not_picked":["Bane","Deflect","Quick Slash"],"picked":"SKIP","floor":12},{"not_picked":["Masterful Stab","Bane"],"picked":"Night Terror","floor":14},{"not_picked":["Adrenaline","Envenom+1"],"picked":"Wraith Form v2+1","floor":16},{"not_picked":["Flying Knee","Terror"],"picked":"Escape Plan+1","floor":18},{"not_picked":["Bane","Accuracy+1","Dodge and Roll"],"picked":"SKIP","floor":19},{"not_picked":["Finisher","Prepared","Flechettes"],"picked":"SKIP","floor":21},{"not_picked":["Caltrops+1","Crippling Poison","Cloak And Dagger"],"picked":"SKIP","floor":22},{"not_picked":["Outmaneuver","Concentrate","Sucker Punch"],"picked":"SKIP","floor":25},{"not_picked":["Poisoned Stab","PiercingWail"],"picked":"Acrobatics+1","floor":27}],"player_experience":1168226,"relics_obtained":[{"floor":9,"key":"Frozen Egg 2"}],"event_choices":[{"damage_healed":0,"gold_gain":0,"player_choice":"Donut","damage_taken":0,"max_hp_gain":5,"max_hp_loss":0,"event_name":"Big Fish","floor":13,"gold_loss":0},{"damage_healed":0,"gold_gain":0,"player_choice":"Simplicity","damage_taken":0,"max_hp_gain":0,"max_hp_loss":0,"event_name":"Back to Basics","floor":24,"gold_loss":0,"cards_upgraded":["Strike_G","Strike_G","Strike_G","Strike_G","Strike_G","Defend_G","Defend_G","Defend_G","Defend_G","Defend_G"]}],"is_beta":false,"boss_relics":[{"not_picked":["Runic Dome","Busted Crown"],"picked":"Fusion Hammer"}],"items_purged_floors":[20],"is_endless":false,"potions_floor_spawned":[1,5,7,11,21,22,27],"killed_by":"Snecko","ascension_level":20}}