{"host":"f0gpob8hq9vgebej","time":1611743831,"event":{"mods":["AchievementEnabler","BaseMod","Minty Spire (QoL Compilation)","Quick Restart","SuperFastMode"],"gold_per_floor":[117,133,152,170,190,190,190,190,190,208,208,237,248,261,261,364,364,378,396,311,236,42,42,57,76,76,76,105,105,117,150,150,253,253,265,316,239,239,135,135,135,135,184,184,56,71,71,86,86,86],"floor_reached":51,"language":"KOR","playtime":3131,"items_purged":["Strike_G","Strike_G+1","Strike_G+1"],"score":1084,"play_id":"f7bdbecc-9af2-42df-9bc8-34b2fd4b0bca","local_time":"20210127193711","is_ascension_mode":true,"campfire_choices":[{"data":"After Image","floor":6.0,"key":"SMITH"},{"data":"Crippling Poison","floor":8.0,"key":"SMITH"},{"data":"Blade Dance","floor":11,"key":"SMITH"},{"floor":15,"key":"REST"},{"data":"Phantasmal Killer","floor":23,"key":"SMITH"},{"data":"Prepared","floor":29,"key":"SMITH"},{"data":"Accuracy","floor":32,"key":"SMITH"},{"floor":40,"key":"DIG"},{"data":"Accuracy","floor":42,"key":"SMITH"},{"floor":47,"key":"DIG"},{"floor":49,"key":"DIG"}],"circlet_count":0,"master_deck":["AscendersBane","Defend_G+1","Defend_G+1","Defend_G+1","Defend_G+1","Survivor","Blade Dance+1","All Out Attack","Crippling Poison+1","Prepared+1","After Image+1","PiercingWail","Blade Dance","Footwork+1","Escape Plan","Phantasmal Killer+1","Blade Dance","Acrobatics+1","Tactician+1","Accuracy+1","Venomology+1","Acrobatics+1","Tactician+1","Prepared+1","Accuracy+1"],"relics":["Ring of the Snake","Darkstone Periapt","MealTicket","Empty Cage","Pantograph","Membership Card","Toxic Egg 2","Eternal Feather","Ancient Tea Set","SacredBark","Shovel","Incense Burner","Bag of Marbles","Shuriken","TungstenRod","StrikeDummy"],"acts_visited":["Exordium","TheCity","TheBeyond"],"potions_floor_usage":[16,50,50],"damage_taken":[{"damage":2.0,"enemies":"Small Slimes","floor":1.0,"turns":4.0},{"damage":0.0,"enemies":"Cultist","floor":2.0,"turns":4.0},{"damage":0.0,"enemies":"Jaw Worm","floor":3.0,"turns":3.0},{"damage":4.0,"enemies":"Blue Slaver","floor":4.0,"turns":5.0},{"damage":18.0,"enemies":"Exordium Wildlife","floor":5.0,"turns":6.0},{"damage":7,"enemies":"2 Fungi Beasts","floor":10,"turns":3},{"damage":19,"enemies":"Gremlin Nob","floor":12,"turns":5},{"damage":1,"enemies":"3 Louse","floor":13,"turns":3},{"damage":3,"enemies":"Exordium Thugs","floor":14,"turns":3},{"damage":13,"enemies":"The Guardian","floor":16,"turns":12},{"damage":7,"enemies":"Spheric Guardian","floor":18,"turns":5},{"damage":12,"enemies":"Chosen","floor":19,"turns":6},{"damage":15,"enemies":"Sentry and Sphere","floor":24,"turns":7},{"damage":2,"enemies":"Centurion and Healer","floor":25,"turns":8},{"damage":0,"enemies":"Gremlin Leader","floor":28,"turns":9},{"damage":6,"enemies":"Cultist and Chosen","floor":30,"turns":6},{"damage":22,"enemies":"Slavers","floor":31,"turns":5},{"damage":44,"enemies":"Champ","floor":33,"turns":12},{"damage":21,"enemies":"3 Darklings","floor":35,"turns":4},{"damage":22,"enemies":"2 Orb Walkers","floor":36,"turns":4},{"damage":0,"enemies":"Orb Walker","floor":46,"turns":1},{"damage":21,"enemies":"4 Shapes","floor":48,"turns":3},{"damage":118,"enemies":"Time Eater","floor":50,"turns":10}],"seed_played":"-4770631870421105963","potions_obtained":[{"floor":1.0,"key":"Strength Potion"},{"floor":2.0,"key":"FearPotion"},{"floor":4.0,"key":"FairyPotion"},{"floor":18,"key":"EntropicBrew"}],"is_trial":false,"path_per_floor":["M","M","M","M","M","R","?","R","T","M","R","E","M","M","R","B",null,"M","M","?","?","$","R","M","M","T","?","E","R","M","E","R","B",null,"M","?","$","?","$","R","?","R","T","?","$","M","R","M","R","B",null],"character_chosen":"THE_SILENT","items_purchased":["Membership Card","Prepared+1","Accuracy","Shuriken"],"campfire_rested":1,"item_purchase_floors":[22,37,39,45],"current_hp_per_floor":[68,68,68,64,46,46,39,39,39,32,32,13,12,9,32,19,63,56,44,44,44,59,59,44,42,42,42,42,54,48,26,38,19,63,42,20,35,35,50,65,65,77,77,77,77,77,77,56,71,46],"gold":86,"neow_bonus":"TEN_PERCENT_HP_BONUS","is_daily":false,"chose_seed":false,"campfire_upgraded":7,"win_rate":0.0,"timestamp":1611743831,"path_taken":["M","M","M","M","M","R","?","R","T","M","R","E","M","?","R","BOSS","M","M","?","?","$","R","M","M","T","?","E","R","M","E","R","BOSS","M","?","$","?","?","R","?","R","T","?","$","M","R","M","R","BOSS"],"items_purchased_type":["Relic","Card","Card","Relic"],"build_version":"2020-12-22","purchased_purges":3,"victory":true,"max_hp_per_floor":[77,77,77,77,77,77,77,77,77,77,77,77,77,77,77,77,77,77,77,77,77,77,77,77,77,77,77,77,77,77,77,77,77,77,77,77,77,77,77,77,77,77,77,77,77,77,77,77,77,77],"card_choices":[{"not_picked":["Accuracy","Calculated Gamble"],"picked":"Blade Dance","floor":1.0},{"not_picked":["Underhanded Strike","Poisoned Stab"],"picked":"All Out Attack","floor":2.0},{"not_picked":["Backflip","Dodge and Roll"],"picked":"Crippling Poison","floor":3.0},{"not_picked":["Backflip","Dagger Spray"],"picked":"Prepared","floor":4.0},{"not_picked":["Bane","Sucker Punch"],"picked":"After Image","floor":5.0},{"not_picked":["Quick Slash","Bane"],"picked":"PiercingWail","floor":10},{"not_picked":["Slice","Dagger Spray"],"picked":"Blade Dance","floor":12},{"not_picked":["Masterful Stab","Dash"],"picked":"Footwork","floor":13},{"not_picked":["Catalyst","Deflect"],"picked":"Escape Plan","floor":14},{"not_picked":["Glass Knife","Bullet Time"],"picked":"Phantasmal Killer","floor":16},{"not_picked":["Noxious Fumes","Outmaneuver"],"picked":"Blade Dance","floor":18},{"not_picked":["Noxious Fumes","Heel Hook","PiercingWail"],"picked":"SKIP","floor":19},{"not_picked":["Bane","Deflect+1","Prepared"],"picked":"SKIP","floor":24},{"not_picked":["Footwork+1","Slice"],"picked":"Acrobatics+1","floor":25},{"not_picked":["Quick Slash+1","Poisoned Stab"],"picked":"Tactician+1","floor":28},{"not_picked":["Blade Dance+1","Venomology+1"],"picked":"Accuracy","floor":30},{"not_picked":["Dagger Spray","Dagger Throw","Poisoned Stab"],"picked":"SKIP","floor":31},{"not_picked":["Wraith Form v2","Tools of the Trade"],"picked":"Venomology+1","floor":33},{"not_picked":["Flying Knee+1","Cloak And Dagger+1"],"picked":"Acrobatics+1","floor":35},{"not_picked":["Concentrate+1","Crippling Poison+1"],"picked":"Tactician+1","floor":36},{"not_picked":["Choke","Dagger Spray+1","Dagger Throw"],"picked":"SKIP","floor":46},{"not_picked":["Slice+1","Dodge and Roll+1","Noxious Fumes+1"],"picked":"SKIP","floor":48}],"player_experience":262916,"relics_obtained":[{"floor":9.0,"key":"Darkstone Periapt"},{"floor":12,"key":"MealTicket"},{"floor":26,"key":"Toxic Egg 2"},{"floor":28,"key":"Eternal Feather"},{"floor":31,"key":"Ancient Tea Set"},{"floor":36,"key":"Shovel"},{"floor":40,"key":"Incense Burner"},{"floor":43,"key":"Bag of Marbles"},{"floor":47,"key":"TungstenRod"},{"floor":49,"key":"StrikeDummy"}],"event_choices":[{"damage_healed":0.0,"max_hp_gain":0.0,"max_hp_loss":0.0,"gold_gain":0.0,"event_name":"Wheel of Change","player_choice":"Damaged","floor":7.0,"gold_loss":0.0,"damage_taken":7.0},{"damage_healed":0,"gold_gain":0,"player_choice":"Obtained Relic","damage_taken":0,"relics_obtained":["Pantograph"],"max_hp_gain":0,"max_hp_loss":0,"event_name":"Addict","floor":20,"gold_loss":85},{"cards_removed":["Strike_G"],"damage_healed":0,"gold_gain":0,"player_choice":"Gave Gold","damage_taken":0,"max_hp_gain":0,"max_hp_loss":0,"event_name":"Beggar","floor":21,"gold_loss":75},{"damage_healed":0,"gold_gain":0,"player_choice":"Simplicity","damage_taken":0,"max_hp_gain":0,"max_hp_loss":0,"event_name":"Back to Basics","floor":27,"gold_loss":0,"cards_upgraded":["Strike_G","Strike_G","Defend_G","Defend_G","Defend_G","Defend_G"]},{"damage_healed":0,"gold_gain":0,"player_choice":"Fight","damage_taken":0,"max_hp_gain":0,"max_hp_loss":0,"event_name":"Mysterious Sphere","floor":36,"gold_loss":0},{"damage_healed":0,"gold_gain":0,"player_choice":"Ignored","damage_taken":0,"max_hp_gain":0,"max_hp_loss":0,"event_name":"The Moai Head","floor":38,"gold_loss":0},{"cards_removed":["Neutralize"],"damage_healed":0,"gold_gain":0,"player_choice":"Removed Attack","damage_taken":0,"max_hp_gain":0,"max_hp_loss":0,"event_name":"Falling","floor":41,"gold_loss":0},{"damage_healed":0,"gold_gain":0,"player_choice":"Forge","damage_taken":0,"max_hp_gain":0,"max_hp_loss":0,"event_name":"Accursed Blacksmith","floor":44,"gold_loss":0,"cards_upgraded":["Footwork"]}],"is_beta":false,"boss_relics":[{"not_picked":["WristBlade","Calling Bell"],"picked":"Empty Cage"},{"not_picked":["Cursed Key","Coffee Dripper"],"picked":"SacredBark"}],"items_purged_floors":[22,37,39],"is_endless":false,"potions_floor_spawned":[1,2,4,12,18,19,46],"ascension_level":12}}