{"host":"cjslbtylv9xenywp","time":1611715076,"event":{"mods":["BaseMod","Card Forge","Colored Map","Minty Spire (QoL Compilation)","No Card Rewards","Relic Stats","StSLib","UnlockEverythingMod"],"gold_per_floor":[114,114,114,114,129,145,145,179,227,227,257,30,30,50,50,147,147,161,161,176,176,176,176,210,225,225,245,265,39,73,73,73,168,168,183,198,214,214,229,255,255,289,343,38,91,91,110,110,110,110],"floor_reached":51,"language":"ENG","playtime":2828,"items_purged":["Regret"],"score":778,"play_id":"14001cdd-10a7-4977-9a91-dde99dfaa934","local_time":"20210126183756","is_ascension_mode":false,"campfire_choices":[{"data":"Double Energy","floor":7,"key":"SMITH"},{"data":"Flex","floor":10,"key":"SMITH"},{"floor":15,"key":"REST"},{"data":"Reprogram","floor":23,"key":"SMITH"},{"data":"Echo Form","floor":32,"key":"SMITH"},{"data":"Reprogram","floor":41,"key":"SMITH"},{"floor":49,"key":"REST"}],"circlet_count":0,"master_deck":["Flex+1","Wild Strike+1","Bloodletting","Hemokinesis","Cloak And Dagger","Leg Sweep","Core Surge","Double Energy+1","Echo Form+1","Reprogram+1","Ragnarok+1","Worship","Leap","Reprogram+1","Deflect","Well Laid Plans","Terror","Deflect","PiercingWail"],"relics":["Ring of the Snake","Kunai","Bottled Flame","PreservedInsect","Pen Nib","Lantern","Anchor","Juzu Bracelet","Happy Flower","Darkstone Periapt","Lee\u0027s Waffle","Bag of Marbles","Philosopher\u0027s Stone","Blood Vial","InkBottle","Strawberry","Dream Catcher","Tough Bandages","Eternal Feather"],"acts_visited":["Exordium","TheCity","TheBeyond"],"potions_floor_usage":[8,16,16,27,27,33,35,40,45,50,50,50],"damage_taken":[{"damage":3,"enemies":"Jaw Worm","floor":1,"turns":2},{"damage":0,"enemies":"2 Louse","floor":5,"turns":1},{"damage":13,"enemies":"Small Slimes","floor":6,"turns":2},{"damage":0,"enemies":"Gremlin Nob","floor":8,"turns":1},{"damage":26,"enemies":"Lagavulin","floor":11,"turns":4},{"damage":0,"enemies":"Blue Slaver","floor":14,"turns":1},{"damage":20,"enemies":"Slime Boss","floor":16,"turns":5},{"damage":2,"enemies":"2 Thieves","floor":18,"turns":2},{"damage":0,"enemies":"Chosen","floor":20,"turns":3},{"damage":36,"enemies":"Book of Stabbing","floor":24,"turns":5},{"damage":0,"enemies":"Centurion and Healer","floor":25,"turns":4},{"damage":0,"enemies":"Snecko","floor":27,"turns":1},{"damage":2,"enemies":"Chosen and Byrds","floor":28,"turns":4},{"damage":8,"enemies":"Slavers","floor":30,"turns":3},{"damage":16,"enemies":"Collector","floor":33,"turns":6},{"damage":19,"enemies":"3 Darklings","floor":35,"turns":4},{"damage":0,"enemies":"3 Shapes","floor":36,"turns":5},{"damage":26,"enemies":"3 Darklings","floor":37,"turns":4},{"damage":11,"enemies":"Maw","floor":39,"turns":5},{"damage":6,"enemies":"Giant Head","floor":40,"turns":4},{"damage":11,"enemies":"Reptomancer","floor":42,"turns":5},{"damage":19,"enemies":"2 Orb Walkers","floor":45,"turns":4},{"damage":10,"enemies":"4 Shapes","floor":47,"turns":3},{"damage":54,"enemies":"Time Eater","floor":50,"turns":6}],"seed_played":"-716225756585511913","potions_obtained":[{"floor":4,"key":"Energy Potion"},{"floor":4,"key":"Explosive Potion"},{"floor":4,"key":"Ancient Potion"},{"floor":11,"key":"GamblersBrew"},{"floor":18,"key":"DistilledChaos"},{"floor":25,"key":"Dexterity Potion"},{"floor":27,"key":"PowerPotion"},{"floor":33,"key":"Explosive Potion"},{"floor":39,"key":"Energy Potion"},{"floor":42,"key":"Swift Potion"},{"floor":47,"key":"GamblersBrew"}],"is_trial":true,"path_per_floor":["M","?","?","?","M","M","R","E","T","R","E","$","?","M","R","B",null,"M","?","M","?","?","R","E","M","T","M","M","$","E","?","R","B",null,"M","M","M","?","M","E","R","E","T","$","?","T","M","?","R","B",null],"character_chosen":"THE_SILENT","items_purchased":["Juzu Bracelet","Lee\u0027s Waffle","Well Laid Plans","Terror","Deflect","DuplicationPotion","Dream Catcher"],"campfire_rested":2,"item_purchase_floors":[12,29,29,44,44,44,44],"current_hp_per_floor":[67,67,53,53,53,40,40,40,40,40,14,14,14,14,35,15,70,68,70,70,70,70,70,34,34,34,34,32,77,69,69,69,53,77,58,58,32,67,56,50,50,41,48,48,31,31,23,23,54,2],"gold":110,"neow_bonus":"","is_daily":false,"chose_seed":true,"campfire_upgraded":5,"win_rate":0.0,"timestamp":1611715076,"path_taken":["M","?","?","?","M","M","R","E","T","R","E","$","?","M","R","BOSS","M","?","M","?","?","R","E","M","T","M","M","$","E","?","R","BOSS","M","M","M","?","M","E","R","E","T","$","?","?","M","?","R","BOSS"],"items_purchased_type":["Relic","Relic","Card","Card","Card","Potion","Relic"],"build_version":"2020-12-22","purchased_purges":1,"victory":true,"max_hp_per_floor":[70,70,70,70,70,70,70,70,70,70,70,70,70,70,70,70,70,70,70,70,70,70,70,70,70,70,70,70,77,77,77,77,77,77,77,77,77,67,67,67,67,67,74,74,74,74,74,74,74,74],"relic_stats":{"Darkstone Periapt":0,"Lee\u0027s Waffle":45,"Happy Flower":[19],"counters":[24,84],"Eternal Feather":9,"PreservedInsect":313,"Pen Nib":[10],"Juzu Bracelet":3,"Blood Vial":8,"Dream Catcher":1,"Tough Bandages":[9],"Kunai":[8],"obtain_stats":[{"Darkstone Periapt":26,"Lantern":9,"Lee\u0027s Waffle":29,"Happy Flower":24,"Eternal Feather":46,"Hammer of Thor":0,"PreservedInsect":2,"Pen Nib":8,"Juzu Bracelet":12,"Seething Fire":0,"Blood Vial":40,"Bottled Flame":0,"Anchor":11,"Dream Catcher":44,"Tough Bandages":45,"Anvil of the Gods":0,"Strawberry":43,"Philosopher\u0027s Stone":34,"Bag of Marbles":30,"Kunai":0,"InkBottle":42,"Ring of the Snake":0},{"Darkstone Periapt":11,"Lantern":4,"Lee\u0027s Waffle":13,"Happy Flower":10,"Eternal Feather":22,"Hammer of Thor":0,"PreservedInsect":1,"Pen Nib":4,"Juzu Bracelet":5,"Seething Fire":0,"Blood Vial":20,"Bottled Flame":0,"Anchor":5,"Dream Catcher":21,"Tough Bandages":22,"Anvil of the Gods":0,"Strawberry":21,"Philosopher\u0027s Stone":15,"Bag of Marbles":14,"Kunai":0,"InkBottle":21,"Ring of the Snake":0},{"Darkstone Periapt":30,"Lantern":6,"Lee\u0027s Waffle":35,"Happy Flower":26,"Eternal Feather":75,"Hammer of Thor":0,"PreservedInsect":2,"Pen Nib":6,"Juzu Bracelet":10,"Seething Fire":0,"Blood Vial":66,"Bottled Flame":0,"Anchor":10,"Dream Catcher":71,"Tough Bandages":75,"Anvil of the Gods":0,"Strawberry":71,"Philosopher\u0027s Stone":44,"Bag of Marbles":38,"Kunai":0,"InkBottle":71,"Ring of the Snake":0}],"InkBottle":[5],"Ring of the Snake":[48]},"card_choices":[{"not_picked":["Flying Knee","Underhanded Strike"],"picked":"PiercingWail","floor":49}],"player_experience":118524,"relics_obtained":[{"floor":8,"key":"Pen Nib"},{"floor":9,"key":"Lantern"},{"floor":11,"key":"Anchor"},{"floor":24,"key":"Happy Flower"},{"floor":26,"key":"Darkstone Periapt"},{"floor":30,"key":"Bag of Marbles"},{"floor":40,"key":"Blood Vial"},{"floor":42,"key":"InkBottle"},{"floor":43,"key":"Strawberry"},{"floor":45,"key":"Tough Bandages"},{"floor":46,"key":"Eternal Feather"}],"event_choices":[{"damage_healed":0,"gold_gain":0,"player_choice":"Box","damage_taken":0,"relics_obtained":["PreservedInsect"],"max_hp_gain":0,"max_hp_loss":0,"event_name":"Big Fish","floor":2,"gold_loss":0,"cards_obtained":["Regret"]},{"damage_healed":0,"gold_gain":0,"player_choice":"Entered Light","damage_taken":14,"max_hp_gain":0,"max_hp_loss":0,"event_name":"Shining Light","floor":3,"gold_loss":0,"cards_upgraded":["Ragnarok","Wild Strike"]},{"damage_healed":0,"gold_gain":0,"player_choice":"Got Potions","damage_taken":0,"max_hp_gain":0,"max_hp_loss":0,"event_name":"Lab","floor":4,"gold_loss":0},{"damage_healed":0,"gold_gain":0,"player_choice":"Searched \u00270\u0027 times","damage_taken":0,"max_hp_gain":0,"max_hp_loss":0,"event_name":"Dead Adventurer","floor":13,"gold_loss":0},{"cards_removed":["Lockon"],"damage_healed":2,"gold_gain":0,"player_choice":"Offered Uncommon","damage_taken":0,"max_hp_gain":0,"max_hp_loss":0,"event_name":"Bonfire Elementals","floor":19,"gold_loss":0},{"damage_healed":0,"gold_gain":0,"player_choice":"Read","damage_taken":0,"max_hp_gain":0,"max_hp_loss":0,"event_name":"The Library","floor":21,"gold_loss":0,"cards_obtained":["Deflect"]},{"damage_healed":0,"gold_gain":0,"player_choice":"Ignored","damage_taken":0,"max_hp_gain":0,"max_hp_loss":0,"event_name":"Vampires","floor":22,"gold_loss":0},{"damage_healed":0,"gold_gain":0,"player_choice":"Ignored","damage_taken":0,"max_hp_gain":0,"max_hp_loss":0,"event_name":"Ghosts","floor":31,"gold_loss":0},{"damage_healed":67,"gold_gain":0,"player_choice":"Heal","damage_taken":0,"max_hp_gain":0,"max_hp_loss":10,"event_name":"The Moai Head","floor":38,"gold_loss":0},{"damage_healed":0,"gold_gain":0,"player_choice":"Fight","damage_taken":0,"max_hp_gain":0,"max_hp_loss":0,"event_name":"Mysterious Sphere","floor":45,"gold_loss":0},{"damage_healed":0,"gold_gain":0,"player_choice":"Memory 1","damage_taken":0,"max_hp_gain":0,"max_hp_loss":0,"event_name":"SensoryStone","floor":48,"gold_loss":0}],"is_beta":false,"boss_relics":[{"not_picked":["Runic Dome","Velvet Choker","Snecko Eye"]},{"not_picked":["Ring of the Serpent","Fusion Hammer"],"picked":"Philosopher\u0027s Stone"}],"items_purged_floors":[12],"is_endless":false,"potions_floor_spawned":[6,11,18,25,27,33,39,42,47],"ascension_level":0}}