{"host":"xobdcpbm4ckypiai","time":1611761114,"event":{"mods":["BaseMod","Conspire","Energized Spire","FoggyMod","Minty Spire (QoL Compilation)","Permanent Neow","Relic Filter Mod","Relic Stats","Reliquary","Replay The Spire","Spicy Shops","StSLib","The Jungle","UnlockEverythingMod","¡¾ÒÅÎï¿¨ÅÆ¡¿REMEMod"],"gold_per_floor":[111,111,111,232,232,268,268,286,286,358,358,433,433,60,60,183,183,207,207,307,323,323,323,356,356,379,204,204,49,49,49,49,180,180,203,536,562,48529,13648,13648,199,199,199,199,199,199,199,53,53,53],"floor_reached":51,"language":"ZHS","playtime":3762,"items_purged":["Strike_G","Strike_G","Shame"],"score":947,"play_id":"0a187ab4-ecc0-4fc4-b3d4-e4f4a5864a0b","local_time":"20210127232514","is_ascension_mode":false,"campfire_choices":[{"floor":11.0,"key":"REST"},{"data":"Malaise","floor":13.0,"key":"SMITH"},{"data":"Replay:Poison Smokescreen","floor":15.0,"key":"SMITH"},{"data":"Distraction","floor":23.0,"key":"SMITH"},{"data":"ReplayTheSpireMod:Scrap Shanks","floor":28.0,"key":"SMITH"},{"floor":32.0,"key":"DIG"},{"floor":40.0,"key":"DIG"},{"floor":49,"key":"DIG"}],"circlet_count":0,"master_deck":["Defend_G+1","Defend_G+1","Defend_G+1","Defend_G+1","Survivor+1","Neutralize+1","Malaise+1","Sneak Up+1","Distraction+1","Well Laid Plans+1","Fluid Movement+1","Backflip+1","Replay:Poison Smokescreen+1","Unload+1","Corpse Explosion+1","Masterful Stab+1","PiercingWail+1","ReplayTheSpireMod:Scrap Shanks+1","Writhe","Adrenaline+1","ReplayTheSpireMod:IOU","ReplayTheSpireMod:Tripwire+1","Escape Plan+1","Discovery+1","REME_ProfessionalPlagiarism+1","Impatience+1"],"relics":["Ring of the Snake","REME_ComplimentaryCards","reliquary:RoseTintedGlasses","Question Card","ReplayTheSpireMod:TigerMarble","Tiny Chest","Lee\u0027s Waffle","Coffee Dripper","theJungle:WildMango","conspire:Dentures","WingedGreaves","Centennial Puzzle","REME_HandOfSuture","theJungle:PaperFaux","Shovel","Bird Faced Urn","conspire:RunicOctahedron","ReplayFunnel","Replay:Wax Seal","Darkstone Periapt","REME_CardOfGreed","Sundial","Turnip","reliquary:PrincelyHelmet","Eternal Feather","Ring of Panic","Mark of the Bloom","Snake Skull","Whetstone"],"acts_visited":["Exordium","Exordium","TheBeyond"],"potions_floor_usage":[50,50],"damage_taken":[{"damage":0.0,"enemies":"conspire:RoseBush","floor":1.0,"turns":4.0},{"damage":34.0,"enemies":"Gremlin Nob","floor":6.0,"turns":7.0},{"damage":0.0,"enemies":"Jaw Worm","floor":8.0,"turns":4.0},{"damage":12.0,"enemies":"Hexaghost","floor":16.0,"turns":13.0},{"damage":0.0,"enemies":"theJungle:MUSHROOMGANG","floor":18.0,"turns":3.0},{"damage":0.0,"enemies":"theJungle:Flameango_and_Byrd","floor":21.0,"turns":6.0},{"damage":67.0,"enemies":"theJungle:2_Phrogs","floor":24.0,"turns":7.0},{"damage":9.0,"enemies":"theJungle:FunGuy","floor":33.0,"turns":12.0},{"damage":3.0,"enemies":"3 Darklings","floor":35.0,"turns":2.0},{"damage":530.0,"enemies":"Orb Walker","floor":39.0,"turns":7.0},{"damage":444.0,"enemies":"2 Orb Walkers","floor":41.0,"turns":8.0},{"damage":66,"enemies":"Awakened One","floor":50,"turns":11}],"seed_played":"-3673970706426588829","potions_obtained":[{"floor":1.0,"key":"BlessingOfTheForge"},{"floor":8.0,"key":"Fruit Juice"},{"floor":16.0,"key":"CunningPotion"},{"floor":18.0,"key":"GamblersBrew"},{"floor":33.0,"key":"CunningPotion"},{"floor":39.0,"key":"REME_GoldPotion"}],"is_trial":false,"path_per_floor":["M","?","?","?","?","E","?","M","T","?","R","?","R","$","R","B",null,"M","?","?","M","T","R","E","?","T","$","R","$","M","M","R","B",null,"M","?","T","$","M","R","?","T","T","?","M","M","M","$","R","B",null],"character_chosen":"THE_SILENT","items_purchased":["ReplayTheSpireMod:TigerMarble","Tiny Chest","Lee\u0027s Waffle","REME_HandOfSuture","Replay:Wax Seal","Darkstone Periapt","REME_CardOfGreed","Snake Skull"],"campfire_rested":1,"item_purchase_floors":[14,14,14,29,38,38,38,48],"current_hp_per_floor":[49,49,54,54,40,6,6,11,11,11,33,22,22,82,82,70,82,82,96,96,96,96,96,29,19,19,19,19,19,19,19,19,72,96,93,93,93,3003,2477,2477,2089,2089,2089,2079,2079,2079,2079,2079,2079,2013],"gold":53,"neow_bonus":"TRANSFORM_TWO_CARDS","is_daily":false,"chose_seed":false,"campfire_upgraded":4,"win_rate":0.0,"timestamp":1611761114,"path_taken":["M","?","?","?","?","E","?","?","T","?","R","?","R","?","R","BOSS","M","?","?","?","?","R","E","?","T","?","R","$","?","?","R","BOSS","M","?","?","?","?","R","?","?","T","?","?","?","?","$","R","BOSS"],"items_purchased_type":["Relic","Relic","Relic","Relic","Relic","Relic","Relic","Relic"],"build_version":"2020-12-22","purchased_purges":3,"victory":true,"max_hp_per_floor":[70,65,70,70,70,70,70,75,75,75,75,75,75,82,82,82,82,82,96,96,96,96,96,96,96,96,96,96,96,96,96,96,96,96,96,96,96,3006,3006,3006,3006,3006,3006,3006,3006,3006,3006,3006,3006,3006],"relic_stats":{"Darkstone Periapt":2910,"Lee\u0027s Waffle":60,"Mark of the Bloom":34,"counters":[12,84],"Eternal Feather":0,"Snake Skull":[45],"Whetstone":[],"Question Card":12,"Centennial Puzzle":[15],"Shovel":3,"Sundial":[4],"Bird Faced Urn":[22],"Tiny Chest":3,"Turnip":[0],"obtain_stats":[{"ReplayFunnel":37,"Darkstone Periapt":38,"Mark of the Bloom":46,"reliquary:PrincelyHelmet":42,"Snake Skull":48,"Whetstone":49,"theJungle:PaperFaux":30,"Centennial Puzzle":26,"Shovel":31,"Sundial":40,"Tiny Chest":14,"reliquary:RoseTintedGlasses":6,"WingedGreaves":24,"theJungle:WildMango":19,"Replay:Wax Seal":38,"Ring of Panic":45,"Ring of the Snake":0,"conspire:Dentures":22,"Lee\u0027s Waffle":14,"Golden Idol":2,"conspire:RunicOctahedron":34,"Eternal Feather":43,"Question Card":9,"Bird Faced Urn":32,"REME_HandOfSuture":29,"Turnip":41,"ReplayTheSpireMod:TigerMarble":14,"Coffee Dripper":17,"REME_CardOfGreed":38,"REME_ComplimentaryCards":0},{"ReplayFunnel":9,"Darkstone Periapt":9,"Mark of the Bloom":11,"reliquary:PrincelyHelmet":11,"Snake Skull":11,"Whetstone":11,"theJungle:PaperFaux":7,"Centennial Puzzle":7,"Shovel":7,"Sundial":10,"Tiny Chest":3,"reliquary:RoseTintedGlasses":2,"WingedGreaves":7,"theJungle:WildMango":5,"Replay:Wax Seal":9,"Ring of Panic":11,"Ring of the Snake":0,"conspire:Dentures":6,"Lee\u0027s Waffle":3,"Golden Idol":1,"conspire:RunicOctahedron":8,"Eternal Feather":11,"Question Card":3,"Bird Faced Urn":7,"REME_HandOfSuture":7,"Turnip":11,"ReplayTheSpireMod:TigerMarble":3,"Coffee Dripper":4,"REME_CardOfGreed":9,"REME_ComplimentaryCards":0},{"ReplayFunnel":58,"Darkstone Periapt":58,"Mark of the Bloom":73,"reliquary:PrincelyHelmet":73,"Snake Skull":73,"Whetstone":73,"theJungle:PaperFaux":44,"Centennial Puzzle":44,"Shovel":44,"Sundial":65,"Tiny Chest":15,"reliquary:RoseTintedGlasses":11,"WingedGreaves":44,"theJungle:WildMango":31,"Replay:Wax Seal":58,"Ring of Panic":73,"Ring of the Snake":0,"conspire:Dentures":37,"Lee\u0027s Waffle":15,"Golden Idol":4,"conspire:RunicOctahedron":56,"Eternal Feather":73,"Question Card":15,"Bird Faced Urn":44,"REME_HandOfSuture":44,"Turnip":73,"ReplayTheSpireMod:TigerMarble":15,"Coffee Dripper":28,"REME_CardOfGreed":58,"REME_ComplimentaryCards":0}],"Ring of the Snake":[24]},"card_choices":[{"not_picked":["Eviscerate","conspire:PoisonWeapons"],"picked":"Well Laid Plans","floor":1.0},{"not_picked":["Deflect","conspire:PoisonWeapons"],"picked":"Fluid Movement","floor":4.0},{"not_picked":["Bane","Slice"],"picked":"Backflip","floor":4.0},{"not_picked":["Dodge and Roll","Dagger Throw"],"picked":"Replay:Poison Smokescreen","floor":4.0},{"not_picked":["Cloak And Dagger","conspire:DoublingDagger"],"picked":"Unload","floor":6.0},{"not_picked":["Deflect","PiercingWail"],"picked":"Masterful Stab","floor":8.0},{"not_picked":["Grand Finale","Storm of Steel","Corpse Explosion"],"picked":"REME_GrazeFinale","floor":16.0},{"not_picked":["Quick Slash","Deadly Poison","conspire:DoublingDagger"],"picked":"PiercingWail","floor":18.0},{"not_picked":["Underhanded Strike","Cloak And Dagger","ReplayTheSpireMod:Exploit Weakness","Finisher"],"picked":"SKIP","floor":21.0},{"not_picked":["Sucker Punch","Poisoned Stab+1","Choke"],"picked":"ReplayTheSpireMod:Scrap Shanks","floor":24.0},{"not_picked":["Corpse Explosion","Unload","Night Terror"],"picked":"Adrenaline","floor":33.0},{"not_picked":["Bane+1","Distraction+1","Dagger Spray","ReplayTheSpireMod:The Works"],"picked":"SKIP","floor":35.0},{"not_picked":["Tactician","Outmaneuver+1","Poisoned Stab"],"picked":"ReplayTheSpireMod:Tripwire+1","floor":39.0},{"not_picked":["Quick Slash+1","Cloak And Dagger+1","Poisoned Stab+1"],"picked":"Escape Plan+1","floor":41.0},{"not_picked":["Enlightenment","Good Instincts","REME_ShortnessOfBreath"],"picked":"Discovery","floor":44.0},{"not_picked":["Madness","Replay:BasicMightCard","Impatience"],"picked":"REME_ProfessionalPlagiarism","floor":44.0},{"not_picked":["Violence","ReplayTheSpireMod:Private Reserves","REME_WheelOfFate"],"picked":"Impatience","floor":44.0}],"player_experience":61488,"relics_obtained":[{"floor":6.0,"key":"reliquary:RoseTintedGlasses"},{"floor":9.0,"key":"Question Card"},{"floor":22.0,"key":"conspire:Dentures"},{"floor":24.0,"key":"WingedGreaves"},{"floor":26.0,"key":"Centennial Puzzle"},{"floor":32.0,"key":"Bird Faced Urn"},{"floor":37.0,"key":"ReplayFunnel"},{"floor":40.0,"key":"Sundial"},{"floor":41.0,"key":"Turnip"},{"floor":42.0,"key":"reliquary:PrincelyHelmet"},{"floor":43.0,"key":"Eternal Feather"},{"floor":45.0,"key":"Ring of Panic"},{"floor":49,"key":"Whetstone"}],"event_choices":[{"damage_healed":0.0,"max_hp_gain":0.0,"max_hp_loss":5.0,"gold_gain":0.0,"event_name":"Golden Idol","player_choice":"Lose Max HP","floor":2.0,"gold_loss":0.0,"damage_taken":0.0,"relics_obtained":["Golden Idol"]},{"damage_healed":0.0,"max_hp_gain":5.0,"max_hp_loss":0.0,"gold_gain":0.0,"event_name":"Big Fish","player_choice":"Donut","floor":3.0,"gold_loss":0.0,"damage_taken":0.0},{"damage_healed":0.0,"max_hp_gain":0.0,"max_hp_loss":0.0,"gold_gain":0.0,"event_name":"Shining Light","player_choice":"Entered Light","floor":5.0,"gold_loss":0.0,"damage_taken":14.0,"cards_upgraded":["Survivor","Defend_G"]},{"damage_healed":0.0,"max_hp_gain":0.0,"max_hp_loss":0.0,"gold_gain":0.0,"cards_transformed":["Strike_G"],"event_name":"Transmorgrifier","player_choice":"Transformed","floor":7.0,"gold_loss":0.0,"damage_taken":0.0,"cards_obtained":["Corpse Explosion"]},{"damage_healed":0.0,"max_hp_gain":0.0,"max_hp_loss":0.0,"gold_gain":72.0,"event_name":"Golden Wing","player_choice":"Gained Gold","floor":10.0,"gold_loss":0.0,"damage_taken":0.0},{"damage_healed":0.0,"max_hp_gain":0.0,"max_hp_loss":0.0,"gold_gain":75.0,"event_name":"World of Goop","player_choice":"Gather Gold","floor":12.0,"gold_loss":0.0,"damage_taken":11.0},{"damage_healed":0.0,"max_hp_gain":0.0,"max_hp_loss":0.0,"gold_gain":100.0,"event_name":"Golden Shrine","player_choice":"Pray","floor":20.0,"gold_loss":0.0,"damage_taken":0.0},{"damage_healed":0.0,"max_hp_gain":0.0,"max_hp_loss":0.0,"gold_gain":333.0,"event_name":"The Moai Head","player_choice":"Gave Idol","floor":36.0,"relics_lost":["Golden Idol"],"gold_loss":0.0,"damage_taken":0.0},{"damage_healed":0.0,"max_hp_gain":0.0,"max_hp_loss":0.0,"gold_gain":0.0,"event_name":"Mysterious Sphere","player_choice":"Fight","floor":41.0,"gold_loss":0.0,"damage_taken":0.0},{"damage_healed":0.0,"max_hp_gain":0.0,"max_hp_loss":0.0,"gold_gain":0.0,"event_name":"SensoryStone","player_choice":"Memory 3","floor":44.0,"gold_loss":0.0,"damage_taken":10.0},{"damage_healed":0.0,"max_hp_gain":0.0,"max_hp_loss":0.0,"gold_gain":0.0,"event_name":"MindBloom","player_choice":"Upgrade","floor":46.0,"gold_loss":0.0,"damage_taken":0.0,"cards_upgraded":["Defend_G","Defend_G","Defend_G","Neutralize","Sneak Up","Well Laid Plans","Fluid Movement","Backflip","Unload","Corpse Explosion","Masterful Stab","REME_GrazeFinale","PiercingWail","Adrenaline","Discovery","REME_ProfessionalPlagiarism","Impatience"],"relics_obtained":["Mark of the Bloom"]},{"cards_removed":["REME_GrazeFinale"],"damage_healed":0,"gold_gain":0,"player_choice":"Removed Attack","damage_taken":0,"max_hp_gain":0,"max_hp_loss":0,"event_name":"Falling","floor":47,"gold_loss":0}],"is_beta":false,"boss_relics":[{"not_picked":["energizedSpire:MagnifyingGlass","Black Star"],"picked":"Coffee Dripper"},{"not_picked":["REME_DemonsWealth","Ring of Chaos"],"picked":"conspire:RunicOctahedron"}],"items_purged_floors":[27,27,38],"is_endless":false,"potions_floor_spawned":[1,8,16,18,33,39],"ascension_level":0}}