{"host":"gobyjzz6xbwq9f9i","time":1611717047,"event":{"mods":["AchievementEnabler","BaseMod","Bestiary","Colored Map","Minty Spire (QoL Compilation)"],"gold_per_floor":[112,125,90,90,101,101,129,129,129,142,158,191,211,242,242,341,341,341,341,341,18,18,18,18,18,18,18,18,18,18,18,18,18,18,18,18,18,18,18,18,18,18,18,18,18,18,18,18,18,18],"floor_reached":51,"language":"ENG","playtime":3324,"items_purged":["Strike_R"],"score":1152,"play_id":"0a9ea56c-a118-4b4a-9a06-da85c1c8556e","local_time":"20210126191047","is_ascension_mode":true,"campfire_choices":[{"data":"Bludgeon","floor":6.0,"key":"SMITH"},{"data":"Bash","floor":8.0,"key":"SMITH"},{"data":"Metallicize","floor":15.0,"key":"SMITH"},{"data":"Flex","floor":23.0,"key":"SMITH"},{"data":"True Grit","floor":32.0,"key":"SMITH"},{"data":"Flame Barrier","floor":40,"key":"SMITH"},{"data":"1","floor":47,"key":"LIFT"},{"data":"Metallicize","floor":49,"key":"SMITH"}],"circlet_count":0,"master_deck":["AscendersBane","Strike_R","Strike_R","Strike_R","Defend_R","Defend_R","Defend_R","Bash+1","Pommel Strike","Flex+1","Bludgeon+1","Headbutt","Reckless Charge","Cleave","Metallicize+1","Metallicize+1","Feel No Pain","Impervious","Flame Barrier+1","Blind","Flame Barrier+1","True Grit+1","Clothesline+1","Shrug It Off+1","Offering+1","Dark Embrace","Panacea+1","Disarm+1","Offering+1","Shrug It Off+1","Spot Weakness+1"],"relics":["Burning Blood","Mercury Hourglass","Toy Ornithopter","Bronze Scales","Anchor","Ectoplasm","Lantern","Calipers","Toxic Egg 2","Snecko Eye","Girya","Pen Nib","Blood Vial","Regal Pillow"],"acts_visited":["Exordium","TheCity","TheBeyond"],"potions_floor_usage":[33,44,45,50],"damage_taken":[{"damage":15.0,"enemies":"Jaw Worm","floor":1.0,"turns":6.0},{"damage":7.0,"enemies":"Small Slimes","floor":2.0,"turns":3.0},{"damage":3.0,"enemies":"Cultist","floor":5.0,"turns":3.0},{"damage":22.0,"enemies":"Lagavulin","floor":7.0,"turns":6.0},{"damage":6.0,"enemies":"Exordium Thugs","floor":10.0,"turns":2.0},{"damage":2.0,"enemies":"2 Fungi Beasts","floor":11.0,"turns":2.0},{"damage":9.0,"enemies":"Gremlin Nob","floor":12.0,"turns":3.0},{"damage":15.0,"enemies":"Large Slime","floor":13.0,"turns":2.0},{"damage":20.0,"enemies":"Lagavulin","floor":14.0,"turns":6.0},{"damage":23.0,"enemies":"Hexaghost","floor":16.0,"turns":8.0},{"damage":0.0,"enemies":"Chosen","floor":18.0,"turns":3.0},{"damage":6.0,"enemies":"Spheric Guardian","floor":19.0,"turns":3.0},{"damage":0.0,"enemies":"Cultist and Chosen","floor":22.0,"turns":8.0},{"damage":11.0,"enemies":"Book of Stabbing","floor":24.0,"turns":5.0},{"damage":0.0,"enemies":"Snecko","floor":25.0,"turns":4.0},{"damage":0.0,"enemies":"Snake Plant","floor":29.0,"turns":2.0},{"damage":0.0,"enemies":"Cultist and Chosen","floor":30.0,"turns":6.0},{"damage":1.0,"enemies":"Shelled Parasite and Fungi","floor":31.0,"turns":4.0},{"damage":19,"enemies":"Champ","floor":33,"turns":13},{"damage":0,"enemies":"Orb Walker","floor":35,"turns":3},{"damage":5,"enemies":"3 Shapes","floor":39,"turns":4},{"damage":6,"enemies":"Maw","floor":41,"turns":7},{"damage":6,"enemies":"Mind Bloom Boss Battle","floor":42,"turns":5},{"damage":9,"enemies":"Reptomancer","floor":44,"turns":7},{"damage":10,"enemies":"Writhing Mass","floor":45,"turns":8},{"damage":8,"enemies":"Jaw Worm Horde","floor":46,"turns":6},{"damage":6,"enemies":"Nemesis","floor":48,"turns":5},{"damage":23,"enemies":"Time Eater","floor":50,"turns":10}],"seed_played":"4019566370832961056","potions_obtained":[{"floor":2.0,"key":"DistilledChaos"},{"floor":5.0,"key":"Block Potion"},{"floor":7.0,"key":"Fruit Juice"},{"floor":13.0,"key":"Swift Potion"},{"floor":14.0,"key":"SneckoOil"},{"floor":16.0,"key":"Strength Potion"},{"floor":19.0,"key":"PowerPotion"},{"floor":25.0,"key":"Fire Potion"},{"floor":31.0,"key":"Block Potion"},{"floor":39,"key":"Fire Potion"},{"floor":44,"key":"ColorlessPotion"},{"floor":48,"key":"Block Potion"}],"is_trial":false,"path_per_floor":["M","M","?","?","M","R","E","R","T","M","M","E","M","E","R","B",null,"M","M","?","$","M","R","E","M","T","$","$","M","M","M","R","B",null,"M","?","?","?","M","R","M","?","T","E","M","M","R","E","R","B",null],"character_chosen":"IRONCLAD","items_purchased":["Lantern","Blind"],"campfire_rested":0,"item_purchase_floors":[21,21],"current_hp_per_floor":[42,41,61,61,64,64,48,48,48,48,52,49,40,26,26,19,69,75,75,75,75,81,81,76,82,82,82,82,85,85,85,85,72,82,85,85,81,81,81,81,81,81,81,78,81,79,79,81,81,69],"gold":18,"neow_bonus":"REMOVE_TWO","is_daily":false,"chose_seed":false,"campfire_upgraded":7,"win_rate":0.0,"timestamp":1611717047,"path_taken":["M","M","?","?","M","R","E","R","T","M","?","E","M","E","R","BOSS","M","M","?","$","M","R","E","M","T","?","$","M","M","M","R","BOSS","M","?","?","?","?","R","M","?","T","E","M","M","R","E","R","BOSS"],"items_purchased_type":["Relic","Card"],"build_version":"2020-12-22","purchased_purges":1,"victory":true,"max_hp_per_floor":[80,80,80,80,80,80,80,80,80,80,80,80,80,80,80,85,85,85,85,85,85,85,85,85,85,85,85,85,85,85,85,85,85,85,85,85,81,81,81,81,81,81,81,81,81,81,81,81,81,81],"card_choices":[{"not_picked":["Thunderclap","Intimidate"],"picked":"Pommel Strike","floor":1.0},{"not_picked":["Seeing Red","Heavy Blade"],"picked":"Flex","floor":2.0},{"not_picked":["Cleave","Anger"],"picked":"Bludgeon","floor":5.0},{"not_picked":["Anger","Havoc"],"picked":"Headbutt","floor":7.0},{"not_picked":["Intimidate","Clash"],"picked":"Reckless Charge","floor":10.0},{"not_picked":["Rupture","Havoc"],"picked":"Cleave","floor":11.0},{"not_picked":["Clash","Dark Embrace"],"picked":"Metallicize","floor":12.0},{"not_picked":["Shockwave","Carnage"],"picked":"Metallicize","floor":13.0},{"not_picked":["Heavy Blade","Pommel Strike"],"picked":"Feel No Pain","floor":14.0},{"not_picked":["Bludgeon","Exhume"],"picked":"Impervious","floor":16.0},{"not_picked":["Pummel+1","Perfected Strike"],"picked":"Flame Barrier+1","floor":18.0},{"not_picked":["Cleave","Sword Boomerang","Dropkick"],"picked":"SKIP","floor":19.0},{"not_picked":["Wild Strike","Perfected Strike","Flex"],"picked":"SKIP","floor":22.0},{"not_picked":["Body Slam","Iron Wave+1"],"picked":"Flame Barrier","floor":24.0},{"not_picked":["Wild Strike","Brutality"],"picked":"True Grit","floor":25.0},{"not_picked":["Clash","Barricade"],"picked":"Clothesline+1","floor":29.0},{"not_picked":["Perfected Strike","Uppercut"],"picked":"Shrug It Off+1","floor":30.0},{"not_picked":["Clash","Second Wind+1","Flex+1"],"picked":"SKIP","floor":31.0},{"not_picked":["Barricade","Immolate"],"picked":"Offering+1","floor":33},{"not_picked":["Clothesline","Armaments+1"],"picked":"Dark Embrace","floor":35},{"not_picked":["Enlightenment+1","Blind+1"],"picked":"Panacea+1","floor":36},{"not_picked":["Wild Strike+1","Sword Boomerang","Thunderclap+1"],"picked":"SKIP","floor":39},{"not_picked":["Pommel Strike","Clothesline+1"],"picked":"Disarm+1","floor":41},{"not_picked":["Sever Soul+1","Twin Strike+1"],"picked":"Offering+1","floor":44},{"not_picked":["Iron Wave","Armaments+1","Clothesline+1"],"picked":"SKIP","floor":45},{"not_picked":["Clash","Bloodletting+1"],"picked":"Shrug It Off+1","floor":46},{"not_picked":["Sentinel+1","Infernal Blade+1"],"picked":"Spot Weakness+1","floor":48}],"player_experience":1174842,"relics_obtained":[{"floor":7.0,"key":"Mercury Hourglass"},{"floor":9.0,"key":"Toy Ornithopter"},{"floor":12.0,"key":"Bronze Scales"},{"floor":14.0,"key":"Anchor"},{"floor":24.0,"key":"Calipers"},{"floor":26.0,"key":"Toxic Egg 2"},{"floor":42,"key":"Girya"},{"floor":43,"key":"Pen Nib"},{"floor":44,"key":"Blood Vial"},{"floor":48,"key":"Regal Pillow"}],"event_choices":[{"damage_healed":20.0,"max_hp_gain":0.0,"max_hp_loss":0.0,"gold_gain":0.0,"event_name":"The Cleric","player_choice":"Healed","floor":3.0,"gold_loss":35.0,"damage_taken":0.0},{"damage_healed":0.0,"max_hp_gain":0.0,"max_hp_loss":0.0,"gold_gain":0.0,"event_name":"Wheel of Change","player_choice":"Cursed","floor":4.0,"gold_loss":0.0,"damage_taken":0.0,"cards_obtained":["Decay"]},{"cards_removed":["Decay"],"damage_healed":0.0,"max_hp_gain":0.0,"max_hp_loss":0.0,"gold_gain":0.0,"event_name":"Purifier","player_choice":"Purged","floor":20.0,"gold_loss":0.0,"damage_taken":0.0},{"damage_healed":0,"gold_gain":0,"player_choice":"Memory 1","damage_taken":0,"max_hp_gain":0,"max_hp_loss":0,"event_name":"SensoryStone","floor":36,"gold_loss":0},{"damage_healed":0,"gold_gain":0,"player_choice":"Max HP","damage_taken":0,"max_hp_gain":0,"max_hp_loss":4,"event_name":"Winding Halls","floor":37,"gold_loss":0},{"damage_healed":0,"gold_gain":0,"player_choice":"Ignored","damage_taken":0,"max_hp_gain":0,"max_hp_loss":0,"event_name":"Mysterious Sphere","floor":38,"gold_loss":0},{"damage_healed":0,"gold_gain":0,"player_choice":"Fight","damage_taken":0,"max_hp_gain":0,"max_hp_loss":0,"event_name":"MindBloom","floor":42,"gold_loss":0}],"is_beta":false,"boss_relics":[{"not_picked":["SlaversCollar","Black Star"],"picked":"Ectoplasm"},{"not_picked":["Sozu","Fusion Hammer"],"picked":"Snecko Eye"}],"items_purged_floors":[21],"is_endless":false,"potions_floor_spawned":[2,5,7,13,14,16,19,22,25,31,39,42,44,48],"ascension_level":10}}