{"host":"rj1j8apb2x4vafcu","time":1611707458,"event":{"mods":["AchievementEnabler","Act Like it!","BaseMod","Colored Map","Colored Powertips","Minty Spire (QoL Compilation)","Rare Cards Sparkle","StSLib"],"gold_per_floor":[110,121,121,133,147,173,173,193,248,248,30,46,60,72,72,175,175,187,187,187],"floor_reached":19,"language":"ENG","playtime":1344,"items_purged":["Strike_B"],"score":173,"play_id":"e4463e68-3008-41eb-bb9d-c8d0fd6228e8","local_time":"20210126223058","is_ascension_mode":false,"campfire_choices":[{"floor":7,"key":"REST"},{"floor":10,"key":"REST"},{"floor":15,"key":"REST"}],"circlet_count":0,"master_deck":["Strike_B","Strike_B","Strike_B","Defend_B","Defend_B","Defend_B","Defend_B","Zap","Dualcast","Go for the Eyes","Defragment","Beam Cell","Fusion","Barrage","Consume","Redo","Self Repair","Creative AI","Echo Form","Streamline","Go for the Eyes","Electrodynamics","Gash"],"relics":["Nuclear Battery","Dream Catcher","PreservedInsect","Busted Crown"],"acts_visited":["Exordium","TheCity"],"potions_floor_usage":[6,6,12,16,19],"damage_taken":[{"damage":6,"enemies":"Jaw Worm","floor":1,"turns":4},{"damage":0,"enemies":"Cultist","floor":2,"turns":4},{"damage":3,"enemies":"2 Louse","floor":4,"turns":3},{"damage":13,"enemies":"Lots of Slimes","floor":5,"turns":4},{"damage":44,"enemies":"Gremlin Nob","floor":6,"turns":6},{"damage":9,"enemies":"2 Fungi Beasts","floor":8,"turns":5},{"damage":12,"enemies":"Exordium Wildlife","floor":12,"turns":4},{"damage":21,"enemies":"Lots of Slimes","floor":13,"turns":5},{"damage":15,"enemies":"2 Fungi Beasts","floor":14,"turns":4},{"damage":45,"enemies":"The Guardian","floor":16,"turns":10},{"damage":22,"enemies":"Spheric Guardian","floor":18,"turns":4},{"damage":54,"enemies":"Masked Bandits","floor":19,"turns":3}],"seed_played":"171474833754833020","potions_obtained":[{"floor":4,"key":"Weak Potion"},{"floor":5,"key":"ColorlessPotion"},{"floor":6,"key":"GamblersBrew"},{"floor":8,"key":"SmokeBomb"},{"floor":14,"key":"Regen Potion"},{"floor":18,"key":"BlessingOfTheForge"}],"is_trial":false,"path_per_floor":["M","M","?","M","M","E","R","M","T","R","$","M","M","M","R","B",null,"M","?"],"character_chosen":"DEFECT","items_purchased":["Creative AI"],"campfire_rested":3,"item_purchase_floors":[11],"current_hp_per_floor":[69,69,69,66,53,9,31,22,22,44,44,39,25,17,39,16,75,53,0,0],"gold":187,"neow_bonus":"BOSS_RELIC","is_daily":false,"chose_seed":false,"campfire_upgraded":0,"win_rate":0.0,"timestamp":1611707458,"path_taken":["M","M","?","?","M","E","R","M","T","R","$","M","M","M","R","BOSS","M","?"],"items_purchased_type":["Card"],"build_version":"2020-12-22","purchased_purges":1,"victory":false,"max_hp_per_floor":[75,75,75,75,75,75,75,75,75,75,75,75,75,75,75,75,75,75,75,75],"card_choices":[{"not_picked":["Hologram","Leap"],"picked":"Go for the Eyes","floor":1},{"not_picked":["Go for the Eyes","FTL"],"picked":"Defragment","floor":2},{"not_picked":["Ball Lightning","Go for the Eyes"],"picked":"Beam Cell","floor":4},{"not_picked":["Consume","Tempest"],"picked":"Fusion","floor":5},{"not_picked":["Beam Cell","Compile Driver"],"picked":"Barrage","floor":6},{"not_picked":["Redo","Melter"],"picked":"Consume","floor":7},{"not_picked":["Ball Lightning","Coolheaded"],"picked":"Redo","floor":8},{"not_picked":["Storm","Undo"],"picked":"Self Repair","floor":10},{"not_picked":["Reprogram","Hologram","Sunder"],"picked":"SKIP","floor":12},{"not_picked":["Leap","Streamline"],"picked":"Echo Form","floor":13},{"not_picked":["Cold Snap","Lockon"],"picked":"Streamline","floor":14},{"not_picked":["Storm","Chill"],"picked":"Go for the Eyes","floor":15},{"not_picked":["Creative AI","Amplify"],"picked":"Electrodynamics","floor":16},{"not_picked":[],"picked":"Gash","floor":18}],"player_experience":135109,"relics_obtained":[{"floor":6,"key":"Dream Catcher"},{"floor":9,"key":"PreservedInsect"}],"event_choices":[{"damage_healed":0,"gold_gain":0,"player_choice":"Ignored","damage_taken":0,"max_hp_gain":0,"max_hp_loss":0,"event_name":"NoteForYourself","floor":3,"gold_loss":0},{"damage_healed":0,"gold_gain":0,"player_choice":"Fought Bandits","damage_taken":0,"max_hp_gain":0,"max_hp_loss":0,"event_name":"Masked Bandits","floor":19,"gold_loss":0}],"is_beta":false,"boss_relics":[{"not_picked":["Runic Dome","Empty Cage"],"picked":"Busted Crown"}],"items_purged_floors":[11],"is_endless":false,"potions_floor_spawned":[4,5,6,8,14,18],"killed_by":"Masked Bandits","ascension_level":0}}