{"host":"y89x8uui45kcjy42","time":1611741977,"event":{"mods":["2.2 Compatiblity","BaseMod","CapriCore","Colored Map","Colored Powertips","Custom Start","Friendly Minions","Keyboard Shortcuts","Minty Spire (QoL Compilation)","Relic Stats","Replay The Spire","Slay the Relics Exporter","StSLib","SuperFastMode","Uncapped"],"gold_per_floor":[113,125,125,143,159,159,159,159,207,207,241,279,315,1,1,1,1],"floor_reached":16,"language":"KOR","playtime":646,"items_purged":[],"score":236,"play_id":"804ee54d-242c-4e5e-be82-8365c3f7fbe6","local_time":"20210127190617","is_ascension_mode":true,"campfire_choices":[{"data":"Eruption","floor":6,"key":"SMITH"},{"data":"Replay:AtTheReady","floor":7,"key":"SMITH"},{"data":"Study","floor":8,"key":"SMITH"},{"data":"Vigilance","floor":10,"key":"SMITH"},{"data":"Vault","floor":15,"key":"SMITH"}],"circlet_count":0,"master_deck":["Strike_P","Strike_P","Strike_P","Defend_P","Defend_P","Defend_P","Eruption+1","Vigilance+1","Replay:AtTheReady+1","Study+1","InnerPeace","Vault+1","Scrawl","FearNoEvil","Flash of Steel","Adaptation"],"relics":["Sozu","Golden Idol","Lantern","Divine Protection","Mummified Hand","Question Card","Orrery"],"acts_visited":["Exordium"],"potions_floor_usage":[],"damage_taken":[{"damage":2,"enemies":"Jaw Worm","floor":1,"turns":3},{"damage":0,"enemies":"2 Louse","floor":2,"turns":3},{"damage":2,"enemies":"Cultist","floor":4,"turns":3},{"damage":1,"enemies":"Looter","floor":5,"turns":3},{"damage":22,"enemies":"Gremlin Nob","floor":11,"turns":3},{"damage":7,"enemies":"3 Sentries","floor":12,"turns":11},{"damage":27,"enemies":"Replay:BlueRogue","floor":13,"turns":6},{"damage":0,"enemies":"Slime Boss","floor":16,"turns":4}],"seed_played":"7982255838927256158","potions_obtained":[],"is_trial":false,"path_per_floor":["M","M","?","M","M","R","R","R","T","R","E","E","E","$","R","B"],"character_chosen":"WATCHER","items_purchased":["Orrery","Flash of Steel","Adaptation"],"campfire_rested":0,"item_purchase_floors":[14,14,14],"current_hp_per_floor":[59,59,36,34,33,33,33,33,33,33,11,61,34,34,34,34,34],"gold":1,"neow_bonus":"BOSS_RELIC","is_daily":false,"chose_seed":false,"campfire_upgraded":5,"win_rate":0.0,"timestamp":1611741977,"path_taken":["M","M","?","M","M","R","R","R","T","R","E","E","E","$","R","BOSS"],"items_purchased_type":["Relic","Card","Card"],"build_version":"2020-12-22","purchased_purges":0,"victory":false,"max_hp_per_floor":[68,68,68,68,68,68,68,68,68,68,68,68,68,68,68,68,68],"relic_stats":{"Sozu":3,"counters":[8,36],"Golden Idol":29,"Mummified Hand":[3],"Question Card":5,"obtain_stats":[{"Sozu":0,"Divine Protection":11,"Lantern":9,"Golden Idol":3,"Mummified Hand":12,"Orrery":14,"WingedGreaves":6,"PureWater":0,"Question Card":13},{"Sozu":0,"Divine Protection":5,"Lantern":4,"Golden Idol":2,"Mummified Hand":6,"Orrery":7,"WingedGreaves":4,"PureWater":0,"Question Card":7},{"Sozu":0,"Divine Protection":15,"Lantern":12,"Golden Idol":6,"Mummified Hand":26,"Orrery":32,"WingedGreaves":12,"PureWater":0,"Question Card":32}]},"card_choices":[{"not_picked":["Halt","Crescendo","Prostrate"],"picked":"SKIP","floor":1},{"not_picked":["Judgement","Replay:Cycle"],"picked":"Replay:AtTheReady","floor":2},{"not_picked":["JustLucky","Replay:BluntJabs","FlurryOfBlows"],"picked":"SKIP","floor":4},{"not_picked":["ReachHeaven","Evaluate"],"picked":"Study","floor":5},{"not_picked":["BattleHymn","FlyingSleeves"],"picked":"InnerPeace","floor":11},{"not_picked":["WaveOfTheHand","LessonLearned","Halt"],"picked":"SKIP","floor":12},{"not_picked":["Replay:Vibes","Scrawl"],"picked":"Vault","floor":13},{"not_picked":["Prostrate","CutThroughFate","Replay:AtTheReady"],"picked":"Scrawl","floor":14},{"not_picked":["ConjureBlade","SandsOfTime","Fasting2"],"picked":"FearNoEvil","floor":14}],"player_experience":665495,"relics_obtained":[{"floor":9,"key":"Lantern"},{"floor":11,"key":"Divine Protection"},{"floor":12,"key":"Mummified Hand"},{"floor":13,"key":"Question Card"}],"event_choices":[{"damage_healed":0,"gold_gain":0,"player_choice":"Take Damage","damage_taken":23,"relics_obtained":["Golden Idol"],"max_hp_gain":0,"max_hp_loss":0,"event_name":"Golden Idol","floor":3,"gold_loss":0}],"is_beta":false,"boss_relics":[],"items_purged_floors":[],"is_endless":false,"potions_floor_spawned":[5,12,13],"killed_by":"Slime Boss","ascension_level":20}}