{"host":"rolltorest","time":1611790282,"event":{"mods":["BaseMod","Jorbs\u0027s Wanderer Trilogy","Koishi","Minty Spire (QoL Compilation)","Relic Stats","Robot Space Explorer","Slay the Relics Exporter","StSLib","The Servant 0.9.4"],"gold_per_floor":[14,14,14,28,28,28,53,89,89,89,130,48,81,99,99,194,194,210,235,235,50,69,69,100,100,100,100,100,10,37,52,52,127,127,138,188,27,27,77,110,110,41,41,41,41],"floor_reached":44,"language":"ENG","playtime":1402,"items_purged":["Pain","stsjorbsmod:Strike_Wanderer+1"],"score":1026,"play_id":"309203b8-77e7-4a7c-9f21-9bacced5db06","local_time":"20210127153122","is_ascension_mode":true,"campfire_choices":[{"data":"stsjorbsmod:TrueStrike","floor":6,"key":"SMITH"},{"floor":10,"key":"REST"},{"floor":15,"key":"REST"},{"floor":23,"key":"REST"},{"floor":25,"key":"REST"},{"floor":28,"key":"REST"},{"floor":32,"key":"REST"},{"floor":41,"key":"REST"}],"circlet_count":0,"master_deck":["AscendersBane","stsjorbsmod:ForbiddenGrimoire+1","stsjorbsmod:Strike_Wanderer+1","stsjorbsmod:Strike_Wanderer+1","stsjorbsmod:Defend_Wanderer+1","stsjorbsmod:Defend_Wanderer+1","stsjorbsmod:Defend_Wanderer+1","stsjorbsmod:Defend_Wanderer+1","stsjorbsmod:FreshAdventure","stsjorbsmod:EyeOfTheStorm","The Bomb+1","stsjorbsmod:TrueStrike+1","stsjorbsmod:LocateObject","stsjorbsmod:BurningFlask","stsjorbsmod:Counterspell+1","stsjorbsmod:FaerieFire+1","stsjorbsmod:FracturedMind","stsjorbsmod:Index+1","stsjorbsmod:Inferno+1","stsjorbsmod:BurningFlask+1","stsjorbsmod:Fireball","stsjorbsmod:MirrorImage+1","stsjorbsmod:Firebolt+1","stsjorbsmod:Hibernate+1","stsjorbsmod:FlameWard+1","Enlightenment+1","stsjorbsmod:MageArmor+1","stsjorbsmod:Pyromancy","stsjorbsmod:HoldMonster+1","stsjorbsmod:WanderingMind+1","stsjorbsmod:MageArmor+1","Normality"],"relics":["stsjorbsmod:GrimoireRelic","Bloody Idol","WarpedTongs","Darkstone Periapt","Toxic Egg 2","Juzu Bracelet","Dream Catcher","Gremlin Horn","Snecko Eye","Akabeko","Bottled Flame","stsjorbsmod:BottledMemoryRelic","Cursed Key","TungstenRod","Membership Card","Gambling Chip"],"acts_visited":["Exordium","TheCity","TheBeyond"],"potions_floor_usage":[11,13,27],"damage_taken":[{"damage":9,"enemies":"Jaw Worm","floor":1,"turns":4},{"damage":5,"enemies":"Small Slimes","floor":4,"turns":3},{"damage":1,"enemies":"Cultist","floor":7,"turns":3},{"damage":30,"enemies":"Lagavulin","floor":8,"turns":7},{"damage":10,"enemies":"Gremlin Nob","floor":11,"turns":3},{"damage":18,"enemies":"3 Sentries","floor":13,"turns":4},{"damage":0,"enemies":"Exordium Thugs","floor":14,"turns":4},{"damage":23,"enemies":"The Guardian","floor":16,"turns":10},{"damage":1,"enemies":"Chosen","floor":18,"turns":3},{"damage":2,"enemies":"Spheric Guardian","floor":19,"turns":1},{"damage":31,"enemies":"Shelled Parasite and Fungi","floor":22,"turns":4},{"damage":21,"enemies":"Gremlin Leader","floor":24,"turns":6},{"damage":23,"enemies":"Slavers","floor":30,"turns":3},{"damage":0,"enemies":"Snake Plant","floor":31,"turns":3},{"damage":10,"enemies":"Collector","floor":33,"turns":8},{"damage":0,"enemies":"Orb Walker","floor":35,"turns":2},{"damage":0,"enemies":"2 Orb Walkers","floor":36,"turns":3},{"damage":29,"enemies":"Giant Head","floor":40,"turns":8},{"damage":57,"enemies":"Reptomancer","floor":44,"turns":4}],"seed_played":"1558868612242715938","potions_obtained":[{"floor":1,"key":"Regen Potion"},{"floor":7,"key":"AttackPotion"},{"floor":14,"key":"stsjorbsmod:LiquidClarity"},{"floor":18,"key":"SmokeBomb"},{"floor":31,"key":"stsjorbsmod:LiquidVirtue"}],"is_trial":false,"path_per_floor":["M","?","?","M","T","R","M","E","T","R","E","$","E","M","R","B",null,"M","M","?","$","M","R","E","R","T","?","R","$","E","M","R","B",null,"M","?","$","?","?","E","R","$","T","E"],"character_chosen":"WANDERER","items_purchased":["stsjorbsmod:FracturedMind","stsjorbsmod:Index+1","stsjorbsmod:DimensionDoorPotion","Enlightenment+1","Membership Card","stsjorbsmod:MageArmor+1"],"campfire_rested":7,"item_purchase_floors":[12,12,21,29,37,42],"current_hp_per_floor":[51,51,51,47,47,47,47,17,17,34,24,24,21,22,39,16,48,47,46,46,46,15,32,12,29,29,29,46,46,29,35,52,47,55,58,58,58,58,58,34,51,51,57,0,0],"gold":41,"neow_bonus":"RANDOM_COLORLESS_2","is_daily":false,"chose_seed":false,"campfire_upgraded":1,"win_rate":0.0,"timestamp":1611790282,"path_taken":["M","?","?","?","?","R","M","E","T","R","E","$","E","M","R","BOSS","M","M","?","$","M","R","E","R","T","?","R","?","E","M","R","BOSS","M","?","$","?","?","E","R","$","T","E"],"items_purchased_type":["Card","Card","Potion","Card","Relic","Card"],"build_version":"2020-12-18","purchased_purges":2,"victory":false,"max_hp_per_floor":[64,58,58,58,58,58,58,58,58,58,58,58,58,58,58,58,58,58,58,58,58,58,58,58,58,58,58,58,58,58,58,58,58,58,58,58,58,58,58,58,58,58,64,64,64],"relic_stats":{"Darkstone Periapt":6,"Dream Catcher":6,"Gremlin Horn":[17,17],"counters":[19,83],"Bloody Idol":22,"Gambling Chip":[2],"Snecko Eye":[83,73,104,89],"Juzu Bracelet":1,"Cursed Key":1,"obtain_stats":[{"Darkstone Periapt":5,"stsjorbsmod:BottledMemoryRelic":30,"Gremlin Horn":13,"Golden Idol":2,"stsjorbsmod:GrimoireRelic":0,"Juzu Bracelet":9,"Cursed Key":34,"Akabeko":24,"WarpedTongs":3,"Dream Catcher":11,"Bottled Flame":26,"Bloody Idol":27,"Gambling Chip":40,"Snecko Eye":17,"Membership Card":37,"Toxic Egg 2":8,"TungstenRod":36},{"Darkstone Periapt":2,"stsjorbsmod:BottledMemoryRelic":13,"Gremlin Horn":6,"Golden Idol":1,"stsjorbsmod:GrimoireRelic":0,"Juzu Bracelet":4,"Cursed Key":15,"Akabeko":12,"WarpedTongs":1,"Dream Catcher":5,"Bottled Flame":12,"Bloody Idol":12,"Gambling Chip":18,"Snecko Eye":8,"Membership Card":17,"Toxic Egg 2":4,"TungstenRod":17},{"Darkstone Periapt":7,"stsjorbsmod:BottledMemoryRelic":55,"Gremlin Horn":24,"Golden Idol":4,"stsjorbsmod:GrimoireRelic":0,"Juzu Bracelet":17,"Cursed Key":66,"Akabeko":52,"WarpedTongs":4,"Dream Catcher":20,"Bottled Flame":52,"Bloody Idol":52,"Gambling Chip":79,"Snecko Eye":38,"Membership Card":71,"Toxic Egg 2":17,"TungstenRod":71}],"TungstenRod":6,"WarpedTongs":[71]},"card_choices":[{"not_picked":["Thinking Ahead","Secret Technique"],"picked":"The Bomb","floor":0},{"not_picked":["stsjorbsmod:ParryingBlow","stsjorbsmod:BlackTentacles"],"picked":"stsjorbsmod:TrueStrike","floor":1},{"not_picked":["stsjorbsmod:MagicMirror","stsjorbsmod:Materialize"],"picked":"stsjorbsmod:LocateObject","floor":4},{"not_picked":["stsjorbsmod:Channel","stsjorbsmod:ChainLightning"],"picked":"stsjorbsmod:BurningFlask","floor":7},{"not_picked":["stsjorbsmod:LoseGrip+1","stsjorbsmod:WeightOfMemory"],"picked":"stsjorbsmod:Counterspell+1","floor":8},{"not_picked":["stsjorbsmod:Channel+1","stsjorbsmod:Hibernate+1"],"picked":"stsjorbsmod:FaerieFire+1","floor":11},{"not_picked":["stsjorbsmod:FracturedMind","stsjorbsmod:Mending+1"],"picked":"stsjorbsmod:Inferno+1","floor":13},{"not_picked":["stsjorbsmod:OldPocket+1","stsjorbsmod:Rest+1"],"picked":"stsjorbsmod:BurningFlask+1","floor":14},{"not_picked":["stsjorbsmod:Mindworm","stsjorbsmod:Index+1"],"picked":"stsjorbsmod:Fireball","floor":15},{"not_picked":["stsjorbsmod:SiphonEnergy+1","stsjorbsmod:ArcaneForm"],"picked":"stsjorbsmod:MirrorImage+1","floor":16},{"not_picked":["stsjorbsmod:ParryingBlow","stsjorbsmod:UnseenServant+1","stsjorbsmod:ChainLightning"],"picked":"SKIP","floor":18},{"not_picked":["stsjorbsmod:Inferno+1","stsjorbsmod:BlackTentacles"],"picked":"stsjorbsmod:Firebolt+1","floor":19},{"not_picked":["stsjorbsmod:MistyStep+1","stsjorbsmod:FindFamiliar"],"picked":"stsjorbsmod:Hibernate+1","floor":22},{"not_picked":["stsjorbsmod:TinyHut","stsjorbsmod:DoubleCheck+1"],"picked":"stsjorbsmod:FlameWard+1","floor":23},{"not_picked":["stsjorbsmod:BookOfTongues","stsjorbsmod:RayOfFrost+1","stsjorbsmod:BurningFlask+1"],"picked":"SKIP","floor":24},{"not_picked":["stsjorbsmod:Prepare+1","stsjorbsmod:Prestidigitation"],"picked":"stsjorbsmod:MageArmor+1","floor":30},{"not_picked":["stsjorbsmod:Mania","stsjorbsmod:SchoolsOfMagic+1"],"picked":"stsjorbsmod:Pyromancy","floor":31},{"not_picked":["stsjorbsmod:PurgeMind","stsjorbsmod:Feast+1"],"picked":"stsjorbsmod:HoldMonster+1","floor":33},{"not_picked":["stsjorbsmod:UnseenServant+1","stsjorbsmod:Will+1"],"picked":"stsjorbsmod:WanderingMind+1","floor":35},{"not_picked":["stsjorbsmod:MagicMirror","stsjorbsmod:Inferno+1","stsjorbsmod:BlackTentacles"],"picked":"SKIP","floor":40}],"player_experience":2252889,"relics_obtained":[{"floor":5,"key":"Darkstone Periapt"},{"floor":8,"key":"Toxic Egg 2"},{"floor":9,"key":"Juzu Bracelet"},{"floor":11,"key":"Dream Catcher"},{"floor":13,"key":"Gremlin Horn"},{"floor":24,"key":"Akabeko"},{"floor":26,"key":"Bottled Flame"},{"floor":30,"key":"stsjorbsmod:BottledMemoryRelic"},{"floor":36,"key":"TungstenRod"},{"floor":40,"key":"Gambling Chip"}],"event_choices":[{"damage_healed":0,"gold_gain":0,"player_choice":"Lose Max HP","damage_taken":0,"relics_obtained":["Golden Idol"],"max_hp_gain":0,"max_hp_loss":6,"event_name":"Golden Idol","floor":2,"gold_loss":0},{"damage_healed":0,"gold_gain":0,"player_choice":"Rummage","damage_taken":0,"relics_obtained":["WarpedTongs"],"max_hp_gain":0,"max_hp_loss":0,"event_name":"Accursed Blacksmith","floor":3,"gold_loss":0,"cards_obtained":["Pain"]},{"damage_healed":0,"gold_gain":0,"player_choice":"Simplicity","damage_taken":0,"max_hp_gain":0,"max_hp_loss":0,"event_name":"Back to Basics","floor":20,"gold_loss":0,"cards_upgraded":["stsjorbsmod:Strike_Wanderer","stsjorbsmod:Strike_Wanderer","stsjorbsmod:Strike_Wanderer","stsjorbsmod:Strike_Wanderer","stsjorbsmod:Defend_Wanderer","stsjorbsmod:Defend_Wanderer","stsjorbsmod:Defend_Wanderer","stsjorbsmod:Defend_Wanderer"]},{"damage_healed":0,"gold_gain":0,"player_choice":"Gave Idol","damage_taken":0,"relics_obtained":["Bloody Idol"],"max_hp_gain":0,"max_hp_loss":0,"event_name":"Forgotten Altar","floor":27,"relics_lost":["Golden Idol"],"gold_loss":0},{"damage_healed":0,"gold_gain":0,"player_choice":"Fight","damage_taken":0,"max_hp_gain":0,"max_hp_loss":0,"event_name":"Mysterious Sphere","floor":36,"gold_loss":0},{"cards_removed":["stsjorbsmod:Strike_Wanderer"],"damage_healed":0,"gold_gain":0,"player_choice":"Purged","damage_taken":0,"max_hp_gain":0,"max_hp_loss":0,"event_name":"Purifier","floor":38,"gold_loss":0},{"damage_healed":0,"gold_gain":50,"player_choice":"Pray","damage_taken":0,"max_hp_gain":0,"max_hp_loss":0,"event_name":"Golden Shrine","floor":39,"gold_loss":0}],"is_beta":true,"boss_relics":[{"not_picked":["Coffee Dripper","Empty Cage"],"picked":"Snecko Eye"},{"not_picked":["Tiny House","Black Star"],"picked":"Cursed Key"}],"items_purged_floors":[21,42],"is_endless":false,"potions_floor_spawned":[1,7,14,18,24,31,35,36],"killed_by":"Reptomancer","ascension_level":20}}