{"host":"k85tjwrh7mjrrc9a","time":1611773572,"event":{"mods":["AchievementEnabler","BaseMod","Colored Powertips","Highlight Path","Minty Spire (QoL Compilation)","Rare Cards Sparkle","StSLib"],"gold_per_floor":[114,40,40,40,54,54,73,101,125,137,149,197,288,323,335,443,518,546,204,222,245,245,245],"floor_reached":22,"language":"ENG","playtime":1000,"items_purged":[],"score":336,"play_id":"7d8d280c-dc1c-470b-b2b2-831a01ecadbc","local_time":"20210127135252","is_ascension_mode":true,"campfire_choices":[{"data":"Armaments","floor":6.0,"key":"SMITH"},{"data":"Inflame","floor":11.0,"key":"SMITH"},{"floor":15.0,"key":"REST"}],"circlet_count":0,"master_deck":["AscendersBane","Strike_R","Strike_R","Strike_R","Strike_R","Defend_R","Defend_R","Defend_R","Defend_R","Bash+1","Pommel Strike","Inflame+1","Armaments+1","Twin Strike","Offering+1","Injury","Shrug It Off","Barricade","Body Slam","Pommel Strike","Entrench","Impervious","Flash of Steel","Armaments"],"relics":["Burning Blood","Toy Ornithopter","MawBank","Golden Idol","Kunai","PreservedInsect","Tiny House","Membership Card","Blood Vial"],"acts_visited":["Exordium","TheCity"],"potions_floor_usage":[],"damage_taken":[{"damage":2.0,"enemies":"2 Louse","floor":1.0,"turns":2.0},{"damage":0.0,"enemies":"Small Slimes","floor":5.0,"turns":3.0},{"damage":1.0,"enemies":"Cultist","floor":7.0,"turns":3.0},{"damage":28.0,"enemies":"Gremlin Nob","floor":8.0,"turns":4.0},{"damage":32.0,"enemies":"Lagavulin","floor":12.0,"turns":6.0},{"damage":39.0,"enemies":"Slime Boss","floor":16.0,"turns":7.0},{"damage":29.0,"enemies":"Shell Parasite","floor":18.0,"turns":7.0},{"damage":6.0,"enemies":"Chosen","floor":20.0,"turns":3.0},{"damage":21,"enemies":"Snake Plant","floor":21,"turns":4},{"damage":54,"enemies":"Shelled Parasite and Fungi","floor":22,"turns":4}],"seed_played":"-6631293500278968106","potions_obtained":[{"floor":1.0,"key":"Swift Potion"},{"floor":7.0,"key":"AttackPotion"},{"floor":8.0,"key":"Block Potion"},{"floor":17.0,"key":"SpeedPotion"}],"is_trial":false,"path_per_floor":["M","$","?","?","M","R","M","E","T","?","R","E","?","T","R","B",null,"M","$","M","M","M"],"character_chosen":"IRONCLAD","items_purchased":["Inflame","Membership Card","Entrench","Impervious","Blood Vial","Flash of Steel"],"campfire_rested":1,"item_purchase_floors":[2,19,19,19,19,19],"current_hp_per_floor":[72,72,77,77,80,80,80,58,58,58,58,32,32,32,56,28,72,49,49,56,43,0,0],"gold":245,"neow_bonus":"UPGRADE_CARD","is_daily":false,"chose_seed":false,"campfire_upgraded":2,"win_rate":0.0,"timestamp":1611773572,"path_taken":["M","$","?","?","?","R","M","E","T","?","R","E","?","?","R","BOSS","M","$","M","M","M"],"items_purchased_type":["Card","Relic","Card","Card","Relic","Card"],"build_version":"2020-12-22","purchased_purges":0,"victory":false,"max_hp_per_floor":[75,75,80,80,80,80,80,80,80,80,80,80,80,80,80,80,85,85,85,85,85,85,85],"card_choices":[{"not_picked":["Pummel","Searing Blow"],"picked":"Pommel Strike","floor":1.0},{"not_picked":["Pummel","Flex"],"picked":"Armaments","floor":5.0},{"not_picked":["Havoc","Thunderclap"],"picked":"Twin Strike","floor":7.0},{"not_picked":["Wild Strike","Dark Embrace"],"picked":"Offering","floor":8.0},{"not_picked":["Flame Barrier","Sentinel"],"picked":"Shrug It Off","floor":12.0},{"not_picked":["Offering","Feed"],"picked":"Barricade","floor":16.0},{"not_picked":["Thunderclap","Iron Wave"],"picked":"Body Slam","floor":17.0},{"not_picked":["Feel No Pain+1","Intimidate"],"picked":"Pommel Strike","floor":18.0},{"not_picked":["Rupture","Inflame+1"],"picked":"Armaments","floor":20.0},{"not_picked":["Dropkick","Twin Strike","Armaments"],"picked":"SKIP","floor":21}],"player_experience":228539,"relics_obtained":[{"floor":8.0,"key":"Toy Ornithopter"},{"floor":9.0,"key":"MawBank"},{"floor":12.0,"key":"Kunai"},{"floor":14.0,"key":"PreservedInsect"}],"event_choices":[{"damage_healed":0.0,"max_hp_gain":5.0,"max_hp_loss":0.0,"gold_gain":0.0,"event_name":"Big Fish","player_choice":"Donut","floor":3.0,"gold_loss":0.0,"damage_taken":0.0},{"cards_removed":["Strike_R"],"damage_healed":0.0,"max_hp_gain":0.0,"max_hp_loss":0.0,"gold_gain":0.0,"event_name":"Purifier","player_choice":"Purged","floor":4.0,"gold_loss":0.0,"damage_taken":0.0},{"damage_healed":0.0,"max_hp_gain":0.0,"max_hp_loss":0.0,"gold_gain":0.0,"event_name":"Golden Idol","player_choice":"Take Wound","floor":10.0,"gold_loss":0.0,"damage_taken":0.0,"relics_obtained":["Golden Idol"],"cards_obtained":["Injury"]},{"damage_healed":0.0,"max_hp_gain":0.0,"max_hp_loss":0.0,"gold_gain":79.0,"event_name":"Golden Wing","player_choice":"Gained Gold","floor":13.0,"gold_loss":0.0,"damage_taken":0.0}],"is_beta":false,"boss_relics":[{"not_picked":["Runic Pyramid","SacredBark"],"picked":"Tiny House"}],"items_purged_floors":[],"is_endless":false,"potions_floor_spawned":[1,7,8,18],"killed_by":"Shelled Parasite and Fungi","ascension_level":15}}