{"host":"crmowuwgj9wiiaqp","time":1611787223,"event":{"mods":["BaseMod","Downfall","Minty Spire (QoL Compilation)","StSLib"],"gold_per_floor":[99,110,126,142,155,55,55,40,40,57,57,207,207,238,251,346,346,246,260,270,28,42,142,187,204,33,43,43,43,43,62,75,175,175,175,186,204,180,191,191,215,24,24,24,42,42,53,82,94,106],"floor_reached":51,"language":"ENG","playtime":3132,"items_purged":["bronze:Strike","bronze:Strike"],"score":732,"play_id":"9408aa68-2121-46ec-ab0d-79591a524c95","local_time":"20210127154023","is_ascension_mode":false,"campfire_choices":[{"floor":1,"key":"RECALL"},{"data":"bronze:Boost","floor":6,"key":"SMITH"},{"data":"bronze:Iterate","floor":11,"key":"SMITH"},{"data":"bronze:ChosenStrike","floor":13,"key":"SMITH"},{"data":"bronze:Virus","floor":18,"key":"SMITH"},{"data":"bronze:FineTuning","floor":28,"key":"SMITH"},{"data":"bronze:Assembly","floor":30,"key":"SMITH"},{"data":"bronze:Goto","floor":35,"key":"SMITH"},{"data":"bronze:Repair","floor":40,"key":"SMITH"},{"data":"bronze:FineTuning","floor":43,"key":"SMITH"},{"data":"bronze:HardenedForm","floor":46,"key":"SMITH"}],"circlet_count":0,"master_deck":["bronze:Strike","bronze:Defend","bronze:Defend","bronze:Defend","bronze:Replicate","bronze:Goto+1","bronze:Boost+1","bronze:Branch","bronze:CloningBeam","bronze:DigitalCarnage","bronze:Spike","bronze:Iterate+1","bronze:ChosenStrike+1","bronze:Virus+1","bronze:ChildClass+1","bronze:Iterate","bronze:FineTuning+1","bronze:Repair+1","bronze:Shell","bronze:Branch+1","bronze:Assembly+1","bronze:HardenedForm+1","bronze:ForceShield+1","bronze:DelayedGuard","bronze:FineTuning+1","bronze:FollowUp","bronze:ForLoop+1","bronze:Boost"],"relics":["bronze:BronzeCore","downfall:HeartBlessingRed","Question Card","Ancient Tea Set","Coffee Dripper","downfall:HeartBlessingGreen","Chemical X","PreservedInsect","Bottled Lightning","Spirit Poop","Empty Cage","MealTicket","Membership Card","MawBank"],"acts_visited":["Exordium","TheCity","TheBeyond"],"potions_floor_usage":[16,25,47,49,50,50],"damage_taken":[{"damage":1,"enemies":"Cultist","floor":2,"turns":4},{"damage":10,"enemies":"Small Slimes","floor":3,"turns":3},{"damage":4,"enemies":"Jaw Worm","floor":4,"turns":5},{"damage":13,"enemies":"Exordium Thugs","floor":5,"turns":5},{"damage":0,"enemies":"downfall:FleeingMerchant","floor":8,"turns":4},{"damage":0,"enemies":"downfall:FleeingMerchant","floor":9,"turns":4},{"damage":4,"enemies":"Gremlin Gang","floor":10,"turns":4},{"damage":2,"enemies":"Gremlin Nob","floor":14,"turns":3},{"damage":0,"enemies":"Red Slaver","floor":15,"turns":2},{"damage":36,"enemies":"IC_STATUS_ARCHETYPE","floor":16,"turns":8},{"damage":0,"enemies":"Shell Parasite","floor":19,"turns":2},{"damage":0,"enemies":"3 Byrds","floor":20,"turns":3},{"damage":0,"enemies":"downfall:FleeingMerchant","floor":21,"turns":4},{"damage":0,"enemies":"3 Cultists","floor":22,"turns":4},{"damage":0,"enemies":"3 Cultists","floor":23,"turns":2},{"damage":0,"enemies":"Snake Plant","floor":25,"turns":2},{"damage":5,"enemies":"downfall:FleeingMerchant","floor":26,"turns":4},{"damage":0,"enemies":"Centurion and Healer","floor":27,"turns":3},{"damage":0,"enemies":"Snecko","floor":31,"turns":2},{"damage":0,"enemies":"3 Cultists","floor":32,"turns":3},{"damage":39,"enemies":"DF_ARCHETYPE_CLAW","floor":33,"turns":6},{"damage":11,"enemies":"3 Darklings","floor":36,"turns":3},{"damage":0,"enemies":"3 Shapes","floor":37,"turns":4},{"damage":24,"enemies":"3 Darklings","floor":39,"turns":4},{"damage":0,"enemies":"Sphere and 2 Shapes","floor":45,"turns":4},{"damage":0,"enemies":"4 Shapes","floor":47,"turns":5},{"damage":12,"enemies":"Nemesis","floor":48,"turns":3},{"damage":0,"enemies":"Maw","floor":49,"turns":1},{"damage":11,"enemies":"SI_POISON_ARCHETYPE","floor":50,"turns":9}],"seed_played":"-7854794652807151131","potions_obtained":[{"floor":2,"key":"BlessingOfTheForge"},{"floor":4,"key":"ColorlessPotion"},{"floor":9,"key":"Explosive Potion"},{"floor":15,"key":"PowerPotion"},{"floor":19,"key":"bronze:BuildAFunctionPotion"},{"floor":20,"key":"Energy Potion"},{"floor":31,"key":"Dexterity Potion"},{"floor":48,"key":"SmokeBomb"}],"is_trial":false,"path_per_floor":["R","M","M","M","M","R","T","$","?","M","R","?","R","E","M","B",null,"R","M","M","$","M","?","T","M","$","M","R","?","R","M","M","B",null,"R","M","M","$","M","R","T","$","R","$","M","R","M","E","M","B",null],"character_chosen":"THE_AUTOMATON","items_purchased":["Chemical X","bronze:Assembly","Bottled Lightning","bronze:DelayedGuard","Membership Card","bronze:FollowUp"],"campfire_rested":0,"item_purchase_floors":[21,26,26,38,42,42],"current_hp_per_floor":[77,76,66,62,49,49,49,49,49,45,45,45,45,43,43,7,77,77,77,77,77,77,77,77,77,72,77,77,77,77,77,77,38,77,77,66,73,73,56,56,56,71,71,77,77,77,77,65,65,64],"gold":118,"neow_bonus":"TEN_PERCENT_HP_BONUS","is_daily":false,"chose_seed":false,"campfire_upgraded":10,"win_rate":0.0,"timestamp":1611787223,"path_taken":["R","M","M","M","M","R","T","?","?","M","R","?","R","E","M","BOSS","R","M","M","$","M","?","T","M","$","?","R","?","R","?","M","BOSS","R","M","M","$","M","R","T","$","R","$","M","R","M","E","M","BOSS"],"items_purchased_type":["Relic","Card","Relic","Card","Relic","Card"],"build_version":"2020-12-22","purchased_purges":2,"victory":true,"max_hp_per_floor":[77,77,77,77,77,77,77,77,77,77,77,77,77,77,77,77,77,77,77,77,77,77,77,77,77,77,77,77,77,77,77,77,77,77,77,77,77,77,77,77,77,77,77,77,77,77,77,77,77,77],"card_choices":[{"not_picked":["bronze:Invalidate","bronze:BuggyMess"],"picked":"bronze:Boost","floor":2},{"not_picked":["bronze:Safeguard","bronze:BitShift","bronze:Optimize"],"picked":"SKIP","floor":3},{"not_picked":["bronze:Turbo","bronze:Philosophize"],"picked":"bronze:Branch","floor":4},{"not_picked":["bronze:Safeguard","bronze:DelayedSlice"],"picked":"bronze:CloningBeam","floor":5},{"not_picked":["bronze:Overheat","bronze:Shield","bronze:Boost"],"picked":"bronze:DigitalCarnage","floor":8},{"not_picked":[],"picked":"bronze:Spike","floor":9},{"not_picked":["bronze:WhirlingStrike","bronze:Invalidate","bronze:SpaghettiCode"],"picked":"bronze:Iterate","floor":9},{"not_picked":["bronze:Allocate","bronze:DelayedGuard","bronze:Shell"],"picked":"bronze:ChosenStrike","floor":10},{"not_picked":["bronze:OilSpill","bronze:Turbo","bronze:Backtrace","bronze:DelayedSlice"],"picked":"SKIP","floor":14},{"not_picked":["bronze:BuggyMess","bronze:Safeguard","bronze:Turbo","bronze:Allocate"],"picked":"SKIP","floor":15},{"not_picked":["bronze:BurnOut","bronze:FindAndReplace","bronze:HyperBeam"],"picked":"bronze:Virus","floor":16},{"not_picked":["bronze:NullPointer","bronze:FineTuning","bronze:GetLatest"],"picked":"bronze:ChildClass+1","floor":19},{"not_picked":["bronze:DelayedGuard","bronze:Repulsor","bronze:BugBarrage+1"],"picked":"bronze:Iterate","floor":20},{"not_picked":["bronze:CloningBeam","bronze:Allocate","bronze:ShipIt"],"picked":"bronze:FineTuning","floor":21},{"not_picked":["bronze:BuggyMess","bronze:ChildClass","bronze:BronzeOrb"],"picked":"bronze:Repair","floor":22},{"not_picked":["bronze:Deprecate+1","bronze:Allocate","bronze:GetLatest"],"picked":"bronze:Shell","floor":23},{"not_picked":["bronze:DelayedGuard","bronze:BugBarrage","bronze:WildBeam+1"],"picked":"bronze:Branch+1","floor":25},{"not_picked":["bronze:Overheat","bronze:ChildClass","bronze:Overload","bronze:OilSpill"],"picked":"SKIP","floor":26},{"not_picked":["bronze:OilSpill","bronze:Invalidate+1","bronze:ItsAFeature","bronze:Deprecate"],"picked":"SKIP","floor":27},{"not_picked":["bronze:OilSpill","bronze:Shield","bronze:ItsAFeature","bronze:Optimize"],"picked":"SKIP","floor":31},{"not_picked":["bronze:DelayedGuard","bronze:WhirlingStrike","bronze:Optimize","bronze:BitShift"],"picked":"SKIP","floor":32},{"not_picked":["bronze:AlphaBuild","bronze:Format","bronze:Assembly"],"picked":"bronze:HardenedForm","floor":33},{"not_picked":["bronze:BuggyMess+1","bronze:Overheat+1","bronze:Deprecate","bronze:Branch+1"],"picked":"SKIP","floor":36},{"not_picked":["bronze:Overheat","bronze:BronzeOrb","bronze:DigitalCarnage"],"picked":"bronze:ForceShield+1","floor":37},{"not_picked":["bronze:Branch+1","bronze:ChildClass","bronze:BitShift+1"],"picked":"bronze:FineTuning","floor":39},{"not_picked":["bronze:BuggyMess+1","bronze:Overheat","bronze:Boost","bronze:DarkDash"],"picked":"SKIP","floor":45},{"not_picked":["bronze:Deprecate","bronze:ClassDefault+1","bronze:WildBeam"],"picked":"bronze:ForLoop+1","floor":47},{"not_picked":["bronze:Safeguard","bronze:Frontload","bronze:FineTuning+1"],"picked":"bronze:Boost","floor":48}],"player_experience":1368306,"relics_obtained":[{"floor":7,"key":"Question Card"},{"floor":14,"key":"Ancient Tea Set"},{"floor":24,"key":"PreservedInsect"},{"floor":41,"key":"MealTicket"},{"floor":48,"key":"MawBank"}],"event_choices":[{"cards_removed":["downfall:Icky"],"damage_healed":0,"gold_gain":0,"player_choice":"Offered Curse","damage_taken":0,"relics_obtained":["Spirit Poop"],"max_hp_gain":0,"max_hp_loss":0,"event_name":"Bonfire Elementals","floor":29,"gold_loss":0}],"is_beta":false,"boss_relics":[{"not_picked":["Black Star","Runic Pyramid"],"picked":"Coffee Dripper"},{"not_picked":["Fusion Hammer","Tiny House"],"picked":"Empty Cage"}],"items_purged_floors":[21,26],"is_endless":false,"potions_floor_spawned":[2,4,9,15,19,20,31,33,45,48,49],"ascension_level":0}}