{"host":"iao9zlhzdan4iyha","time":1611755558,"event":{"mods":["BaseMod","BetterRewards","Downfall","Hermit","Ironclad Rager","Minty Spire (QoL Compilation)","Quick Restart","Replay The Spire","Shop Mod","StSLib","The Bug Knight","The Judge","The Runesmith"],"gold_per_floor":[116,136,136,147,167,167,29,29,29,29,43,55,55,55,55,184,184,207,207,232,253,253,289,289,329,352,352,367,282,282,321,321,441,441,486,52,52,77,77,77,115,178,178,178,178,217,242,271,271,271],"floor_reached":51,"language":"ENG","playtime":4752,"items_purged":[],"score":760,"play_id":"6e5d4918-00f1-45aa-8191-2c4663abbea0","local_time":"20210127135238","is_ascension_mode":false,"campfire_choices":[{"data":"1","floor":6,"key":"LIFT"},{"data":"2","floor":8,"key":"LIFT"},{"floor":10,"key":"REST"},{"data":"3","floor":13,"key":"LIFT"},{"floor":15,"key":"REST"},{"data":"hermit:Maintenance","floor":24,"key":"SMITH"},{"data":"ReplayTheSpireMod:Brewmster","floor":24,"key":"SMITH"},{"floor":27,"key":"REST"},{"data":"Blind","floor":30,"key":"SMITH"},{"data":"hermit:Scavenge","floor":30,"key":"SMITH"},{"floor":32,"key":"REST"},{"floor":40,"key":"REST"},{"floor":45,"key":"REST"},{"floor":49,"key":"REST"}],"circlet_count":0,"master_deck":["hermit:Strike_Hermit+1","hermit:Strike_Hermit","hermit:Strike_Hermit","hermit:Strike_Hermit","hermit:Defend_Hermit","hermit:Defend_Hermit","hermit:Defend_Hermit","hermit:Snapshot","hermit:Covet+1","hermit:BigShot","hermit:Manifest+1","hermit:Glare","hermit:WideOpen","hermit:Quickdraw+1","Blind+1","ReplayTheSpireMod:Brewmster+1","hermit:Combo","hermit:Dive","hermit:Dive","hermit:HighCaliber","hermit:TrackingShot","hermit:Quickdraw","hermit:Quickdraw","hermit:Reprieve+1","hermit:Maintenance+1","hermit:Dissolve","hermit:Coalescence+1","downfall:Bewildered","hermit:GhostlyPresence","hermit:PistolWhip","J.A.X.+1","hermit:Deadeye","hermit:DeadOrAlive","hermit:Scavenge+1","hermit:BodyArmor","hermit:Roughhouse","hermit:Ricochet+1","hermit:Brawl","hermit:Headshot+1","WordoMod:Accursed","hermit:Glare+1","hermit:Dive","hermit:Maintenance+1","hermit:Coalescence+1","hermit:Dive+1","hermit:SprayPray+1","hermit:TakeAim+1","hermit:Headshot+1"],"relics":["hermit:Momento","Thread and Needle","hermit:BartenderGlass","Girya","Golden Idol","SacredBark","sneckomod:BabySnecko","FossilizedHelix","Garlic","Gremlin Food","ReplayTheSpireMod:Ninjato","Fusion Hammer","MerchantsRug","hermit:Spyglass","Ring of Panic","Ring of Misfortune","Calipers","Prayer Wheel","ReplayTheSpireMod:Shallot","Mercury Hourglass"],"acts_visited":["Exordium","TheCity","TheBeyond"],"potions_floor_usage":[2,11,11,11,11,11,11,11,11,12,16,16,16,18,18,18,20,20,21,21,21,21,23,23,23,25,25,25,25,25,28,31,33,33,33,33,33,33,33,33,33,33,33,41,41,41,42,42,42,46,46,47,47,47,48,48,48,50,50,50,50,50,50,50,50],"damage_taken":[{"damage":6,"enemies":"Cultist","floor":1,"turns":5},{"damage":0,"enemies":"Jaw Worm","floor":2,"turns":2},{"damage":0,"enemies":"2 Louse","floor":4,"turns":3},{"damage":3,"enemies":"Looter","floor":5,"turns":4},{"damage":2,"enemies":"Large Slime","floor":11,"turns":7},{"damage":0,"enemies":"Exordium Wildlife","floor":12,"turns":1},{"damage":40,"enemies":"Hexaghost","floor":16,"turns":10},{"damage":5,"enemies":"2 Thieves","floor":18,"turns":4},{"damage":10,"enemies":"Shell Parasite","floor":20,"turns":6},{"damage":0,"enemies":"Centurion and Healer","floor":21,"turns":4},{"damage":7,"enemies":"Book of Stabbing","floor":23,"turns":4},{"damage":18,"enemies":"Slavers","floor":25,"turns":3},{"damage":5,"enemies":"Sentry and Sphere","floor":28,"turns":5},{"damage":0,"enemies":"Snecko","floor":31,"turns":2},{"damage":40,"enemies":"Pondfish","floor":33,"turns":9},{"damage":10,"enemies":"3 Shapes","floor":35,"turns":5},{"damage":0,"enemies":"Orb Walker","floor":38,"turns":2},{"damage":81,"enemies":"Reptomancer","floor":41,"turns":5},{"damage":0,"enemies":"Mind Bloom Boss Battle","floor":42,"turns":3},{"damage":6,"enemies":"Nemesis","floor":46,"turns":8},{"damage":74,"enemies":"Maw","floor":47,"turns":11},{"damage":20,"enemies":"4 Shapes","floor":48,"turns":4},{"damage":44,"enemies":"Time Eater","floor":50,"turns":12}],"seed_played":"-5757771477376736515","potions_obtained":[{"floor":4,"key":"Energy Potion"},{"floor":5,"key":"EssenceOfSteel"},{"floor":11,"key":"Explosive Potion"},{"floor":23,"key":"bronze:BurnAndBuffPotion"},{"floor":31,"key":"AttackPotion"},{"floor":33,"key":"Slimebound:ThreeZeroPotion"},{"floor":38,"key":"PowerPotion"},{"floor":42,"key":"hexamod:SoulburnPotion"}],"is_trial":false,"path_per_floor":["M","M","?","M","M","R","$","R","T","R","M","M","R","?","R","B",null,"M","?","M","M","?","E","R","E","T","R","M","?","R","M","R","B",null,"M","$","?","M","?","R","E","?","T","?","R","E","M","M","R","B",null],"character_chosen":"HERMIT","items_purchased":["BargainBundle","hermit:BigShot","hermit:Manifest","hermit:Glare","hermit:WideOpen","hermit:Quickdraw","Blind","ReplayTheSpireMod:Brewmster","SpeedPotion","Fire Potion","Death Potion","hermit:Combo","hermit:Dive","hermit:Reprieve","MerchantsRug","hermit:Spyglass","FairyPotion","hermit:Brawl"],"campfire_rested":7,"item_purchase_floors":[0,0,0,0,0,0,0,0,0,0,0,0,0,7,36,36,36,36],"current_hp_per_floor":[34,34,34,34,31,31,31,31,31,53,51,51,51,33,55,19,75,70,70,65,65,65,58,58,40,40,62,57,57,57,57,75,35,75,65,65,65,65,65,75,2,6,6,6,28,26,45,44,66,22],"gold":271,"neow_bonus":"","is_daily":false,"chose_seed":false,"campfire_upgraded":4,"win_rate":0.0,"timestamp":1611755558,"path_taken":["M","M","?","M","M","R","$","R","T","R","M","M","R","?","R","BOSS","M","?","M","M","?","E","R","E","T","R","M","?","R","M","R","BOSS","M","$","?","M","?","R","E","?","T","?","R","E","?","M","R","BOSS"],"items_purchased_type":["Relic","Card","Card","Card","Card","Card","Card","Card","Potion","Potion","Potion","Card","Card","Card","Relic","Relic","Potion","Card"],"build_version":"2020-12-22","purchased_purges":0,"victory":true,"max_hp_per_floor":[75,75,75,75,75,75,75,75,75,75,75,75,75,75,75,75,75,75,75,75,75,75,75,75,75,75,75,75,75,75,75,75,75,75,75,75,75,75,75,75,75,75,75,75,75,75,75,75,75,75],"card_choices":[{"not_picked":["hermit:LowProfile","hermit:Roulette"],"picked":"hermit:HighCaliber","floor":1},{"not_picked":["hermit:Misfire","hermit:LowProfile"],"picked":"hermit:TrackingShot","floor":2},{"not_picked":["hermit:Roulette","hermit:Manifest"],"picked":"hermit:Quickdraw","floor":4},{"not_picked":["hermit:Vantage","hermit:Showdown"],"picked":"hermit:Quickdraw","floor":5},{"not_picked":["hermit:Brawl","hermit:Gestalt"],"picked":"hermit:Maintenance","floor":11},{"not_picked":["hermit:ItchyTrigger","hermit:Malice","hermit:CalledShot"],"picked":"SKIP","floor":12},{"not_picked":["hermit:Magnum","hermit:Roughhouse"],"picked":"hermit:Dissolve","floor":16},{"not_picked":["hermit:NoHoldsBarred","hermit:TrackingShot"],"picked":"hermit:Coalescence+1","floor":18},{"not_picked":["hermit:Desperado+1","hermit:ShadowCloak+1"],"picked":"hermit:GhostlyPresence","floor":20},{"not_picked":["hermit:Gestalt","hermit:Desperado+1"],"picked":"hermit:PistolWhip","floor":21},{"not_picked":["hermit:Roulette+1","hermit:Glare"],"picked":"hermit:Deadeye","floor":23},{"not_picked":["hermit:Midnight+1","hermit:Roulette+1"],"picked":"hermit:DeadOrAlive","floor":25},{"not_picked":["hermit:Malice+1","hermit:HighCaliber+1"],"picked":"hermit:Scavenge","floor":28},{"not_picked":["hermit:TrackingShot+1","hermit:LoneWolf"],"picked":"hermit:BodyArmor","floor":31},{"not_picked":["hermit:Magnum","hermit:Reprieve"],"picked":"hermit:Roughhouse","floor":33},{"not_picked":["hermit:WideOpen+1","hermit:TrackingShot+1"],"picked":"hermit:Ricochet+1","floor":35},{"not_picked":["hermit:FinalCanter","hermit:CalledShot+1"],"picked":"hermit:Headshot+1","floor":38},{"not_picked":["hermit:Cheat+1","hermit:NoHoldsBarred+1"],"picked":"hermit:Glare+1","floor":41},{"not_picked":["hermit:LowProfile","hermit:Showdown+1"],"picked":"hermit:Dive","floor":42},{"not_picked":["hermit:SprayPray","hermit:Shortfuse"],"picked":"hermit:Coalescence+1","floor":46},{"not_picked":["hermit:BodyArmor+1","hermit:Adapt"],"picked":"hermit:Dive+1","floor":47},{"not_picked":["hermit:WideOpen","hermit:Desperado+1"],"picked":"hermit:SprayPray+1","floor":47},{"not_picked":["hermit:PistolWhip","hermit:Showdown+1"],"picked":"hermit:TakeAim+1","floor":48},{"not_picked":["hermit:Coalescence","hermit:Desperado+1"],"picked":"hermit:Headshot+1","floor":48}],"player_experience":84864,"relics_obtained":[{"floor":9,"key":"Replay:Arrowhead"},{"floor":23,"key":"FossilizedHelix"},{"floor":25,"key":"Garlic"},{"floor":26,"key":"Gremlin Food"},{"floor":39,"key":"Ring of Panic"},{"floor":39,"key":"Ring of Misfortune"},{"floor":41,"key":"Calipers"},{"floor":42,"key":"Prayer Wheel"},{"floor":43,"key":"ReplayTheSpireMod:Shallot"},{"floor":46,"key":"Mercury Hourglass"}],"event_choices":[{"damage_healed":0,"gold_gain":0,"player_choice":"Grow","damage_taken":0,"max_hp_gain":0,"max_hp_loss":0,"event_name":"Living Wall","floor":3,"gold_loss":0,"cards_upgraded":["hermit:Quickdraw"]},{"damage_healed":0,"gold_gain":0,"player_choice":"Take Damage","damage_taken":18,"relics_obtained":["Golden Idol"],"max_hp_gain":0,"max_hp_loss":0,"event_name":"Golden Idol","floor":14,"gold_loss":0},{"damage_healed":0,"gold_gain":0,"player_choice":"Obtain J.A.X.","damage_taken":0,"max_hp_gain":0,"max_hp_loss":0,"event_name":"Drug Dealer","floor":22,"gold_loss":0,"cards_obtained":["J.A.X."]},{"damage_healed":0,"gold_gain":0,"player_choice":"Obtained Relic","damage_taken":0,"relics_obtained":["ReplayTheSpireMod:Ninjato"],"max_hp_gain":0,"max_hp_loss":0,"event_name":"Addict","floor":29,"gold_loss":85},{"cards_removed":["hermit:Defend_Hermit"],"damage_healed":0,"gold_gain":0,"player_choice":"Removed Skill","damage_taken":0,"max_hp_gain":0,"max_hp_loss":0,"event_name":"Falling","floor":37,"gold_loss":0},{"damage_healed":0,"gold_gain":0,"player_choice":"Fight","damage_taken":0,"max_hp_gain":0,"max_hp_loss":0,"event_name":"MindBloom","floor":42,"gold_loss":0},{"damage_healed":0,"gold_gain":0,"player_choice":"Copied","damage_taken":0,"max_hp_gain":0,"max_hp_loss":0,"event_name":"Duplicator","floor":44,"gold_loss":0,"cards_obtained":["hermit:Maintenance"]}],"is_beta":false,"boss_relics":[{"not_picked":["Runic Pyramid","Tiny House"],"picked":"SacredBark"},{"not_picked":["ReplayTheSpireMod:DimensionalGlitch","Replay:Drink Me"],"picked":"Fusion Hammer"}],"items_purged_floors":[],"is_endless":false,"potions_floor_spawned":[4,5,11,23,31,33,38,42,46,47],"ascension_level":0}}