{"host":"qrt7o4dq2qslzw13","time":1611776126,"event":{"mods":["BaseMod","Colored Map","Colored Powertips","Minty Spire (QoL Compilation)","Quick Restart","Replay The Spire","Shop Mod","StSLib","SuperFastMode"],"gold_per_floor":[362,637,657,675,61,61,77,97,178,197,197,225,45,56,56,151,151,167,180,6,6,6,6,0,35,35,35,46,63,63,63,63,165,165,179,179,1178,1197,1197,1197,1213,1213,1213,1213],"floor_reached":43,"language":"ENG","playtime":833,"items_purged":["Regret"],"score":807,"play_id":"d3ff168f-208f-4cf9-9faf-fdf600eaf86b","local_time":"20210127143526","is_ascension_mode":true,"campfire_choices":[{"floor":6.0,"key":"REST"},{"data":"SignatureMove","floor":11.0,"key":"SMITH"},{"floor":15.0,"key":"REST"},{"data":"Secret Technique","floor":23.0,"key":"SMITH"},{"data":"Judgement","floor":27.0,"key":"SMITH"},{"floor":30.0,"key":"REST"},{"data":"Crescendo","floor":32.0,"key":"SMITH"},{"floor":42,"key":"REST"}],"circlet_count":0,"master_deck":["Strike_P","Strike_P","Strike_P","Strike_P","Defend_P","Defend_P","Defend_P","Defend_P","Eruption","Vigilance","Strike_P","Strike_P","SignatureMove+1","Prostrate","DeceiveReality","SandsOfTime","Secret Weapon+1","Crescendo+1","FlurryOfBlows","CrushJoints","Replay:LoomingThreat+1","Prostrate","Halt","Replay:AtTheReady","Judgement+1","TalkToTheHand+1","Replay:Hum+1","Secret Technique+1","SandsOfTime","Replay:BluntJabs","Voices","DevaForm","Madness","Madness","Normality","Normality","Replay:Vibes"],"relics":["HolyWater","Replay:Bottled Steam","Kunai","Gambling Chip","Guide Book","ReplayTheSpireMod:Lightbulb","Smiling Mask","Ring of Fury","ReplayTheSpireMod:Ring of Challenge","Busted Crown"],"acts_visited":["Exordium","TheCity","TheBeyond"],"potions_floor_usage":[41,41,43],"damage_taken":[{"damage":1.0,"enemies":"2 Louse","floor":1.0,"turns":3.0},{"damage":7.0,"enemies":"Cultist","floor":3.0,"turns":4.0},{"damage":12.0,"enemies":"Small Slimes","floor":4.0,"turns":2.0},{"damage":0.0,"enemies":"Exordium Wildlife","floor":7.0,"turns":3.0},{"damage":3.0,"enemies":"3 Louse","floor":8.0,"turns":2.0},{"damage":1.0,"enemies":"2 Fungi Beasts","floor":10.0,"turns":3.0},{"damage":10.0,"enemies":"Lagavulin","floor":12.0,"turns":6.0},{"damage":3.0,"enemies":"Large Slime","floor":14.0,"turns":4.0},{"damage":0.0,"enemies":"Slime Boss","floor":16.0,"turns":6.0},{"damage":24.0,"enemies":"2 Thieves","floor":18.0,"turns":3.0},{"damage":0.0,"enemies":"Shell Parasite","floor":19.0,"turns":1.0},{"damage":0.0,"enemies":"Book of Stabbing","floor":25.0,"turns":1.0},{"damage":18.0,"enemies":"Snake Plant","floor":28.0,"turns":4.0},{"damage":1.0,"enemies":"Sentry and Sphere","floor":29.0,"turns":3.0},{"damage":19.0,"enemies":"Champ","floor":33.0,"turns":6.0},{"damage":0.0,"enemies":"3 Shapes","floor":35.0,"turns":2.0},{"damage":19,"enemies":"Orb Walker","floor":38,"turns":2},{"damage":86,"enemies":"Transient","floor":41,"turns":5},{"damage":40,"enemies":"4 Shapes","floor":43,"turns":3}],"seed_played":"-798181425076491902","potions_obtained":[{"floor":3.0,"key":"Milkshake"},{"floor":4.0,"key":"EntropicBrew"},{"floor":7.0,"key":"Fire Potion"},{"floor":10.0,"key":"BottledMiracle"},{"floor":18.0,"key":"BottledMiracle"},{"floor":28.0,"key":"DuplicationPotion"},{"floor":29.0,"key":"FearPotion"},{"floor":38,"key":"FairyPotion"},{"floor":41,"key":"LifebloodPotion"}],"is_trial":false,"path_per_floor":["M","?","M","M","$","R","M","M","T","M","R","E","$","M","R","B",null,"M","M","$","?","?","R","?","E","T","R","M","M","R","?","R","B",null,"M","?","?","M","PTL","PTL","M","R","M"],"character_chosen":"WATCHER","items_purchased":["SandsOfTime","Secret Weapon","Replay:Bottled Steam","Crescendo","Guide Book","Halt","Secret Technique"],"campfire_rested":4,"item_purchase_floors":[5,5,5,5,13,13,20],"current_hp_per_floor":[64,64,57,45,45,66,66,63,63,62,62,52,52,49,70,70,72,48,48,48,72,72,72,72,72,72,72,54,53,72,72,72,53,67,67,58,58,39,39,39,4,25,0,0],"gold":1213,"neow_bonus":"TWO_FIFTY_GOLD","is_daily":false,"chose_seed":false,"campfire_upgraded":4,"win_rate":0.0,"timestamp":1611776126,"path_taken":["M","?","M","M","$","R","?","M","T","M","R","E","$","M","R","BOSS","M","?","$","?","?","R","?","E","T","R","M","M","R","?","R","BOSS","M","?","?","M","PTL","PTL","M","R","M"],"items_purchased_type":["Card","Card","Relic","Card","Relic","Card","Card"],"build_version":"2020-12-22","purchased_purges":1,"victory":false,"max_hp_per_floor":[72,72,72,72,72,72,72,72,72,72,72,72,72,72,72,72,72,72,72,72,72,72,72,72,72,72,72,72,72,72,72,72,72,72,72,72,72,72,72,72,72,72,72,72],"card_choices":[{"not_picked":["BowlingBash","Replay:AtTheReady"],"picked":"SignatureMove","floor":1.0},{"not_picked":["FlyingSleeves","Crescendo"],"picked":"Prostrate","floor":3.0},{"not_picked":["Prostrate","ClearTheMind"],"picked":"DeceiveReality","floor":4.0},{"not_picked":["ClearTheMind","Vengeance"],"picked":"FlurryOfBlows","floor":7.0},{"not_picked":["EmptyFist","Perseverance"],"picked":"CrushJoints","floor":8.0},{"not_picked":["Halt","FlurryOfBlows"],"picked":"Replay:LoomingThreat","floor":10.0},{"not_picked":["Wireheading","Replay:ManipulateFuture"],"picked":"Prostrate","floor":12.0},{"not_picked":["BowlingBash","Crescendo"],"picked":"Replay:AtTheReady","floor":14.0},{"not_picked":["Blasphemy","Replay:LoomingThreat"],"picked":"Judgement","floor":16.0},{"not_picked":["FollowUp","Prostrate"],"picked":"TalkToTheHand+1","floor":18.0},{"not_picked":["Adaptation","CarveReality"],"picked":"Replay:Hum+1","floor":19.0},{"not_picked":["FlurryOfBlows","Replay:LoomingThreat","CutThroughFate+1"],"picked":"SKIP","floor":25.0},{"not_picked":["Conclude","Evaluate"],"picked":"SandsOfTime","floor":28.0},{"not_picked":["EmptyFist","SashWhip"],"picked":"Replay:BluntJabs","floor":29.0},{"not_picked":["MasterReality","Judgement"],"picked":"DevaForm","floor":33.0},{"not_picked":["Replay:Anticipation"],"picked":"SKIP","floor":35.0},{"not_picked":["Nirvana+1"],"picked":"SKIP","floor":38},{"not_picked":[],"picked":"Replay:Vibes","floor":41}],"player_experience":602694,"relics_obtained":[{"floor":9.0,"key":"Kunai"},{"floor":12.0,"key":"Gambling Chip"},{"floor":25.0,"key":"ReplayTheSpireMod:Lightbulb"},{"floor":26.0,"key":"Smiling Mask"},{"floor":31.0,"key":"Ring of Fury"},{"floor":31.0,"key":"ReplayTheSpireMod:Ring of Challenge"}],"event_choices":[{"damage_healed":0.0,"max_hp_gain":0.0,"max_hp_loss":0.0,"gold_gain":275.0,"event_name":"Golden Shrine","player_choice":"Desecrate","floor":2.0,"gold_loss":0.0,"damage_taken":0.0,"cards_obtained":["Regret"]},{"damage_healed":24.0,"max_hp_gain":0.0,"max_hp_loss":0.0,"gold_gain":0.0,"event_name":"The Library","player_choice":"Heal","floor":21.0,"gold_loss":0.0,"damage_taken":0.0},{"damage_healed":0.0,"max_hp_gain":0.0,"max_hp_loss":0.0,"gold_gain":0.0,"event_name":"Vampires","player_choice":"Ignored","floor":22.0,"gold_loss":0.0,"damage_taken":0.0},{"damage_healed":0.0,"max_hp_gain":0.0,"max_hp_loss":0.0,"gold_gain":0.0,"event_name":"Masked Bandits","player_choice":"Paid Fearfully","floor":24.0,"gold_loss":6.0,"damage_taken":0.0},{"damage_healed":0.0,"max_hp_gain":0.0,"max_hp_loss":0.0,"gold_gain":0.0,"event_name":"Winding Halls","player_choice":"Embrace Madness","floor":36.0,"gold_loss":0.0,"damage_taken":9.0,"cards_obtained":["Madness","Madness"]},{"damage_healed":0.0,"max_hp_gain":0.0,"max_hp_loss":0.0,"gold_gain":999.0,"event_name":"MindBloom","player_choice":"Gold","floor":37.0,"gold_loss":0.0,"damage_taken":0.0,"cards_obtained":["Normality","Normality"]}],"is_beta":false,"boss_relics":[{"not_picked":["Replay:Grab Bag","Astrolabe"],"picked":"HolyWater"},{"not_picked":["Replay:Drink Me","Replay:Bronze Core"],"picked":"Busted Crown"}],"items_purged_floors":[5],"is_endless":false,"potions_floor_spawned":[3,4,7,10,18,28,29,38,41],"killed_by":"4 Shapes","ascension_level":8}}