{"host":"TheHustler","time":1611748929,"event":{"mods":["BaseMod","Block Reminder","Colored Map","Colored Powertips","Minty Spire (QoL Compilation)","Quick Restart","StSLib","SuperFastMode","Unceasing Turn Reminder"],"gold_per_floor":[114,129,54,69,19,49,49,79,91,133,145,157,169,196,208,320,382,409,436,112,112,37,37,52,82,82,97,97,97,97],"floor_reached":29,"language":"ENG","playtime":644,"items_purged":["Strike_R","Strike_R"],"score":261,"play_id":"39af973b-0bc5-4a9f-941a-00a9137191b0","local_time":"20210127130209","daily_mods":["Heirloom","Blue Cards","Elite Swarm"],"is_ascension_mode":false,"campfire_choices":[{"data":"Static Discharge","floor":7,"key":"SMITH"},{"data":"1","floor":13,"key":"LIFT"},{"data":"2","floor":15,"key":"LIFT"},{"data":"3","floor":23,"key":"LIFT"}],"circlet_count":0,"master_deck":["Strike_R","Strike_R+1","Defend_R","Defend_R","Defend_R","Bash","Static Discharge+1","Anger+1","True Grit","Demon Form","Core Surge","Berserk","Dropkick","Heavy Blade+1","Flash of Steel","Rainbow","All For One","Steam"],"relics":["Burning Blood","Girya","Unceasing Top","MawBank","Centennial Puzzle","Bottled Flame","Tiny House","Omamori","Dream Catcher","Mummified Hand","Nunchaku"],"acts_visited":["Exordium","TheCity"],"potions_floor_usage":[14,17,25,27],"damage_taken":[{"damage":5,"enemies":"2 Louse","floor":1,"turns":4},{"damage":10,"enemies":"Cultist","floor":2,"turns":3},{"damage":0,"enemies":"Small Slimes","floor":4,"turns":3},{"damage":30,"enemies":"3 Sentries","floor":6,"turns":8},{"damage":28,"enemies":"Gremlin Nob","floor":8,"turns":4},{"damage":13,"enemies":"Lagavulin","floor":10,"turns":5},{"damage":1,"enemies":"Red Slaver","floor":14,"turns":2},{"damage":25,"enemies":"Hexaghost","floor":16,"turns":6},{"damage":15,"enemies":"Shell Parasite","floor":18,"turns":4},{"damage":8,"enemies":"3 Byrds","floor":19,"turns":3},{"damage":26,"enemies":"Sentry and Sphere","floor":24,"turns":5},{"damage":47,"enemies":"Slavers","floor":25,"turns":5},{"damage":15,"enemies":"Centurion and Healer","floor":27,"turns":2},{"damage":17,"enemies":"Gremlin Leader","floor":29,"turns":2}],"seed_played":"-8653540479942029245","potions_obtained":[{"floor":1,"key":"SkillPotion"},{"floor":6,"key":"Block Potion"},{"floor":8,"key":"Strength Potion"},{"floor":17,"key":"Fruit Juice"},{"floor":18,"key":"AttackPotion"},{"floor":19,"key":"Regen Potion"},{"floor":27,"key":"ColorlessPotion"}],"is_trial":false,"path_per_floor":["M","M","$","M","?","E","R","E","T","E","?","$","R","M","R","B",null,"M","M","$","?","?","R","M","E","T","M","?","E"],"character_chosen":"IRONCLAD","items_purchased":["Flash of Steel","Omamori"],"campfire_rested":0,"item_purchase_floors":[20,20],"current_hp_per_floor":[80,76,76,80,80,56,56,34,34,27,27,27,27,32,32,13,90,81,79,79,79,79,79,59,32,32,23,17,0,0],"gold":97,"neow_bonus":"","is_daily":true,"chose_seed":false,"campfire_upgraded":1,"win_rate":0.0,"timestamp":1611748929,"path_taken":["M","M","$","M","?","E","R","E","T","E","?","$","R","?","R","BOSS","M","M","$","?","?","R","M","E","T","M","?","E"],"items_purchased_type":["Card","Relic"],"build_version":"2020-12-18","purchased_purges":2,"victory":false,"max_hp_per_floor":[80,80,80,80,80,80,80,80,80,80,80,80,80,80,80,80,90,90,90,90,90,90,90,90,90,90,90,90,90,90],"card_choices":[{"not_picked":["Metallicize","Chaos"],"picked":"Static Discharge","floor":1},{"not_picked":["Sword Boomerang","Steam"],"picked":"Anger","floor":2},{"not_picked":["Flex","Capacitor"],"picked":"True Grit","floor":4},{"not_picked":["Amplify","Bludgeon"],"picked":"Demon Form","floor":6},{"not_picked":["Corruption","Buffer","Brutality"],"picked":"SKIP","floor":8},{"not_picked":["Double Tap","Rainbow"],"picked":"Core Surge","floor":10},{"not_picked":["True Grit","Anger","Streamline"],"picked":"SKIP","floor":14},{"not_picked":["Offering","Immolate"],"picked":"Berserk","floor":16},{"not_picked":["Clothesline","True Grit"],"picked":"Dropkick","floor":17},{"not_picked":["Double Energy","Streamline+1","Compile Driver"],"picked":"SKIP","floor":18},{"not_picked":["Spot Weakness","Sever Soul"],"picked":"Heavy Blade+1","floor":19},{"not_picked":["Rainbow","Inflame","Streamline"],"picked":"SKIP","floor":24},{"not_picked":["Inflame","Streamline"],"picked":"Rainbow","floor":24},{"not_picked":["Offering","Brutality"],"picked":"All For One","floor":25},{"not_picked":["Double Energy","Iron Wave"],"picked":"Steam","floor":27}],"player_experience":649452,"relics_obtained":[{"floor":6,"key":"Unceasing Top"},{"floor":8,"key":"MawBank"},{"floor":9,"key":"Centennial Puzzle"},{"floor":10,"key":"Bottled Flame"},{"floor":25,"key":"Mummified Hand"},{"floor":26,"key":"Nunchaku"}],"event_choices":[{"cards_removed":["Strike_R"],"damage_healed":0,"gold_gain":0,"player_choice":"Card Removal","damage_taken":0,"max_hp_gain":0,"max_hp_loss":0,"event_name":"The Cleric","floor":5,"gold_loss":50},{"damage_healed":0,"gold_gain":0,"player_choice":"Upgraded","damage_taken":0,"max_hp_gain":0,"max_hp_loss":0,"event_name":"Upgrade Shrine","floor":11,"gold_loss":0,"cards_upgraded":["Anger"]},{"damage_healed":0,"gold_gain":0,"player_choice":"Opened","damage_taken":0,"relics_obtained":["Dream Catcher"],"max_hp_gain":0,"max_hp_loss":0,"event_name":"The Mausoleum","floor":21,"gold_loss":0},{"cards_removed":["Defend_R"],"damage_healed":0,"gold_gain":0,"player_choice":"Gave Gold","damage_taken":0,"max_hp_gain":0,"max_hp_loss":0,"event_name":"Beggar","floor":22,"gold_loss":75},{"damage_healed":0,"gold_gain":0,"player_choice":"","damage_taken":6,"max_hp_gain":0,"max_hp_loss":0,"event_name":"Knowing Skull","floor":28,"potions_obtained":[],"gold_loss":0,"cards_obtained":[]}],"is_beta":true,"boss_relics":[{"not_picked":["Velvet Choker","Snecko Eye"],"picked":"Tiny House"}],"items_purged_floors":[3,20],"is_endless":false,"potions_floor_spawned":[1,6,8,18,19,27],"killed_by":"Gremlin Leader","ascension_level":0}}