{"host":"6azrrw3tf7wb0f4b","time":1611728396,"event":{"mods":["BaseMod","DeckTracker","Minty Spire (QoL Compilation)","SuperFastMode"],"gold_per_floor":[112,132,150,168,93,93,93,104,104,104,116,13,33,43,43,43,43],"floor_reached":16,"language":"KOR","playtime":323,"items_purged":["Strike_R"],"score":178,"play_id":"4e10e8eb-4020-46b4-b2c1-a400f98c09b4","local_time":"20210127151956","is_ascension_mode":true,"campfire_choices":[{"data":"Armaments","floor":6,"key":"SMITH"},{"floor":15,"key":"REST"}],"circlet_count":0,"master_deck":["AscendersBane","Strike_R","Strike_R","Defend_R","Defend_R","Defend_R","Defend_R","Bash","Pommel Strike","Armaments+1","Feel No Pain","Feed","Bash","Dark Embrace","Clothesline","True Grit","Feel No Pain"],"relics":["Burning Blood","NeowsBlessing","Girya"],"acts_visited":["Exordium"],"potions_floor_usage":[8,11,13],"damage_taken":[{"damage":0,"enemies":"Jaw Worm","floor":1,"turns":1},{"damage":0,"enemies":"Small Slimes","floor":2,"turns":1},{"damage":0,"enemies":"Cultist","floor":3,"turns":1},{"damage":23,"enemies":"Large Slime","floor":4,"turns":9},{"damage":21,"enemies":"Red Slaver","floor":8,"turns":5},{"damage":35,"enemies":"Exordium Thugs","floor":11,"turns":6},{"damage":17,"enemies":"Lots of Slimes","floor":13,"turns":6},{"damage":18,"enemies":"3 Louse","floor":14,"turns":5},{"damage":52,"enemies":"Slime Boss","floor":16,"turns":7}],"seed_played":"-1819812100491192546","potions_obtained":[{"floor":2,"key":"SpeedPotion"},{"floor":8,"key":"SteroidPotion"},{"floor":11,"key":"BloodPotion"}],"is_trial":false,"path_per_floor":["M","M","M","M","?","R","?","M","T","?","M","$","M","M","R","B"],"character_chosen":"IRONCLAD","items_purchased":["True Grit"],"campfire_rested":1,"item_purchase_floors":[12],"current_hp_per_floor":[74,75,75,58,58,58,58,46,46,46,21,21,29,20,46,0,0],"gold":43,"neow_bonus":"THREE_ENEMY_KILL","is_daily":false,"chose_seed":false,"campfire_upgraded":1,"win_rate":0.0,"timestamp":1611728396,"path_taken":["M","M","M","M","?","R","?","?","T","?","?","?","?","M","R","BOSS"],"items_purchased_type":["Card"],"build_version":"2020-12-22","purchased_purges":1,"victory":false,"max_hp_per_floor":[75,75,75,75,75,75,75,78,78,78,82,82,85,88,88,88,88],"card_choices":[{"not_picked":["Iron Wave","Havoc"],"picked":"Pommel Strike","floor":1},{"not_picked":["Twin Strike","Rupture"],"picked":"Armaments","floor":2},{"not_picked":["Headbutt","Havoc"],"picked":"Feel No Pain","floor":3},{"not_picked":["Twin Strike","Sword Boomerang"],"picked":"Feed","floor":4},{"not_picked":["Bloodletting","Iron Wave"],"picked":"Dark Embrace","floor":8},{"not_picked":["Havoc","Pommel Strike","Cleave"],"picked":"SKIP","floor":11},{"not_picked":["Havoc","Cleave","Armaments"],"picked":"SKIP","floor":13},{"not_picked":["Thunderclap","Shrug It Off"],"picked":"Feel No Pain","floor":14}],"player_experience":734779,"relics_obtained":[{"floor":9,"key":"Girya"}],"event_choices":[{"cards_removed":["Strike_R"],"damage_healed":0,"gold_gain":0,"player_choice":"Card Removal","damage_taken":0,"max_hp_gain":0,"max_hp_loss":0,"event_name":"The Cleric","floor":5,"gold_loss":75},{"damage_healed":0,"gold_gain":0,"player_choice":"1 cards matched","damage_taken":0,"max_hp_gain":0,"max_hp_loss":0,"event_name":"Match and Keep!","floor":7,"gold_loss":0,"cards_obtained":["Bash"]},{"damage_healed":0,"gold_gain":0,"cards_transformed":["Strike_R"],"player_choice":"Transformed","damage_taken":0,"max_hp_gain":0,"max_hp_loss":0,"event_name":"Transmorgrifier","floor":10,"gold_loss":0,"cards_obtained":["Clothesline"]}],"is_beta":false,"boss_relics":[],"items_purged_floors":[12],"is_endless":false,"potions_floor_spawned":[2,8,11],"killed_by":"Slime Boss","ascension_level":17}}