{"host":"ctlqibkg0sskiu65","time":1611731751,"event":{"mods":["AchievementEnabler","Aspiration","BaseMod","BetterRewards","Colored Map","Colored Powertips","Conspire","Fiend Mod","Infinite Spire","Minty Spire (QoL Compilation)","Quick Restart","Replay The Spire","Shop Mod","StSLib","The Bladedancer","The Cursed","The Hierophant","The Jungle","The Kombatant","The Servant 0.9.4","TheBandit"],"gold_per_floor":[112,125,125,135,35,35,35],"floor_reached":6,"language":"ENG","playtime":289,"items_purged":["Strike_G","Defend_G"],"score":68,"play_id":"c647151c-6c61-4726-ad54-96a7c5653bb2","local_time":"20210127011551","is_ascension_mode":true,"campfire_choices":[],"circlet_count":0,"master_deck":["AscendersBane","Strike_G","Strike_G","Strike_G","Strike_G","Defend_G","Defend_G","Defend_G","Defend_G","Survivor","Neutralize","Quick Slash","Panacea","ReplayTheSpireMod:Speed Training","Backflip","Injury","Tactician+1"],"relics":["Ring of the Snake","aspiration:Nostalgia","Burning Blood","Toxic Egg 2"],"acts_visited":["Exordium"],"potions_floor_usage":[6],"damage_taken":[{"damage":1.0,"enemies":"Cultist","floor":1.0,"turns":4.0},{"damage":1.0,"enemies":"2 Louse","floor":2.0,"turns":5.0},{"damage":1.0,"enemies":"Small Slimes","floor":4.0,"turns":3.0},{"damage":83,"enemies":"Lagavulin","floor":6,"turns":15}],"seed_played":"6810926750286297931","potions_obtained":[{"floor":1.0,"key":"Explosive Potion"},{"floor":4.0,"key":"EssenceOfSteel"}],"is_trial":false,"path_per_floor":["M","M","?","M","$","E"],"character_chosen":"THE_SILENT","items_purchased":["aspiration:Nostalgia","Quick Slash","Panacea"],"campfire_rested":0,"item_purchase_floors":[0,0,0],"current_hp_per_floor":[64,66,66,66,66,0,0],"gold":35,"neow_bonus":"","is_daily":false,"chose_seed":false,"campfire_upgraded":0,"win_rate":0.0,"timestamp":1611731751,"path_taken":["M","?","?","M","$","E"],"items_purchased_type":["Relic","Card","Card"],"build_version":"2020-12-22","purchased_purges":2,"victory":false,"max_hp_per_floor":[66,66,66,66,66,66,66],"card_choices":[{"not_picked":["Reflex","Concentrate"],"picked":"ReplayTheSpireMod:Speed Training","floor":1.0},{"not_picked":["Dagger Throw","Bouncing Flask"],"picked":"Backflip","floor":2.0},{"not_picked":["Slice","Masterful Stab"],"picked":"Tactician+1","floor":4.0}],"player_experience":251749,"relics_obtained":[],"event_choices":[],"is_beta":false,"boss_relics":[],"items_purged_floors":[0,5],"is_endless":false,"potions_floor_spawned":[1,4],"killed_by":"Lagavulin","ascension_level":18}}