{"host":"ELF","time":1611720075,"event":{"mods":["BaseMod","Bestiary","Minty Spire (QoL Compilation)","Relic Stats","Slay the Relics Exporter"],"gold_per_floor":[219,238,81,97,97,97,128,203,278,301,301,301],"floor_reached":11,"language":"ENG","playtime":701,"items_purged":[],"score":142,"play_id":"c9e6e4de-9db1-4139-b6b2-7c378a3aee5e","local_time":"20210126220115","is_ascension_mode":true,"campfire_choices":[{"data":"Perfected Strike","floor":6,"key":"SMITH"}],"circlet_count":0,"master_deck":["AscendersBane","Strike_R","Strike_R","Strike_R","Strike_R","Strike_R","Defend_R","Defend_R","Defend_R","Defend_R","Bash","Twin Strike","Perfected Strike+1","Twin Strike","Feel No Pain","Hemokinesis"],"relics":["Burning Blood","Oddly Smooth Stone","Golden Idol","Happy Flower","Letter Opener"],"acts_visited":["Exordium"],"potions_floor_usage":[7,7],"damage_taken":[{"damage":7,"enemies":"Cultist","floor":1,"turns":4},{"damage":8,"enemies":"2 Louse","floor":2,"turns":4},{"damage":12,"enemies":"Jaw Worm","floor":4,"turns":2},{"damage":33,"enemies":"3 Sentries","floor":7,"turns":9},{"damage":8,"enemies":"Blue Slaver","floor":10,"turns":3},{"damage":34,"enemies":"Lagavulin","floor":11,"turns":5}],"seed_played":"-6567267968678215712","potions_obtained":[{"floor":2,"key":"LiquidBronze"},{"floor":4,"key":"ColorlessPotion"}],"is_trial":false,"path_per_floor":["M","M","$","M","?","R","E","?","T","M","E"],"character_chosen":"IRONCLAD","items_purchased":["Oddly Smooth Stone"],"campfire_rested":0,"item_purchase_floors":[3],"current_hp_per_floor":[67,65,65,59,59,59,32,21,21,19,0,0],"gold":301,"neow_bonus":"HUNDRED_GOLD","is_daily":false,"chose_seed":false,"campfire_upgraded":1,"win_rate":0.0,"timestamp":1611720075,"path_taken":["M","M","$","M","?","R","E","?","T","M","E"],"items_purchased_type":["Relic"],"build_version":"2020-12-18","purchased_purges":0,"victory":false,"max_hp_per_floor":[75,75,75,75,68,68,68,68,68,68,68,68],"relic_stats":{"Happy Flower":[2],"counters":[6,27],"Golden Idol":11,"Letter Opener":[0],"obtain_stats":[{"Happy Flower":7,"Golden Idol":5,"Oddly Smooth Stone":3,"Letter Opener":9,"Burning Blood":0},{"Happy Flower":4,"Golden Idol":3,"Oddly Smooth Stone":2,"Letter Opener":4,"Burning Blood":0},{"Happy Flower":19,"Golden Idol":10,"Oddly Smooth Stone":8,"Letter Opener":19,"Burning Blood":0}],"Burning Blood":30},"card_choices":[{"not_picked":["Havoc","Iron Wave"],"picked":"Twin Strike","floor":1},{"not_picked":["Intimidate","Rage"],"picked":"Perfected Strike","floor":2},{"not_picked":["Entrench","Thunderclap"],"picked":"Twin Strike","floor":4},{"not_picked":["Sever Soul","Cleave"],"picked":"Feel No Pain","floor":7},{"not_picked":["Clothesline","Heavy Blade"],"picked":"Hemokinesis","floor":10}],"player_experience":3316512,"relics_obtained":[{"floor":7,"key":"Happy Flower"},{"floor":9,"key":"Letter Opener"}],"event_choices":[{"damage_healed":0,"gold_gain":0,"player_choice":"Lose Max HP","damage_taken":0,"relics_obtained":["Golden Idol"],"max_hp_gain":0,"max_hp_loss":7,"event_name":"Golden Idol","floor":5,"gold_loss":0},{"damage_healed":0,"gold_gain":75,"player_choice":"Gather Gold","damage_taken":11,"max_hp_gain":0,"max_hp_loss":0,"event_name":"World of Goop","floor":8,"gold_loss":0}],"is_beta":true,"boss_relics":[],"items_purged_floors":[],"is_endless":false,"potions_floor_spawned":[2,4],"killed_by":"Lagavulin","ascension_level":19}}