{"host":"0p0n41frih4f9rxw","time":1611727546,"event":{"mods":["Act Like it!","BaseMod","Downfall","Hubris","Minty Spire (QoL Compilation)","Replay The Spire","StSLib","The Animator","The Servant 0.9.4"],"gold_per_floor":[114,114,130,130,142,142,154,154,154,185,185,15,55,75,75,75,75],"floor_reached":16,"language":"ENG","playtime":530,"items_purged":[],"score":100,"play_id":"e728d509-373a-49ab-bf38-427ec270e517","local_time":"20210127060546","is_ascension_mode":false,"campfire_choices":[{"data":"ReplayTheSpireMod:Necrosis","floor":6,"key":"SMITH"},{"floor":8,"key":"REST"},{"floor":15,"key":"REST"}],"circlet_count":0,"master_deck":["ReplayTheSpireMod:Necrosis+1","Strike_S","Strike_S","Strike_S","Strike_S","Defend_S","Defend_S","Defend_S","Defend_S","KidneyShot","Exchange","TimeTheft","Regret","BottledTime","KidneyShot","FloweringNight","Rearm","Moonlight","Parasite","Ricochet","ShiftingGears","BottledTime","Gouge"],"relics":["Uniform","Toy Ornithopter","Regal Pillow","hubris:SphereOfDissonance","Replay:Multitool","Frozen Eye","hubris:TenFootPole"],"acts_visited":["Exordium"],"potions_floor_usage":[10,14,16],"damage_taken":[{"damage":0,"enemies":"Cultist","floor":1,"turns":4},{"damage":9,"enemies":"Small Slimes","floor":3,"turns":4},{"damage":15,"enemies":"Jaw Worm","floor":5,"turns":4},{"damage":10,"enemies":"Blue Slaver","floor":7,"turns":4},{"damage":47,"enemies":"Gremlin Nob","floor":10,"turns":6},{"damage":16,"enemies":"2 Fungi Beasts","floor":14,"turns":4},{"damage":69,"enemies":"Hexaghost","floor":16,"turns":8}],"seed_played":"8516450852349809222","potions_obtained":[{"floor":1,"key":"SneckoOil"},{"floor":5,"key":"Toxic Potion"},{"floor":10,"key":"ColorlessPotion"},{"floor":13,"key":"Energy Potion"}],"is_trial":false,"path_per_floor":["M","?","M","?","M","R","M","R","T","E","?","$","?","M","R","B"],"character_chosen":"THE_SERVANT","items_purchased":["Frozen Eye","Ricochet"],"campfire_rested":2,"item_purchase_floors":[12,12],"current_hp_per_floor":[65,65,56,56,41,41,31,65,65,23,39,39,39,28,62,0,0],"gold":75,"neow_bonus":"RANDOM_COMMON_RELIC","is_daily":false,"chose_seed":false,"campfire_upgraded":1,"win_rate":0.0,"timestamp":1611727546,"path_taken":["M","?","M","?","?","R","M","R","T","E","?","$","?","M","R","BOSS"],"items_purchased_type":["Relic","Card"],"build_version":"2020-12-22","purchased_purges":0,"victory":false,"max_hp_per_floor":[65,65,65,65,65,65,65,65,65,65,65,65,65,65,65,65,65],"card_choices":[{"not_picked":["StarChef","TimeWarp"],"picked":"TimeTheft","floor":1},{"not_picked":["Ricochet","Revamp"],"picked":"BottledTime","floor":3},{"not_picked":["Moondial","Shuttle","DoubleEdge"],"picked":"SKIP","floor":5},{"not_picked":["GearUp","MoonPhase"],"picked":"Rearm","floor":7},{"not_picked":["ReturningBlade","Potential"],"picked":"Moonlight","floor":10},{"not_picked":["StarChef","Solidify"],"picked":"ShiftingGears","floor":13},{"not_picked":["Spin","StarChef"],"picked":"BottledTime","floor":13},{"not_picked":["Potential","Snipe"],"picked":"Gouge","floor":14}],"player_experience":141236,"relics_obtained":[{"floor":9,"key":"hubris:SphereOfDissonance"},{"floor":10,"key":"Replay:Multitool"},{"floor":13,"key":"hubris:TenFootPole"}],"event_choices":[{"damage_healed":0,"gold_gain":0,"player_choice":"Box","damage_taken":0,"relics_obtained":["Regal Pillow"],"max_hp_gain":0,"max_hp_loss":0,"event_name":"Big Fish","floor":2,"gold_loss":0,"cards_obtained":["Regret"]},{"damage_healed":0,"gold_gain":0,"player_choice":"2 cards matched","damage_taken":0,"max_hp_gain":0,"max_hp_loss":0,"event_name":"Match and Keep!","floor":4,"gold_loss":0,"cards_obtained":["KidneyShot","FloweringNight"]},{"damage_healed":16,"gold_gain":0,"player_choice":"Healed and dodged fight","damage_taken":0,"max_hp_gain":0,"max_hp_loss":0,"event_name":"Mushrooms","floor":11,"gold_loss":0,"cards_obtained":["Parasite"]}],"is_beta":false,"boss_relics":[],"items_purged_floors":[],"is_endless":false,"potions_floor_spawned":[1,5,10],"killed_by":"Hexaghost","ascension_level":0}}