{"host":"szp1d6dso4pv7ddl","time":1611730886,"event":{"mods":["AchievementEnabler","Alarm Clock","BaseMod","Bestiary","Block Reminder","Colored Map","Colored Powertips","Curses Come First","Dark Map","Displayed Cursed Tome","Highlight Path","Minty Spire (QoL Compilation)","Permanent Neow","Quick Restart","Relic Sorter","Relic Stats","StSLib","Synergy Search"],"gold_per_floor":[367,292,311,211,231,231,231,243,255,286,298,328,415,274,274,372,372,372,372,372,372,21,33,33,43,43,53,53,63,63,63,63],"floor_reached":31,"language":"ENG","playtime":1119,"items_purged":["Defend_R","Strike_R","Strike_R"],"score":225,"play_id":"8c36feb9-0f97-4fa6-92fc-7755ddd7d9e4","local_time":"20210126230126","is_ascension_mode":false,"campfire_choices":[{"data":"Anger","floor":6,"key":"SMITH"},{"data":"Bash","floor":8,"key":"SMITH"},{"floor":11,"key":"REST"},{"data":"True Grit","floor":15,"key":"SMITH"},{"data":"Rage","floor":24,"key":"SMITH"}],"circlet_count":0,"master_deck":["Strike_R","Strike_R","Defend_R","Defend_R","Bash+1","Dropkick","Rage+1","True Grit+1","Sever Soul+1","Cleave","Feel No Pain","Shrug It Off","Dropkick"],"relics":["Burning Blood","MawBank","Self Forming Clay","Orrery","Astrolabe","DollysMirror","Blue Candle"],"acts_visited":["Exordium","TheCity"],"potions_floor_usage":[18],"damage_taken":[{"damage":5,"enemies":"Cultist","floor":1,"turns":4},{"damage":0,"enemies":"Small Slimes","floor":3,"turns":3},{"damage":6,"enemies":"Jaw Worm","floor":5,"turns":3},{"damage":6,"enemies":"Blue Slaver","floor":10,"turns":3},{"damage":8,"enemies":"3 Louse","floor":12,"turns":4},{"damage":47,"enemies":"Hexaghost","floor":16,"turns":10},{"damage":2,"enemies":"Shell Parasite","floor":18,"turns":2},{"damage":7,"enemies":"Chosen","floor":23,"turns":5},{"damage":11,"enemies":"Centurion and Healer","floor":25,"turns":6},{"damage":29,"enemies":"Snecko","floor":27,"turns":5},{"damage":16,"enemies":"Shelled Parasite and Fungi","floor":29,"turns":9},{"damage":48,"enemies":"Sentry and Sphere","floor":31,"turns":13}],"seed_played":"-8372188051026584381","potions_obtained":[{"floor":10,"key":"SmokeBomb"},{"floor":12,"key":"BlessingOfTheForge"}],"is_trial":false,"path_per_floor":["M","$","M","$","M","R","?","R","T","M","R","M","?","$","R","B",null,"M","?","$","?","$","M","R","M","T","M","$","M","?","M"],"character_chosen":"IRONCLAD","items_purchased":["Orrery","DollysMirror","GamblersBrew"],"campfire_rested":1,"item_purchase_floors":[14,22,22],"current_hp_per_floor":[57,57,63,63,63,63,56,56,56,56,80,78,67,67,67,26,80,80,80,80,80,80,79,79,74,74,51,51,41,41,0,0],"gold":63,"neow_bonus":"TWO_FIFTY_GOLD","is_daily":false,"chose_seed":false,"campfire_upgraded":4,"win_rate":0.0,"timestamp":1611730886,"path_taken":["M","$","M","$","?","R","?","R","T","M","R","M","?","$","R","BOSS","M","?","$","?","$","M","R","M","T","M","$","M","?","M"],"items_purchased_type":["Relic","Relic","Potion"],"build_version":"2020-12-22","purchased_purges":3,"victory":false,"max_hp_per_floor":[80,80,80,80,80,80,80,80,80,80,80,80,80,80,80,80,80,80,80,80,80,80,80,80,80,80,80,80,80,80,80,80],"relic_stats":{"counters":[12,67],"Self Forming Clay":[90],"Astrolabe":["Sever Soul","Blood for Blood","Spot Weakness"],"Blue Candle":[0],"MawBank":84,"obtain_stats":[{"Self Forming Clay":9,"DollysMirror":22,"Astrolabe":17,"Blue Candle":26,"Orrery":14,"MawBank":7,"Burning Blood":0},{"Self Forming Clay":3,"DollysMirror":7,"Astrolabe":6,"Blue Candle":9,"Orrery":5,"MawBank":3,"Burning Blood":0},{"Self Forming Clay":10,"DollysMirror":29,"Astrolabe":27,"Blue Candle":40,"Orrery":17,"MawBank":10,"Burning Blood":0}],"Burning Blood":62},"card_choices":[{"not_picked":["Body Slam","Sword Boomerang"],"picked":"Anger","floor":1},{"not_picked":["Pommel Strike","Sword Boomerang","Blood for Blood"],"picked":"SKIP","floor":3},{"not_picked":["Reaper","Wild Strike","Hemokinesis"],"picked":"SKIP","floor":5},{"not_picked":["Perfected Strike","Cleave","Warcry"],"picked":"SKIP","floor":10},{"not_picked":["Sword Boomerang","Shrug It Off"],"picked":"Dropkick","floor":12},{"not_picked":["Clothesline","Second Wind"],"picked":"Rage","floor":14},{"not_picked":["Headbutt","Flex"],"picked":"True Grit","floor":14},{"not_picked":["Clothesline","Sword Boomerang","Armaments"],"picked":"SKIP","floor":23},{"not_picked":["Flex","Clash+1","Twin Strike+1"],"picked":"SKIP","floor":25},{"not_picked":["Searing Blow","Thunderclap","Anger"],"picked":"SKIP","floor":27},{"not_picked":["Immolate","Iron Wave","Bloodletting"],"picked":"SKIP","floor":29}],"player_experience":1294739,"relics_obtained":[{"floor":9,"key":"Self Forming Clay"},{"floor":26,"key":"Blue Candle"}],"event_choices":[{"damage_healed":0,"gold_gain":0,"player_choice":"Success","damage_taken":7,"relics_obtained":["MawBank"],"max_hp_gain":0,"max_hp_loss":0,"event_name":"Scrap Ooze","floor":7,"gold_loss":0},{"damage_healed":0,"gold_gain":75,"player_choice":"Gather Gold","damage_taken":11,"max_hp_gain":0,"max_hp_loss":0,"event_name":"World of Goop","floor":13,"gold_loss":0},{"damage_healed":0,"gold_gain":0,"cards_transformed":["Spot Weakness","Blood for Blood"],"player_choice":"Became Test Subject","damage_taken":0,"max_hp_gain":0,"max_hp_loss":0,"event_name":"Drug Dealer","floor":19,"gold_loss":0,"cards_obtained":["Cleave","Feel No Pain"]},{"damage_healed":0,"gold_gain":0,"player_choice":"Read","damage_taken":0,"max_hp_gain":0,"max_hp_loss":0,"event_name":"The Library","floor":21,"gold_loss":0,"cards_obtained":["Shrug It Off"]},{"damage_healed":0,"gold_gain":0,"player_choice":"Ignored","damage_taken":0,"max_hp_gain":0,"max_hp_loss":0,"event_name":"Cursed Tome","floor":30,"gold_loss":0}],"is_beta":false,"boss_relics":[{"not_picked":["Pandora\u0027s Box","Snecko Eye"],"picked":"Astrolabe"}],"items_purged_floors":[2,4,22],"is_endless":false,"potions_floor_spawned":[10,12,18],"killed_by":"Sentry and Sphere","ascension_level":0}}