{"host":"x7xd4wkamhrqrrvw","time":1611790182,"event":{"mods":["AchievementEnabler","BaseMod","Minty Spire (QoL Compilation)","StSLib"],"gold_per_floor":[119,119,119,44,60,90,90,118,118,148,148,165,179,193,193,295,295,312,312,312,327,2,2,335,335,385,10,41,91,114,161,173,284,296,324,386,18,35,35,62,62,89,89,124,124,124,124,143,143,143,143,143,4,31,31],"floor_reached":56,"language":"ENG","playtime":2607,"items_purged":["Strike_G","Strike_G"],"score":2230,"play_id":"b909e743-4915-4628-8b66-1ab793a639a2","local_time":"20210127212942","is_ascension_mode":true,"campfire_choices":[{"data":"Deadly Poison","floor":7.0,"key":"SMITH"},{"floor":11.0,"key":"REST"},{"data":"Catalyst","floor":15.0,"key":"SMITH"},{"data":"Wraith Form v2","floor":23.0,"key":"SMITH"},{"data":"Strike_G","floor":25.0,"key":"PURGE"},{"data":"Noxious Fumes","floor":32,"key":"SMITH"},{"data":"Well Laid Plans","floor":41,"key":"SMITH"},{"floor":47,"key":"RECALL"},{"data":"Defend_G","floor":49,"key":"PURGE"},{"data":"Defend_G","floor":52,"key":"PURGE"}],"circlet_count":0,"master_deck":["AscendersBane","Defend_G","Survivor","Neutralize","Deadly Poison+1","Catalyst+1","Footwork","Poisoned Stab","Noxious Fumes+1","Wraith Form v2+1","Adrenaline+1","PiercingWail+1","Adrenaline+1","Well Laid Plans+1","Expertise+1","After Image","Catalyst+1","Deadly Poison+1","Noxious Fumes"],"relics":["Ring of the Snake","NeowsBlessing","Peace Pipe","Toxic Egg 2","Tingsha","Odd Mushroom","Coffee Dripper","Medical Kit","Old Coin","Incense Burner","Torii","MawBank","Strawberry","Cursed Key","Ginger","TungstenRod","Letter Opener","Paper Crane","Singing Bowl","Happy Flower"],"acts_visited":["Exordium","TheCity","TheBeyond","TheEnding"],"potions_floor_usage":[48,50,55,55],"damage_taken":[{"damage":0.0,"enemies":"Small Slimes","floor":1.0,"turns":1.0},{"damage":0.0,"enemies":"2 Louse","floor":5.0,"turns":1.0},{"damage":0.0,"enemies":"Gremlin Nob","floor":6.0,"turns":1.0},{"damage":17.0,"enemies":"Lagavulin","floor":8.0,"turns":6.0},{"damage":23.0,"enemies":"The Mushroom Lair","floor":10.0,"turns":6.0},{"damage":0.0,"enemies":"Jaw Worm","floor":12.0,"turns":3.0},{"damage":0.0,"enemies":"3 Louse","floor":13.0,"turns":2.0},{"damage":12.0,"enemies":"Blue Slaver","floor":14.0,"turns":4.0},{"damage":1.0,"enemies":"Slime Boss","floor":16.0,"turns":10.0},{"damage":12.0,"enemies":"3 Byrds","floor":18.0,"turns":7.0},{"damage":0.0,"enemies":"Shell Parasite","floor":21.0,"turns":5.0},{"damage":1.0,"enemies":"Book of Stabbing","floor":24.0,"turns":5.0},{"damage":0,"enemies":"Gremlin Leader","floor":28,"turns":5},{"damage":0,"enemies":"Centurion and Healer","floor":30,"turns":5},{"damage":1,"enemies":"Book of Stabbing","floor":31,"turns":6},{"damage":1,"enemies":"Collector","floor":33,"turns":6},{"damage":0,"enemies":"3 Shapes","floor":35,"turns":3},{"damage":0,"enemies":"Mind Bloom Boss Battle","floor":36,"turns":6},{"damage":0,"enemies":"Orb Walker","floor":38,"turns":2},{"damage":0,"enemies":"Nemesis","floor":40,"turns":5},{"damage":0,"enemies":"Reptomancer","floor":42,"turns":2},{"damage":0,"enemies":"Nemesis","floor":44,"turns":5},{"damage":0,"enemies":"4 Shapes","floor":48,"turns":3},{"damage":12,"enemies":"Awakened One","floor":50,"turns":10},{"damage":0,"enemies":"Shield and Spear","floor":54,"turns":5},{"damage":0,"enemies":"The Heart","floor":55,"turns":6}],"seed_played":"7087078265506064731","potions_obtained":[{"floor":1.0,"key":"Strength Potion"},{"floor":5.0,"key":"ColorlessPotion"},{"floor":12.0,"key":"SkillPotion"},{"floor":14.0,"key":"Ancient Potion"},{"floor":18.0,"key":"Fruit Juice"},{"floor":24.0,"key":"SkillPotion"},{"floor":35,"key":"GhostInAJar"},{"floor":38,"key":"Weak Potion"},{"floor":48,"key":"Fruit Juice"}],"is_trial":false,"path_per_floor":["M","?","?","$","M","E","R","E","T","?","R","M","M","M","R","B",null,"M","?","?","M","$","R","E","R","T","$","E","T","M","E","R","B",null,"M","?","$","M","?","E","R","E","T","E","T","?","R","M","R","B",null,"R","$","E","B",null],"character_chosen":"THE_SILENT","items_purchased":["Adrenaline+1","Medical Kit","Well Laid Plans","Incense Burner","Catalyst+1","TungstenRod","BlessingOfTheForge","ColorlessPotion","Noxious Fumes"],"campfire_rested":1,"item_purchase_floors":[22,22,27,27,37,37,53,53,53],"current_hp_per_floor":[63,63,56,56,56,56,56,39,39,16,37,37,37,25,25,24,59,52,52,52,52,52,52,51,51,51,51,51,51,51,57,57,56,76,76,76,76,76,76,76,76,76,76,78,78,78,78,85,85,73,87,87,87,89,89],"gold":31,"neow_bonus":"THREE_ENEMY_KILL","is_daily":false,"chose_seed":false,"campfire_upgraded":5,"win_rate":0.0,"timestamp":1611790182,"path_taken":["M","?","?","?","M","E","R","E","T","?","R","M","?","M","R","BOSS","M","?","?","M","$","R","E","R","T","?","E","?","M","E","R","BOSS","M","?","?","?","?","E","R","E","T","E","?","?","R","?","R","BOSS","R","$","E","BOSS"],"items_purchased_type":["Card","Relic","Card","Relic","Card","Relic","Potion","Potion","Card"],"build_version":"2020-12-22","purchased_purges":2,"victory":true,"max_hp_per_floor":[70,70,70,70,70,70,70,70,70,70,70,70,70,70,70,70,70,75,75,75,75,75,75,75,75,75,75,75,75,75,82,82,82,82,82,82,82,82,82,82,82,82,82,84,84,84,84,91,91,91,91,91,91,93,93],"card_choices":[{"not_picked":["Heel Hook","Concentrate","Outmaneuver"],"picked":"SKIP","floor":1.0},{"not_picked":["Footwork","Eviscerate"],"picked":"Deadly Poison","floor":5.0},{"not_picked":["Backflip","Blur"],"picked":"Catalyst","floor":6.0},{"not_picked":["Underhanded Strike","Acrobatics+1"],"picked":"Footwork","floor":8.0},{"not_picked":["Sucker Punch","Slice"],"picked":"Poisoned Stab","floor":12.0},{"not_picked":["Deflect+1","Quick Slash"],"picked":"Noxious Fumes","floor":13.0},{"not_picked":["Accuracy","Reflex+1"],"picked":"Wraith Form v2","floor":14.0},{"not_picked":["Phantasmal Killer+1","Malaise+1"],"picked":"Adrenaline+1","floor":16.0},{"not_picked":["Tactician+1","Deflect+1","Concentrate+1"],"picked":"SKIP","floor":18.0},{"not_picked":["Noxious Fumes","PiercingWail+1","Bane"],"picked":"SKIP","floor":21.0},{"not_picked":["Terror+1","Deflect+1","Backstab+1"],"picked":"SKIP","floor":24.0},{"not_picked":["Escape Plan+1","Flechettes","Poisoned Stab"],"picked":"SKIP","floor":28},{"not_picked":["Dodge and Roll+1","Accuracy"],"picked":"Expertise+1","floor":30},{"not_picked":["Dagger Throw","Poisoned Stab+1","Flechettes"],"picked":"SKIP","floor":31},{"not_picked":["A Thousand Cuts","Unload"],"picked":"After Image","floor":33},{"not_picked":["Eviscerate+1","Cloak And Dagger+1","Backstab"],"picked":"SKIP","floor":35},{"not_picked":["Acrobatics+1","Flying Knee+1"],"picked":"Deadly Poison+1","floor":38},{"not_picked":["Reflex+1","Phantasmal Killer+1","Predator"],"picked":"SKIP","floor":40},{"not_picked":["Deadly Poison+1","Slice","Skewer+1"],"picked":"SKIP","floor":42},{"not_picked":["Reflex+1","Escape Plan+1","Eviscerate"],"picked":"Singing Bowl","floor":44},{"not_picked":["Dodge and Roll+1","Bouncing Flask+1","All Out Attack+1"],"picked":"Singing Bowl","floor":48},{"not_picked":["Deflect+1","Poisoned Stab+1","Acrobatics+1"],"picked":"Singing Bowl","floor":54}],"player_experience":401624,"relics_obtained":[{"floor":6.0,"key":"Peace Pipe"},{"floor":8.0,"key":"Toxic Egg 2"},{"floor":9.0,"key":"Tingsha"},{"floor":10.0,"key":"Odd Mushroom"},{"floor":24.0,"key":"Old Coin"},{"floor":28,"key":"Torii"},{"floor":29,"key":"MawBank"},{"floor":31,"key":"Strawberry"},{"floor":36,"key":"Ginger"},{"floor":40,"key":"Letter Opener"},{"floor":42,"key":"Paper Crane"},{"floor":44,"key":"Singing Bowl"},{"floor":54,"key":"Happy Flower"}],"event_choices":[{"damage_healed":0.0,"max_hp_gain":0.0,"max_hp_loss":0.0,"gold_gain":0.0,"cards_transformed":["Strike_G"],"event_name":"Living Wall","player_choice":"Change","floor":2.0,"gold_loss":0.0,"damage_taken":0.0,"cards_obtained":["Finisher"]},{"cards_removed":["Defend_G"],"damage_healed":0.0,"max_hp_gain":0.0,"max_hp_loss":0.0,"gold_gain":0.0,"event_name":"Golden Wing","player_choice":"Card Removal","floor":3.0,"gold_loss":0.0,"damage_taken":7.0},{"damage_healed":0.0,"max_hp_gain":0.0,"max_hp_loss":0.0,"gold_gain":0.0,"event_name":"Mushrooms","player_choice":"Fought Mushrooms","floor":10.0,"gold_loss":0.0,"damage_taken":0.0},{"damage_healed":0.0,"max_hp_gain":0.0,"max_hp_loss":0.0,"gold_gain":0.0,"event_name":"Vampires","player_choice":"Ignored","floor":19.0,"gold_loss":0.0,"damage_taken":0.0},{"damage_healed":0.0,"max_hp_gain":0.0,"max_hp_loss":0.0,"gold_gain":0.0,"cards_transformed":["Finisher","Strike_G"],"event_name":"Drug Dealer","player_choice":"Became Test Subject","floor":20.0,"gold_loss":0.0,"damage_taken":0.0,"cards_obtained":["PiercingWail","Unload"]},{"damage_healed":0,"gold_gain":0,"player_choice":"Fight","damage_taken":0,"max_hp_gain":0,"max_hp_loss":0,"event_name":"MindBloom","floor":36,"gold_loss":0},{"cards_removed":["Unload"],"damage_healed":0,"gold_gain":0,"player_choice":"Removed Attack","damage_taken":0,"max_hp_gain":0,"max_hp_loss":0,"event_name":"Falling","floor":39,"gold_loss":0},{"cards_removed":["Defend_G"],"damage_healed":0,"gold_gain":0,"player_choice":"Purged","damage_taken":0,"max_hp_gain":0,"max_hp_loss":0,"event_name":"Purifier","floor":46,"gold_loss":0}],"is_beta":false,"boss_relics":[{"not_picked":["Runic Dome","Calling Bell"],"picked":"Coffee Dripper"},{"not_picked":["HoveringKite","Philosopher\u0027s Stone"],"picked":"Cursed Key"}],"items_purged_floors":[4,22],"is_endless":false,"potions_floor_spawned":[1,5,12,14,18,24,35,38,44,48],"ascension_level":11}}