{"host":"z8n47vy4vaymw9pl","time":1611718715,"event":{"mods":["2.2 Compatiblity","Act Like it!","Always Whale","BaseMod","Better Altar","Better Match","Better Note","Better Sensory Stone","Better Skull","Better Third Choice","Colored Map","Colored Powertips","Defuse TimeMaze Blight","Downfall","Energized Spire","Hubris","Minty Spire (QoL Compilation)","Reliquary","Replay The Spire","Robot Space Explorer","Spire Arcade","StSLib","The Blue Laboratory","The Construct","TheSurvivalist","Unceasing Turn Reminder","Wandering Minibosses"],"gold_per_floor":[92,83,83,102,112,145,145,145,145,145,179,82,117,117,117,241,241,259,259,184,205,218,218,258,258,285,285,285,309,309,309,309],"floor_reached":31,"language":"ENG","playtime":1842,"items_purged":["construct:Strike_Gold"],"score":296,"play_id":"95d1aecb-3d05-4af4-89cb-7241605f39c0","local_time":"20210126193835","is_ascension_mode":false,"campfire_choices":[{"data":"construct:MetalShell","floor":7,"key":"SMITH"},{"data":"construct:MetalShell+1","floor":10,"key":"SMITH"},{"data":"construct:Autoturret","floor":15,"key":"SMITH"},{"data":"construct:Enhance+1","floor":23,"key":"SMITH"},{"data":"construct:PowerUp+1","floor":30,"key":"SMITH"}],"circlet_count":0,"master_deck":["construct:Strike_Gold","construct:Strike_Gold","construct:Strike_Gold+1","construct:Strike_Gold","construct:Defend_Gold","construct:Defend_Gold","construct:Defend_Gold","construct:Defend_Gold","construct:Defend_Gold","construct:AttackMode","construct:DefenseMode","construct:Autoturret+1","construct:Reinforce","construct:Boost","construct:MetalShell+2","construct:Versatility","construct:Electrocute","construct:SuppressiveFire","construct:CriticalHit","construct:ShieldGenerator","construct:FlameCore+1","construct:PointDefense+1","construct:Enhance+2","construct:FlameCore","construct:PowerUp+2","construct:Anticipate+1"],"relics":["construct:ClockworkPhoenix","Nunchaku","wanderingMiniBosses:ThiefScarf","Golden Idol","Guardian:PocketSentry","reliquary:OuijaBoard","hubris:OldNail","SacredBark","Nloth\u0027s Gift","Replay:Rubber Ducky","FaceOfCleric","Juzu Bracelet","hubris:EvacipatedBox","hubris:FruitBowl","Membership Card","Strawberry","Black Star","PreservedInsect"],"acts_visited":["Exordium","TheCity"],"potions_floor_usage":[29],"damage_taken":[{"damage":0,"enemies":"Cultist","floor":1,"turns":3},{"damage":4,"enemies":"Jaw Worm","floor":2,"turns":6},{"damage":8,"enemies":"2 Louse","floor":4,"turns":4},{"damage":3,"enemies":"Looter","floor":5,"turns":5},{"damage":29,"enemies":"3 Sentries","floor":6,"turns":17},{"damage":16,"enemies":"Gremlin Nob","floor":11,"turns":5},{"damage":12,"enemies":"Lagavulin","floor":13,"turns":8},{"damage":25,"enemies":"Hexaghost","floor":16,"turns":10},{"damage":0,"enemies":"Chosen","floor":18,"turns":7},{"damage":7,"enemies":"Spheric Guardian","floor":21,"turns":8},{"damage":7,"enemies":"Chosen and Byrds","floor":22,"turns":7},{"damage":6,"enemies":"Replay:Snechameleon","floor":24,"turns":8},{"damage":10,"enemies":"Snake Plant","floor":29,"turns":5},{"damage":21,"enemies":"Book of Stabbing","floor":31,"turns":4}],"seed_played":"83913831749930840","potions_obtained":[{"floor":5,"key":"blueLaboratory:AbyssPotion"},{"floor":6,"key":"blueLaboratory:CorrosionFlask"},{"floor":13,"key":"blueLaboratory:SavagePotion"},{"floor":29,"key":"blueLaboratory:PyrophylliteBrew"}],"is_trial":false,"path_per_floor":["M","M","?","M","M","E","R","?","T","R","E","$","E","?","R","B",null,"M","?","?","M","M","R","E","?","T","$","?","M","R","E"],"character_chosen":"THE_CONSTRUCT_MOD","items_purchased":["construct:SuppressiveFire","hubris:EvacipatedBox","hubris:FruitBowl","Membership Card","Strawberry"],"campfire_rested":0,"item_purchase_floors":[12,27,27,27,27],"current_hp_per_floor":[85,81,81,73,70,51,51,51,51,51,35,35,25,88,88,63,88,88,88,88,81,74,74,68,68,68,20,20,17,17,0,0],"gold":309,"neow_bonus":"ONE_RANDOM_RARE_CARD","is_daily":false,"chose_seed":false,"campfire_upgraded":5,"win_rate":0.0,"timestamp":1611718715,"path_taken":["M","?","?","?","M","E","R","?","T","R","E","$","E","?","R","BOSS","M","?","?","M","M","R","E","?","T","?","?","M","R","E"],"items_purchased_type":["Card","Relic","Relic","Relic","Relic"],"build_version":"2020-12-22","purchased_purges":1,"victory":false,"max_hp_per_floor":[85,85,85,85,85,95,95,88,88,88,88,88,88,88,88,88,88,88,88,88,88,88,88,88,88,88,98,98,99,99,99,99],"card_choices":[{"not_picked":["construct:VentSteam","construct:Boost"],"picked":"construct:Autoturret","floor":1},{"not_picked":["construct:Rollout","construct:Electrocute"],"picked":"construct:Reinforce","floor":2},{"not_picked":["construct:Electrocute","construct:MassProduction"],"picked":"construct:Boost","floor":4},{"not_picked":["construct:SaveState","construct:PhosphorStorm"],"picked":"construct:MetalShell","floor":5},{"not_picked":["construct:Anticipate","construct:HardReboot"],"picked":"construct:Versatility","floor":6},{"not_picked":["construct:Isolate","construct:HeavyBolt"],"picked":"construct:Electrocute","floor":11},{"not_picked":["construct:Missile","construct:FierceBash"],"picked":"construct:CriticalHit","floor":13},{"not_picked":["construct:LongRangeLance","construct:PanicFire"],"picked":"construct:ShieldGenerator","floor":16},{"not_picked":["construct:FlakBarrage","construct:SweepLaser"],"picked":"construct:FlameCore+1","floor":18},{"not_picked":["construct:NuclearCore+1","construct:ElectricArmor+1"],"picked":"construct:PointDefense+1","floor":20},{"not_picked":["construct:MetalShell+1","construct:Disrupt+1"],"picked":"construct:Enhance+1","floor":20},{"not_picked":["construct:Autoturret","construct:CreateCores"],"picked":"construct:FlameCore","floor":21},{"not_picked":["construct:Boost+1","construct:SweepLaser+1"],"picked":"construct:PowerUp+1","floor":22},{"not_picked":["construct:Supernova","construct:Backfire+1"],"picked":"construct:Anticipate+1","floor":24},{"not_picked":["construct:MemoryTap","construct:Boost","construct:FierceBash"],"picked":"SKIP","floor":29}],"player_experience":665004,"relics_obtained":[{"floor":5,"key":"wanderingMiniBosses:ThiefScarf"},{"floor":6,"key":"Pear"},{"floor":9,"key":"Guardian:PocketSentry"},{"floor":11,"key":"reliquary:OuijaBoard"},{"floor":13,"key":"hubris:OldNail"},{"floor":24,"key":"Replay:Rubber Ducky"},{"floor":26,"key":"Juzu Bracelet"}],"event_choices":[{"cards_removed":["construct:GoldenBullet"],"damage_healed":0,"gold_gain":0,"player_choice":"Gave Card","damage_taken":0,"relics_obtained":["Nunchaku"],"max_hp_gain":0,"max_hp_loss":0,"event_name":"WeMeetAgain","floor":3,"gold_loss":0},{"damage_healed":0,"gold_gain":0,"player_choice":"Lose Max HP","damage_taken":0,"relics_obtained":["Golden Idol"],"max_hp_gain":0,"max_hp_loss":7,"event_name":"Golden Idol","floor":8,"gold_loss":0},{"damage_healed":63,"gold_gain":0,"player_choice":"Full Heal","damage_taken":0,"max_hp_gain":0,"max_hp_loss":0,"event_name":"Wheel of Change","floor":14,"gold_loss":0},{"damage_healed":0,"gold_gain":0,"player_choice":"Traded Relic","damage_taken":0,"relics_obtained":["Nloth\u0027s Gift"],"max_hp_gain":0,"max_hp_loss":0,"event_name":"N\u0027loth","floor":19,"relics_lost":["Pear"],"gold_loss":0},{"damage_healed":0,"gold_gain":0,"player_choice":"2","damage_taken":0,"max_hp_gain":0,"max_hp_loss":0,"event_name":"betterMatch:BetterMatch","floor":20,"gold_loss":0,"cards_obtained":["betterMatch:UncommonCard","betterMatch:UncommonCard"]},{"damage_healed":0,"gold_gain":0,"player_choice":"Trade","damage_taken":0,"relics_obtained":["FaceOfCleric"],"max_hp_gain":0,"max_hp_loss":0,"event_name":"FaceTrader","floor":25,"gold_loss":0}],"is_beta":false,"boss_relics":[{"not_picked":["Tiny House","Replay:Wanted Poster"],"picked":"SacredBark"}],"items_purged_floors":[12],"is_endless":false,"potions_floor_spawned":[5,6,13,16,21,29],"killed_by":"Book of Stabbing","ascension_level":0}}