{"host":"qekv59dthhdg54sz","time":1611725350,"event":{"mods":["AchievementEnabler","BaseMod","Colored Map","DeckTracker","KOR Keyword Fix","Minty Spire (QoL Compilation)","Rare Cards Sparkle","StSLib","SuperFastMode"],"gold_per_floor":[359,359,371,391,48,48,80,80,127,127,145,145,145,171,171,245,245,255,35,305,319,337,337,349,369,369,419,0,0,27,45,45,119,119,132,146,107,123,143,143,143,162,240,240,240,240,252,297,297,297],"floor_reached":51,"language":"KOR","playtime":1880,"items_purged":["Strike_R"],"score":1266,"play_id":"bd9884ac-0efb-465b-95ad-4e759107ae78","local_time":"20210127142910","is_ascension_mode":true,"campfire_choices":[{"data":"Apotheosis","floor":6.0,"key":"SMITH"},{"data":"Fiend Fire","floor":8.0,"key":"SMITH"},{"data":"Finesse","floor":10.0,"key":"SMITH"},{"data":"Shrug It Off","floor":15.0,"key":"SMITH"},{"data":"Evolve","floor":23.0,"key":"SMITH"},{"data":"Dark Embrace","floor":32.0,"key":"SMITH"},{"data":"Fire Breathing","floor":40.0,"key":"SMITH"},{"data":"Second Wind","floor":45.0,"key":"SMITH"},{"floor":49.0,"key":"REST"}],"circlet_count":0,"master_deck":["AscendersBane","Strike_R","Strike_R","Strike_R","Strike_R","Defend_R","Defend_R","Defend_R","Defend_R","Bash","Twin Strike","Shrug It Off+1","Apotheosis+1","Fiend Fire+1","Finesse+1","Burning Pact","Evolve+1","Reaper+1","Dark Embrace+1","Power Through","True Grit","Burning Pact","Second Wind+1","Master of Strategy","Body Slam+1","Impervious","Fire Breathing+1"],"relics":["Burning Blood","Omamori","Ancient Tea Set","Singing Bowl","Molten Egg 2","Cursed Key","Orrery","PreservedInsect","Lizard Tail","Letter Opener","Mark of Pain","Darkstone Periapt","Turnip"],"acts_visited":["Exordium","TheCity","TheBeyond"],"potions_floor_usage":[50],"damage_taken":[{"damage":6.0,"enemies":"Cultist","floor":1.0,"turns":4.0},{"damage":3.0,"enemies":"2 Louse","floor":3.0,"turns":3.0},{"damage":0.0,"enemies":"Small Slimes","floor":4.0,"turns":3.0},{"damage":24.0,"enemies":"Gremlin Nob","floor":7.0,"turns":4.0},{"damage":2.0,"enemies":"3 Louse","floor":11.0,"turns":3.0},{"damage":14.0,"enemies":"3 Sentries","floor":14.0,"turns":7.0},{"damage":18.0,"enemies":"The Guardian","floor":16.0,"turns":17.0},{"damage":4.0,"enemies":"Chosen","floor":18.0,"turns":4.0},{"damage":14.0,"enemies":"Shell Parasite","floor":21.0,"turns":8.0},{"damage":7.0,"enemies":"Shelled Parasite and Fungi","floor":22.0,"turns":4.0},{"damage":7.0,"enemies":"Snecko","floor":24.0,"turns":5.0},{"damage":22.0,"enemies":"Centurion and Healer","floor":25.0,"turns":6.0},{"damage":53.0,"enemies":"Slavers","floor":30.0,"turns":12.0},{"damage":15.0,"enemies":"Shelled Parasite and Fungi","floor":31.0,"turns":4.0},{"damage":1.0,"enemies":"Automaton","floor":33.0,"turns":9.0},{"damage":8.0,"enemies":"3 Darklings","floor":35.0,"turns":5.0},{"damage":44.0,"enemies":"3 Shapes","floor":36.0,"turns":5.0},{"damage":26.0,"enemies":"Writhing Mass","floor":38.0,"turns":5.0},{"damage":24.0,"enemies":"Jaw Worm Horde","floor":39.0,"turns":4.0},{"damage":0.0,"enemies":"3 Darklings","floor":42.0,"turns":3.0},{"damage":0.0,"enemies":"Spire Growth","floor":47.0,"turns":5.0},{"damage":0.0,"enemies":"2 Orb Walkers","floor":48.0,"turns":3.0},{"damage":47,"enemies":"Time Eater","floor":50,"turns":9}],"seed_played":"6773823630311748739","potions_obtained":[{"floor":7.0,"key":"Fruit Juice"},{"floor":11.0,"key":"Dexterity Potion"},{"floor":18.0,"key":"SkillPotion"},{"floor":22.0,"key":"Strength Potion"},{"floor":30.0,"key":"BloodPotion"},{"floor":31.0,"key":"LiquidMemories"},{"floor":39.0,"key":"FearPotion"},{"floor":41.0,"key":"ElixirPotion"}],"is_trial":false,"path_per_floor":["M","?","M","M","$","R","E","R","T","R","M","?","?","E","R","B",null,"M","$","?","M","M","R","M","M","T","?","$","T","E","M","R","B",null,"M","M","$","M","M","R","?","M","T","T","R","?","M","?","R","B",null],"character_chosen":"IRONCLAD","items_purchased":["Apotheosis","Fiend Fire","Finesse","Dark Embrace","Orrery","PreservedInsect","Master of Strategy","Fire Breathing"],"campfire_rested":1,"item_purchase_floors":[5,5,5,19,19,28,28,37],"current_hp_per_floor":[50,50,53,59,59,59,41,41,41,41,45,45,70,64,64,52,71,75,81,54,48,57,57,61,50,50,50,50,50,27,41,41,61,87,87,66,66,48,44,44,44,52,52,52,52,52,60,68,101,65],"gold":297,"neow_bonus":"TWO_FIFTY_GOLD","is_daily":false,"chose_seed":false,"campfire_upgraded":8,"win_rate":0.0,"timestamp":1611725350,"path_taken":["M","?","M","M","$","R","E","R","T","R","M","?","?","E","R","BOSS","M","$","?","M","M","R","M","?","T","?","$","?","E","M","R","BOSS","M","M","$","M","M","R","?","?","T","?","R","?","?","?","R","BOSS"],"items_purchased_type":["Card","Card","Card","Card","Relic","Relic","Card","Card"],"build_version":"2020-12-22","purchased_purges":1,"victory":true,"max_hp_per_floor":[75,75,75,75,75,75,75,75,75,75,75,75,75,77,77,77,77,79,85,85,87,94,94,94,94,94,94,94,94,94,96,96,96,96,98,100,100,102,104,104,104,106,106,106,106,106,108,110,110,110],"card_choices":[{"not_picked":["Body Slam","Warcry","Iron Wave"],"picked":"SKIP","floor":1.0},{"not_picked":["Cleave","Clothesline"],"picked":"Twin Strike","floor":3.0},{"not_picked":["Clothesline","Iron Wave"],"picked":"Shrug It Off","floor":4.0},{"not_picked":["Intimidate","Flex"],"picked":"Burning Pact","floor":7.0},{"not_picked":["Burning Pact","Pommel Strike"],"picked":"Evolve","floor":11.0},{"not_picked":["Rage","Clothesline+1","Heavy Blade+1"],"picked":"Singing Bowl","floor":14.0},{"not_picked":["Offering","Fiend Fire+1"],"picked":"Reaper+1","floor":16.0},{"not_picked":["Warcry","Pommel Strike+1","Sword Boomerang+1"],"picked":"Singing Bowl","floor":18.0},{"not_picked":["Twin Strike+1","Headbutt+1"],"picked":"Power Through","floor":19.0},{"not_picked":["Perfected Strike+1","Wild Strike+1"],"picked":"True Grit","floor":19.0},{"not_picked":["Pummel+1","Body Slam+1","Brutality"],"picked":"Singing Bowl","floor":19.0},{"not_picked":["Clothesline+1","Heavy Blade+1","Thunderclap+1"],"picked":"Singing Bowl","floor":19.0},{"not_picked":["Iron Wave+1","Sword Boomerang+1","Disarm"],"picked":"Singing Bowl","floor":19.0},{"not_picked":["Headbutt+1","Sword Boomerang+1","Thunderclap+1"],"picked":"Singing Bowl","floor":21.0},{"not_picked":["True Grit","Spot Weakness","Havoc"],"picked":"Singing Bowl","floor":22.0},{"not_picked":["Anger+1","True Grit"],"picked":"Burning Pact","floor":24.0},{"not_picked":["Rupture","Offering"],"picked":"Second Wind","floor":25.0},{"not_picked":["Thunderclap+1","Shrug It Off"],"picked":"Body Slam+1","floor":30.0},{"not_picked":["Second Wind","Iron Wave+1","Twin Strike+1"],"picked":"Singing Bowl","floor":31.0},{"not_picked":["Brutality","Corruption"],"picked":"Impervious","floor":33.0},{"not_picked":["True Grit","Thunderclap+1","Body Slam+1"],"picked":"Singing Bowl","floor":35.0},{"not_picked":["Headbutt+1","Sword Boomerang+1","Iron Wave+1"],"picked":"Singing Bowl","floor":36.0},{"not_picked":["Body Slam+1","Havoc","Clothesline+1"],"picked":"Singing Bowl","floor":38.0},{"not_picked":["Double Tap","Sentinel","True Grit"],"picked":"Singing Bowl","floor":39.0},{"not_picked":["Combust","Clothesline+1","Cleave+1"],"picked":"Singing Bowl","floor":42.0},{"not_picked":["Wild Strike+1","Twin Strike+1","Fire Breathing+1"],"picked":"Singing Bowl","floor":47.0},{"not_picked":["Bloodletting","Havoc+1","Shrug It Off"],"picked":"Singing Bowl","floor":48.0}],"player_experience":859864,"relics_obtained":[{"floor":7.0,"key":"Omamori"},{"floor":9.0,"key":"Ancient Tea Set"},{"floor":14.0,"key":"Molten Egg 2"},{"floor":29.0,"key":"Lizard Tail"},{"floor":30.0,"key":"Letter Opener"},{"floor":43.0,"key":"Darkstone Periapt"},{"floor":48.0,"key":"Turnip"}],"event_choices":[{"damage_healed":0.0,"max_hp_gain":0.0,"max_hp_loss":0.0,"gold_gain":0.0,"event_name":"Liars Game","player_choice":"Ignored","floor":2.0,"gold_loss":0.0,"damage_taken":0.0},{"damage_healed":0.0,"max_hp_gain":0.0,"max_hp_loss":0.0,"gold_gain":0.0,"event_name":"Dead Adventurer","player_choice":"Searched \u00271\u0027 times","floor":12.0,"gold_loss":0.0,"damage_taken":0.0,"relics_obtained":["Singing Bowl"]},{"damage_healed":25.0,"max_hp_gain":0.0,"max_hp_loss":0.0,"gold_gain":0.0,"event_name":"Big Fish","player_choice":"Banana","floor":13.0,"gold_loss":0.0,"damage_taken":0.0},{"damage_healed":0.0,"max_hp_gain":0.0,"max_hp_loss":0.0,"gold_gain":270.0,"event_name":"Knowing Skull","player_choice":"GOLD GOLD GOLD ","floor":20.0,"potions_obtained":[],"gold_loss":0.0,"damage_taken":27.0,"cards_obtained":[]},{"damage_healed":0.0,"max_hp_gain":0.0,"max_hp_loss":0.0,"gold_gain":100.0,"event_name":"The Joust","player_choice":"Bet on Murderer","floor":27.0,"gold_loss":50.0,"damage_taken":0.0},{"damage_healed":0.0,"max_hp_gain":0.0,"max_hp_loss":0.0,"gold_gain":0.0,"event_name":"Lab","player_choice":"Got Potions","floor":41.0,"gold_loss":0.0,"damage_taken":0.0},{"damage_healed":0.0,"max_hp_gain":0.0,"max_hp_loss":0.0,"gold_gain":0.0,"event_name":"SecretPortal","player_choice":"Ignored","floor":46.0,"gold_loss":0.0,"damage_taken":0.0},{"damage_healed":0.0,"max_hp_gain":0.0,"max_hp_loss":0.0,"gold_gain":0.0,"event_name":"Mysterious Sphere","player_choice":"Fight","floor":48.0,"gold_loss":0.0,"damage_taken":0.0}],"is_beta":false,"boss_relics":[{"not_picked":["Sozu","SlaversCollar"],"picked":"Cursed Key"},{"not_picked":["Tiny House","Runic Pyramid"],"picked":"Mark of Pain"}],"items_purged_floors":[28],"is_endless":false,"potions_floor_spawned":[7,11,18,21,22,30,31,39,42,48],"ascension_level":15}}