{"host":"qbjtml023iza03hb","time":1611787909,"event":{"mods":["AchievementEnabler","BaseMod","Hermit","Minty Spire (QoL Compilation)","StSLib","The Animator","The Cursed"],"gold_per_floor":[118,43,62,77,77,104,104,133,185,249,260,260,279,293,293,388,388,398,378,393,410,335,335,360,360,360,395,410,410,444,493,493,594,594,606,658,658,674,684,715,715,735,735,749,767,767,414,434,434,434,434,434,98,129,129],"floor_reached":56,"language":"FRA","playtime":3612,"items_purged":["Defend_R","Strike_R","Strike_R"],"score":1179,"play_id":"8b5d198f-056d-4122-b1cf-e0dd9a520274","local_time":"20210127235149","is_ascension_mode":false,"campfire_choices":[{"data":"Shockwave","floor":7.0,"key":"SMITH"},{"data":"Armaments","floor":15.0,"key":"SMITH"},{"floor":23.0,"key":"RECALL"},{"floor":25.0,"key":"REST"},{"floor":29.0,"key":"REST"},{"floor":32,"key":"REST"},{"floor":41,"key":"DIG"},{"floor":49,"key":"DIG"},{"floor":52,"key":"DIG"}],"circlet_count":0,"master_deck":["Strike_R","Defend_R+1","Defend_R+1","Defend_R","Bash","Mayhem+1","Armaments+1","Shockwave+1","Pommel Strike","Metallicize","Iron Wave","Shockwave","Cleave","Uppercut","Juggernaut","Clothesline+1","Pommel Strike+1","Disarm+1","Juggernaut","Perfected Strike+1","Iron Wave+1","Flame Barrier","Perfected Strike+1","Berserk","Perfected Strike","Flame Barrier"],"relics":["Burning Blood","Eternal Feather","Bronze Scales","HornCleat","Fusion Hammer","Singing Bowl","Bottled Tornado","Red Mask","Dream Catcher","Potion Belt","Snecko Eye","Shovel","Regal Pillow","Incense Burner","Bag of Preparation","War Paint","Self Forming Clay","Paper Frog","Bird Faced Urn"],"acts_visited":["Exordium","TheCity","TheBeyond","TheEnding"],"potions_floor_usage":[30,33,36,50,50,55,55,55,55,55],"damage_taken":[{"damage":6.0,"enemies":"Jaw Worm","floor":1.0,"turns":4.0},{"damage":6.0,"enemies":"2 Louse","floor":3.0,"turns":3.0},{"damage":2.0,"enemies":"Cultist","floor":4.0,"turns":4.0},{"damage":33.0,"enemies":"Gremlin Nob","floor":6.0,"turns":5.0},{"damage":13.0,"enemies":"Lagavulin","floor":8.0,"turns":5.0},{"damage":16.0,"enemies":"3 Sentries","floor":10.0,"turns":7.0},{"damage":3.0,"enemies":"Gremlin Gang","floor":11.0,"turns":5.0},{"damage":0.0,"enemies":"3 Louse","floor":13.0,"turns":2.0},{"damage":0.0,"enemies":"Large Slime","floor":14.0,"turns":5.0},{"damage":31.0,"enemies":"The Guardian","floor":16.0,"turns":10.0},{"damage":0.0,"enemies":"3 Byrds","floor":18.0,"turns":3.0},{"damage":15.0,"enemies":"2 Thieves","floor":20.0,"turns":3.0},{"damage":13.0,"enemies":"Shelled Parasite and Fungi","floor":21.0,"turns":5.0},{"damage":4.0,"enemies":"Book of Stabbing","floor":24.0,"turns":5.0},{"damage":2.0,"enemies":"Masked Bandits","floor":27.0,"turns":5.0},{"damage":4.0,"enemies":"Centurion and Healer","floor":28.0,"turns":5.0},{"damage":15,"enemies":"Slavers","floor":30,"turns":3},{"damage":37,"enemies":"Collector","floor":33,"turns":7},{"damage":12,"enemies":"3 Darklings","floor":35,"turns":3},{"damage":34,"enemies":"2 Orb Walkers","floor":36,"turns":5},{"damage":7,"enemies":"Orb Walker","floor":38,"turns":3},{"damage":0,"enemies":"Transient","floor":39,"turns":5},{"damage":0,"enemies":"Reptomancer","floor":40,"turns":5},{"damage":2,"enemies":"Maw","floor":42,"turns":5},{"damage":1,"enemies":"Writhing Mass","floor":44,"turns":4},{"damage":0,"enemies":"Transient","floor":45,"turns":5},{"damage":11,"enemies":"4 Shapes","floor":48,"turns":4},{"damage":53,"enemies":"Time Eater","floor":50,"turns":9},{"damage":7,"enemies":"Shield and Spear","floor":54,"turns":4},{"damage":30,"enemies":"The Heart","floor":55,"turns":7}],"seed_played":"-4807931164037316569","potions_obtained":[{"floor":6.0,"key":"FearPotion"},{"floor":10.0,"key":"Ancient Potion"},{"floor":11.0,"key":"Energy Potion"},{"floor":13.0,"key":"BloodPotion"},{"floor":16.0,"key":"ColorlessPotion"},{"floor":19.0,"key":"LiquidBronze"},{"floor":20.0,"key":"ElixirPotion"},{"floor":28.0,"key":"PowerPotion"},{"floor":30,"key":"AttackPotion"},{"floor":36,"key":"AttackPotion"},{"floor":39,"key":"DistilledChaos"},{"floor":42,"key":"AttackPotion"},{"floor":44,"key":"Fire Potion"},{"floor":48,"key":"BloodPotion"},{"floor":54,"key":"HeartOfIron"}],"is_trial":false,"path_per_floor":["M","$","M","M","?","E","R","E","T","?","M","?","M","M","R","B",null,"M","?","M","M","?","R","E","R","T","?","M","R","E","T","R","B",null,"M","?","?","M","M","E","R","M","T","M","M","?","$","M","R","B",null,"R","$","E","B",null],"character_chosen":"IRONCLAD","items_purchased":["War Paint","CultistPotion","Swift Potion","Flame Barrier","LiquidMemories"],"campfire_rested":3,"item_purchase_floors":[47,47,53,53,53],"current_hp_per_floor":[72,72,72,72,58,31,37,30,30,20,23,23,43,49,58,33,72,72,72,63,56,56,68,72,74,74,76,76,76,67,67,76,47,78,74,48,48,49,55,61,76,82,82,88,88,84,84,79,84,53,84,84,84,85,66],"gold":129,"neow_bonus":"RANDOM_COLORLESS_2","is_daily":false,"chose_seed":false,"campfire_upgraded":2,"win_rate":0.0,"timestamp":1611787909,"path_taken":["M","$","M","M","?","E","R","E","T","?","M","?","M","M","R","BOSS","M","?","?","?","?","R","E","R","T","?","M","R","E","?","R","BOSS","M","?","?","M","M","E","R","M","T","M","M","?","$","?","R","BOSS","R","$","E","BOSS"],"items_purchased_type":["Relic","Potion","Potion","Card","Potion"],"build_version":"2020-12-22","purchased_purges":3,"victory":true,"max_hp_per_floor":[72,72,72,72,72,72,72,72,72,72,72,72,72,72,72,72,72,72,72,72,72,72,72,74,74,74,76,76,76,76,76,76,78,78,80,82,82,84,84,84,84,86,86,88,88,84,84,84,84,84,84,84,84,86,86],"card_choices":[{"not_picked":["Violence","The Bomb"],"picked":"Mayhem","floor":0.0},{"not_picked":["Clash","Wild Strike"],"picked":"Armaments","floor":1.0},{"not_picked":["Metallicize","Shrug It Off"],"picked":"Shockwave","floor":3.0},{"not_picked":["Thunderclap","Clash"],"picked":"Pommel Strike","floor":4.0},{"not_picked":["Sword Boomerang","Warcry","Feel No Pain"],"picked":"SKIP","floor":6.0},{"not_picked":["Fire Breathing","Blood for Blood"],"picked":"Metallicize","floor":8.0},{"not_picked":["Anger","Wild Strike"],"picked":"Iron Wave","floor":10.0},{"not_picked":["Blood for Blood","Shrug It Off"],"picked":"Shockwave","floor":11.0},{"not_picked":["Shrug It Off","Pommel Strike"],"picked":"Cleave","floor":13.0},{"not_picked":["Fire Breathing","Heavy Blade"],"picked":"Uppercut","floor":14.0},{"not_picked":["Demon Form","Fiend Fire"],"picked":"Juggernaut","floor":16.0},{"not_picked":["Anger","Flex"],"picked":"Clothesline+1","floor":18.0},{"not_picked":["Clothesline","Armaments"],"picked":"Pommel Strike+1","floor":20.0},{"not_picked":["Rampage","Wild Strike"],"picked":"Disarm","floor":21.0},{"not_picked":["Warcry","Heavy Blade","Feel No Pain+1"],"picked":"Singing Bowl","floor":24.0},{"not_picked":["Headbutt","Twin Strike","Sword Boomerang"],"picked":"Singing Bowl","floor":27.0},{"not_picked":["Power Through","Dropkick"],"picked":"Juggernaut","floor":28.0},{"not_picked":["Havoc+1","Flex"],"picked":"Perfected Strike+1","floor":30},{"not_picked":["Anger","Shrug It Off+1"],"picked":"Iron Wave+1","floor":32},{"not_picked":["Limit Break","Brutality","Double Tap"],"picked":"Singing Bowl","floor":33},{"not_picked":["Anger","Intimidate+1","Perfected Strike"],"picked":"Singing Bowl","floor":35},{"not_picked":["Anger","Clash","Heavy Blade+1"],"picked":"Singing Bowl","floor":36},{"not_picked":["Searing Blow","Pommel Strike","Body Slam+1"],"picked":"Singing Bowl","floor":38},{"not_picked":["Sword Boomerang+1","Intimidate"],"picked":"Flame Barrier","floor":39},{"not_picked":["Twin Strike+1","Clothesline"],"picked":"Perfected Strike+1","floor":40},{"not_picked":["Armaments","Anger+1","Reckless Charge+1"],"picked":"Singing Bowl","floor":42},{"not_picked":["Anger+1","Clash","Warcry"],"picked":"Singing Bowl","floor":44},{"not_picked":["Dual Wield","Heavy Blade+1"],"picked":"Berserk","floor":45},{"not_picked":["Flex+1","Havoc+1"],"picked":"Perfected Strike","floor":48},{"not_picked":["Shrug It Off+1","Warcry+1","Sword Boomerang"],"picked":"Singing Bowl","floor":54}],"player_experience":473500,"relics_obtained":[{"floor":6.0,"key":"Eternal Feather"},{"floor":8.0,"key":"Bronze Scales"},{"floor":24.0,"key":"Singing Bowl"},{"floor":26.0,"key":"Bottled Tornado"},{"floor":27.0,"key":"Red Mask"},{"floor":30,"key":"Dream Catcher"},{"floor":31,"key":"Potion Belt"},{"floor":36,"key":"Shovel"},{"floor":40,"key":"Regal Pillow"},{"floor":41,"key":"Incense Burner"},{"floor":43,"key":"Bag of Preparation"},{"floor":49,"key":"Self Forming Clay"},{"floor":52,"key":"Paper Frog"},{"floor":54,"key":"Bird Faced Urn"}],"event_choices":[{"damage_healed":0.0,"max_hp_gain":0.0,"max_hp_loss":0.0,"gold_gain":0.0,"event_name":"Shining Light","player_choice":"Entered Light","floor":5.0,"gold_loss":0.0,"damage_taken":14.0,"cards_upgraded":["Mayhem","Defend_R"]},{"damage_healed":0.0,"max_hp_gain":0.0,"max_hp_loss":0.0,"gold_gain":0.0,"event_name":"Dead Adventurer","player_choice":"Searched \u00272\u0027 times","floor":10.0,"gold_loss":0.0,"damage_taken":0.0,"relics_obtained":["HornCleat"]},{"damage_healed":0.0,"max_hp_gain":0.0,"max_hp_loss":0.0,"gold_gain":0.0,"event_name":"Liars Game","player_choice":"Ignored","floor":12.0,"gold_loss":0.0,"damage_taken":0.0},{"damage_healed":0.0,"max_hp_gain":0.0,"max_hp_loss":0.0,"gold_gain":0.0,"event_name":"The Woman in Blue","player_choice":"Bought 1 Potion","floor":19.0,"gold_loss":0.0,"damage_taken":0.0},{"cards_removed":["Strike_R"],"damage_healed":0.0,"max_hp_gain":0.0,"max_hp_loss":0.0,"gold_gain":0.0,"event_name":"Beggar","player_choice":"Gave Gold","floor":22.0,"gold_loss":75.0,"damage_taken":0.0},{"damage_healed":0.0,"max_hp_gain":0.0,"max_hp_loss":0.0,"gold_gain":0.0,"event_name":"Masked Bandits","player_choice":"Fought Bandits","floor":27.0,"gold_loss":0.0,"damage_taken":0.0},{"damage_healed":0,"gold_gain":0,"player_choice":"Fight","damage_taken":0,"max_hp_gain":0,"max_hp_loss":0,"event_name":"Mysterious Sphere","floor":36,"gold_loss":0},{"cards_removed":["Strike_R"],"damage_healed":0,"gold_gain":0,"player_choice":"Removed Attack","damage_taken":0,"max_hp_gain":0,"max_hp_loss":0,"event_name":"Falling","floor":37,"gold_loss":0},{"damage_healed":0,"gold_gain":0,"player_choice":"Max HP","damage_taken":0,"max_hp_gain":0,"max_hp_loss":4,"event_name":"Winding Halls","floor":46,"gold_loss":0}],"is_beta":false,"boss_relics":[{"not_picked":["Cursed Key","Busted Crown"],"picked":"Fusion Hammer"},{"not_picked":["Runic Cube","SacredBark"],"picked":"Snecko Eye"}],"items_purged_floors":[2,47,53],"is_endless":false,"potions_floor_spawned":[6,10,11,13,16,20,28,30,36,39,42,44,48,54],"ascension_level":0}}