{"host":"5p9hybygolzp0efr","time":1611743110,"event":{"mods":["AchievementEnabler","BaseMod","Bestiary","Colored Map","Minty Spire (QoL Compilation)","Relic Stats"],"gold_per_floor":[113,127,127,147,158,186,204,204,230,255,22,22,57,77,77,182,182,201,201,76,87,87,118,71,71,139,139,152,185,202,202,202,307,307,320,77,96,111,111,111,145,159,159,159,170,170,188,37,37,37],"floor_reached":51,"language":"ENG","playtime":4365,"items_purged":["Strike_P","Defend_P"],"score":1021,"play_id":"fa6eb976-b79c-4f39-938e-43322eed1195","local_time":"20210127182510","is_ascension_mode":true,"campfire_choices":[{"floor":8.0,"key":"REST"},{"data":"TalkToTheHand","floor":12.0,"key":"SMITH"},{"data":"BattleHymn","floor":15.0,"key":"SMITH"},{"floor":25.0,"key":"REST"},{"floor":32.0,"key":"REST"},{"data":"Devotion","floor":40.0,"key":"SMITH"},{"data":"Blind","floor":46,"key":"SMITH"},{"floor":49,"key":"REST"}],"circlet_count":0,"master_deck":["Strike_P+1","Strike_P+1","Defend_P+1","Defend_P+1","Eruption+1","Vigilance+1","ThirdEye+1","CutThroughFate+1","CrushJoints+1","Halt","TalkToTheHand+1","BattleHymn+1","DevaForm","LessonLearned","Tantrum+1","Devotion+1","Prostrate+1","ClearTheMind+1","BowlingBash+1","Protect+1","WheelKick+1","FlurryOfBlows+1","SashWhip+1","LikeWater+1","Vault+1","JustLucky+1","Parasite","Blind+1","Wallop+1","FollowUp+1"],"relics":["Empty Cage","Orichalcum","PreservedInsect","Nunchaku","Anchor","Philosopher\u0027s Stone","Nilry\u0027s Codex","Oddly Smooth Stone","Molten Egg 2","GoldenEye","Bronze Scales","Snecko Eye","Yang","Centennial Puzzle","Darkstone Periapt","Toy Ornithopter"],"acts_visited":["Exordium","TheCity","TheBeyond"],"potions_floor_usage":[47,50,50],"damage_taken":[{"damage":0.0,"enemies":"Small Slimes","floor":1.0,"turns":3.0},{"damage":2.0,"enemies":"Jaw Worm","floor":2.0,"turns":3.0},{"damage":0.0,"enemies":"2 Louse","floor":4.0,"turns":2.0},{"damage":11.0,"enemies":"Lots of Slimes","floor":5.0,"turns":5.0},{"damage":8.0,"enemies":"Gremlin Nob","floor":6.0,"turns":3.0},{"damage":23.0,"enemies":"Gremlin Gang","floor":7.0,"turns":6.0},{"damage":0.0,"enemies":"Lagavulin","floor":10.0,"turns":5.0},{"damage":10.0,"enemies":"Gremlin Nob","floor":13.0,"turns":3.0},{"damage":0.0,"enemies":"3 Louse","floor":14.0,"turns":3.0},{"damage":16.0,"enemies":"Hexaghost","floor":16.0,"turns":6.0},{"damage":1.0,"enemies":"Shell Parasite","floor":18.0,"turns":3.0},{"damage":1.0,"enemies":"Chosen","floor":21.0,"turns":3.0},{"damage":8.0,"enemies":"Book of Stabbing","floor":23.0,"turns":3.0},{"damage":16.0,"enemies":"Snecko","floor":28.0,"turns":4.0},{"damage":23.0,"enemies":"Slavers","floor":29.0,"turns":6.0},{"damage":6.0,"enemies":"Snake Plant","floor":30.0,"turns":3.0},{"damage":30.0,"enemies":"Automaton","floor":33.0,"turns":5.0},{"damage":5.0,"enemies":"3 Shapes","floor":35.0,"turns":3.0},{"damage":0.0,"enemies":"Orb Walker","floor":37.0,"turns":4.0},{"damage":0.0,"enemies":"3 Darklings","floor":38.0,"turns":3.0},{"damage":0.0,"enemies":"Giant Head","floor":41.0,"turns":6.0},{"damage":0,"enemies":"Writhing Mass","floor":42,"turns":5},{"damage":0,"enemies":"Sphere and 2 Shapes","floor":45,"turns":5},{"damage":14,"enemies":"Maw","floor":47,"turns":5},{"damage":53,"enemies":"Awakened One","floor":50,"turns":7}],"seed_played":"-1205528652635383562","potions_obtained":[{"floor":4.0,"key":"Block Potion"},{"floor":5.0,"key":"Swift Potion"},{"floor":6.0,"key":"EntropicBrew"},{"floor":18.0,"key":"SkillPotion"},{"floor":29.0,"key":"Regen Potion"},{"floor":35.0,"key":"Strength Potion"},{"floor":47,"key":"LiquidBronze"}],"is_trial":false,"path_per_floor":["M","M","?","M","M","E","M","R","T","E","$","R","E","M","R","B",null,"M","?","$","M","?","E","$","R","T","?","M","E","M","T","R","B",null,"M","$","M","M","?","R","E","M","T","?","M","R","M","$","R","B",null],"character_chosen":"WATCHER","items_purchased":["LessonLearned","ClearTheMind","Protect","Yang","Toy Ornithopter"],"campfire_rested":4,"item_purchase_floors":[11,20,24,36,48],"current_hp_per_floor":[72,70,70,70,59,51,28,49,49,49,49,49,39,39,39,23,60,59,59,59,58,42,34,34,55,55,55,39,16,10,10,31,6,56,51,51,51,51,51,51,51,51,51,51,51,51,37,37,57,14],"gold":37,"neow_bonus":"BOSS_RELIC","is_daily":false,"chose_seed":false,"campfire_upgraded":4,"win_rate":0.0,"timestamp":1611743110,"path_taken":["M","M","?","M","M","E","M","R","T","E","$","R","E","M","R","BOSS","M","?","$","M","?","E","$","R","T","?","M","E","M","?","R","BOSS","M","?","?","M","?","R","E","M","T","?","M","R","M","$","R","BOSS"],"items_purchased_type":["Card","Card","Card","Relic","Relic"],"build_version":"2020-12-22","purchased_purges":2,"victory":true,"max_hp_per_floor":[72,72,72,72,72,72,72,72,72,72,72,72,72,72,72,72,72,72,72,72,72,72,72,72,72,72,72,72,72,72,72,72,72,72,72,72,72,72,68,68,68,68,68,68,68,68,68,68,68,68],"relic_stats":{"Darkstone Periapt":0,"Nunchaku":[20],"Centennial Puzzle":[6],"counters":[25,104],"Bronze Scales":[93],"Snecko Eye":[78,72,73,67],"Yang":[102],"PreservedInsect":254,"Orichalcum":[18],"GoldenEye":[38],"obtain_stats":[{"Darkstone Periapt":43,"Nilry\u0027s Codex":22,"Oddly Smooth Stone":23,"Yang":36,"PreservedInsect":9,"Orichalcum":6,"Empty Cage":0,"GoldenEye":29,"Nunchaku":10,"Anchor":13,"Centennial Puzzle":41,"Bronze Scales":31,"Snecko Eye":34,"Philosopher\u0027s Stone":17,"Molten Egg 2":26,"PureWater":0,"Toy Ornithopter":48},{"Darkstone Periapt":22,"Nilry\u0027s Codex":12,"Oddly Smooth Stone":13,"Yang":18,"PreservedInsect":6,"Orichalcum":5,"Empty Cage":0,"GoldenEye":15,"Nunchaku":7,"Anchor":8,"Centennial Puzzle":21,"Bronze Scales":16,"Snecko Eye":17,"Philosopher\u0027s Stone":10,"Molten Egg 2":13,"PureWater":0,"Toy Ornithopter":24},{"Darkstone Periapt":87,"Nilry\u0027s Codex":45,"Oddly Smooth Stone":48,"Yang":69,"PreservedInsect":22,"Orichalcum":16,"Empty Cage":0,"GoldenEye":58,"Nunchaku":27,"Anchor":30,"Centennial Puzzle":82,"Bronze Scales":61,"Snecko Eye":66,"Philosopher\u0027s Stone":39,"Molten Egg 2":48,"PureWater":0,"Toy Ornithopter":97}],"Toy Ornithopter":10},"card_choices":[{"not_picked":["Halt","FlyingSleeves"],"picked":"ThirdEye","floor":1.0},{"not_picked":["Protect","BowlingBash"],"picked":"CutThroughFate","floor":2.0},{"not_picked":["Halt","Evaluate"],"picked":"CrushJoints","floor":4.0},{"not_picked":["Vengeance","WaveOfTheHand"],"picked":"Halt","floor":5.0},{"not_picked":["CarveReality","ClearTheMind"],"picked":"TalkToTheHand","floor":6.0},{"not_picked":["FlurryOfBlows","EmptyFist"],"picked":"BattleHymn","floor":7.0},{"not_picked":["Sanctity","WaveOfTheHand"],"picked":"DevaForm","floor":10.0},{"not_picked":["BattleHymn","Study","FlyingSleeves"],"picked":"SKIP","floor":13.0},{"not_picked":["SashWhip","FlurryOfBlows"],"picked":"Tantrum","floor":14.0},{"not_picked":["DeusExMachina","DevaForm"],"picked":"Devotion","floor":16.0},{"not_picked":["FlyingSleeves+1","CutThroughFate"],"picked":"Prostrate","floor":18.0},{"not_picked":["ThirdEye","Worship","Perseverance"],"picked":"SKIP","floor":21.0},{"not_picked":["Sanctity","InnerPeace+1"],"picked":"BowlingBash+1","floor":23.0},{"not_picked":["ReachHeaven+1","EmptyMind"],"picked":"FlurryOfBlows+1","floor":28.0},{"not_picked":["CutThroughFate+1","Tantrum+1"],"picked":"SashWhip+1","floor":29.0},{"not_picked":["ClearTheMind","MentalFortress+1"],"picked":"LikeWater+1","floor":30.0},{"not_picked":["DevaForm","Judgement"],"picked":"Vault","floor":33.0},{"not_picked":["Study","CrushJoints+1","Adaptation"],"picked":"SKIP","floor":35.0},{"not_picked":["Adaptation+1","JustLucky+1","FlyingSleeves+1"],"picked":"SKIP","floor":37.0},{"not_picked":["Adaptation+1","FlyingSleeves+1"],"picked":"JustLucky+1","floor":37.0},{"not_picked":["JustLucky+1","Prostrate+1","SignatureMove+1"],"picked":"SKIP","floor":38.0},{"not_picked":["Evaluate","JustLucky+1","Fasting2"],"picked":"SKIP","floor":41.0},{"not_picked":["Halt","ThirdEye+1","Study+1"],"picked":"SKIP","floor":42},{"not_picked":["Discovery","Impatience"],"picked":"Blind","floor":44},{"not_picked":["EmptyFist+1","Consecrate+1"],"picked":"Wallop+1","floor":45},{"not_picked":["Crescendo","Nirvana+1"],"picked":"FollowUp+1","floor":47}],"player_experience":532011,"relics_obtained":[{"floor":6.0,"key":"Orichalcum"},{"floor":9.0,"key":"PreservedInsect"},{"floor":10.0,"key":"Nunchaku"},{"floor":13.0,"key":"Anchor"},{"floor":22.0,"key":"Nilry\u0027s Codex"},{"floor":23.0,"key":"Oddly Smooth Stone"},{"floor":26.0,"key":"Molten Egg 2"},{"floor":29.0,"key":"GoldenEye"},{"floor":31.0,"key":"Bronze Scales"},{"floor":41.0,"key":"Centennial Puzzle"},{"floor":43,"key":"Darkstone Periapt"}],"event_choices":[{"damage_healed":0.0,"max_hp_gain":0.0,"max_hp_loss":0.0,"gold_gain":0.0,"event_name":"Living Wall","player_choice":"Grow","floor":3.0,"gold_loss":0.0,"damage_taken":0.0,"cards_upgraded":["Eruption"]},{"damage_healed":0.0,"max_hp_gain":0.0,"max_hp_loss":0.0,"gold_gain":0.0,"event_name":"Ghosts","player_choice":"Ignored","floor":19.0,"gold_loss":0.0,"damage_taken":0.0},{"damage_healed":0.0,"max_hp_gain":0.0,"max_hp_loss":0.0,"gold_gain":0.0,"event_name":"Cursed Tome","player_choice":"Obtained Book","floor":22.0,"gold_loss":0.0,"damage_taken":16.0},{"damage_healed":0.0,"max_hp_gain":0.0,"max_hp_loss":0.0,"gold_gain":0.0,"event_name":"The Library","player_choice":"Read","floor":27.0,"gold_loss":0.0,"damage_taken":0.0,"cards_obtained":["WheelKick"]},{"damage_healed":0.0,"max_hp_gain":0.0,"max_hp_loss":4.0,"gold_gain":0.0,"event_name":"Winding Halls","player_choice":"Max HP","floor":39.0,"gold_loss":0.0,"damage_taken":0.0},{"damage_healed":0,"gold_gain":0,"player_choice":"Memory 1","damage_taken":0,"max_hp_gain":0,"max_hp_loss":0,"event_name":"SensoryStone","floor":44,"gold_loss":0}],"is_beta":false,"boss_relics":[{"not_picked":["Runic Pyramid","Astrolabe"],"picked":"Philosopher\u0027s Stone"},{"not_picked":["SacredBark","Coffee Dripper"],"picked":"Snecko Eye"}],"items_purged_floors":[11,20],"is_endless":false,"potions_floor_spawned":[4,5,6,13,14,18,28,29,30,35,37,45,47],"ascension_level":5}}