{"host":"u1dfzl6o6mfmauc3","time":1611715580,"event":{"mods":["2.2 Compatiblity","AchievementEnabler","BaseMod","Block Reminder","Challenge The Spire","Dark Map","Hermit","Minty Spire (QoL Compilation)","Relic Stats","Robot Space Explorer","StSLib","The Disciple"],"gold_per_floor":[99,99,15,15,15,15,15,15,15,15,15,15,15,15,15,15,15,15,15,15,15,15,15,15,15,15,15,15,15,15],"floor_reached":29,"language":"ENG","playtime":1488,"items_purged":[],"score":328,"play_id":"9cfe172e-48e8-4a8a-8803-bec73ebd408e","local_time":"20210126214620","is_ascension_mode":true,"campfire_choices":[{"data":"CutThroughFate","floor":7,"key":"SMITH"},{"data":"FollowUp","floor":15,"key":"SMITH"},{"data":"Halt","floor":24,"key":"SMITH"},{"floor":27,"key":"REST"}],"circlet_count":0,"master_deck":["Strike_P","Strike_P","Strike_P","Defend_P","Defend_P","Defend_P","Defend_P","Eruption","Vigilance","FollowUp+1","FearNoEvil","CutThroughFate+1","Halt+1","MentalFortress","FlurryOfBlows+1","CrushJoints+1","InnerPeace","Consecrate+1","Ragnarok+1","Wallop+1","RitualDagger+1","SashWhip+1","DevaForm"],"relics":["Ectoplasm","Old Coin","CultistMask","Toy Ornithopter","Eternal Feather","Molten Egg 2","Runic Dome","Tiny Chest","Peace Pipe","Yang"],"acts_visited":["Exordium","TheCity"],"potions_floor_usage":[10,16,22,23,23],"damage_taken":[{"damage":0,"enemies":"Jaw Worm","floor":1,"turns":3},{"damage":0,"enemies":"Cultist","floor":2,"turns":2},{"damage":0,"enemies":"2 Louse","floor":4,"turns":1},{"damage":28,"enemies":"Gremlin Nob","floor":6,"turns":4},{"damage":0,"enemies":"Lots of Slimes","floor":8,"turns":3},{"damage":0,"enemies":"Lagavulin","floor":10,"turns":4},{"damage":7,"enemies":"Large Slime","floor":11,"turns":4},{"damage":0,"enemies":"Gremlin Gang","floor":14,"turns":4},{"damage":13,"enemies":"The Guardian","floor":16,"turns":6},{"damage":0,"enemies":"Spheric Guardian","floor":18,"turns":2},{"damage":2,"enemies":"Chosen","floor":21,"turns":3},{"damage":19,"enemies":"Snake Plant","floor":22,"turns":3},{"damage":18,"enemies":"Gremlin Leader","floor":23,"turns":8},{"damage":48,"enemies":"Slavers","floor":25,"turns":7},{"damage":45,"enemies":"Gremlin Leader","floor":29,"turns":7}],"seed_played":"883732526201872400","potions_obtained":[{"floor":4,"key":"FearPotion"},{"floor":8,"key":"DistilledChaos"},{"floor":10,"key":"Swift Potion"},{"floor":14,"key":"DistilledChaos"},{"floor":18,"key":"GamblersBrew"},{"floor":21,"key":"AttackPotion"},{"floor":23,"key":"FearPotion"}],"is_trial":false,"path_per_floor":["M","M","?","M","?","E","R","M","T","E","M","$","?","M","R","B",null,"M","?","?","M","M","E","R","E","T","R","?","E"],"character_chosen":"WATCHER","items_purchased":[],"campfire_rested":1,"item_purchase_floors":[],"current_hp_per_floor":[72,72,72,72,72,44,44,44,44,49,42,42,42,42,51,43,72,72,66,66,64,50,42,54,6,6,39,39,0,0],"gold":15,"neow_bonus":"BOSS_RELIC","is_daily":false,"chose_seed":false,"campfire_upgraded":3,"win_rate":0.0,"timestamp":1611715580,"path_taken":["M","M","?","?","?","E","R","M","T","E","?","?","?","?","R","BOSS","M","?","?","M","M","E","R","E","T","R","?","E"],"items_purchased_type":[],"build_version":"2020-12-22","purchased_purges":0,"victory":false,"max_hp_per_floor":[72,72,72,72,72,72,72,72,72,72,72,72,72,72,72,72,72,72,72,72,72,72,72,72,72,72,72,72,72,72],"relic_stats":{"Peace Pipe":0,"counters":[15,61],"Eternal Feather":33,"Tiny Chest":0,"Yang":[22],"Ectoplasm":723,"obtain_stats":[{"Peace Pipe":25,"Runic Dome":17,"Eternal Feather":9,"Molten Egg 2":10,"Tiny Chest":23,"Yang":26,"Ectoplasm":0,"CultistMask":5,"PureWater":0,"Toy Ornithopter":6,"Old Coin":3},{"Peace Pipe":14,"Runic Dome":9,"Eternal Feather":5,"Molten Egg 2":6,"Tiny Chest":13,"Yang":14,"Ectoplasm":0,"CultistMask":3,"PureWater":0,"Toy Ornithopter":4,"Old Coin":2},{"Peace Pipe":54,"Runic Dome":31,"Eternal Feather":13,"Molten Egg 2":17,"Tiny Chest":47,"Yang":54,"Ectoplasm":0,"CultistMask":6,"PureWater":0,"Toy Ornithopter":10,"Old Coin":5}],"Toy Ornithopter":25},"card_choices":[{"not_picked":["Wireheading","Protect"],"picked":"FollowUp","floor":1},{"not_picked":["FlyingSleeves","Vengeance"],"picked":"FearNoEvil","floor":2},{"not_picked":["EmptyFist","FollowUp"],"picked":"CutThroughFate","floor":4},{"not_picked":["ThirdEye","FollowUp"],"picked":"Halt","floor":6},{"not_picked":["Indignation","Evaluate"],"picked":"MentalFortress","floor":8},{"not_picked":["Protect","ThirdEye"],"picked":"FlurryOfBlows+1","floor":10},{"not_picked":["BowlingBash+1","Perseverance"],"picked":"CrushJoints+1","floor":11},{"not_picked":["Collect","Fasting2"],"picked":"Consecrate+1","floor":14},{"not_picked":["Brilliance+1","MasterReality"],"picked":"Ragnarok+1","floor":16},{"not_picked":["Protect","Prostrate"],"picked":"Wallop+1","floor":18},{"not_picked":["SashWhip+1","Crescendo","CrushJoints+1"],"picked":"SKIP","floor":21},{"not_picked":["CutThroughFate+1","BowlingBash+1","WindmillStrike+1"],"picked":"SKIP","floor":22},{"not_picked":["ClearTheMind","Consecrate+1","FlurryOfBlows+1"],"picked":"SKIP","floor":23},{"not_picked":["Alpha","JustLucky+1"],"picked":"DevaForm","floor":25}],"player_experience":163533,"relics_obtained":[{"floor":6,"key":"Toy Ornithopter"},{"floor":9,"key":"Eternal Feather"},{"floor":10,"key":"Molten Egg 2"},{"floor":23,"key":"Tiny Chest"},{"floor":25,"key":"Peace Pipe"},{"floor":26,"key":"Yang"}],"event_choices":[{"damage_healed":0,"gold_gain":0,"player_choice":"Paid Gold","damage_taken":0,"relics_obtained":["Old Coin"],"max_hp_gain":0,"max_hp_loss":0,"event_name":"WeMeetAgain","floor":3,"gold_loss":84},{"damage_healed":0,"gold_gain":0,"player_choice":"Trade","damage_taken":0,"relics_obtained":["CultistMask"],"max_hp_gain":0,"max_hp_loss":0,"event_name":"FaceTrader","floor":5,"gold_loss":0},{"damage_healed":0,"gold_gain":0,"cards_transformed":["Strike_P"],"player_choice":"Transformed","damage_taken":0,"max_hp_gain":0,"max_hp_loss":0,"event_name":"Transmorgrifier","floor":13,"gold_loss":0,"cards_obtained":["InnerPeace"]},{"damage_healed":0,"gold_gain":0,"player_choice":"Joined the Cult","damage_taken":6,"max_hp_gain":0,"max_hp_loss":0,"event_name":"Nest","floor":19,"gold_loss":0,"cards_obtained":["RitualDagger"]},{"damage_healed":0,"gold_gain":0,"player_choice":"Read","damage_taken":0,"max_hp_gain":0,"max_hp_loss":0,"event_name":"The Library","floor":20,"gold_loss":0,"cards_obtained":["SashWhip"]}],"is_beta":false,"boss_relics":[{"not_picked":["Tiny House","Cursed Key"],"picked":"Runic Dome"}],"items_purged_floors":[],"is_endless":false,"potions_floor_spawned":[4,8,10,14,18,21,23],"killed_by":"Gremlin Leader","ascension_level":2}}