{"host":"nz11ypxva4e39b7q","time":1611760245,"event":{"mods":["BaseMod","Better Third Choice","Better Vampires","Colored Map","Minty Spire (QoL Compilation)","Quick Restart","StSLib"],"gold_per_floor":[362,379,31,31,42,42,55,90,114,114,114,128,128,209,209,209,209],"floor_reached":16,"language":"ENG","playtime":620,"items_purged":["Strike_G"],"score":200,"play_id":"b7c274fa-663d-4f2a-9039-3f8d6f028f18","local_time":"20210127161045","is_ascension_mode":true,"campfire_choices":[{"data":"Crippling Poison","floor":6.0,"key":"SMITH"},{"data":"Tactician","floor":10.0,"key":"SMITH"},{"data":"Reflex","floor":13.0,"key":"SMITH"},{"floor":15.0,"key":"REST"}],"circlet_count":0,"master_deck":["AscendersBane","Strike_G","Strike_G","Strike_G","Strike_G","Defend_G","Defend_G","Defend_G","Defend_G","Defend_G","Survivor","Neutralize","Tactician+1","Crippling Poison+1","Dagger Throw","PiercingWail","Prepared+1","Acrobatics","Reflex+1"],"relics":["Ring of the Snake","Snake Skull","Bag of Marbles","Happy Flower","Oddly Smooth Stone","The Courier"],"acts_visited":["Exordium"],"potions_floor_usage":[16],"damage_taken":[{"damage":13.0,"enemies":"Cultist","floor":1.0,"turns":5.0},{"damage":2.0,"enemies":"Small Slimes","floor":2.0,"turns":5.0},{"damage":7.0,"enemies":"Jaw Worm","floor":5.0,"turns":5.0},{"damage":1.0,"enemies":"Blue Slaver","floor":7.0,"turns":4.0},{"damage":2.0,"enemies":"Gremlin Nob","floor":8.0,"turns":3.0},{"damage":0.0,"enemies":"Exordium Wildlife","floor":12.0,"turns":2.0},{"damage":51,"enemies":"Slime Boss","floor":16,"turns":7}],"seed_played":"-5475819151327185885","potions_obtained":[{"floor":5.0,"key":"GamblersBrew"},{"floor":7.0,"key":"DuplicationPotion"}],"is_trial":false,"path_per_floor":["M","M","$","?","M","R","M","E","T","R","?","M","R","T","R","B"],"character_chosen":"THE_SILENT","items_purchased":["Snake Skull","Crippling Poison","Dagger Throw"],"campfire_rested":1,"item_purchase_floors":[3,3,3],"current_hp_per_floor":[31,29,29,29,22,22,21,19,19,19,19,19,19,19,38,0,0],"gold":209,"neow_bonus":"TWO_FIFTY_GOLD","is_daily":false,"chose_seed":false,"campfire_upgraded":3,"win_rate":0.0,"timestamp":1611760245,"path_taken":["M","M","$","?","?","R","M","E","T","R","?","?","R","?","R","BOSS"],"items_purchased_type":["Relic","Card","Card"],"build_version":"2020-12-22","purchased_purges":1,"victory":false,"max_hp_per_floor":[66,66,66,66,66,66,66,66,66,66,66,66,66,66,66,66,66],"card_choices":[{"not_picked":["PiercingWail","Dodge and Roll"],"picked":"Tactician","floor":1.0},{"not_picked":["Outmaneuver","Slice"],"picked":"Acrobatics","floor":2.0},{"not_picked":["Finisher","Cloak And Dagger"],"picked":"PiercingWail","floor":5.0},{"not_picked":["Dodge and Roll","Eviscerate"],"picked":"Prepared","floor":7.0},{"not_picked":["Outmaneuver","Deflect"],"picked":"Acrobatics","floor":8.0},{"not_picked":["Predator","Prepared"],"picked":"Reflex","floor":12.0}],"player_experience":998450,"relics_obtained":[{"floor":8.0,"key":"Happy Flower"},{"floor":9.0,"key":"Oddly Smooth Stone"},{"floor":14.0,"key":"The Courier"}],"event_choices":[{"cards_removed":["Acrobatics"],"damage_healed":0.0,"max_hp_gain":0.0,"max_hp_loss":0.0,"gold_gain":0.0,"event_name":"WeMeetAgain","player_choice":"Gave Card","floor":4.0,"gold_loss":0.0,"damage_taken":0.0,"relics_obtained":["Bag of Marbles"]},{"damage_healed":0.0,"max_hp_gain":0.0,"max_hp_loss":0.0,"gold_gain":0.0,"event_name":"Accursed Blacksmith","player_choice":"Forge","floor":11.0,"gold_loss":0.0,"damage_taken":0.0,"cards_upgraded":["Prepared"]}],"is_beta":false,"boss_relics":[],"items_purged_floors":[3],"is_endless":false,"potions_floor_spawned":[5,7],"killed_by":"Slime Boss","ascension_level":20}}