{"host":"8uihyzx2cncbsjod","time":1611775868,"event":{"mods":["BaseMod","Custom Start","Downfall","Hermit","Minty Spire (QoL Compilation)","StSLib","egg"],"gold_per_floor":[99,99,99,99,99,99,99,111,143,143,143,169,181,193,216,332,344,356,387,409,9,25,25,25,45,63,83,31,31,31,43,56,161,161,161,177,527,264,264,264,288,312,312,336,15,33,46,46,75,75,75,75],"floor_reached":50,"language":"ENG","playtime":3750,"items_purged":["Guardian:Defend_Guardian"],"score":475,"play_id":"75d56bd5-fe9b-4681-85f7-cb1b7930e95f","local_time":"20210127143108","is_ascension_mode":false,"campfire_choices":[{"data":"Guardian:CurlUp","floor":1,"key":"SMITH"},{"data":"Guardian:Orbwalk","floor":6,"key":"SMITH"},{"data":"Guardian:Recover","floor":10,"key":"SMITH"},{"data":"Guardian:BaubleBeam","floor":18,"key":"SMITH"},{"data":"Guardian:BronzeOrb","floor":23,"key":"SMITH"},{"floor":30,"key":"REST"},{"data":"Guardian:PolyBeam","floor":35,"key":"SMITH"},{"data":"Guardian:ConstructionForm","floor":40,"key":"SMITH"},{"data":"Guardian:FierceBash","floor":43,"key":"SMITH"}],"circlet_count":0,"master_deck":["Guardian:CurlUp+1","Guardian:TwinSlam+1","Guardian:Orbwalk+1","Guardian:Recover+1","Guardian:Incinerate","Guardian:Recover+1","Guardian:BaubleBeam+1","Guardian:SpikerProtocol","Guardian:SpikerProtocol+1","Guardian:EvasiveProtocol","Master of Strategy+1","Guardian:BronzeOrb+1","Guardian:DecasProtection+1","Guardian:CrystalBeam+1","Guardian:PrismaticBarrier+1","Guardian:Suspension+1","Guardian:PolyBeam+1","Guardian:PrismaticBeam+1","Guardian:FierceBash+1","Guardian:ChargeCore+1","Guardian:TimeCapacitor+1","Guardian:ArmoredProtocol+1","Guardian:ConstructionForm+1","Guardian:Gem_Blue","expansioncontent:Chronoboost","Guardian:Gem_Purple","Guardian:EvasiveProtocol","Jack Of All Trades+1","Guardian:ChargeUp+1"],"relics":["Guardian:ModeShifter","downfall:HeartsMalice","Letter Opener","Toxic Egg 2","Happy Flower","MawBank","Empty Cage","Bag of Marbles","Bottled Flame","Astrolabe","Old Coin","Akabeko","CeramicFish","Strawberry"],"acts_visited":["Exordium","TheCity","TheBeyond"],"potions_floor_usage":[9,16,20,21,28,28,38,38,38,45,49],"damage_taken":[{"damage":0,"enemies":"Jaw Worm","floor":2,"turns":1},{"damage":0,"enemies":"Small Slimes","floor":3,"turns":1},{"damage":0,"enemies":"2 Louse","floor":4,"turns":1},{"damage":13,"enemies":"Lots of Slimes","floor":8,"turns":6},{"damage":13,"enemies":"Gremlin Nob","floor":9,"turns":5},{"damage":16,"enemies":"Lagavulin","floor":12,"turns":7},{"damage":0,"enemies":"2 Fungi Beasts","floor":15,"turns":3},{"damage":9,"enemies":"DF_ARCHETYPE_STREAMLINE","floor":16,"turns":14},{"damage":6,"enemies":"3 Byrds","floor":19,"turns":5},{"damage":7,"enemies":"Centurion and Healer","floor":20,"turns":5},{"damage":0,"enemies":"downfall:FleeingMerchant","floor":21,"turns":4},{"damage":5,"enemies":"Snecko","floor":22,"turns":6},{"damage":15,"enemies":"Shelled Parasite and Fungi","floor":25,"turns":7},{"damage":4,"enemies":"Snake Plant","floor":26,"turns":3},{"damage":0,"enemies":"Snecko","floor":27,"turns":6},{"damage":0,"enemies":"downfall:FleeingMerchant","floor":28,"turns":4},{"damage":3,"enemies":"Cultist and Chosen","floor":31,"turns":5},{"damage":19,"enemies":"Centurion and Healer","floor":32,"turns":6},{"damage":24,"enemies":"WA_ARCHETYPE_CALM","floor":33,"turns":11},{"damage":8,"enemies":"Orb Walker","floor":36,"turns":5},{"damage":3,"enemies":"Orb Walker","floor":37,"turns":8},{"damage":0,"enemies":"downfall:FleeingMerchant","floor":38,"turns":4},{"damage":11,"enemies":"3 Shapes","floor":42,"turns":3},{"damage":0,"enemies":"Sphere and 2 Shapes","floor":44,"turns":6},{"damage":15,"enemies":"downfall:FleeingMerchant","floor":45,"turns":4},{"damage":10,"enemies":"Jaw Worm Horde","floor":47,"turns":5},{"damage":10,"enemies":"3 Darklings","floor":49,"turns":4},{"damage":90,"enemies":"SI_POISON_ARCHETYPE","floor":50,"turns":6}],"seed_played":"5593507465879324205","potions_obtained":[{"floor":8,"key":"hexamod:SoulburnPotion"},{"floor":12,"key":"Explosive Potion"},{"floor":16,"key":"SkillPotion"},{"floor":20,"key":"LiquidMemories"},{"floor":22,"key":"FearPotion"},{"floor":27,"key":"PowerPotion"},{"floor":32,"key":"bronze:BurnAndBuffPotion"},{"floor":33,"key":"Energy Potion"},{"floor":36,"key":"FearPotion"},{"floor":44,"key":"champ:CounterPotion"},{"floor":47,"key":"Explosive Potion"}],"is_trial":false,"path_per_floor":["R","M","M","M","?","R","T","M","E","R","?","E","?","?","M","B",null,"R","M","M","$","M","R","T","M","M","M","$","?","R","M","M","B",null,"R","M","?","$","?","R","T","M","R","M","$","?","M","?","M","B"],"character_chosen":"GUARDIAN","items_purchased":["Bag of Marbles","Master of Strategy+1","Guardian:BronzeOrb","Guardian:PolyBeam","Guardian:Gem_Cyan","Akabeko","expansioncontent:Chronoboost","Guardian:Gem_Purple","Strawberry"],"campfire_rested":1,"item_purchase_floors":[21,21,21,28,38,38,45,45,45],"current_hp_per_floor":[80,80,80,80,73,73,73,60,47,47,47,31,31,31,31,22,80,80,74,67,67,62,62,62,47,43,43,43,43,67,64,45,21,80,80,72,69,69,69,69,69,58,58,58,50,50,40,76,66,0,0,0],"gold":75,"neow_bonus":"THREE_ENEMY_KILL","is_daily":false,"chose_seed":false,"campfire_upgraded":8,"win_rate":0.0,"timestamp":1611775868,"path_taken":["R","M","M","M","?","R","T","M","E","R","?","E","?","?","M","BOSS","R","M","?","$","?","R","T","M","M","?","$","?","R","M","M","BOSS","R","M","?","$","?","R","T","M","R","?","$","?","?","?","M","BOSS"],"items_purchased_type":["Relic","Card","Card","Card","Card","Relic","Card","Card","Relic"],"build_version":"2020-12-22","purchased_purges":1,"victory":false,"max_hp_per_floor":[80,80,80,80,80,80,80,80,80,80,80,80,80,80,80,80,80,80,80,80,80,80,80,80,80,80,80,80,80,80,80,80,80,80,80,80,80,80,80,80,80,80,80,80,87,87,87,76,76,76,76,76],"card_choices":[{"not_picked":["Guardian:CrystalBeam","Guardian:SpikerProtocol"],"picked":"Guardian:Orbwalk","floor":2},{"not_picked":["Guardian:TemporalShield","Guardian:Reroute"],"picked":"Guardian:Recover","floor":3},{"not_picked":["Guardian:Planning","Guardian:Gem_Lightblue"],"picked":"Guardian:Incinerate","floor":4},{"not_picked":["Guardian:EvasiveProtocol","Guardian:TimeBomb+1"],"picked":"Guardian:Gem_Red","floor":8},{"not_picked":["Guardian:PolyBeam","Guardian:SentryBeam"],"picked":"Guardian:Gem_Synthetic","floor":9},{"not_picked":["Guardian:ShieldCharger+1","Guardian:Clone+1"],"picked":"Guardian:Recover+1","floor":12},{"not_picked":["Guardian:ShieldCharger+1","Guardian:TimeBomb+1"],"picked":"Guardian:Gem_Green","floor":15},{"not_picked":["Guardian:CompilePackage+1","Guardian:Gem_Synthetic"],"picked":"Guardian:BaubleBeam","floor":16},{"not_picked":["Guardian:TimeBomb+1","Guardian:BronzeArmor+1"],"picked":"Guardian:SpikerProtocol","floor":19},{"not_picked":["Guardian:RollAttack","Guardian:TemporalShield+1"],"picked":"Guardian:SpikerProtocol+1","floor":20},{"not_picked":["Guardian:SentryBeam","Guardian:TemporalStrike"],"picked":"Guardian:EvasiveProtocol","floor":21},{"not_picked":["Guardian:Gem_Green","Guardian:ShieldCharger+1"],"picked":"Guardian:DecasProtection+1","floor":22},{"not_picked":["Guardian:RollAttack","Guardian:Recover+1"],"picked":"Guardian:CrystalBeam+1","floor":25},{"not_picked":["Guardian:ShieldCharger+1","Guardian:Gem_Green"],"picked":"Guardian:Gem_Purple","floor":26},{"not_picked":["Guardian:Gem_Green","Guardian:WalkerClaw"],"picked":"Guardian:PrismaticBarrier+1","floor":27},{"not_picked":["Guardian:BaubleBeam","Guardian:WalkerClaw"],"picked":"Guardian:Suspension+1","floor":28},{"not_picked":["Guardian:Harden+1","Guardian:SpikerProtocol"],"picked":"Guardian:Gem_Yellow","floor":31},{"not_picked":["Guardian:TemporalShield+1","Guardian:SpikerProtocol"],"picked":"Guardian:PrismaticBeam+1","floor":32},{"not_picked":["Guardian:ExploitGems+1","Guardian:SphericShield+1"],"picked":"Guardian:FierceBash","floor":33},{"not_picked":["Guardian:Recover+1","Guardian:TemporalShield+1"],"picked":"Guardian:ArmoredProtocol+1","floor":36},{"not_picked":["Guardian:VentSteam+1","Guardian:TemporalShield+1"],"picked":"Guardian:ConstructionForm","floor":38},{"not_picked":["Guardian:Gem_Lightblue","Guardian:Recover+1"],"picked":"Guardian:Gem_Cyan","floor":42},{"not_picked":["Guardian:Emergency+1","Guardian:Planning+1"],"picked":"Guardian:Gem_Blue","floor":44},{"not_picked":["Guardian:TimeCapacitor","Guardian:Clone+1","Guardian:RefractedBeam"],"picked":"SKIP","floor":45},{"not_picked":["Guardian:HyperBeam_Guardian","Guardian:PrismaticBarrier+1","Guardian:VentSteam+1"],"picked":"SKIP","floor":47},{"not_picked":["Guardian:Recover+1","Guardian:Gem_Green"],"picked":"Guardian:ChargeUp+1","floor":49}],"player_experience":624355,"relics_obtained":[{"floor":7,"key":"Toxic Egg 2"},{"floor":9,"key":"Happy Flower"},{"floor":12,"key":"MawBank"},{"floor":24,"key":"Bottled Flame"},{"floor":37,"key":"Old Coin"},{"floor":41,"key":"CeramicFish"}],"event_choices":[{"damage_healed":0,"gold_gain":0,"player_choice":"Success","damage_taken":7,"relics_obtained":["Letter Opener"],"max_hp_gain":0,"max_hp_loss":0,"event_name":"Scrap Ooze","floor":5,"gold_loss":0},{"cards_removed":["Guardian:Strike_Guardian"],"damage_healed":0,"gold_gain":0,"player_choice":"Card Removal","damage_taken":0,"max_hp_gain":0,"max_hp_loss":0,"event_name":"The Cleric","floor":13,"gold_loss":0}],"is_beta":false,"boss_relics":[{"not_picked":["Runic Dome","Runic Pyramid"],"picked":"Empty Cage"},{"not_picked":["Pandora\u0027s Box","SacredBark"],"picked":"Astrolabe"}],"items_purged_floors":[38],"is_endless":false,"potions_floor_spawned":[8,12,16,20,22,27,32,33,36,44,47],"killed_by":"SI_POISON_ARCHETYPE","ascension_level":0}}