{"host":"81vb4cbob60wa1na","time":1611779668,"event":{"mods":["BaseMod","Bestiary","Colored Map","Colored Powertips","Downfall","Highlight Path","Minty Spire (QoL Compilation)","Quick Restart","Rare Cards Sparkle","StSLib"],"gold_per_floor":[210,229,242,257,267,267,297,314,314,314,341,341,355,46,46,149,149,161,180,193,108,108,108,128,128,128,56,56,68,68,97,97,193,193,208,223,223,243,14,14,45,45,45,45,45,45,63,79,79,79],"floor_reached":51,"language":"ENG","playtime":1832,"items_purged":[],"score":817,"play_id":"47a89f9e-4094-4d09-9b7d-d8d009031c50","local_time":"20210127153428","is_ascension_mode":true,"campfire_choices":[{"data":"Zap","floor":6.0,"key":"SMITH"},{"floor":10.0,"key":"REST"},{"floor":15.0,"key":"REST"},{"data":"Echo Form","floor":23.0,"key":"SMITH"},{"data":"Gash","floor":25.0,"key":"SMITH"},{"data":"Gash","floor":28.0,"key":"SMITH"},{"floor":30.0,"key":"REST"},{"floor":32.0,"key":"REST"},{"data":"FTL","floor":40.0,"key":"SMITH"},{"data":"Gash","floor":42.0,"key":"SMITH"},{"data":"Dualcast","floor":45.0,"key":"SMITH"},{"data":"Steam","floor":49.0,"key":"SMITH"}],"circlet_count":0,"master_deck":["Strike_B","Strike_B","Strike_B","Strike_B","Defend_B","Defend_B","Defend_B","Defend_B","Zap+1","Dualcast+1","Sweeping Beam","Sweeping Beam","Hello World","Gash+1","Gash+1","Defragment","Gash+1","Stack","FTL+1","FTL+1","Echo Form+1","CurseOfTheBell","Beam Cell+1","Rebound+1","Streamline+1","BootSequence","Sweeping Beam+1","Sweeping Beam+1","All For One+1","Writhe","Gash+1","Beam Cell+1","Steam+1","Sweeping Beam+1","Dramatic Entrance+1","Gash+1","Double Energy+1"],"relics":["Cracked Core","Mercury Hourglass","Ice Cream","Ancient Tea Set","Ornamental Fan","Molten Egg 2","Calling Bell","Potion Belt","Letter Opener","Incense Burner","Cables","Gremlin Horn","Du-Vu Doll","Black Star","Regal Pillow","Lizard Tail","Eternal Feather","Question Card"],"acts_visited":["Exordium","TheCity","TheBeyond"],"potions_floor_usage":[50,50],"damage_taken":[{"damage":0.0,"enemies":"Cultist","floor":1.0,"turns":3.0},{"damage":0.0,"enemies":"Small Slimes","floor":2.0,"turns":2.0},{"damage":2.0,"enemies":"2 Louse","floor":3.0,"turns":2.0},{"damage":10.0,"enemies":"Looter","floor":4.0,"turns":2.0},{"damage":7.0,"enemies":"2 Fungi Beasts","floor":5.0,"turns":3.0},{"damage":21.0,"enemies":"Lagavulin","floor":7.0,"turns":5.0},{"damage":15.0,"enemies":"Exordium Thugs","floor":8.0,"turns":3.0},{"damage":27.0,"enemies":"3 Sentries","floor":11.0,"turns":4.0},{"damage":8.0,"enemies":"Lots of Slimes","floor":13.0,"turns":2.0},{"damage":1.0,"enemies":"Hexaghost","floor":16.0,"turns":8.0},{"damage":19.0,"enemies":"2 Thieves","floor":18.0,"turns":4.0},{"damage":15.0,"enemies":"Shell Parasite","floor":19.0,"turns":5.0},{"damage":0.0,"enemies":"Centurion and Healer","floor":20.0,"turns":6.0},{"damage":0.0,"enemies":"3 Cultists","floor":24.0,"turns":4.0},{"damage":0.0,"enemies":"Chosen and Byrds","floor":29.0,"turns":4.0},{"damage":31.0,"enemies":"Book of Stabbing","floor":31.0,"turns":5.0},{"damage":40.0,"enemies":"Automaton","floor":33.0,"turns":7.0},{"damage":4.0,"enemies":"Orb Walker","floor":35.0,"turns":3.0},{"damage":25.0,"enemies":"3 Darklings","floor":36.0,"turns":3.0},{"damage":17.0,"enemies":"Writhing Mass","floor":38.0,"turns":5.0},{"damage":14.0,"enemies":"Nemesis","floor":41.0,"turns":5.0},{"damage":5.0,"enemies":"4 Shapes","floor":47.0,"turns":2.0},{"damage":0.0,"enemies":"Transient","floor":48.0,"turns":5.0},{"damage":109,"enemies":"Time Eater","floor":50,"turns":9}],"seed_played":"-6569967938960426420","potions_obtained":[{"floor":3.0,"key":"EssenceOfDarkness"},{"floor":5.0,"key":"Weak Potion"},{"floor":11.0,"key":"Explosive Potion"},{"floor":13.0,"key":"SkillPotion"},{"floor":16.0,"key":"DuplicationPotion"},{"floor":19.0,"key":"SkillPotion"},{"floor":20.0,"key":"sneckomod:MuddlingPotion"},{"floor":31.0,"key":"Guardian:BlockOnCardUsePotion"},{"floor":33.0,"key":"PowerPotion"},{"floor":35.0,"key":"Weak Potion"},{"floor":47.0,"key":"LiquidBronze"},{"floor":48.0,"key":"Fire Potion"}],"is_trial":false,"path_per_floor":["M","M","M","M","M","R","E","M","T","R","E","T","M","$","R","B",null,"M","M","M","?","$","R","M","R","T","$","R","M","R","E","R","B",null,"M","M","?","M","$","R","E","R","T","?","R","?","M","M","R","B",null],"character_chosen":"DEFECT","items_purchased":["Molten Egg 2","FTL+1","BootSequence","Beam Cell+1","Regal Pillow","Steam"],"campfire_rested":4,"item_purchase_floors":[14,14,27,39,39,39],"current_hp_per_floor":[75,75,73,63,56,56,35,20,20,42,15,15,7,7,29,28,75,56,41,41,41,41,41,41,41,41,41,41,41,63,32,54,14,75,71,46,65,48,48,48,34,52,52,52,70,70,65,65,75,11],"gold":79,"neow_bonus":"HUNDRED_GOLD","is_daily":false,"chose_seed":false,"campfire_upgraded":8,"win_rate":0.0,"timestamp":1611779668,"path_taken":["M","M","?","M","M","R","E","M","T","R","E","?","M","$","R","BOSS","M","?","M","?","$","R","M","R","T","$","R","M","R","E","R","BOSS","M","M","?","M","$","R","E","R","T","?","R","?","M","M","R","BOSS"],"items_purchased_type":["Relic","Card","Card","Card","Relic","Card"],"build_version":"2020-12-22","purchased_purges":0,"victory":true,"max_hp_per_floor":[75,75,75,75,75,75,75,75,75,75,75,75,75,75,75,75,75,75,75,75,75,75,75,75,75,75,75,75,75,75,75,75,75,75,75,75,75,75,75,75,75,75,75,75,75,75,75,75,75,75],"card_choices":[{"not_picked":["Stack","Force Field"],"picked":"Sweeping Beam","floor":1.0},{"not_picked":["Barrage","Leap"],"picked":"Sweeping Beam","floor":2.0},{"not_picked":["Turbo","Consume"],"picked":"Hello World","floor":3.0},{"not_picked":["Streamline","Steam"],"picked":"Gash","floor":4.0},{"not_picked":["Fusion","Storm"],"picked":"Gash","floor":5.0},{"not_picked":["Skim","Sunder"],"picked":"Defragment","floor":7.0},{"not_picked":["Barrage","Lockon"],"picked":"Gash","floor":8.0},{"not_picked":["Undo","Auto Shields"],"picked":"Stack","floor":11.0},{"not_picked":["Static Discharge","Reboot"],"picked":"FTL","floor":13.0},{"not_picked":["Seek","Rainbow"],"picked":"Echo Form","floor":16.0},{"not_picked":["Darkness","Rebound+1"],"picked":"Beam Cell+1","floor":18.0},{"not_picked":["Hologram","Stack"],"picked":"Rebound+1","floor":19.0},{"not_picked":["Barrage+1","Conserve Battery+1"],"picked":"Streamline+1","floor":20.0},{"not_picked":["Ball Lightning+1","Turbo","Consume+1"],"picked":"SKIP","floor":24.0},{"not_picked":["Melter+1","Rebound+1"],"picked":"Sweeping Beam+1","floor":29.0},{"not_picked":["Coolheaded","Go for the Eyes+1"],"picked":"Sweeping Beam+1","floor":31.0},{"not_picked":["Machine Learning","Fission"],"picked":"All For One+1","floor":33.0},{"not_picked":["Coolheaded+1","Compile Driver+1","Cold Snap+1"],"picked":"SKIP","floor":35.0},{"not_picked":["Ball Lightning+1","Melter+1","Doom and Gloom+1"],"picked":"SKIP","floor":36.0},{"not_picked":["Ball Lightning+1","Melter+1"],"picked":"Gash+1","floor":38.0},{"not_picked":["Machine Learning","Coolheaded+1"],"picked":"Sweeping Beam+1","floor":41.0},{"not_picked":["Swift Strike+1","Enlightenment","Deep Breath"],"picked":"Dramatic Entrance+1","floor":46.0},{"not_picked":["Leap+1","Hologram+1","Conserve Battery"],"picked":"Gash+1","floor":47.0},{"not_picked":["Capacitor+1","Cold Snap+1","Coolheaded+1"],"picked":"Double Energy+1","floor":48.0}],"player_experience":216771,"relics_obtained":[{"floor":7.0,"key":"Mercury Hourglass"},{"floor":9.0,"key":"Ice Cream"},{"floor":11.0,"key":"Ancient Tea Set"},{"floor":12.0,"key":"Ornamental Fan"},{"floor":17.0,"key":"Potion Belt"},{"floor":17.0,"key":"Letter Opener"},{"floor":17.0,"key":"Incense Burner"},{"floor":26.0,"key":"Gremlin Horn"},{"floor":31.0,"key":"Du-Vu Doll"},{"floor":41.0,"key":"Lizard Tail"},{"floor":41.0,"key":"Eternal Feather"},{"floor":43.0,"key":"Question Card"}],"event_choices":[{"damage_healed":0.0,"max_hp_gain":0.0,"max_hp_loss":0.0,"gold_gain":0.0,"event_name":"Addict","player_choice":"Obtained Relic","floor":21.0,"gold_loss":85.0,"damage_taken":0.0,"relics_obtained":["Cables"]},{"damage_healed":19.0,"max_hp_gain":0.0,"max_hp_loss":0.0,"gold_gain":0.0,"event_name":"Winding Halls","player_choice":"Writhe","floor":37.0,"gold_loss":0.0,"damage_taken":0.0,"cards_obtained":["Writhe"]},{"damage_healed":0.0,"max_hp_gain":0.0,"max_hp_loss":0.0,"gold_gain":0.0,"event_name":"Mysterious Sphere","player_choice":"Ignored","floor":44.0,"gold_loss":0.0,"damage_taken":0.0},{"damage_healed":0.0,"max_hp_gain":0.0,"max_hp_loss":0.0,"gold_gain":0.0,"event_name":"SensoryStone","player_choice":"Memory 1","floor":46.0,"gold_loss":0.0,"damage_taken":0.0}],"is_beta":false,"boss_relics":[{"not_picked":["Ectoplasm","SlaversCollar"],"picked":"Calling Bell"},{"not_picked":["Nuclear Battery","Coffee Dripper"],"picked":"Black Star"}],"items_purged_floors":[],"is_endless":false,"potions_floor_spawned":[3,5,11,13,16,19,20,31,33,35,47,48],"ascension_level":1}}