{"host":"khoyd8a1tvki7k1f","time":1611781225,"event":{"mods":["AchievementEnabler","BaseMod","Colored Powertips","Curses Come First","Downfall","Googly Eyes","Hermit","Highlight Path","Minty Spire (QoL Compilation)","Quick Restart","Relic Sorter","Robot Space Explorer","Shop Mod","StSLib","Synergy Search","The Bug Knight","The Cursed","The Disciple","The Hierophant","The Marked","The Necromancer","The Poker Player","The Runesmith","slay the spire mod where everything is the same but ironclad has a cowboy hat"],"gold_per_floor":[99,99,9,159,44,44,123,223,238,249,281,300,310,410,421,522,522,522,533,551,601,219,219,219,564,614,664,679,691,719,735,752,856,856,556,606,616,666,180,209,209,227,227,277,277,36,100,116,128,128,128,157,12,12,12,12,12,12],"floor_reached":56,"language":"ENG","playtime":4411,"items_purged":["downfall:Malfunctioning","downfall:Icky","champ:Strike","Pride"],"score":799,"play_id":"176080d5-5abe-45a7-b962-841f4bb86d3a","local_time":"20210127150025","is_ascension_mode":false,"campfire_choices":[{"data":"champ:Taunt","floor":1.0,"key":"SMITH"},{"data":"champ:Duel","floor":6.0,"key":"SMITH"},{"data":"champ:Improvising","floor":18.0,"key":"SMITH"},{"floor":23.0,"key":"RECALL"},{"data":"expansioncontent:DashGenerateEvil","floor":35.0,"key":"SMITH"},{"data":"expansioncontent:DashGenerateEvil","floor":43.0,"key":"SMITH"},{"floor":45.0,"key":"REST"},{"data":"champ:MurderStrike","floor":54,"key":"SMITH"}],"circlet_count":0,"master_deck":["champ:Strike","champ:Strike","champ:Strike+1","champ:Defend","champ:Defend","champ:Defend+1","champ:Defend+1","champ:Execute","champ:Taunt+1","champ:Duel+1","champ:AdrenalArmor","champ:CrookedStrike","champ:StanceDance","champ:FocusedBerserking","champ:Parry","champ:Lariat","champ:Improvising+1","champ:AdrenalArmor","champ:MurderStrike+1","expansioncontent:DashGenerateEvil+1","champ:StanceDance","champ:BringItOn","expansioncontent:PolyBeam","expansioncontent:DashGenerateEvil+1","Discovery"],"relics":["champ:ChampionCrown","Blue Candle","Potion Belt","PreservedInsect","downfall:CloakOfManyFaces","CultistMask","FaceOfCleric","NlothsMask","GremlinMask","SsserpentHead","Busted Crown","Ornamental Fan","SlaversCollar","downfall:HeartBlessingRed","downfall:HeartBlessingGreen","downfall:HeartBlessingBlue","Lizard Tail","InkBottle","Darkstone Periapt","Anchor"],"acts_visited":["Exordium","TheCity","TheBeyond","TheEnding"],"potions_floor_usage":[50,50,55,55,56,56],"damage_taken":[{"damage":20.0,"enemies":"downfall:FleeingMerchant","floor":3.0,"turns":4.0},{"damage":15.0,"enemies":"downfall:FleeingMerchant","floor":5.0,"turns":4.0},{"damage":83.0,"enemies":"downfall:LadyInBlue","floor":8.0,"turns":11.0},{"damage":10.0,"enemies":"Jaw Worm","floor":9.0,"turns":2.0},{"damage":20.0,"enemies":"2 Louse","floor":10.0,"turns":2.0},{"damage":41.0,"enemies":"Lagavulin","floor":11.0,"turns":6.0},{"damage":25.0,"enemies":"Cultist","floor":12.0,"turns":2.0},{"damage":29.0,"enemies":"Blue Slaver","floor":13.0,"turns":2.0},{"damage":66.0,"enemies":"downfall:FaceTrader","floor":14.0,"turns":6.0},{"damage":2.0,"enemies":"Lots of Slimes","floor":15.0,"turns":3.0},{"damage":41.0,"enemies":"IC_STATUS_ARCHETYPE","floor":16.0,"turns":7.0},{"damage":45.0,"enemies":"Shell Parasite","floor":19.0,"turns":3.0},{"damage":56.0,"enemies":"Spheric Guardian","floor":20.0,"turns":4.0},{"damage":80.0,"enemies":"downfall:FleeingMerchant","floor":22.0,"turns":4.0},{"damage":70.0,"enemies":"downfall:FleeingMerchant","floor":25.0,"turns":4.0},{"damage":0.0,"enemies":"Cultist and Chosen","floor":27.0,"turns":1.0},{"damage":51.0,"enemies":"Centurion and Healer","floor":28.0,"turns":5.0},{"damage":51.0,"enemies":"Snecko","floor":29.0,"turns":5.0},{"damage":63.0,"enemies":"HollowMod:Nosk","floor":30.0,"turns":7.0},{"damage":44.0,"enemies":"Snake Plant","floor":31.0,"turns":3.0},{"damage":38.0,"enemies":"Shelled Parasite and Fungi","floor":32.0,"turns":5.0},{"damage":41.0,"enemies":"SI_MIRROR_ARCHETYPE","floor":33.0,"turns":10.0},{"damage":65.0,"enemies":"3 Shapes","floor":37.0,"turns":4.0},{"damage":84.0,"enemies":"Reptomancer","floor":40.0,"turns":5.0},{"damage":61.0,"enemies":"3 Darklings","floor":42.0,"turns":4.0},{"damage":101.0,"enemies":"Spire Growth","floor":47.0,"turns":5.0},{"damage":52.0,"enemies":"Jaw Worm Horde","floor":48.0,"turns":3.0},{"damage":35.0,"enemies":"4 Shapes","floor":49.0,"turns":3.0},{"damage":133,"enemies":"DF_ARCHETYPE_ORBS","floor":50,"turns":8},{"damage":70,"enemies":"downfall:CharBossMerchant","floor":52,"turns":5},{"damage":233,"enemies":"downfall:NeowBoss","floor":55,"turns":17},{"damage":268,"enemies":"downfall:NeowBossFinal","floor":56,"turns":8}],"seed_played":"2882465011401510825","potions_obtained":[{"floor":8.0,"key":"bronze:BurnAndBuffPotion"},{"floor":8.0,"key":"Energy Potion"},{"floor":8.0,"key":"Guardian:BlockOnCardUsePotion"},{"floor":8.0,"key":"Strength Potion"},{"floor":10.0,"key":"Explosive Potion"},{"floor":15.0,"key":"Regen Potion"},{"floor":16.0,"key":"SmokeBomb"},{"floor":29.0,"key":"Fire Potion"},{"floor":30.0,"key":"FearPotion"},{"floor":32.0,"key":"SteroidPotion"},{"floor":33.0,"key":"DistilledChaos"},{"floor":47.0,"key":"champ:TechniquePotion"},{"floor":48.0,"key":"CultistPotion"},{"floor":52,"key":"champ:OpenerPotion"}],"is_trial":false,"path_per_floor":["R","?","$","?","$","R","T","?","M","M","E","M","M","?","M","B",null,"R","M","M","T","$","R","T","$","?","M","M","M","E","M","M","B",null,"R","?","M","?","$","E","T","M","R","?","R","$","M","M","M","B",null,"E","$","R","B","B"],"character_chosen":"THE_CHAMP","items_purchased":["expansioncontent:DashGenerateEvil","champ:StanceDance","Lizard Tail","expansioncontent:DashGenerateEvil","Discovery","hexamod:SoulburnPotion","Block Potion","SteroidPotion"],"campfire_rested":1,"item_purchase_floors":[22,22,39,39,46,53,53,53],"current_hp_per_floor":[99,99,99,99,99,99,99,76,76,76,55,55,46,35,34,29,101,101,102,92,92,93,93,93,89,54,55,50,54,54,36,19,15,112,122,122,113,113,113,85,85,50,50,50,87,87,57,51,52,3,129,130,130,130,108,0,0,0],"gold":12,"neow_bonus":"TEN_PERCENT_HP_BONUS","is_daily":false,"chose_seed":false,"campfire_upgraded":6,"win_rate":0.0,"timestamp":1611781225,"path_taken":["R","?","$","?","$","R","T","?","?","M","E","M","M","?","M","BOSS","R","M","M","?","$","R","T","$","?","?","M","M","E","M","M","BOSS","R","?","M","?","$","E","T","M","R","?","R","$","?","M","M","BOSS","E","$","R","BOSS","BOSS"],"items_purchased_type":["Card","Card","Relic","Card","Card","Potion","Potion","Potion"],"build_version":"2020-12-22","purchased_purges":4,"victory":false,"max_hp_per_floor":[99,99,99,99,99,99,99,99,99,99,99,99,99,99,100,101,101,101,102,103,103,104,104,104,105,105,106,107,108,109,110,111,112,112,122,122,123,123,123,124,124,125,125,125,125,125,126,127,128,129,129,130,130,130,131,131,131,131],"card_choices":[{"not_picked":["champ:ShieldWall","champ:Backstep"],"picked":"champ:Duel","floor":3.0},{"not_picked":["champ:SkillfulDodge","champ:RapidStrikes"],"picked":"champ:AdrenalArmor","floor":5.0},{"not_picked":["champ:HeartStrike","champ:Duel"],"picked":"champ:CrookedStrike","floor":8.0},{"not_picked":["champ:Backstep","champ:DeathBlow"],"picked":"champ:StanceDance","floor":9.0},{"not_picked":["champ:RisingSlash","champ:GutPunch"],"picked":"champ:FocusedBerserking","floor":10.0},{"not_picked":["champ:TornadoPunch","champ:FocusedBerserking"],"picked":"champ:Parry","floor":11.0},{"not_picked":["champ:BladeFlurry","champ:Backstep"],"picked":"champ:Lariat","floor":12.0},{"not_picked":["champ:CrownThrow","champ:BladeFlurry"],"picked":"champ:Improvising","floor":13.0},{"not_picked":["champ:EnGarde","champ:GutPunch"],"picked":"champ:AdrenalArmor","floor":15.0},{"not_picked":["champ:ShieldThrow","champ:DancingMaster"],"picked":"champ:MurderStrike","floor":16.0},{"not_picked":["champ:GutPunch"],"picked":"SKIP","floor":19.0},{"not_picked":["champ:DefensiveShout+1"],"picked":"SKIP","floor":20.0},{"not_picked":["champ:Endure+1"],"picked":"SKIP","floor":22.0},{"not_picked":["champ:CalledShot"],"picked":"SKIP","floor":25.0},{"not_picked":["champ:Shatter+1"],"picked":"SKIP","floor":28.0},{"not_picked":["champ:FocusedBerserking"],"picked":"SKIP","floor":29.0},{"not_picked":["champ:FlashCut"],"picked":"SKIP","floor":30.0},{"not_picked":["champ:Shatter"],"picked":"SKIP","floor":31.0},{"not_picked":[],"picked":"champ:BringItOn","floor":32.0},{"not_picked":["champ:Shatter"],"picked":"SKIP","floor":37.0},{"not_picked":["expansioncontent:Hexaburn","expansioncontent:GuardianWhirl"],"picked":"expansioncontent:PolyBeam","floor":38.0},{"not_picked":["champ:PreciseThrust"],"picked":"SKIP","floor":40.0},{"not_picked":["champ:BladeFlurry"],"picked":"SKIP","floor":42.0},{"not_picked":["champ:CrownThrow+1"],"picked":"SKIP","floor":47.0},{"not_picked":["champ:Circumvent"],"picked":"SKIP","floor":48.0},{"not_picked":["champ:Devastate"],"picked":"SKIP","floor":49.0},{"not_picked":["champ:CrownThrow"],"picked":"SKIP","floor":52}],"player_experience":357814,"relics_obtained":[{"floor":7.0,"key":"Blue Candle"},{"floor":8.0,"key":"Potion Belt"},{"floor":11.0,"key":"PreservedInsect"},{"floor":14.0,"key":"downfall:CloakOfManyFaces"},{"floor":30.0,"key":"Ornamental Fan"},{"floor":40.0,"key":"InkBottle"},{"floor":41.0,"key":"Darkstone Periapt"},{"floor":52,"key":"Anchor"}],"event_choices":[],"is_beta":false,"boss_relics":[{"not_picked":["Calling Bell","Pandora\u0027s Box"],"picked":"Busted Crown"},{"not_picked":["Tiny House","SacredBark"],"picked":"SlaversCollar"}],"items_purged_floors":[3,5,22,46],"is_endless":false,"potions_floor_spawned":[8,10,12,15,16,27,29,30,32,33,47,48,52],"killed_by":"downfall:NeowBossFinal","ascension_level":0}}