{"host":"jvkhdumwz0a74abb","time":1611791364,"event":{"mods":["AchievementEnabler","BaseMod","Colored Powertips","Googly Eyes","Minty Spire (QoL Compilation)","Replay The Spire","StSLib"],"gold_per_floor":[118,138,157,0,0,0,25,25,25,25,48,77,77,126,126,244,244,243,255,255],"floor_reached":19,"language":"ENG","playtime":894,"items_purged":[],"score":237,"play_id":"42d3bd3a-32be-4434-8347-443b4d06ef4f","local_time":"20210128014924","is_ascension_mode":true,"campfire_choices":[{"floor":6,"key":"REST"},{"floor":8,"key":"REST"},{"data":"Flex","floor":10,"key":"SMITH"},{"data":"Eruption","floor":15,"key":"SMITH"}],"circlet_count":0,"master_deck":["Strike_R","Strike_R","Strike_R","Strike_R","Defend_R","Defend_R","Defend_R","Defend_R","Anger","Flex+1","Flex","Eruption+1","Injury","Parasite","Languid"],"relics":["Replay:Bandana","ReplayFunnel","Replay:M_SmolderingBlood","Paper Frog","Replay:Ancient Bell","King of Hearts","Shuriken","Girya"],"acts_visited":["Exordium","TheCity"],"potions_floor_usage":[14,16],"damage_taken":[{"damage":0.0,"enemies":"Small Slimes","floor":1.0,"turns":3.0},{"damage":28.0,"enemies":"Jaw Worm","floor":2.0,"turns":6.0},{"damage":14.0,"enemies":"2 Louse","floor":3.0,"turns":3.0},{"damage":30,"enemies":"2 Fungi Beasts","floor":7,"turns":4},{"damage":1,"enemies":"Exordium Wildlife","floor":11,"turns":2},{"damage":13,"enemies":"Blue Slaver","floor":12,"turns":4},{"damage":10,"enemies":"Gremlin Nob","floor":14,"turns":3},{"damage":18,"enemies":"Slime Boss","floor":16,"turns":7},{"damage":26,"enemies":"2 Thieves","floor":18,"turns":4},{"damage":63,"enemies":"Shell Parasite","floor":19,"turns":4}],"seed_played":"7707792878705335481","potions_obtained":[{"floor":1.0,"key":"Strength Potion"},{"floor":3.0,"key":"SpeedPotion"},{"floor":7,"key":"AttackPotion"},{"floor":16,"key":"Toxic Potion"},{"floor":18,"key":"Venom Potion"}],"is_trial":false,"path_per_floor":["M","M","M","$","?","R","M","R","T","R","M","M","?","E","R","B",null,"M","M"],"character_chosen":"IRONCLAD","items_purchased":["Replay:Bandana"],"campfire_rested":2,"item_purchase_floors":[4],"current_hp_per_floor":[78,56,48,48,48,72,48,72,72,72,77,70,70,60,60,42,71,45,0,0],"gold":255,"neow_bonus":"REMOVE_CARD","is_daily":false,"chose_seed":false,"campfire_upgraded":2,"win_rate":0.0,"timestamp":1611791364,"path_taken":["M","M","M","$","?","R","M","R","T","R","M","M","?","E","R","BOSS","M","M"],"items_purchased_type":["Relic"],"build_version":"2020-12-22","purchased_purges":0,"victory":false,"max_hp_per_floor":[80,80,80,80,80,80,80,80,80,80,80,80,80,80,80,80,80,80,80,80],"card_choices":[{"not_picked":["Intimidate","Thunderclap","Entrench"],"picked":"SKIP","floor":1.0},{"not_picked":["Ghostly Armor","Twin Strike","Pommel Strike"],"picked":"SKIP","floor":2.0},{"not_picked":["ReplayTheSpireMod:LeadingStrike","Havoc"],"picked":"Anger","floor":3.0},{"not_picked":["Shrug It Off","Warcry"],"picked":"Flex","floor":7},{"not_picked":["Clothesline","Inflame"],"picked":"Flex","floor":11},{"not_picked":["Power Through","Twin Strike","Iron Wave"],"picked":"SKIP","floor":12},{"not_picked":["Hemogenesis","Swivel","ReplayReversal"],"picked":"SKIP","floor":14},{"not_picked":["Sickly","ReplayTheSpireMod:Restless Dread"],"picked":"Injury","floor":17},{"not_picked":["Shame","Amnesia"],"picked":"Parasite","floor":17},{"not_picked":["Normality","Replay:Hysterical Blindness"],"picked":"Languid","floor":17},{"not_picked":["ReplayTheSpireMod:Strike From Hell","Pommel Strike","Rupture"],"picked":"SKIP","floor":18}],"player_experience":311379,"relics_obtained":[{"floor":9,"key":"ReplayFunnel"},{"floor":14,"key":"Paper Frog"}],"event_choices":[],"is_beta":false,"boss_relics":[{"not_picked":["ReplayTheSpireMod:DimensionalGlitch","SlaversCollar"],"picked":"Replay:Ancient Bell"},{"not_picked":["Toy Ornithopter","Art of War"],"picked":"King of Hearts"},{"not_picked":["Replay:Bottled Flurry","Divine Protection"],"picked":"Shuriken"},{"not_picked":["Ice Cream","Pocketwatch"],"picked":"Girya"}],"items_purged_floors":[],"is_endless":false,"potions_floor_spawned":[1,3,7,16,18],"killed_by":"Shell Parasite","ascension_level":8}}