{"host":"vyjryxuuuxkt43k4","time":1611757963,"event":{"mods":["AchievementEnabler","BaseMod","Colored Map","DeckTracker","Keyboard Shortcuts","Minty Spire (QoL Compilation)","Permanent Neow","Quick Restart","Rare Cards Sparkle","StSLib","SuperFastMode","everything is the same but u backflip on backflip"],"gold_per_floor":[116,116,116,131,149,149,189,189,216,259,282,301,324,340,340,466,466,489,504,525,525,525],"floor_reached":21,"language":"KOR","playtime":856,"items_purged":[],"score":273,"play_id":"9f176bfc-4f6f-48ef-9aa4-c056b3a4dad8","local_time":"20210127233243","is_ascension_mode":true,"campfire_choices":[{"data":"Zap","floor":6.0,"key":"SMITH"},{"floor":8.0,"key":"REST"},{"floor":15.0,"key":"REST"}],"circlet_count":0,"master_deck":["Strike_B","Strike_B","Strike_B","Strike_B","Defend_B","Defend_B","Defend_B","Defend_B","Zap+1","Dualcast+1","Cold Snap","Sweeping Beam","Chill","Conserve Battery","Capacitor","Barrage","Ball Lightning","Capacitor","Seek","All For One","White Noise+1","Consume","FTL+1"],"relics":["Cracked Core","Golden Idol","Vajra","Gambling Chip","Cursed Key"],"acts_visited":["Exordium","TheCity"],"potions_floor_usage":[21,21],"damage_taken":[{"damage":2.0,"enemies":"Jaw Worm","floor":1.0,"turns":3.0},{"damage":2.0,"enemies":"2 Louse","floor":4.0,"turns":3.0},{"damage":0.0,"enemies":"Cultist","floor":5.0,"turns":3.0},{"damage":24.0,"enemies":"Gremlin Nob","floor":7.0,"turns":4.0},{"damage":17.0,"enemies":"Lagavulin","floor":10.0,"turns":5.0},{"damage":4.0,"enemies":"Blue Slaver","floor":11.0,"turns":4.0},{"damage":11.0,"enemies":"Large Slime","floor":12.0,"turns":4.0},{"damage":5.0,"enemies":"2 Fungi Beasts","floor":13.0,"turns":2.0},{"damage":0.0,"enemies":"Exordium Wildlife","floor":14.0,"turns":3.0},{"damage":13.0,"enemies":"The Guardian","floor":16.0,"turns":9.0},{"damage":10.0,"enemies":"Chosen","floor":18.0,"turns":4.0},{"damage":13.0,"enemies":"2 Thieves","floor":19.0,"turns":2.0},{"damage":27.0,"enemies":"Snake Plant","floor":20.0,"turns":4.0},{"damage":31,"enemies":"Snecko","floor":21,"turns":4}],"seed_played":"-7267211237659144320","potions_obtained":[{"floor":4.0,"key":"BlessingOfTheForge"},{"floor":7.0,"key":"EssenceOfDarkness"},{"floor":13.0,"key":"BlessingOfTheForge"},{"floor":14.0,"key":"AttackPotion"},{"floor":20.0,"key":"ColorlessPotion"}],"is_trial":false,"path_per_floor":["M","?","?","M","M","R","E","R","T","E","M","M","M","M","R","B",null,"M","M","M","M"],"character_chosen":"DEFECT","items_purchased":[],"campfire_rested":2,"item_purchase_floors":[],"current_hp_per_floor":[66,48,53,51,51,51,27,51,51,34,30,19,14,14,38,25,66,56,43,16,0,0],"gold":525,"neow_bonus":"UPGRADE_CARD","is_daily":false,"chose_seed":false,"campfire_upgraded":1,"win_rate":0.0,"timestamp":1611757963,"path_taken":["M","?","?","M","M","R","E","R","T","E","M","M","M","M","R","BOSS","M","M","M","M"],"items_purchased_type":[],"build_version":"2020-12-22","purchased_purges":0,"victory":false,"max_hp_per_floor":[75,75,80,80,80,80,80,80,80,80,80,80,80,80,80,80,80,80,80,80,80,80],"card_choices":[{"not_picked":["Gash","Conserve Battery"],"picked":"Cold Snap","floor":1.0},{"not_picked":["Cold Snap","Recycle"],"picked":"Sweeping Beam","floor":4.0},{"not_picked":["Double Energy","Recycle"],"picked":"Chill","floor":5.0},{"not_picked":["Double Energy","Sweeping Beam"],"picked":"Conserve Battery","floor":7.0},{"not_picked":["Barrage","Steam"],"picked":"Capacitor","floor":10.0},{"not_picked":["Leap","Conserve Battery"],"picked":"Barrage","floor":11.0},{"not_picked":["Steam","Turbo"],"picked":"Ball Lightning","floor":12.0},{"not_picked":["Scrape","Rebound"],"picked":"Capacitor","floor":13.0},{"not_picked":["Cold Snap","Beam Cell"],"picked":"Seek","floor":14.0},{"not_picked":["Rainbow","Seek"],"picked":"All For One","floor":16.0},{"not_picked":["Double Energy","Hello World"],"picked":"White Noise+1","floor":18.0},{"not_picked":["Turbo","Redo"],"picked":"Consume","floor":19.0},{"not_picked":["Leap","Skim"],"picked":"FTL+1","floor":20.0}],"player_experience":419862,"relics_obtained":[{"floor":7.0,"key":"Vajra"},{"floor":10.0,"key":"Gambling Chip"}],"event_choices":[{"damage_healed":0.0,"max_hp_gain":0.0,"max_hp_loss":0.0,"gold_gain":0.0,"event_name":"Golden Idol","player_choice":"Take Damage","floor":2.0,"gold_loss":0.0,"damage_taken":18.0,"relics_obtained":["Golden Idol"]},{"damage_healed":0.0,"max_hp_gain":5.0,"max_hp_loss":0.0,"gold_gain":0.0,"event_name":"Big Fish","player_choice":"Donut","floor":3.0,"gold_loss":0.0,"damage_taken":0.0}],"is_beta":false,"boss_relics":[{"not_picked":["Empty Cage","Nuclear Battery"],"picked":"Cursed Key"}],"items_purged_floors":[],"is_endless":false,"potions_floor_spawned":[4,7,13,14,20],"killed_by":"Snecko","ascension_level":8}}