{"host":"mg3e76uznu9x14du","time":1611731144,"event":{"mods":["BaseMod","Colored Map","Downfall","Minty Spire (QoL Compilation)","Permanent Neow","Relic Stats","StSLib","Waifu the Spire","everything is the same but u backflip on backflip"],"gold_per_floor":[99,99,99,99,99,99,99,117,117,193,221,31,31,42,57,57,57,57],"floor_reached":16,"language":"ENG","playtime":870,"items_purged":["downfall:Malfunctioning"],"score":106,"play_id":"3a036476-ae57-41bc-bcd9-9465df8e2e9f","local_time":"20210127020544","is_ascension_mode":true,"campfire_choices":[{"data":"Guardian:CurlUp","floor":1,"key":"SMITH"},{"data":"Guardian:PrismaticBeam","floor":9,"key":"SMITH"},{"floor":13,"key":"RECALL"}],"circlet_count":0,"master_deck":["Guardian:Strike_Guardian","Guardian:Strike_Guardian+1","Guardian:Strike_Guardian","Guardian:Strike_Guardian","Guardian:Defend_Guardian+1","Guardian:Defend_Guardian","Guardian:Defend_Guardian","Guardian:Defend_Guardian+1","Guardian:CurlUp+1","Guardian:TwinSlam","Guardian:PrismaticBeam+1","Guardian:ShieldCharger","Guardian:ChargeCore","Guardian:TemporalShield","Guardian:PiercingHide","Guardian:PiercingHide","Guardian:TimeCapacitor"],"relics":["Guardian:ModeShifter","downfall:HeartsMalice","Guardian:PickAxe","Lantern","Mummified Hand","Anchor"],"acts_visited":["Exordium"],"potions_floor_usage":[11,16,16],"damage_taken":[{"damage":0,"enemies":"Cultist","floor":2,"turns":1},{"damage":0,"enemies":"Jaw Worm","floor":3,"turns":1},{"damage":0,"enemies":"2 Louse","floor":5,"turns":1},{"damage":15,"enemies":"2 Louse","floor":6,"turns":8},{"damage":1,"enemies":"2 Fungi Beasts","floor":8,"turns":5},{"damage":4,"enemies":"Gremlin Nob","floor":11,"turns":4},{"damage":4,"enemies":"downfall:FleeingMerchant","floor":12,"turns":4},{"damage":0,"enemies":"Red Slaver","floor":14,"turns":2},{"damage":5,"enemies":"Exordium Thugs","floor":15,"turns":5},{"damage":53,"enemies":"SI_SHIV_ARCHETYPE","floor":16,"turns":13}],"seed_played":"8473684124468636238","potions_obtained":[{"floor":8,"key":"Block Potion"},{"floor":14,"key":"SkillPotion"},{"floor":15,"key":"Explosive Potion"}],"is_trial":false,"path_per_floor":["R","M","M","?","M","?","T","M","R","T","E","$","R","M","M","B"],"character_chosen":"GUARDIAN","items_purchased":["Guardian:PiercingHide","Guardian:Gem_Lightblue"],"campfire_rested":0,"item_purchase_floors":[12,12],"current_hp_per_floor":[80,80,80,80,80,65,65,64,64,64,60,56,56,56,51,0,0,0],"gold":57,"neow_bonus":"THREE_ENEMY_KILL","is_daily":false,"chose_seed":false,"campfire_upgraded":2,"win_rate":0.0,"timestamp":1611731144,"path_taken":["R","M","M","?","M","?","T","M","R","?","E","$","R","M","M","BOSS"],"items_purchased_type":["Card","Card"],"build_version":"2020-12-22","purchased_purges":1,"victory":false,"max_hp_per_floor":[80,80,80,80,80,80,80,80,80,80,80,80,80,80,80,80,80,80],"relic_stats":{"counters":[10,41],"Mummified Hand":[1],"obtain_stats":[{"Guardian:PickAxe":6,"Lantern":7,"Anchor":11,"Mummified Hand":10,"Guardian:ModeShifter":0,"downfall:HeartsMalice":0},{"Guardian:PickAxe":4,"Lantern":4,"Anchor":6,"Mummified Hand":5,"Guardian:ModeShifter":0,"downfall:HeartsMalice":0},{"Guardian:PickAxe":8,"Lantern":8,"Anchor":17,"Mummified Hand":13,"Guardian:ModeShifter":0,"downfall:HeartsMalice":0}]},"card_choices":[{"not_picked":["Guardian:TimeBomb","Guardian:Gem_Purple"],"picked":"Guardian:PrismaticBeam","floor":2},{"not_picked":["Guardian:CrystalBeam","Guardian:Gem_Lightblue"],"picked":"Guardian:ShieldCharger","floor":3},{"not_picked":["Guardian:Gem_Lightblue","Guardian:EvasiveProtocol"],"picked":"Guardian:ChargeCore","floor":5},{"not_picked":["Guardian:ArmoredProtocol","Guardian:Incinerate"],"picked":"Guardian:TemporalShield","floor":8},{"not_picked":["Guardian:Repulse","Guardian:StasisField"],"picked":"Guardian:Gem_Green","floor":11},{"not_picked":["Guardian:VentSteam","Guardian:CrystalBeam"],"picked":"Guardian:Gem_Blue","floor":12},{"not_picked":["Guardian:Incinerate","Guardian:Gem_Lightblue"],"picked":"Guardian:PiercingHide","floor":14},{"not_picked":["Guardian:PrimingBeam","Guardian:PiercingHide"],"picked":"Guardian:TimeCapacitor","floor":15}],"player_experience":500770,"relics_obtained":[{"floor":7,"key":"Lantern"},{"floor":10,"key":"Mummified Hand"},{"floor":11,"key":"Anchor"}],"event_choices":[],"is_beta":false,"boss_relics":[],"items_purged_floors":[12],"is_endless":false,"potions_floor_spawned":[8,14,15],"killed_by":"SI_SHIV_ARCHETYPE","ascension_level":2}}