{"host":"qeogwbudlaqzb6hy","time":1611713998,"event":{"mods":["BaseMod","Downfall","Minty Spire (QoL Compilation)","StSLib"],"gold_per_floor":[99,109,123,136,147,164,188,200,217,232,287,307,307,327,342,441,441,441,457,148,158,176,187,187,35,135,135,155,155,155,155,169,266,266,266,279,292,292,292,292,292,292],"floor_reached":40,"language":"ENG","playtime":5377,"items_purged":["champ:Strike","champ:Defend"],"score":388,"play_id":"ae17edef-09f8-42ed-b4bd-6681da913be4","local_time":"20210127121958","is_ascension_mode":false,"campfire_choices":[{"data":"champ:Execute","floor":1,"key":"SMITH"},{"floor":13,"key":"REST"},{"data":"champ:Improvising","floor":18,"key":"SMITH"},{"floor":27,"key":"REST"},{"floor":30,"key":"REST"},{"data":"champ:DancingMaster","floor":35,"key":"SMITH"}],"circlet_count":0,"master_deck":["champ:Strike","champ:Strike","champ:Strike","champ:Defend","champ:Defend","champ:Defend","champ:Execute+1","champ:Taunt+1","champ:RecklessLeap","champ:ArenaPreparation","champ:TornadoPunch","champ:GladiatorStyle","champ:FocusedBerserking","champ:BringItOn","champ:GladiatorForm","champ:StanceDance","champ:IronFortress","champ:ShieldSlam","champ:DefensiveShout","champ:StanceDance","champ:Improvising+1","champ:FancyFootwork","champ:SkillfulDodge","champ:StanceDance+1","champ:Shatter+1","champ:ShieldWall","champ:IgnorePain","Pride","champ:CrownThrow+1","champ:DancingMaster+1","champ:FancyFootwork","champ:EnragedBash+1"],"relics":["champ:ChampionCrownUpgraded","champ:FightingForDummies","Tiny Chest","Black Star","Nunchaku","Orichalcum","Unceasing Top","Question Card","Blood Vial","Blue Candle","Molten Egg 2"],"acts_visited":["Exordium","TheCity","TheBeyond"],"potions_floor_usage":[16,16,16,33,33,40,40],"damage_taken":[{"damage":21,"enemies":"Cultist","floor":2,"turns":4},{"damage":27,"enemies":"Small Slimes","floor":3,"turns":3},{"damage":10,"enemies":"2 Louse","floor":4,"turns":2},{"damage":4,"enemies":"Blue Slaver","floor":5,"turns":3},{"damage":19,"enemies":"Exordium Wildlife","floor":6,"turns":4},{"damage":16,"enemies":"3 Louse","floor":8,"turns":3},{"damage":29,"enemies":"Large Slime","floor":9,"turns":8},{"damage":28,"enemies":"Exordium Thugs","floor":10,"turns":4},{"damage":12,"enemies":"3 Sentries","floor":11,"turns":6},{"damage":30,"enemies":"3 Louse","floor":12,"turns":3},{"damage":23,"enemies":"Red Slaver","floor":14,"turns":4},{"damage":9,"enemies":"2 Fungi Beasts","floor":15,"turns":4},{"damage":110,"enemies":"SI_SHIV_ARCHETYPE","floor":16,"turns":11},{"damage":15,"enemies":"Spheric Guardian","floor":19,"turns":6},{"damage":5,"enemies":"downfall:FleeingMerchant","floor":20,"turns":4},{"damage":45,"enemies":"Centurion and Healer","floor":21,"turns":10},{"damage":49,"enemies":"3 Cultists","floor":22,"turns":5},{"damage":51,"enemies":"Snecko","floor":23,"turns":7},{"damage":44,"enemies":"downfall:FleeingMerchant","floor":25,"turns":4},{"damage":47,"enemies":"IC_STATUS_ARCHETYPE","floor":26,"turns":7},{"damage":8,"enemies":"Sentry and Sphere","floor":28,"turns":5},{"damage":21,"enemies":"3 Cultists","floor":32,"turns":6},{"damage":61,"enemies":"IC_MUSHROOM_ARCHETYPE","floor":33,"turns":9},{"damage":35,"enemies":"3 Shapes","floor":36,"turns":6},{"damage":43,"enemies":"Orb Walker","floor":37,"turns":5},{"damage":120,"enemies":"Transient","floor":40,"turns":5}],"seed_played":"-4059462850939965232","potions_obtained":[{"floor":2,"key":"hexamod:SoulburnPotion"},{"floor":3,"key":"champ:TechniquePotion"},{"floor":6,"key":"LiquidMemories"},{"floor":23,"key":"hexamod:SoulburnPotion"},{"floor":26,"key":"champ:TechniquePotion"},{"floor":33,"key":"Regen Potion"},{"floor":36,"key":"Weak Potion"}],"is_trial":false,"path_per_floor":["R","M","M","M","M","M","T","M","M","M","?","M","R","M","M","B",null,"R","M","$","M","M","M","T","$","?","R","M","?","R","T","M","B",null,"R","M","M","T","?","M"],"character_chosen":"THE_CHAMP","items_purchased":["Nunchaku","champ:SkillfulDodge","champ:ShieldWall"],"campfire_rested":3,"item_purchase_floors":[20,20,25],"current_hp_per_floor":[90,89,87,87,83,74,74,68,64,51,39,29,56,48,39,25,90,90,75,75,75,56,45,45,40,18,45,37,37,64,64,60,34,90,90,85,59,59,59,0,0,0],"gold":292,"neow_bonus":"UPGRADE_CARD","is_daily":false,"chose_seed":false,"campfire_upgraded":3,"win_rate":0.0,"timestamp":1611713998,"path_taken":["R","M","M","M","M","M","T","M","M","M","?","M","R","M","M","BOSS","R","M","$","M","M","M","T","$","?","R","M","?","R","?","M","BOSS","R","M","M","?","?","M"],"items_purchased_type":["Relic","Card","Card"],"build_version":"2020-12-22","purchased_purges":2,"victory":false,"max_hp_per_floor":[90,90,90,90,90,90,90,90,90,90,90,90,90,90,90,90,90,90,90,90,90,90,90,90,90,90,90,90,90,90,90,90,90,90,90,90,90,90,90,90,90,90],"card_choices":[{"not_picked":["champ:BladeFlurry","champ:BringItOn"],"picked":"champ:RecklessLeap","floor":2},{"not_picked":["champ:EnGarde","champ:Backstep"],"picked":"champ:ArenaPreparation","floor":3},{"not_picked":["champ:Lariat","champ:CalledShot"],"picked":"champ:TornadoPunch","floor":4},{"not_picked":["champ:FaceSlap","champ:CrownThrow"],"picked":"champ:GladiatorStyle","floor":5},{"not_picked":["champ:CrownThrow","champ:FocusedDefense"],"picked":"champ:FocusedBerserking","floor":6},{"not_picked":["champ:CrownThrow","champ:BladeFlurry"],"picked":"champ:BringItOn","floor":8},{"not_picked":["champ:ShieldSlam","champ:PreciseThrust"],"picked":"champ:GladiatorForm","floor":9},{"not_picked":["champ:BringItOn","champ:AdrenalArmor"],"picked":"champ:StanceDance","floor":10},{"not_picked":["champ:BringItOn","champ:PerfectedStrike"],"picked":"champ:IronFortress","floor":11},{"not_picked":["champ:StanceDance","champ:Shatter"],"picked":"champ:ShieldSlam","floor":12},{"not_picked":["champ:GutPunch","champ:Shatter"],"picked":"champ:DefensiveShout","floor":14},{"not_picked":["champ:AdrenalArmor","champ:FocusedDefense"],"picked":"champ:StanceDance","floor":15},{"not_picked":["champ:ShieldThrow","champ:SteelEdge"],"picked":"champ:Improvising","floor":16},{"not_picked":["champ:CrownThrow","champ:FanOfKnives"],"picked":"champ:FancyFootwork","floor":19},{"not_picked":["champ:FocusedBerserking","champ:FanOfKnives","champ:BerserkersShout"],"picked":"SKIP","floor":20},{"not_picked":["champ:Parry","champ:BladeFlurry"],"picked":"champ:StanceDance+1","floor":21},{"not_picked":["champ:BringItOn","champ:PerfectedStrike","champ:BerserkersShout+1"],"picked":"SKIP","floor":22},{"not_picked":["champ:Circumvent","champ:Shatter","champ:FlashCut"],"picked":"SKIP","floor":23},{"not_picked":["champ:FocusedBerserking+1","champ:TornadoPunch"],"picked":"champ:Shatter+1","floor":25},{"not_picked":["champ:Encircle","champ:CrownThrow"],"picked":"champ:IgnorePain","floor":26},{"not_picked":["champ:FlashCut","champ:BringItOn","champ:SetATrap+1","champ:SkillfulDodge"],"picked":"SKIP","floor":28},{"not_picked":["champ:StanceDance","champ:ShieldWall","champ:PreemptiveStrike"],"picked":"champ:CrownThrow+1","floor":32},{"not_picked":["champ:IgnorePain","champ:Improvising","champ:UltimateStance"],"picked":"champ:DancingMaster","floor":33},{"not_picked":["champ:FanOfKnives","champ:Backstep+1","champ:PerfectedStrike+1"],"picked":"champ:FancyFootwork","floor":36},{"not_picked":["champ:GladiatorStyle","champ:CrownThrow","champ:PreemptiveStrike"],"picked":"champ:EnragedBash+1","floor":37}],"player_experience":325641,"relics_obtained":[{"floor":7,"key":"champ:FightingForDummies"},{"floor":24,"key":"Orichalcum"},{"floor":26,"key":"Unceasing Top"},{"floor":26,"key":"Question Card"},{"floor":31,"key":"Blue Candle"},{"floor":38,"key":"Molten Egg 2"}],"event_choices":[{"damage_healed":0,"gold_gain":0,"player_choice":"Stole Relic","damage_taken":0,"relics_obtained":["Blood Vial"],"max_hp_gain":0,"max_hp_loss":0,"event_name":"Addict","floor":29,"gold_loss":0,"cards_obtained":["Pride"]}],"is_beta":false,"boss_relics":[{"not_picked":["Astrolabe","SacredBark"],"picked":"Black Star"},{"not_picked":["Velvet Choker","Snecko Eye"],"picked":"champ:ChampionCrownUpgraded"}],"items_purged_floors":[20,25],"is_endless":false,"potions_floor_spawned":[2,3,6,10,11,12,15,23,26,33,36],"killed_by":"Transient","ascension_level":0}}