{"host":"bxn2em57qlx5u4i0","time":1611716780,"event":{"mods":["BaseMod","Colored Map","Colored Powertips","Highlight Path","Minty Spire (QoL Compilation)","Random Character Button","Relic Sorter","Relic Stats","StSLib","SuperFastMode"],"gold_per_floor":[112,129,129,54,54,54,83,83,83,118,127,156,182,198,198,282,282,303,131,141,159,173,173,204,204,204,204,204,231,247,262,262,349,349,367,367,367,36,36,63,82,117,117,181,195,195,228,262,262,262,262,262,262,67,97,97],"floor_reached":57,"language":"ENG","playtime":1806,"items_purged":["Strike_G","Strike_G"],"score":3463,"play_id":"348a20e7-378a-42f6-9bad-873815173f20","local_time":"20210126220620","is_ascension_mode":true,"campfire_choices":[{"data":"Survivor","floor":6,"key":"SMITH"},{"data":"Neutralize","floor":8,"key":"SMITH"},{"floor":11,"key":"REST"},{"data":"Catalyst","floor":15,"key":"SMITH"},{"data":"Crippling Poison","floor":23,"key":"SMITH"},{"data":"Catalyst","floor":27,"key":"SMITH"},{"data":"Catalyst","floor":32,"key":"SMITH"},{"data":"Wraith Form v2","floor":46,"key":"SMITH"},{"floor":49,"key":"RECALL"},{"data":"Well Laid Plans","floor":53,"key":"SMITH"}],"circlet_count":0,"master_deck":["AscendersBane","Defend_G+1","Defend_G+1","Defend_G+1","Defend_G+1","Defend_G+1","Survivor+1","Neutralize+1","Poisoned Stab+1","Deadly Poison+1","Catalyst+1","Well Laid Plans+1","Catalyst+1","Adrenaline","PiercingWail","Catalyst+1","After Image","Crippling Poison+1","Wraith Form v2+1","Catalyst","PiercingWail+1","Catalyst"],"relics":["Ring of the Snake","NeowsBlessing","Dream Catcher","CeramicFish","Oddly Smooth Stone","InkBottle","Busted Crown","Vajra","Shovel","Bottled Tornado","Mummified Hand","Snecko Eye","TwistedFunnel","Bag of Preparation","Thread and Needle","Omamori","Pocketwatch","Sundial","Lizard Tail","Toy Ornithopter","Pear"],"acts_visited":["Exordium","TheCity","TheBeyond","TheEnding"],"potions_floor_usage":[13,24,44,56,56,56],"damage_taken":[{"damage":0,"enemies":"Small Slimes","floor":1,"turns":1},{"damage":0,"enemies":"Jaw Worm","floor":2,"turns":1},{"damage":0,"enemies":"Lagavulin","floor":7,"turns":1},{"damage":20,"enemies":"3 Sentries","floor":10,"turns":11},{"damage":0,"enemies":"2 Louse","floor":12,"turns":3},{"damage":6,"enemies":"Gremlin Nob","floor":13,"turns":3},{"damage":3,"enemies":"Blue Slaver","floor":14,"turns":3},{"damage":0,"enemies":"The Guardian","floor":16,"turns":5},{"damage":0,"enemies":"Chosen","floor":18,"turns":2},{"damage":0,"enemies":"Spheric Guardian","floor":20,"turns":4},{"damage":0,"enemies":"Snecko","floor":22,"turns":4},{"damage":1,"enemies":"Gremlin Leader","floor":24,"turns":3},{"damage":0,"enemies":"Book of Stabbing","floor":29,"turns":4},{"damage":0,"enemies":"3 Cultists","floor":30,"turns":4},{"damage":0,"enemies":"Snake Plant","floor":31,"turns":2},{"damage":0,"enemies":"Champ","floor":33,"turns":6},{"damage":0,"enemies":"Orb Walker","floor":35,"turns":3},{"damage":0,"enemies":"Giant Head","floor":40,"turns":3},{"damage":0,"enemies":"3 Darklings","floor":41,"turns":3},{"damage":0,"enemies":"Nemesis","floor":42,"turns":3},{"damage":0,"enemies":"2 Orb Walkers","floor":44,"turns":3},{"damage":0,"enemies":"Spire Growth","floor":45,"turns":2},{"damage":0,"enemies":"Reptomancer","floor":47,"turns":3},{"damage":0,"enemies":"Mind Bloom Boss Battle","floor":48,"turns":1},{"damage":9,"enemies":"Time Eater","floor":50,"turns":2},{"damage":0,"enemies":"Donu and Deca","floor":51,"turns":10},{"damage":17,"enemies":"Shield and Spear","floor":55,"turns":6},{"damage":33,"enemies":"The Heart","floor":56,"turns":7}],"seed_played":"-676617076485467491","potions_obtained":[{"floor":7,"key":"FearPotion"},{"floor":14,"key":"DuplicationPotion"},{"floor":20,"key":"ColorlessPotion"},{"floor":33,"key":"Energy Potion"},{"floor":44,"key":"Ancient Potion"},{"floor":47,"key":"EntropicBrew"}],"is_trial":false,"path_per_floor":["M","M","?","$","?","R","E","R","T","E","R","M","E","M","R","B",null,"M","$","M","?","M","R","E","?","T","R","T","E","M","M","R","B",null,"M","?","?","$","?","E","M","E","T","?","M","R","E","?","R","B","B",null,"R","$","E","B",null],"character_chosen":"THE_SILENT","items_purchased":["Catalyst","TwistedFunnel","Bag of Preparation","Toy Ornithopter","Catalyst"],"campfire_rested":1,"item_purchase_floors":[19,38,38,54,54],"current_hp_per_floor":[59,59,52,52,32,32,32,32,32,12,31,31,25,22,22,22,55,55,55,55,55,55,55,54,54,54,54,54,54,54,54,54,54,63,63,63,63,63,63,63,63,63,63,63,63,63,63,63,63,54,54,61,61,61,54,36],"gold":97,"neow_bonus":"THREE_ENEMY_KILL","is_daily":false,"chose_seed":false,"campfire_upgraded":8,"win_rate":0.0,"timestamp":1611716780,"path_taken":["M","M","?","$","?","R","E","R","T","E","R","M","E","M","R","BOSS","M","$","M","?","M","R","E","?","T","R","?","E","M","M","R","BOSS","M","?","?","$","?","E","?","E","T","?","M","R","E","?","R","BOSS","BOSS","R","$","E","BOSS"],"items_purchased_type":["Card","Relic","Relic","Relic","Card"],"build_version":"2020-12-22","purchased_purges":2,"victory":true,"max_hp_per_floor":[66,66,66,66,66,66,66,66,66,66,66,66,66,66,66,66,66,66,66,66,66,66,66,66,66,66,66,66,66,66,66,66,66,66,66,63,63,63,63,63,63,63,63,63,63,63,63,63,63,63,63,63,63,63,73,73],"relic_stats":{"counters":[28,103],"CeramicFish":108,"Bag of Preparation":[11],"Dream Catcher":1,"Lizard Tail":0,"Busted Crown":34,"Shovel":0,"Mummified Hand":[81],"Sundial":[10],"Snecko Eye":[79,94,82,99],"obtain_stats":[{"TwistedFunnel":38,"Pear":55,"NeowsBlessing":0,"CeramicFish":9,"Oddly Smooth Stone":10,"Vajra":24,"Thread and Needle":40,"Bag of Preparation":38,"Omamori":42,"Bottled Tornado":28,"Dream Catcher":7,"Lizard Tail":48,"Busted Crown":17,"Shovel":26,"Mummified Hand":29,"Sundial":47,"Snecko Eye":34,"InkBottle":13,"Toy Ornithopter":54,"Ring of the Snake":0,"Pocketwatch":44},{"TwistedFunnel":17,"Pear":27,"NeowsBlessing":0,"CeramicFish":3,"Oddly Smooth Stone":4,"Vajra":12,"Thread and Needle":18,"Bag of Preparation":17,"Omamori":20,"Bottled Tornado":12,"Dream Catcher":3,"Lizard Tail":24,"Busted Crown":8,"Shovel":12,"Mummified Hand":13,"Sundial":23,"Snecko Eye":16,"InkBottle":6,"Toy Ornithopter":26,"Ring of the Snake":0,"Pocketwatch":21},{"TwistedFunnel":60,"Pear":96,"NeowsBlessing":0,"CeramicFish":3,"Oddly Smooth Stone":14,"Vajra":41,"Thread and Needle":63,"Bag of Preparation":60,"Omamori":69,"Bottled Tornado":41,"Dream Catcher":3,"Lizard Tail":78,"Busted Crown":28,"Shovel":41,"Mummified Hand":45,"Sundial":77,"Snecko Eye":57,"InkBottle":20,"Toy Ornithopter":90,"Ring of the Snake":0,"Pocketwatch":72}],"InkBottle":[34],"Toy Ornithopter":15,"Ring of the Snake":[56],"Pocketwatch":[6]},"card_choices":[{"not_picked":["Dagger Throw","Eviscerate"],"picked":"Poisoned Stab","floor":1},{"not_picked":["Blade Dance","Accuracy"],"picked":"Deadly Poison","floor":2},{"not_picked":["Choke","Outmaneuver","Accuracy"],"picked":"SKIP","floor":7},{"not_picked":["Bullet Time","Quick Slash"],"picked":"Catalyst","floor":10},{"not_picked":["Deadly Poison","Flying Knee"],"picked":"Well Laid Plans","floor":11},{"not_picked":["Eviscerate","Cloak And Dagger"],"picked":"Catalyst","floor":12},{"not_picked":["Acrobatics","Flying Knee","Outmaneuver"],"picked":"SKIP","floor":13},{"not_picked":["Flying Knee","Distraction","Heel Hook"],"picked":"SKIP","floor":14},{"not_picked":["Phantasmal Killer","Night Terror"],"picked":"Adrenaline","floor":16},{"not_picked":[],"picked":"PiercingWail","floor":18},{"not_picked":["Outmaneuver"],"picked":"SKIP","floor":20},{"not_picked":["Sucker Punch"],"picked":"SKIP","floor":22},{"not_picked":["PiercingWail"],"picked":"SKIP","floor":24},{"not_picked":["Deflect"],"picked":"SKIP","floor":29},{"not_picked":["Dodge and Roll"],"picked":"SKIP","floor":30},{"not_picked":["Backstab+1"],"picked":"SKIP","floor":31},{"not_picked":[],"picked":"Wraith Form v2","floor":33},{"not_picked":["Skewer"],"picked":"SKIP","floor":35},{"not_picked":["Quick Slash"],"picked":"SKIP","floor":40},{"not_picked":["Sucker Punch"],"picked":"SKIP","floor":41},{"not_picked":["Venomology"],"picked":"SKIP","floor":42},{"not_picked":[],"picked":"Catalyst","floor":44},{"not_picked":["Acrobatics"],"picked":"SKIP","floor":45},{"not_picked":["Prepared"],"picked":"SKIP","floor":47},{"not_picked":[],"picked":"PiercingWail+1","floor":48},{"not_picked":["Outmaneuver"],"picked":"SKIP","floor":55}],"player_experience":2943259,"relics_obtained":[{"floor":7,"key":"Dream Catcher"},{"floor":9,"key":"CeramicFish"},{"floor":10,"key":"Oddly Smooth Stone"},{"floor":13,"key":"InkBottle"},{"floor":24,"key":"Vajra"},{"floor":26,"key":"Shovel"},{"floor":28,"key":"Bottled Tornado"},{"floor":29,"key":"Mummified Hand"},{"floor":40,"key":"Thread and Needle"},{"floor":42,"key":"Omamori"},{"floor":44,"key":"Pocketwatch"},{"floor":47,"key":"Sundial"},{"floor":48,"key":"Lizard Tail"},{"floor":55,"key":"Pear"}],"event_choices":[{"cards_removed":["Strike_G"],"damage_healed":0,"gold_gain":0,"player_choice":"Card Removal","damage_taken":7,"max_hp_gain":0,"max_hp_loss":0,"event_name":"Golden Wing","floor":3,"gold_loss":0},{"damage_healed":0,"gold_gain":0,"player_choice":"Entered Light","damage_taken":20,"max_hp_gain":0,"max_hp_loss":0,"event_name":"Shining Light","floor":5,"gold_loss":0,"cards_upgraded":["Deadly Poison","Poisoned Stab"]},{"damage_healed":0,"gold_gain":0,"cards_transformed":["Strike_G","Strike_G"],"player_choice":"Became Test Subject","damage_taken":0,"max_hp_gain":0,"max_hp_loss":0,"event_name":"Drug Dealer","floor":21,"gold_loss":0,"cards_obtained":["After Image","Crippling Poison"]},{"damage_healed":0,"gold_gain":0,"player_choice":"Simplicity","damage_taken":0,"max_hp_gain":0,"max_hp_loss":0,"event_name":"Back to Basics","floor":25,"gold_loss":0,"cards_upgraded":["Defend_G","Defend_G","Defend_G","Defend_G","Defend_G"]},{"damage_healed":0,"gold_gain":0,"player_choice":"Max HP","damage_taken":0,"max_hp_gain":0,"max_hp_loss":3,"event_name":"Winding Halls","floor":36,"gold_loss":0},{"damage_healed":0,"gold_gain":0,"player_choice":"Ignored","damage_taken":0,"max_hp_gain":0,"max_hp_loss":0,"event_name":"Tomb of Lord Red Mask","floor":37,"gold_loss":0},{"damage_healed":0,"gold_gain":0,"player_choice":"Got Potions","damage_taken":0,"max_hp_gain":0,"max_hp_loss":0,"event_name":"Lab","floor":39,"gold_loss":0},{"damage_healed":0,"gold_gain":0,"player_choice":"Fight","damage_taken":0,"max_hp_gain":0,"max_hp_loss":0,"event_name":"Mysterious Sphere","floor":44,"gold_loss":0},{"damage_healed":0,"gold_gain":0,"player_choice":"Fight","damage_taken":0,"max_hp_gain":0,"max_hp_loss":0,"event_name":"MindBloom","floor":48,"gold_loss":0}],"is_beta":false,"boss_relics":[{"not_picked":["Velvet Choker","HoveringKite"],"picked":"Busted Crown"},{"not_picked":["Fusion Hammer","Coffee Dripper"],"picked":"Snecko Eye"}],"items_purged_floors":[4,19],"is_endless":false,"potions_floor_spawned":[7,14,20,33,35,44,47,48],"ascension_level":20}}