{"host":"wmz27iczv4t8azac","time":1611768886,"event":{"mods":["AchievementEnabler","BaseMod","Colored Powertips","Minty Spire (QoL Compilation)","Quick Restart","Relic Stats","StSLib"],"gold_per_floor":[99,99,99,64,64,64,64,64,64,64,64,64,64,64,64,64,64],"floor_reached":16,"language":"ENG","playtime":607,"items_purged":[],"score":240,"play_id":"b6ae032d-0a6c-4c55-aa71-432274492e3b","local_time":"20210127093446","is_ascension_mode":true,"campfire_choices":[{"floor":10,"key":"REST"},{"floor":15,"key":"REST"}],"circlet_count":0,"master_deck":["AscendersBane","Strike_G","Strike_G","Strike_G","Strike_G","Strike_G","Defend_G","Defend_G","Defend_G","Defend_G","Defend_G","Survivor","Neutralize","Deadly Poison","Crippling Poison","Cloak And Dagger+1","Leg Sweep","Endless Agony","Heel Hook","Calculated Gamble","Blade Dance"],"relics":["Ectoplasm","Golden Idol","Boot","Darkstone Periapt","Art of War","Ancient Tea Set"],"acts_visited":["Exordium"],"potions_floor_usage":[6,8,14,16],"damage_taken":[{"damage":5,"enemies":"Small Slimes","floor":1,"turns":3},{"damage":2,"enemies":"2 Louse","floor":3,"turns":3},{"damage":39,"enemies":"3 Sentries","floor":6,"turns":14},{"damage":0,"enemies":"Cultist","floor":7,"turns":4},{"damage":5,"enemies":"Lagavulin","floor":8,"turns":5},{"damage":1,"enemies":"2 Fungi Beasts","floor":12,"turns":3},{"damage":26,"enemies":"Gremlin Nob","floor":13,"turns":4},{"damage":0,"enemies":"3 Louse","floor":14,"turns":3},{"damage":30,"enemies":"Slime Boss","floor":16,"turns":4}],"seed_played":"-8489035657178211005","potions_obtained":[{"floor":3,"key":"BlessingOfTheForge"},{"floor":6,"key":"AttackPotion"},{"floor":13,"key":"LiquidMemories"},{"floor":14,"key":"DistilledChaos"}],"is_trial":false,"path_per_floor":["M","?","M","?","?","E","M","E","T","R","?","M","E","M","R","B"],"character_chosen":"THE_SILENT","items_purchased":[],"campfire_rested":2,"item_purchase_floors":[],"current_hp_per_floor":[54,43,41,57,57,18,18,13,13,31,31,30,4,4,22,0,0],"gold":64,"neow_bonus":"BOSS_RELIC","is_daily":false,"chose_seed":false,"campfire_upgraded":0,"win_rate":0.0,"timestamp":1611768886,"path_taken":["M","?","M","?","?","E","M","E","T","R","?","M","E","?","R","BOSS"],"items_purchased_type":[],"build_version":"2020-12-22","purchased_purges":0,"victory":false,"max_hp_per_floor":[66,66,66,66,60,60,60,60,60,60,60,60,60,60,60,60,60],"relic_stats":{"Darkstone Periapt":0,"counters":[9,43],"Golden Idol":35,"Ectoplasm":281,"Art of War":[1],"Boot":[37],"obtain_stats":[{"Darkstone Periapt":8,"Golden Idol":5,"Ectoplasm":0,"Art of War":9,"Boot":6,"Ancient Tea Set":13,"Ring of the Snake":0},{"Darkstone Periapt":5,"Golden Idol":2,"Ectoplasm":0,"Art of War":5,"Boot":3,"Ancient Tea Set":7,"Ring of the Snake":0},{"Darkstone Periapt":29,"Golden Idol":6,"Ectoplasm":0,"Art of War":29,"Boot":20,"Ancient Tea Set":36,"Ring of the Snake":0}]},"card_choices":[{"not_picked":["Accuracy","Bane"],"picked":"Deadly Poison","floor":1},{"not_picked":["Sucker Punch","Catalyst"],"picked":"Crippling Poison","floor":3},{"not_picked":["Venomology","Envenom"],"picked":"Cloak And Dagger","floor":6},{"not_picked":["Quick Slash","Eviscerate"],"picked":"Leg Sweep","floor":7},{"not_picked":["Heel Hook","Dagger Throw"],"picked":"Endless Agony","floor":8},{"not_picked":["Infinite Blades","Eviscerate"],"picked":"Heel Hook","floor":12},{"not_picked":["Deadly Poison","Well Laid Plans"],"picked":"Calculated Gamble","floor":13},{"not_picked":["Underhanded Strike","Deflect"],"picked":"Blade Dance","floor":14}],"player_experience":944089,"relics_obtained":[{"floor":6,"key":"Boot"},{"floor":8,"key":"Darkstone Periapt"},{"floor":9,"key":"Art of War"},{"floor":13,"key":"Ancient Tea Set"}],"event_choices":[{"damage_healed":0,"gold_gain":75,"player_choice":"Gather Gold","damage_taken":11,"max_hp_gain":0,"max_hp_loss":0,"event_name":"World of Goop","floor":2,"gold_loss":0},{"damage_healed":16,"gold_gain":0,"player_choice":"Healed","damage_taken":0,"max_hp_gain":0,"max_hp_loss":0,"event_name":"The Cleric","floor":4,"gold_loss":35},{"damage_healed":0,"gold_gain":0,"player_choice":"Lose Max HP","damage_taken":0,"relics_obtained":["Golden Idol"],"max_hp_gain":0,"max_hp_loss":6,"event_name":"Golden Idol","floor":5,"gold_loss":0},{"damage_healed":0,"gold_gain":0,"player_choice":"Upgraded","damage_taken":0,"max_hp_gain":0,"max_hp_loss":0,"event_name":"Upgrade Shrine","floor":11,"gold_loss":0,"cards_upgraded":["Cloak And Dagger"]}],"is_beta":false,"boss_relics":[],"items_purged_floors":[],"is_endless":false,"potions_floor_spawned":[3,6,13,14],"killed_by":"Slime Boss","ascension_level":20}}