{"host":"ojezjkpqju62j8xy","time":1611752405,"event":{"mods":["ATMod(°¢èªMod)","Act Like it!","Aspiration","BaseMod","Conspire","Minty Spire (QoL Compilation)","Pale of the Ancients","Replay The Spire","Spicy Shops","StSLib","[GremlinLeader]The Maniac","¡¾ÒÅÎï¿¨ÅÆ¡¿REMEMod"],"gold_per_floor":[112,112,112,86,102,102,132,143,170,201,201,226,242,256,347,446,446,464,563,563,578,588,588,588,588,667,697,715,750,769,41,41,101,101],"floor_reached":33,"language":"ZHS","playtime":909,"items_purged":["Normality","Pain","Doubt"],"score":537,"play_id":"dc1245d7-03bf-4988-86e6-109eda920f3f","local_time":"20210127210005","is_ascension_mode":true,"campfire_choices":[{"floor":6,"key":"RECALL"},{"data":"AT_MachinaRedman","floor":11,"key":"SMITH"},{"floor":23,"key":"REST"},{"data":"Redo","floor":25,"key":"SMITH"}],"circlet_count":0,"master_deck":["AscendersBane","Strike_B","Strike_B","Strike_B","Strike_B","Defend_B","Defend_B","Defend_B","Defend_B","Zap","Dualcast","AT_MachinaRedman+1","Offering","Conserve Battery","Doom and Gloom","Steam","Cold Snap","Static Discharge","Conserve Battery","Static Discharge","Multi-Cast+1","Beam Cell","Sunder","Biased Cognition","Replay:Parry","Redo+1","REME_DataAnalysis+1","Panache","Redo+1","FTL+1","Chaos+1","Conserve Battery","Conserve Battery+1"],"relics":["Cracked Core","AT_ATBox","REME_ComplimentaryCards","NeowsBlessing","aspiration:BabyByrd","WarpedTongs","ReplayTheSpireMod:CursedCoin","aspiration:EnhancedActuators","Symbiotic Virus","Replay:Baseball","REME_LowDesire","REME_HandOfSuture","Replay:Rubber Ducky","Molten Egg 2","Mango","Vajra","Membership Card","Geode","Potion Belt","AT_GuinsooRageblade","Toolbox"],"acts_visited":["Exordium","TheCity"],"potions_floor_usage":[16,27,29,33,33,33,33,33],"damage_taken":[{"damage":0,"enemies":"Jaw Worm","floor":1,"turns":1},{"damage":0,"enemies":"Small Slimes","floor":5,"turns":1},{"damage":0,"enemies":"Gremlin Nob","floor":7,"turns":1},{"damage":1,"enemies":"Cultist","floor":8,"turns":2},{"damage":15,"enemies":"Lagavulin","floor":10,"turns":5},{"damage":2,"enemies":"3 Sentries","floor":12,"turns":4},{"damage":3,"enemies":"Looter","floor":13,"turns":2},{"damage":2,"enemies":"Exordium Wildlife","floor":14,"turns":3},{"damage":25,"enemies":"Hexaghost","floor":16,"turns":5},{"damage":6,"enemies":"Shell Parasite","floor":18,"turns":2},{"damage":1,"enemies":"2 Thieves","floor":21,"turns":1},{"damage":0,"enemies":"Snecko","floor":22,"turns":2},{"damage":12,"enemies":"Slavers","floor":27,"turns":2},{"damage":2,"enemies":"Cultist and Chosen","floor":28,"turns":4},{"damage":33,"enemies":"Gremlin Leader","floor":29,"turns":5},{"damage":16,"enemies":"Centurion and Healer","floor":30,"turns":3},{"damage":41,"enemies":"Collector","floor":33,"turns":6}],"seed_played":"-308596931244913266","potions_obtained":[{"floor":5,"key":"Dexterity Potion"},{"floor":7,"key":"ColorlessPotion"},{"floor":14,"key":"PowerPotion"},{"floor":18,"key":"Venom Potion"},{"floor":22,"key":"Strength Potion"},{"floor":28,"key":"DuplicationPotion"}],"is_trial":false,"path_per_floor":["M","?","?","$","M","R","E","M","T","E","R","E","M","M","R","B",null,"M","?","?","M","M","R","?","R","T","E","M","E","M","$","R","B"],"character_chosen":"DEFECT","items_purchased":["ReplayTheSpireMod:CursedCoin","Doom and Gloom","Steam","Membership Card","Geode","Potion Belt","AT_GuinsooRageblade","REME_GoldPotion","DuplicationPotion","Conserve Battery","Toolbox"],"campfire_rested":1,"item_purchase_floors":[4,4,4,31,31,31,31,31,31,31,31],"current_hp_per_floor":[68,68,68,68,68,68,68,67,67,52,52,50,47,45,45,20,61,55,55,55,54,54,75,75,75,75,77,75,42,26,26,18,0,0],"gold":101,"neow_bonus":"THREE_ENEMY_KILL","is_daily":false,"chose_seed":false,"campfire_upgraded":2,"win_rate":0.0,"timestamp":1611752405,"path_taken":["M","?","?","$","M","R","E","M","T","E","R","E","M","?","R","BOSS","M","?","?","M","?","R","?","R","T","E","M","E","M","$","R","BOSS"],"items_purchased_type":["Relic","Card","Card","Relic","Relic","Relic","Relic","Potion","Potion","Card","Relic"],"build_version":"2020-12-22","purchased_purges":3,"victory":false,"max_hp_per_floor":[75,75,75,75,75,75,75,75,75,75,75,75,75,75,75,75,75,75,75,75,75,75,75,75,75,75,89,89,89,89,89,89,89,89],"card_choices":[{"not_picked":["ReplayTheSpireMod:GoodbyeWorld","REME_Compress"],"picked":"Conserve Battery","floor":1},{"not_picked":["REME_SelfUpgrade","Force Field"],"picked":"Cold Snap","floor":5},{"not_picked":["Stack","Leap"],"picked":"Static Discharge","floor":7},{"not_picked":["Turbo","Cold Snap"],"picked":"Conserve Battery","floor":8},{"not_picked":["BasicCrystalCard","Stack"],"picked":"Static Discharge","floor":10},{"not_picked":["Reinforced Body","Sweeping Beam"],"picked":"Multi-Cast","floor":12},{"not_picked":["Streamline","Go for the Eyes"],"picked":"Beam Cell","floor":13},{"not_picked":["ReplayTheSpireMod:Reroute Power","Streamline"],"picked":"Sunder","floor":14},{"not_picked":["REME_Shoggoth","Core Surge"],"picked":"Biased Cognition","floor":16},{"not_picked":["AT_WarpDrive","Compile Driver+1","Hello World"],"picked":"Replay:Parry","floor":18},{"not_picked":["Cold Snap","Sweeping Beam","Impatience"],"picked":"Redo","floor":21},{"not_picked":["Sweeping Beam","Conserve Battery","REME_ProfessionalPlagiarism"],"picked":"REME_DataAnalysis+1","floor":22},{"not_picked":["Echo Form","Melter+1","Darkness"],"picked":"Panache","floor":27},{"not_picked":["Streamline+1","Capacitor","REME_AllRoundStrike+1"],"picked":"Redo+1","floor":28},{"not_picked":["aspiration:Polymerization","Gash+1","AT_LightSaberMaster"],"picked":"FTL+1","floor":29},{"not_picked":["BasicCrystalCard","ReplayGash+1","Thinking Ahead"],"picked":"Chaos+1","floor":30},{"not_picked":["Steam Power","Rip and Tear+1","Magnetism"],"picked":"Conserve Battery+1","floor":32}],"player_experience":1395254,"relics_obtained":[{"floor":7,"key":"aspiration:EnhancedActuators"},{"floor":10,"key":"Symbiotic Virus"},{"floor":12,"key":"Replay:Baseball"},{"floor":17,"key":"REME_HandOfSuture"},{"floor":17,"key":"Replay:Rubber Ducky"},{"floor":26,"key":"Molten Egg 2"},{"floor":27,"key":"Mango"},{"floor":29,"key":"Vajra"}],"event_choices":[{"damage_healed":0,"gold_gain":0,"player_choice":"Rummage","damage_taken":0,"relics_obtained":["WarpedTongs"],"max_hp_gain":0,"max_hp_loss":0,"event_name":"Accursed Blacksmith","floor":3,"gold_loss":0,"cards_obtained":["Pain"]},{"damage_healed":0,"gold_gain":99,"player_choice":"Stole From Cult","damage_taken":0,"max_hp_gain":0,"max_hp_loss":0,"event_name":"Nest","floor":19,"gold_loss":0},{"damage_healed":0,"gold_gain":0,"player_choice":"Upgraded","damage_taken":0,"max_hp_gain":0,"max_hp_loss":0,"event_name":"Upgrade Shrine","floor":20,"gold_loss":0,"cards_upgraded":["Multi-Cast"]}],"is_beta":false,"boss_relics":[{"not_picked":["Ring of Chaos","Runic Pyramid"],"picked":"REME_LowDesire"}],"items_purged_floors":[4,31,31],"is_endless":false,"potions_floor_spawned":[5,7,10,12,14,18,22,28],"killed_by":"Collector","ascension_level":11}}