{"host":"atu1skz5iq69e5lr","time":1611780175,"event":{"mods":["AchievementEnabler","Ascension Unlocker","Aspiration","BaseMod","Colored Map","Conspire","Evolution","Friendly Minions","Highlight Path","HololiveMod","Hubris","Infinite Spire","Keyboard Shortcuts","Minty Spire (QoL Compilation)","Reliquary","Replay The Spire","Shop Mod","StSLib"],"gold_per_floor":[117,127,21,39,39,116,194,194,194,194,194,423,457,457],"floor_reached":15,"language":"ENG","playtime":372,"items_purged":[],"score":2662,"play_id":"b4dcab16-97e1-48d4-b4c2-0bc76e934c8d","local_time":"20210127214255","is_ascension_mode":true,"campfire_choices":[{"data":"Rupture","floor":11,"key":"SMITH"}],"circlet_count":0,"master_deck":["AscendersBane","Strike_R","Strike_R","Strike_R","Strike_R","Strike_R","Defend_R","Defend_R","Defend_R","Defend_R","Bash","Entrench","ReplayTheSpireMod:Private Reserves","Rupture+1"],"relics":["MerchantsRug"],"acts_visited":["Exordium","TheCity","TheBeyond","TheEnding"],"potions_floor_usage":[6,6],"damage_taken":[{"damage":0,"enemies":"infinitespire:Voidling","floor":1,"turns":1},{"damage":0,"enemies":"Cultist","floor":2,"turns":1},{"damage":0,"enemies":"Small Slimes","floor":4,"turns":1},{"damage":0,"enemies":"Hexaghost","floor":6,"turns":1},{"damage":0,"enemies":"conspire:MysteriousRune","floor":7,"turns":1},{"damage":0,"enemies":"Awakened One","floor":8,"turns":1},{"damage":0,"enemies":"infinitespire:MassOfShapes","floor":9,"turns":1},{"damage":0,"enemies":"Shield and Spear","floor":13,"turns":1},{"damage":114,"enemies":"The Heart","floor":14,"turns":4}],"seed_played":"5071126578028046322","potions_obtained":[{"floor":1,"key":"Languid Potion"},{"floor":2,"key":"LifebloodPotion"},{"floor":6,"key":"Weak Potion"},{"floor":7,"key":"SkillPotion"}],"is_trial":false,"path_per_floor":["M","M","$","M","$","E",null,null,"B",null,"R","$","E","B",null],"character_chosen":"IRONCLAD","items_purchased":["ReplayTheSpireMod:Private Reserves","MerchantsRug"],"campfire_rested":0,"item_purchase_floors":[3,12],"current_hp_per_floor":[74,75,75,75,75,62,75,75,75,75,75,75,75,9961],"gold":457,"neow_bonus":"THREE_ENEMY_KILL","is_daily":false,"chose_seed":false,"campfire_upgraded":1,"win_rate":0.0,"timestamp":1611780175,"path_taken":["M","?","$","?","$","E","BOSS","BOSS","BOSS","BOSS","R","$","E","BOSS"],"items_purchased_type":["Card","Relic"],"build_version":"2020-12-22","purchased_purges":0,"victory":true,"max_hp_per_floor":[75,75,75,75,75,75,75,75,75,75,75,75,75,10075],"card_choices":[{"not_picked":["Pommel Strike","hubris:CleavingFinish"],"picked":"Entrench","floor":1},{"not_picked":["Iron Wave","Clash","Perfected Strike"],"picked":"SKIP","floor":2},{"not_picked":["Twin Strike","hubris:ReadiedAction"],"picked":"Rupture","floor":4},{"not_picked":["Dual Wield","ReplayTheSpireMod:Muscle Training","Cleave+1"],"picked":"SKIP","floor":13}],"player_experience":59075,"relics_obtained":[],"event_choices":[],"is_beta":false,"boss_relics":[{"not_picked":["aspiration:SecretTechniqueScroll","Hololive_TopUpMoneyS"],"picked":"hubris:Stopwatch"},{"not_picked":["Replay:Drink Me","Painkiller Herb"],"picked":"Sozu"}],"items_purged_floors":[],"is_endless":false,"potions_floor_spawned":[1,2,6,7],"ascension_level":20}}