{"host":"p9t7qd83igtcp2bh","time":1611721257,"event":{"mods":["2.2 Compatiblity","AchievementEnabler","BaseMod","Colored Map","Colored Powertips","Custom Start","DeckTracker","Keyboard Shortcuts","Minty Spire (QoL Compilation)","Permanent Neow","StSLib","SuperFastMode","everything is the same but u backflip on backflip"],"gold_per_floor":[116,116,129,145,70,97,97,52,52,85,85,117,130,145,145,223,223,234,234,45,45,7,7,7,42,42,42,69,79,110,35,35,113,113,124,124,55,15,31,57,57,85,109,46,46,60,60,73,73,73,73,73,27,58,58],"floor_reached":56,"language":"KOR","playtime":2184,"items_purged":["Strike_G","Strike_G","Defend_G"],"score":2472,"play_id":"b12e5c9c-4053-4608-9150-292acf61312f","local_time":"20210127132057","is_ascension_mode":true,"campfire_choices":[{"data":"Bouncing Flask","floor":7,"key":"SMITH"},{"data":"Crippling Poison","floor":11,"key":"SMITH"},{"data":"Backflip","floor":15,"key":"SMITH"},{"data":"Strike_G","floor":23,"key":"PURGE"},{"data":"Strike_G","floor":27,"key":"PURGE"},{"data":"Defend_G","floor":32,"key":"PURGE"},{"data":"Defend_G","floor":41,"key":"PURGE"},{"data":"Well Laid Plans+1","floor":45,"key":"PURGE"},{"floor":49,"key":"RECALL"},{"data":"Neutralize","floor":52,"key":"PURGE"}],"circlet_count":0,"master_deck":["AscendersBane","Defend_G","Survivor","Bouncing Flask+1","Backflip+1","Crippling Poison+1","Acrobatics+1","Blade Dance+1","Tactician+1","Tools of the Trade+1","Venomology+1","Acrobatics+1","Accuracy+1","Adrenaline+1","Adrenaline+1","Madness+1","Madness+1","Reflex+1","Blur+1","Footwork+1","Sadistic Nature+1","Flash of Steel","Purity+1"],"relics":["Ring of the Snake","NeowsBlessing","Toxic Egg 2","Frozen Egg 2","Bag of Preparation","Pen Nib","Fusion Hammer","Peace Pipe","Membership Card","Potion Belt","Eternal Feather","HornCleat","Singing Bowl","Runic Pyramid","White Beast Statue","Mango","Nunchaku"],"acts_visited":["Exordium","TheCity","TheBeyond","TheEnding"],"potions_floor_usage":[6,16,16,25,28,30,33,35,39,39,40,42,46,46,48,48,50,54,54,55,55,55,55,55,55,55],"damage_taken":[{"damage":0,"enemies":"2 Louse","floor":1,"turns":1},{"damage":0,"enemies":"Cultist","floor":3,"turns":1},{"damage":0,"enemies":"Jaw Worm","floor":4,"turns":1},{"damage":5,"enemies":"3 Sentries","floor":6,"turns":4},{"damage":20,"enemies":"Lagavulin","floor":10,"turns":5},{"damage":5,"enemies":"3 Sentries","floor":12,"turns":5},{"damage":1,"enemies":"Exordium Thugs","floor":13,"turns":4},{"damage":2,"enemies":"Red Slaver","floor":14,"turns":3},{"damage":9,"enemies":"Slime Boss","floor":16,"turns":8},{"damage":0,"enemies":"Shell Parasite","floor":18,"turns":4},{"damage":2,"enemies":"Gremlin Leader","floor":25,"turns":5},{"damage":0,"enemies":"Book of Stabbing","floor":28,"turns":3},{"damage":3,"enemies":"2 Thieves","floor":29,"turns":3},{"damage":0,"enemies":"Gremlin Leader","floor":30,"turns":3},{"damage":18,"enemies":"Automaton","floor":33,"turns":5},{"damage":0,"enemies":"3 Shapes","floor":35,"turns":3},{"damage":0,"enemies":"Orb Walker","floor":39,"turns":2},{"damage":0,"enemies":"Giant Head","floor":40,"turns":1},{"damage":0,"enemies":"Nemesis","floor":42,"turns":3},{"damage":0,"enemies":"Writhing Mass","floor":46,"turns":3},{"damage":0,"enemies":"Maw","floor":48,"turns":1},{"damage":0,"enemies":"Donu and Deca","floor":50,"turns":3},{"damage":0,"enemies":"Shield and Spear","floor":54,"turns":3},{"damage":0,"enemies":"The Heart","floor":55,"turns":3}],"seed_played":"300966681583447394","potions_obtained":[{"floor":3,"key":"SkillPotion"},{"floor":6,"key":"PowerPotion"},{"floor":10,"key":"CunningPotion"},{"floor":25,"key":"Energy Potion"},{"floor":29,"key":"Fire Potion"},{"floor":38,"key":"DistilledChaos"},{"floor":39,"key":"BlessingOfTheForge"},{"floor":42,"key":"ColorlessPotion"},{"floor":46,"key":"Fire Potion"},{"floor":48,"key":"Energy Potion"},{"floor":54,"key":"SkillPotion"}],"is_trial":false,"path_per_floor":["M","?","M","M","?","E","R","$","T","E","R","E","M","M","R","B",null,"M","T","$","?","$","R","?","E","T","R","E","M","E","?","R","B",null,"M","?","$","?","M","E","R","E","T","$","R","M","?","M","R","B",null,"R","$","E","B",null],"character_chosen":"THE_SILENT","items_purchased":["Blade Dance+1","Membership Card","Accuracy+1","Reflex+1","Purity+1"],"campfire_rested":0,"item_purchase_floors":[8,20,22,37,53],"current_hp_per_floor":[59,59,59,59,59,54,54,54,54,34,34,29,28,26,26,17,54,54,54,54,54,54,54,36,34,34,46,46,43,45,45,57,39,65,67,53,53,53,53,55,67,81,81,81,91,93,85,87,97,97,97,97,97,99,99],"gold":58,"neow_bonus":"THREE_ENEMY_KILL","is_daily":false,"chose_seed":false,"campfire_upgraded":3,"win_rate":0.0,"timestamp":1611721257,"path_taken":["M","?","?","?","?","E","R","?","T","E","R","E","M","?","R","BOSS","M","?","$","?","$","R","?","E","T","R","E","M","E","?","R","BOSS","M","?","$","?","?","E","R","E","T","$","R","M","?","M","R","BOSS","R","$","E","BOSS"],"items_purchased_type":["Card","Relic","Card","Card","Card"],"build_version":"2020-12-22","purchased_purges":3,"victory":true,"max_hp_per_floor":[66,66,66,66,66,66,66,66,66,66,66,66,66,66,66,66,66,66,66,66,66,66,66,71,71,71,71,71,71,73,73,73,73,73,75,75,75,75,75,77,77,91,91,91,91,93,95,97,97,97,97,97,97,99,99],"card_choices":[{"not_picked":["Outmaneuver","Acrobatics"],"picked":"Bouncing Flask","floor":1},{"not_picked":["Underhanded Strike","Cloak And Dagger"],"picked":"Crippling Poison","floor":3},{"not_picked":["Finisher","Prepared","Accuracy"],"picked":"SKIP","floor":4},{"not_picked":["Backflip+1","Slice"],"picked":"Acrobatics+1","floor":6},{"not_picked":["Sucker Punch","Quick Slash"],"picked":"Tactician+1","floor":10},{"not_picked":["Tactician+1","Eviscerate"],"picked":"Tools of the Trade+1","floor":12},{"not_picked":["Poisoned Stab","Flying Knee","Dodge and Roll+1"],"picked":"SKIP","floor":13},{"not_picked":["Poisoned Stab","Flying Knee","Dodge and Roll+1"],"picked":"SKIP","floor":13},{"not_picked":["Quick Slash","Backflip+1","Flying Knee"],"picked":"SKIP","floor":14},{"not_picked":["Unload","Wraith Form v2+1"],"picked":"Venomology+1","floor":16},{"not_picked":["Blade Dance+1","Dagger Throw"],"picked":"Acrobatics+1","floor":18},{"not_picked":["Slice+1","Dagger Throw"],"picked":"Adrenaline+1","floor":25},{"not_picked":["Endless Agony","Masterful Stab"],"picked":"Well Laid Plans+1","floor":28},{"not_picked":["Slice","Catalyst+1","Distraction+1"],"picked":"SKIP","floor":29},{"not_picked":["Malaise+1","Outmaneuver+1","Backflip+1"],"picked":"Singing Bowl","floor":30},{"not_picked":["Unload","Doppelganger+1"],"picked":"Adrenaline+1","floor":33},{"not_picked":["Finisher","Dagger Throw+1","Infinite Blades+1"],"picked":"Singing Bowl","floor":35},{"not_picked":["Outmaneuver+1","Acrobatics+1"],"picked":"Blur+1","floor":39},{"not_picked":["Acrobatics+1","Heel Hook+1","Underhanded Strike"],"picked":"Singing Bowl","floor":40},{"not_picked":["Bouncing Flask+1","Heel Hook"],"picked":"Footwork+1","floor":42},{"not_picked":["Dagger Throw","Concentrate+1","Well Laid Plans+1"],"picked":"Singing Bowl","floor":46},{"not_picked":["Good Instincts+1","Blind+1","Metamorphosis+1"],"picked":"Singing Bowl","floor":47},{"not_picked":["Bandage Up+1","Apotheosis+1"],"picked":"Sadistic Nature+1","floor":47},{"not_picked":["Deep Breath+1","Forethought+1"],"picked":"Flash of Steel","floor":47},{"not_picked":["Poisoned Stab","Slice","PiercingWail+1"],"picked":"Singing Bowl","floor":48},{"not_picked":["Slice+1","Caltrops+1","Quick Slash"],"picked":"Singing Bowl","floor":54}],"player_experience":688333,"relics_obtained":[{"floor":6,"key":"Toxic Egg 2"},{"floor":9,"key":"Frozen Egg 2"},{"floor":10,"key":"Bag of Preparation"},{"floor":12,"key":"Pen Nib"},{"floor":19,"key":"Peace Pipe"},{"floor":25,"key":"Potion Belt"},{"floor":26,"key":"Eternal Feather"},{"floor":28,"key":"HornCleat"},{"floor":30,"key":"Singing Bowl"},{"floor":40,"key":"White Beast Statue"},{"floor":42,"key":"Mango"},{"floor":54,"key":"Nunchaku"}],"event_choices":[{"damage_healed":0,"gold_gain":0,"player_choice":"1 cards matched","damage_taken":0,"max_hp_gain":0,"max_hp_loss":0,"event_name":"Match and Keep!","floor":2,"gold_loss":0,"cards_obtained":["Backflip"]},{"cards_removed":["Defend_G"],"damage_healed":0,"gold_gain":0,"player_choice":"Card Removal","damage_taken":0,"max_hp_gain":0,"max_hp_loss":0,"event_name":"The Cleric","floor":5,"gold_loss":75},{"damage_healed":0,"gold_gain":0,"player_choice":"Ignored","damage_taken":0,"max_hp_gain":0,"max_hp_loss":0,"event_name":"Ghosts","floor":21,"gold_loss":0},{"damage_healed":0,"gold_gain":0,"player_choice":"Shed Blood","damage_taken":23,"max_hp_gain":5,"max_hp_loss":0,"event_name":"Forgotten Altar","floor":24,"gold_loss":0},{"cards_removed":["Strike_G"],"damage_healed":0,"gold_gain":0,"player_choice":"Gave Gold","damage_taken":0,"max_hp_gain":0,"max_hp_loss":0,"event_name":"Beggar","floor":31,"gold_loss":75},{"damage_healed":0,"gold_gain":0,"player_choice":"Embrace Madness","damage_taken":14,"max_hp_gain":0,"max_hp_loss":0,"event_name":"Winding Halls","floor":36,"gold_loss":0,"cards_obtained":["Madness","Madness"]},{"damage_healed":0,"gold_gain":0,"player_choice":"Bought 3 Potions","damage_taken":0,"max_hp_gain":0,"max_hp_loss":0,"event_name":"The Woman in Blue","floor":38,"gold_loss":0},{"damage_healed":0,"gold_gain":0,"player_choice":"Memory 3","damage_taken":10,"max_hp_gain":0,"max_hp_loss":0,"event_name":"SensoryStone","floor":47,"gold_loss":0}],"is_beta":false,"boss_relics":[{"not_picked":["Busted Crown","Philosopher\u0027s Stone"],"picked":"Fusion Hammer"},{"not_picked":["Velvet Choker","Ring of the Serpent"],"picked":"Runic Pyramid"}],"items_purged_floors":[20,37,44],"is_endless":false,"potions_floor_spawned":[3,6,10,13,14,25,29,30,35,39,42,46,48,54],"ascension_level":15}}