{"host":"n605f8gctjc87d7h","time":1611785049,"event":{"mods":["Aspiration","Bard","BaseMod","Better Match","Better Note","Better Skull","Better Third Choice","Conspire","Downfall","Halation","Hermit","Infinite Spire","Minty Spire (QoL Compilation)","Replay The Spire","Retaliation","Shade Mod","Spicy Shops","StSLib","The IronCluck","The Jungle"],"gold_per_floor":[112,112,112,37,53,78,78,110,133,153,153,178,192,274,274,345,345,359,378,378,378,393,393,393,393,417,447,447,447,458,458,458,529,529,548,548,568,344,355,355,355,355,379,392,426,157,229,247,247,247],"floor_reached":51,"language":"ENG","playtime":3469,"items_purged":["Defend_B","Defend_B"],"score":1569,"play_id":"a7975c4d-5260-4f91-b45b-e9b2436caf09","local_time":"20210127140409","is_ascension_mode":true,"campfire_choices":[{"data":"Zap","floor":7.0,"key":"SMITH"},{"data":"Redo","floor":11.0,"key":"SMITH"},{"floor":15.0,"key":"REST"},{"data":"Dualcast","floor":23.0,"key":"SMITH"},{"data":"Scrape","floor":29.0,"key":"SMITH"},{"floor":32.0,"key":"REST"},{"floor":40,"key":"REST"},{"floor":42,"key":"REST"},{"floor":49,"key":"DIG"}],"circlet_count":0,"master_deck":["AscendersBane","Strike_B","Strike_B+1","Defend_B","Defend_B+1","Zap+1","Dualcast+1","All For One","Go for the Eyes","Redo+1","BootSequence","Scrape+1","Conserve Battery","Seek","Defragment","Loop","Steam","Beam Cell","Ball Lightning","infinitespire:Starlight","Static Discharge","Defragment","Leap","DDmod:MulticlassingSkill","Gash+1"],"relics":["Cracked Core","Oddly Smooth Stone","HornCleat","Pocketwatch","ReplayFunnel","infinitespire:Lucky Rock","conspire:DeflatedDodgeball","SacredBark","Ornamental Fan","conspire:SpecialSausage","Ancient Tea Set","halation:BottledLove","conspire:BottledYoYo","aspiration:Stellarator","conspire:GlowingRock","Blood Vial","FrozenCore","aspiration:VileToxins","Simple Rune","Toy Ornithopter","BargainBundle","halation:Gekota","infinitespire:EvilPickle","Incense Burner"],"acts_visited":["Exordium","TheCity","TheBeyond"],"potions_floor_usage":[39],"damage_taken":[{"damage":0.0,"enemies":"conspire:RoseBush","floor":1.0,"turns":3.0},{"damage":1.0,"enemies":"2 Louse","floor":5.0,"turns":3.0},{"damage":11.0,"enemies":"Lagavulin","floor":6.0,"turns":6.0},{"damage":0.0,"enemies":"Gremlin Nob","floor":8.0,"turns":3.0},{"damage":0.0,"enemies":"Jaw Worm","floor":10.0,"turns":2.0},{"damage":8.0,"enemies":"3 Sentries","floor":12.0,"turns":6.0},{"damage":3.0,"enemies":"Red Slaver","floor":13.0,"turns":2.0},{"damage":15.0,"enemies":"Hexaghost","floor":16.0,"turns":10.0},{"damage":4.0,"enemies":"3 Byrds","floor":18.0,"turns":4.0},{"damage":0.0,"enemies":"Chosen","floor":19.0,"turns":3.0},{"damage":6.0,"enemies":"Snake Plant","floor":22.0,"turns":4.0},{"damage":0.0,"enemies":"conspire:Head Lice","floor":27.0,"turns":11.0},{"damage":0.0,"enemies":"Snecko","floor":30.0,"turns":6.0},{"damage":67.0,"enemies":"Pondfish","floor":33.0,"turns":12.0},{"damage":39,"enemies":"3 Shapes","floor":35,"turns":4},{"damage":0,"enemies":"Orb Walker","floor":37,"turns":2},{"damage":0,"enemies":"Maw","floor":39,"turns":6},{"damage":11,"enemies":"4 Shapes","floor":44,"turns":6},{"damage":0,"enemies":"Nemesis","floor":45,"turns":9},{"damage":0,"enemies":"Writhing Mass","floor":48,"turns":6},{"damage":22,"enemies":"Time Eater","floor":50,"turns":12}],"seed_played":"1186731352763071047","potions_obtained":[{"floor":1.0,"key":"LifebloodPotion"},{"floor":5.0,"key":"hexamod:SoulburnPotion"},{"floor":10.0,"key":"BlessingOfTheForge"},{"floor":16.0,"key":"LiquidBronze"},{"floor":22.0,"key":"Fire Potion"},{"floor":33.0,"key":"SneckoOil"},{"floor":35,"key":"DDmod:CleansePotion"},{"floor":37,"key":"EssenceOfDarkness"},{"floor":48,"key":"SteroidPotion"}],"is_trial":false,"path_per_floor":["M","?","?","$","M","E","R","E","T","M","R","E","M","T","R","B",null,"M","M","AVR","?","M","R","?","?","T","E","T","R","M","?","R","B",null,"M","?","M","$","M","R","AVR","R","T","M","E","$","T","M","R","B",null],"character_chosen":"DEFECT","items_purchased":["Ball Lightning","Blood Vial","BargainBundle","Defragment","Leap","Flashbang","DDmod:MulticlassingSkill"],"campfire_rested":4,"item_purchase_floors":[38,38,46,46,46,46,46],"current_hp_per_floor":[68,68,68,68,67,56,56,56,56,56,56,48,45,45,67,52,69,65,65,65,65,59,59,59,59,59,59,59,59,59,59,75,8,58,19,19,19,19,21,43,43,65,65,66,75,75,75,75,75,53],"gold":247,"neow_bonus":"ONE_RANDOM_RARE_CARD","is_daily":false,"chose_seed":false,"campfire_upgraded":4,"win_rate":0.0,"timestamp":1611785049,"path_taken":["M","?","?","?","M","E","R","E","T","M","R","E","?","?","R","BOSS","M","M","AVR","?","?","R","?","?","T","E","?","R","?","?","R","BOSS","M","?","M","$","M","R","AVR","R","T","M","E","$","?","M","R","BOSS"],"items_purchased_type":["Card","Relic","Relic","Card","Card","Potion","Card"],"build_version":"2020-12-22","purchased_purges":2,"victory":true,"max_hp_per_floor":[75,75,75,75,75,75,75,75,75,75,75,75,75,75,75,75,75,75,75,75,75,75,75,75,75,75,75,75,75,75,75,75,75,75,75,75,75,75,75,75,75,75,75,75,75,75,75,75,75,75],"card_choices":[{"not_picked":["Skim","Cold Snap"],"picked":"Go for the Eyes","floor":1.0},{"not_picked":["Rip and Tear","Compile Driver"],"picked":"Redo","floor":5.0},{"not_picked":["Double Energy","Rip and Tear","Consume"],"picked":"SKIP","floor":6.0},{"not_picked":["Panic Button","Capacitor"],"picked":"BootSequence","floor":8.0},{"not_picked":["Double Energy","Conserve Battery"],"picked":"Scrape","floor":10.0},{"not_picked":["Turbo","Sunder","Glacier"],"picked":"SKIP","floor":12.0},{"not_picked":["Glacier","Compile Driver"],"picked":"Conserve Battery","floor":13.0},{"not_picked":["Amplify","Fission"],"picked":"Seek","floor":16.0},{"not_picked":["Turbo","Cold Snap","Stack"],"picked":"SKIP","floor":18.0},{"not_picked":["Turbo","Blizzard"],"picked":"Defragment","floor":19.0},{"not_picked":["Rainbow","Turbo"],"picked":"Loop","floor":22.0},{"not_picked":["Rebound","Leap"],"picked":"Steam","floor":27.0},{"not_picked":["Auto Shields","Hologram"],"picked":"Beam Cell","floor":30.0},{"not_picked":["Sweeping Beam+1","Stack","Barrage+1"],"picked":"SKIP","floor":35},{"not_picked":["Coolheaded","Stack","Leap"],"picked":"SKIP","floor":37},{"not_picked":["Stack+1","Go for the Eyes+1","Steam"],"picked":"SKIP","floor":39},{"not_picked":["Compile Driver","Sunder+1"],"picked":"Static Discharge","floor":44},{"not_picked":["Conserve Battery+1","Stack","Go for the Eyes"],"picked":"SKIP","floor":45},{"not_picked":["ReplayTheSpireMod:GoodbyeWorld","ReplayTheSpireMod:System Scan"],"picked":"Gash+1","floor":48}],"player_experience":773233,"relics_obtained":[{"floor":6.0,"key":"HornCleat"},{"floor":8.0,"key":"Pocketwatch"},{"floor":9.0,"key":"ReplayFunnel"},{"floor":12.0,"key":"infinitespire:Lucky Rock"},{"floor":14.0,"key":"conspire:DeflatedDodgeball"},{"floor":26.0,"key":"Ancient Tea Set"},{"floor":27.0,"key":"halation:BottledLove"},{"floor":28.0,"key":"conspire:BottledYoYo"},{"floor":43,"key":"Simple Rune"},{"floor":45,"key":"Toy Ornithopter"},{"floor":47,"key":"halation:Gekota"},{"floor":49,"key":"Incense Burner"}],"event_choices":[{"cards_removed":["Strike_B"],"damage_healed":0.0,"max_hp_gain":0.0,"max_hp_loss":0.0,"gold_gain":0.0,"event_name":"Living Wall","player_choice":"Forget","floor":2.0,"gold_loss":0.0,"damage_taken":0.0},{"cards_removed":["Strike_B"],"damage_healed":0.0,"max_hp_gain":0.0,"max_hp_loss":0.0,"gold_gain":0.0,"event_name":"Bonfire Elementals","player_choice":"Offered Basic","floor":21.0,"gold_loss":0.0,"damage_taken":0.0},{"damage_healed":0.0,"max_hp_gain":0.0,"max_hp_loss":0.0,"gold_gain":0.0,"event_name":"conspire:Investor","player_choice":"Leave","floor":25.0,"gold_loss":0.0,"damage_taken":0.0},{"damage_healed":0.0,"max_hp_gain":0.0,"max_hp_loss":0.0,"gold_gain":0.0,"event_name":"Cursed Tome","player_choice":"Ignored","floor":31.0,"gold_loss":0.0,"damage_taken":0.0},{"damage_healed":0,"gold_gain":0,"player_choice":"Gave Potion","damage_taken":0,"relics_obtained":["conspire:GlowingRock"],"max_hp_gain":0,"max_hp_loss":0,"event_name":"WeMeetAgain","floor":36,"gold_loss":0}],"is_beta":false,"boss_relics":[{"not_picked":["aspiration:WatcherSkillbook","Abe\u0027s Treasure"],"picked":"SacredBark"},{"not_picked":["Kintsugi","aspiration:BardSkillbook"],"picked":"aspiration:Stellarator"}],"items_purged_floors":[4,46],"is_endless":false,"potions_floor_spawned":[1,5,10,16,19,22,33,35,37,48],"ascension_level":13}}