{"host":"640uue19m79c7wbt","time":1611713169,"event":{"mods":["BaseMod","Colored Map","Googly Eyes","Highlight Path","Minty Spire (QoL Compilation)","Quick Restart","StSLib"],"gold_per_floor":[115,8,83,8,8,34,34,69,69,89,111,141,156,306,306,380,380,399,324,337,0,18,18,18,18,18],"floor_reached":25,"language":"ENG","playtime":691,"items_purged":[],"score":494,"play_id":"221cc2e5-16f0-4f94-9da8-2f1836c9c81a","local_time":"20210126210609","is_ascension_mode":true,"campfire_choices":[{"data":"Underhanded Strike","floor":7.0,"key":"SMITH"},{"floor":15.0,"key":"REST"},{"data":"Catalyst","floor":23.0,"key":"SMITH"}],"circlet_count":0,"master_deck":["AscendersBane","Strike_G","Defend_G","Defend_G","Defend_G","Defend_G","Defend_G","Survivor","Neutralize","Backstab","Dagger Throw","Underhanded Strike+1","Corpse Explosion","Catalyst+1","Dagger Spray","Caltrops","Reflex","Bane","Adrenaline","After Image","Quick Slash+1","Malaise+1","Night Terror+1","Backstab","Underhanded Strike","Night Terror+1","Tactician"],"relics":["Ring of the Snake","NeowsBlessing","Strawberry","Regal Pillow","Meat on the Bone","Odd Mushroom","Dream Catcher","Astrolabe","Bag of Marbles","DollysMirror"],"acts_visited":["Exordium","TheCity"],"potions_floor_usage":[],"damage_taken":[{"damage":0.0,"enemies":"Jaw Worm","floor":1.0,"turns":1.0},{"damage":0.0,"enemies":"3 Sentries","floor":6.0,"turns":1.0},{"damage":0.0,"enemies":"Gremlin Nob","floor":8.0,"turns":1.0},{"damage":0.0,"enemies":"2 Louse","floor":10.0,"turns":2.0},{"damage":7.0,"enemies":"The Mushroom Lair","floor":11.0,"turns":2.0},{"damage":10.0,"enemies":"3 Sentries","floor":12.0,"turns":3.0},{"damage":0.0,"enemies":"Small Slimes","floor":13.0,"turns":2.0},{"damage":27.0,"enemies":"Slime Boss","floor":16.0,"turns":9.0},{"damage":5.0,"enemies":"3 Byrds","floor":18.0,"turns":2.0},{"damage":17.0,"enemies":"2 Thieves","floor":20.0,"turns":2.0},{"damage":8.0,"enemies":"Snake Plant","floor":22.0,"turns":3.0},{"damage":43,"enemies":"Book of Stabbing","floor":25,"turns":5}],"seed_played":"8265673385390533709","potions_obtained":[{"floor":8.0,"key":"LiquidBronze"},{"floor":10.0,"key":"SpeedPotion"},{"floor":13.0,"key":"SteroidPotion"},{"floor":18.0,"key":"Explosive Potion"},{"floor":22.0,"key":"Ancient Potion"}],"is_trial":false,"path_per_floor":["M","$","?","?","$","E","R","E","T","M","?","E","M","?","R","B",null,"M","?","M","$","M","R","?","E"],"character_chosen":"THE_SILENT","items_purchased":["Dagger Throw","Underhanded Strike","Bag of Marbles","DollysMirror"],"campfire_rested":1,"item_purchase_floors":[2,2,21,21],"current_hp_per_floor":[59,59,48,48,48,55,55,55,55,55,48,38,38,38,73,46,66,61,61,44,44,48,48,48,5,5],"gold":18,"neow_bonus":"THREE_ENEMY_KILL","is_daily":false,"chose_seed":false,"campfire_upgraded":2,"win_rate":0.0,"timestamp":1611713169,"path_taken":["M","$","?","?","$","E","R","E","T","M","?","E","M","?","R","BOSS","M","?","M","$","M","R","?","E"],"items_purchased_type":["Card","Card","Relic","Relic"],"build_version":"2020-12-22","purchased_purges":0,"victory":false,"max_hp_per_floor":[66,66,66,66,66,73,73,73,73,73,73,73,73,73,73,73,73,73,73,73,73,73,73,73,73,73],"card_choices":[{"not_picked":["Prepared","Sucker Punch"],"picked":"Backstab","floor":1.0},{"not_picked":["Burst","Backstab"],"picked":"Corpse Explosion","floor":6.0},{"not_picked":["Choke","Heel Hook"],"picked":"Catalyst","floor":8.0},{"not_picked":["Terror","Quick Slash"],"picked":"Dagger Spray","floor":10.0},{"not_picked":["Footwork","Acrobatics"],"picked":"Caltrops","floor":11.0},{"not_picked":["Skewer","Poisoned Stab"],"picked":"Reflex","floor":12.0},{"not_picked":["Backflip","Dagger Throw"],"picked":"Bane","floor":13.0},{"not_picked":["Crippling Poison","PiercingWail"],"picked":"Adrenaline","floor":15.0},{"not_picked":["Glass Knife","Grand Finale"],"picked":"After Image","floor":16.0},{"not_picked":["Sucker Punch","Deflect"],"picked":"Backstab","floor":18.0},{"not_picked":["Riddle With Holes+1","Outmaneuver"],"picked":"Underhanded Strike","floor":20.0},{"not_picked":["Deflect+1","Sucker Punch"],"picked":"Tactician","floor":22.0}],"player_experience":639198,"relics_obtained":[{"floor":6.0,"key":"Strawberry"},{"floor":8.0,"key":"Regal Pillow"},{"floor":9.0,"key":"Meat on the Bone"},{"floor":11.0,"key":"Odd Mushroom"},{"floor":12.0,"key":"Dream Catcher"}],"event_choices":[{"damage_healed":0.0,"max_hp_gain":0.0,"max_hp_loss":0.0,"gold_gain":75.0,"event_name":"World of Goop","player_choice":"Gather Gold","floor":3.0,"gold_loss":0.0,"damage_taken":11.0},{"cards_removed":["Strike_G"],"damage_healed":0.0,"max_hp_gain":0.0,"max_hp_loss":0.0,"gold_gain":0.0,"event_name":"The Cleric","player_choice":"Card Removal","floor":4.0,"gold_loss":75.0,"damage_taken":0.0},{"damage_healed":0.0,"max_hp_gain":0.0,"max_hp_loss":0.0,"gold_gain":0.0,"event_name":"Mushrooms","player_choice":"Fought Mushrooms","floor":11.0,"gold_loss":0.0,"damage_taken":0.0},{"damage_healed":0.0,"max_hp_gain":0.0,"max_hp_loss":0.0,"gold_gain":150.0,"event_name":"Liars Game","player_choice":"AGREE","floor":14.0,"gold_loss":0.0,"damage_taken":0.0,"cards_obtained":["Doubt"]},{"cards_removed":["Doubt"],"damage_healed":0.0,"max_hp_gain":0.0,"max_hp_loss":0.0,"gold_gain":0.0,"event_name":"Beggar","player_choice":"Gave Gold","floor":19.0,"gold_loss":75.0,"damage_taken":0.0},{"damage_healed":0.0,"max_hp_gain":0.0,"max_hp_loss":0.0,"gold_gain":0.0,"event_name":"Ghosts","player_choice":"Ignored","floor":24.0,"gold_loss":0.0,"damage_taken":0.0}],"is_beta":false,"boss_relics":[{"not_picked":["Empty Cage","Cursed Key"],"picked":"Astrolabe"}],"items_purged_floors":[],"is_endless":false,"potions_floor_spawned":[8,10,13,18,22],"killed_by":"Book of Stabbing","ascension_level":17}}