{"host":"qfskrnw3pl1q86j0","time":1611783634,"event":{"mods":["BaseMod","Block Reminder","Hermit","Marisa????????","Minty Spire (QoL Compilation)","Quick Restart","Random Character Button","Relic Stats","StSLib","The Poker Player","slay the spire mod where everything is the same but ironclad has a cowboy hat"],"gold_per_floor":[111,111,130,148,158,158,169,169,169,183,197,222,222,236,236,339,339,357,357,138,138,156,156,156,174,225,225,238,138,156,156,156,260,260,272,272,372,391,407,407,135,149,229,229,229,229,79,94,94,94],"floor_reached":51,"language":"ENG","playtime":1592,"items_purged":["Defend_MRS","Strike_MRS","Strike_MRS","Writhe"],"score":676,"play_id":"d98346e0-224f-40ee-b4d1-3ea709367b22","local_time":"20210127224034","is_ascension_mode":false,"campfire_choices":[{"data":"MilkyWay","floor":6.0,"key":"SMITH"},{"data":"MilkyWay","floor":8.0,"key":"SMITH"},{"data":"ManaRampage","floor":13.0,"key":"SMITH"},{"data":"UpSweep","floor":15.0,"key":"SMITH"},{"data":"MilkyWay","floor":23.0,"key":"SMITH"},{"data":"StarBarrage","floor":27.0,"key":"SMITH"},{"data":"SporeBomb","floor":32.0,"key":"SMITH"},{"data":"MachineGunSpark","floor":40,"key":"SMITH"},{"data":"MagicAbsorber","floor":44,"key":"SMITH"},{"data":"AlicesGift","floor":46,"key":"SMITH"},{"floor":49,"key":"DIG"}],"circlet_count":0,"master_deck":["Strike_MRS","Strike_MRS","Defend_MRS","Defend_MRS","Defend_MRS","MasterSpark+1","UpSweep+1","MilkyWay+1","MagicAbsorber+1","MilkyWay+1","ManaRampage+1","EarthLightRay+1","SporeBomb+1","MilkyWay+1","MachineGunSpark+1","StarBarrage+1","AlicesGift+1"],"relics":["MiniHakkero","GremlinMask","Shovel","Matryoshka","Coffee Dripper","Bag of Marbles","Incense Burner","Bag of Preparation","PreservedInsect","Cursed Key","Lee\u0027s Waffle","Orichalcum","Meat on the Bone","BreadOfAWashokuLover"],"acts_visited":["Exordium","TheCity","TheBeyond"],"potions_floor_usage":[50,50],"damage_taken":[{"damage":0.0,"enemies":"Small Slimes","floor":1.0,"turns":2.0},{"damage":1.0,"enemies":"Cultist","floor":3.0,"turns":3.0},{"damage":1.0,"enemies":"2 Louse","floor":4.0,"turns":3.0},{"damage":0.0,"enemies":"Blue Slaver","floor":5.0,"turns":4.0},{"damage":0.0,"enemies":"Large Slime","floor":7.0,"turns":4.0},{"damage":0.0,"enemies":"Exordium Wildlife","floor":10.0,"turns":3.0},{"damage":0.0,"enemies":"Looter","floor":11.0,"turns":3.0},{"damage":1.0,"enemies":"Gremlin Nob","floor":12.0,"turns":3.0},{"damage":0.0,"enemies":"Red Slaver","floor":14.0,"turns":5.0},{"damage":24.0,"enemies":"The Guardian","floor":16.0,"turns":7.0},{"damage":10.0,"enemies":"Chosen","floor":18.0,"turns":4.0},{"damage":10.0,"enemies":"2 Thieves","floor":22.0,"turns":4.0},{"damage":0.0,"enemies":"Snecko","floor":25.0,"turns":3.0},{"damage":11.0,"enemies":"Snake Plant","floor":28.0,"turns":3.0},{"damage":0.0,"enemies":"Centurion and Healer","floor":30.0,"turns":3.0},{"damage":8.0,"enemies":"Automaton","floor":33.0,"turns":6.0},{"damage":13.0,"enemies":"3 Darklings","floor":35.0,"turns":4.0},{"damage":0,"enemies":"3 Shapes","floor":38,"turns":4},{"damage":0,"enemies":"Maw","floor":39,"turns":4},{"damage":0,"enemies":"4 Shapes","floor":42,"turns":3},{"damage":0,"enemies":"Sphere and 2 Shapes","floor":48,"turns":3},{"damage":19,"enemies":"Awakened One","floor":50,"turns":6}],"seed_played":"7860983809143804927","potions_obtained":[{"floor":1.0,"key":"BottledSpark"},{"floor":3.0,"key":"GamblersBrew"},{"floor":7.0,"key":"EssenceOfSteel"},{"floor":16.0,"key":"Strength Potion"},{"floor":39,"key":"ShroomBrew"},{"floor":42,"key":"StarNLove"}],"is_trial":false,"path_per_floor":["M","?","M","M","M","R","M","R","T","M","M","E","R","M","R","B",null,"M","?","$","?","M","R","?","M","T","R","M","$","M","?","R","B",null,"M","?","?","M","M","R","$","M","T","R","?","R","$","M","R","B",null],"character_chosen":"MARISA","items_purchased":["Bag of Marbles","Lee\u0027s Waffle"],"campfire_rested":0,"item_purchase_floors":[20,41],"current_hp_per_floor":[75,75,74,73,73,73,73,73,73,73,73,72,72,75,75,51,75,65,65,65,65,59,59,59,59,59,59,52,52,56,56,56,54,75,62,62,62,68,74,74,82,82,82,82,82,82,82,82,82,64],"gold":94,"neow_bonus":"UPGRADE_CARD","is_daily":false,"chose_seed":false,"campfire_upgraded":10,"win_rate":0.0,"timestamp":1611783634,"path_taken":["M","?","M","?","M","R","M","R","T","M","M","E","R","M","R","BOSS","M","?","$","?","M","R","?","M","T","R","?","$","M","?","R","BOSS","M","?","?","M","?","R","?","M","T","R","?","R","$","M","R","BOSS"],"items_purchased_type":["Relic","Relic"],"build_version":"2020-12-22","purchased_purges":4,"victory":true,"max_hp_per_floor":[75,75,75,75,75,75,75,75,75,75,75,75,75,75,75,75,75,75,75,75,75,75,75,75,75,75,75,75,75,75,75,75,75,75,75,75,75,75,75,75,82,82,82,82,82,82,82,82,82,82],"relic_stats":{"Lee\u0027s Waffle":8,"Shovel":1,"counters":[22,84],"PreservedInsect":0,"Bag of Preparation":[18],"Orichalcum":[0],"Cursed Key":1,"obtain_stats":[{"Lee\u0027s Waffle":41,"GremlinMask":2,"BreadOfAWashokuLover":49,"PreservedInsect":26,"Incense Burner":21,"Bag of Preparation":26,"Orichalcum":43,"Cursed Key":34,"Shovel":9,"Matryoshka":12,"Coffee Dripper":17,"Bag of Marbles":20,"MiniHakkero":0,"Meat on the Bone":43},{"Lee\u0027s Waffle":19,"GremlinMask":1,"BreadOfAWashokuLover":21,"PreservedInsect":13,"Incense Burner":11,"Bag of Preparation":13,"Orichalcum":20,"Cursed Key":16,"Shovel":5,"Matryoshka":8,"Coffee Dripper":10,"Bag of Marbles":11,"MiniHakkero":0,"Meat on the Bone":20},{"Lee\u0027s Waffle":72,"GremlinMask":2,"BreadOfAWashokuLover":78,"PreservedInsect":48,"Incense Burner":41,"Bag of Preparation":48,"Orichalcum":75,"Cursed Key":60,"Shovel":16,"Matryoshka":25,"Coffee Dripper":37,"Bag of Marbles":41,"MiniHakkero":0,"Meat on the Bone":75}],"Meat on the Bone":0},"card_choices":[{"not_picked":["FairyDestructionRay","WitchOfGreed","6A"],"picked":"SKIP","floor":1.0},{"not_picked":["WitchLeyline","GasGiant"],"picked":"MilkyWay","floor":3.0},{"not_picked":["DC","MeteoricShower"],"picked":"MagicAbsorber","floor":4.0},{"not_picked":["DC","6A","Acceleration"],"picked":"SKIP","floor":5.0},{"not_picked":["OpenUniverse","WitchLeyline"],"picked":"MilkyWay","floor":7.0},{"not_picked":["UnstableBomb","ShootingEcho"],"picked":"ManaRampage","floor":10.0},{"not_picked":["GravityBeat","MysteriousBeam"],"picked":"EarthLightRay","floor":11.0},{"not_picked":["DarkMatter","GalacticHalo"],"picked":"SporeBomb","floor":12.0},{"not_picked":["WitchOfGreed","WitchLeyline","RefractionSpark"],"picked":"SKIP","floor":14.0},{"not_picked":["MysteriousBeam","SporeBomb+1"],"picked":"MilkyWay","floor":18.0},{"not_picked":["ShootingEcho","BlazeAway"],"picked":"MachineGunSpark","floor":22.0},{"not_picked":["MagicChant","SporeBomb+1","NonDirectionalLaser"],"picked":"SKIP","floor":25.0},{"not_picked":["PowerUp","DoubleSpark","ShootingEcho"],"picked":"SKIP","floor":28.0},{"not_picked":["ShootingEcho","WitchLeyline","DC"],"picked":"SKIP","floor":30.0},{"not_picked":["UnstableBomb+1","PowerUp","SporeBomb"],"picked":"SKIP","floor":35.0},{"not_picked":["OneTimeOff+1","WitchLeyline","GrandCross"],"picked":"SKIP","floor":38},{"not_picked":["UnstableBomb","DarkMatter"],"picked":"AlicesGift","floor":39},{"not_picked":["MysteriousBeam","RefractionSpark+1","DeepEcoloBomb"],"picked":"SKIP","floor":42},{"not_picked":["PropBag+1","DragonMeteor+1","WitchLeyline"],"picked":"SKIP","floor":48}],"player_experience":1010676,"relics_obtained":[{"floor":9.0,"key":"Shovel"},{"floor":12.0,"key":"Matryoshka"},{"floor":26.0,"key":"Bag of Preparation"},{"floor":26.0,"key":"PreservedInsect"},{"floor":43,"key":"Orichalcum"},{"floor":43,"key":"Meat on the Bone"},{"floor":49,"key":"BreadOfAWashokuLover"}],"event_choices":[{"damage_healed":0.0,"max_hp_gain":0.0,"max_hp_loss":0.0,"gold_gain":0.0,"event_name":"FaceTrader","player_choice":"Trade","floor":2.0,"gold_loss":0.0,"damage_taken":0.0,"relics_obtained":["GremlinMask"]},{"damage_healed":0.0,"max_hp_gain":0.0,"max_hp_loss":0.0,"gold_gain":0.0,"event_name":"Vampires","player_choice":"Ignored","floor":19.0,"gold_loss":0.0,"damage_taken":0.0},{"damage_healed":0.0,"max_hp_gain":0.0,"max_hp_loss":0.0,"gold_gain":0.0,"event_name":"The Mausoleum","player_choice":"Opened","floor":21.0,"gold_loss":0.0,"damage_taken":0.0,"relics_obtained":["Incense Burner"]},{"damage_healed":0.0,"max_hp_gain":0.0,"max_hp_loss":0.0,"gold_gain":0.0,"event_name":"The Library","player_choice":"Read","floor":24.0,"gold_loss":0.0,"damage_taken":0.0,"cards_obtained":["StarBarrage"]},{"damage_healed":0.0,"max_hp_gain":0.0,"max_hp_loss":0.0,"gold_gain":0.0,"event_name":"Accursed Blacksmith","player_choice":"Forge","floor":31.0,"gold_loss":0.0,"damage_taken":0.0,"cards_upgraded":["EarthLightRay"]},{"damage_healed":0,"gold_gain":0,"player_choice":"Ignored","damage_taken":0,"max_hp_gain":0,"max_hp_loss":0,"event_name":"Mysterious Sphere","floor":36,"gold_loss":0},{"damage_healed":0,"gold_gain":100,"player_choice":"Pray","damage_taken":0,"max_hp_gain":0,"max_hp_loss":0,"event_name":"Golden Shrine","floor":37,"gold_loss":0},{"damage_healed":0,"gold_gain":0,"player_choice":"Memory 1","damage_taken":0,"max_hp_gain":0,"max_hp_loss":0,"event_name":"SensoryStone","floor":45,"gold_loss":0}],"is_beta":false,"boss_relics":[{"not_picked":["Tiny House","Empty Cage"],"picked":"Coffee Dripper"},{"not_picked":["Pandora\u0027s Box","ExperimentalFamiliar"],"picked":"Cursed Key"}],"items_purged_floors":[20,29,41,47],"is_endless":false,"potions_floor_spawned":[1,3,7,16,18,25,30,39,42],"ascension_level":0}}