{"host":"a5lz0e76zb3fcwkm","time":1611726940,"event":{"mods":["AchievementEnabler","BaseMod","Colored Map","Colored Powertips","Minty Spire (QoL Compilation)","StSLib","SuperFastMode"],"gold_per_floor":[111,111,111,7,30,30,63,79,124,124,137,149,188,198,198,280,280,300,309,309,330,361,361,389,389,415,62,71,180,198,225,225,310,310,335,369,396,414,414,449,349,385,385,423,447,463,463,489,489,489,489,489,489,45,85,85,85],"floor_reached":56,"language":"KOR","playtime":3144,"items_purged":["Normality","Strike_B"],"score":2018,"play_id":"575d1fe3-1b54-43a6-9d5a-e8cce8b3560a","local_time":"20210127145540","is_ascension_mode":true,"campfire_choices":[{"data":"Apotheosis","floor":6.0,"key":"SMITH"},{"floor":10.0,"key":"RECALL"},{"data":"Creative AI","floor":15.0,"key":"SMITH"},{"floor":23.0,"key":"REST"},{"floor":25.0,"key":"REST"},{"data":"Dualcast","floor":32.0,"key":"SMITH"},{"data":"Seek","floor":47.0,"key":"SMITH"},{"data":"Coolheaded","floor":49.0,"key":"SMITH"},{"data":"Skim","floor":53.0,"key":"SMITH"}],"circlet_count":0,"master_deck":["AscendersBane","Strike_B","Defend_B","Defend_B","Defend_B","Zap","Dualcast+1","Apotheosis+1","Compile Driver+1","Creative AI+1","Ball Lightning","Self Repair","Undo","Core Surge+1","Biased Cognition","Electrodynamics","Cold Snap","Glacier","Undo","White Noise+1","Creative AI","Redo+1","Coolheaded+1","Skim+1","Finesse","Thinking Ahead","Seek+1","Stack+1","Turbo+1","Go for the Eyes+1"],"relics":["Cracked Core","Bird Faced Urn","Sundial","Juzu Bracelet","CeramicFish","SlaversCollar","Turnip","Red Mask","Ornamental Fan","Ancient Tea Set","Meat on the Bone","WingedGreaves","Pear","Vajra","Nuclear Battery","Calipers","Orichalcum","InkBottle","Bag of Preparation","Whetstone","Molten Egg 2","Bottled Lightning","ClockworkSouvenir","StrikeDummy"],"acts_visited":["Exordium","TheCity","TheBeyond","TheEnding"],"potions_floor_usage":[],"damage_taken":[{"damage":4.0,"enemies":"Jaw Worm","floor":1.0,"turns":3.0},{"damage":12.0,"enemies":"Lagavulin","floor":7.0,"turns":5.0},{"damage":0.0,"enemies":"Small Slimes","floor":8.0,"turns":2.0},{"damage":0.0,"enemies":"Cultist","floor":11.0,"turns":3.0},{"damage":8.0,"enemies":"Blue Slaver","floor":12.0,"turns":4.0},{"damage":32.0,"enemies":"Gremlin Nob","floor":13.0,"turns":4.0},{"damage":10.0,"enemies":"Lots of Slimes","floor":14.0,"turns":5.0},{"damage":30.0,"enemies":"Hexaghost","floor":16.0,"turns":6.0},{"damage":28.0,"enemies":"Spheric Guardian","floor":18.0,"turns":5.0},{"damage":37.0,"enemies":"Shell Parasite","floor":21.0,"turns":6.0},{"damage":18.0,"enemies":"Masked Bandits","floor":22.0,"turns":3.0},{"damage":48.0,"enemies":"Book of Stabbing","floor":24.0,"turns":7.0},{"damage":11.0,"enemies":"Colosseum Slavers","floor":29.0,"turns":4.0},{"damage":42.0,"enemies":"Colosseum Nobs","floor":29.0,"turns":4.0},{"damage":19.0,"enemies":"Cultist and Chosen","floor":30.0,"turns":4.0},{"damage":28.0,"enemies":"Gremlin Leader","floor":31.0,"turns":8.0},{"damage":57.0,"enemies":"Collector","floor":33.0,"turns":7.0},{"damage":7.0,"enemies":"3 Shapes","floor":35.0,"turns":5.0},{"damage":10.0,"enemies":"Mind Bloom Boss Battle","floor":36.0,"turns":7.0},{"damage":18.0,"enemies":"3 Darklings","floor":37.0,"turns":5.0},{"damage":28.0,"enemies":"Reptomancer","floor":40.0,"turns":5.0},{"damage":0.0,"enemies":"Giant Head","floor":42.0,"turns":8.0},{"damage":2.0,"enemies":"Nemesis","floor":44.0,"turns":9.0},{"damage":9.0,"enemies":"Maw","floor":45.0,"turns":9.0},{"damage":19.0,"enemies":"Jaw Worm Horde","floor":46.0,"turns":5.0},{"damage":18.0,"enemies":"Reptomancer","floor":48.0,"turns":6.0},{"damage":86.0,"enemies":"Awakened One","floor":50.0,"turns":16.0},{"damage":38.0,"enemies":"Time Eater","floor":51.0,"turns":14.0},{"damage":74.0,"enemies":"Shield and Spear","floor":55.0,"turns":12.0},{"damage":78,"enemies":"The Heart","floor":56,"turns":5}],"seed_played":"8922809544398801908","potions_obtained":[{"floor":1.0,"key":"BlessingOfTheForge"},{"floor":7.0,"key":"SteroidPotion"},{"floor":12.0,"key":"Weak Potion"},{"floor":13.0,"key":"Swift Potion"},{"floor":16.0,"key":"Dexterity Potion"},{"floor":18.0,"key":"AttackPotion"},{"floor":22.0,"key":"DuplicationPotion"},{"floor":31.0,"key":"PotionOfCapacity"},{"floor":33.0,"key":"PowerPotion"},{"floor":36.0,"key":"SpeedPotion"},{"floor":40.0,"key":"Block Potion"},{"floor":45.0,"key":"Weak Potion"},{"floor":48.0,"key":"Strength Potion"}],"is_trial":false,"path_per_floor":["M","?","?","$","T","R","E","M","T","R","M","M","E","M","R","B",null,"M","?","?","M","?","R","E","R","T","$","?","?","M","E","R","B",null,"M","?","M","?","?","E","$","E","T","E","M","M","R","E","R","B","B",null,"R","$","E","B"],"character_chosen":"DEFECT","items_purchased":["Ball Lightning","Meat on the Bone","Glacier","Bottled Lightning","ClockworkSouvenir"],"campfire_rested":2,"item_purchase_floors":[4,27,27,54,54],"current_hp_per_floor":[60,60,49,49,49,49,47,59,59,59,71,63,49,51,51,42,64,53,53,53,31,29,50,24,45,45,45,45,47,52,70,70,52,74,81,81,81,71,71,69,69,81,81,81,81,81,81,79,79,45,62,76,76,76,62,0,0],"gold":85,"neow_bonus":"RANDOM_COLORLESS_2","is_daily":false,"chose_seed":false,"campfire_upgraded":6,"win_rate":0.0,"timestamp":1611726940,"path_taken":["M","?","?","$","?","R","E","?","T","R","M","M","E","M","R","BOSS","M","?","?","M","?","R","E","R","T","$","?","?","M","E","R","BOSS","M","?","M","?","?","E","$","E","T","E","M","M","R","E","R","BOSS","BOSS","R","$","E","BOSS"],"items_purchased_type":["Card","Relic","Card","Relic","Relic"],"build_version":"2020-12-22","purchased_purges":2,"victory":false,"max_hp_per_floor":[71,71,71,71,71,71,71,71,71,71,71,71,71,71,71,71,71,71,71,71,71,71,71,71,71,71,71,71,81,81,81,81,81,81,81,81,81,81,81,81,81,81,81,81,81,81,81,81,81,81,81,81,81,81,81,81,81],"card_choices":[{"not_picked":["Thinking Ahead","Magnetism"],"picked":"Apotheosis","floor":0.0},{"not_picked":["BootSequence","Streamline"],"picked":"Compile Driver","floor":1.0},{"not_picked":["Sunder","Auto Shields"],"picked":"Self Repair","floor":7.0},{"not_picked":["Self Repair","Stack"],"picked":"Undo","floor":8.0},{"not_picked":["Beam Cell","Go for the Eyes","Redo"],"picked":"SKIP","floor":11.0},{"not_picked":["Beam Cell","Go for the Eyes","Redo"],"picked":"SKIP","floor":11.0},{"not_picked":["Go for the Eyes","Ball Lightning","Redo"],"picked":"SKIP","floor":12.0},{"not_picked":["Leap","Chaos"],"picked":"Core Surge","floor":13.0},{"not_picked":["Leap","Steam","Gash"],"picked":"SKIP","floor":14.0},{"not_picked":["Echo Form","Creative AI"],"picked":"Biased Cognition","floor":16.0},{"not_picked":["Static Discharge","Sunder","Rip and Tear"],"picked":"SKIP","floor":18.0},{"not_picked":["Hologram","Streamline+1"],"picked":"Cold Snap","floor":21.0},{"not_picked":["Steam","Barrage","Hologram"],"picked":"SKIP","floor":24.0},{"not_picked":["Undo","Turbo"],"picked":"White Noise+1","floor":29.0},{"not_picked":["Self Repair","Biased Cognition","Barrage"],"picked":"SKIP","floor":30.0},{"not_picked":["Steam","Rebound","Melter"],"picked":"SKIP","floor":31.0},{"not_picked":["Electrodynamics","Hyperbeam"],"picked":"Creative AI","floor":33.0},{"not_picked":["Rebound","Steam+1"],"picked":"Redo+1","floor":35.0},{"not_picked":["Cold Snap","Reboot"],"picked":"Coolheaded","floor":36.0},{"not_picked":["Coolheaded","Turbo"],"picked":"Skim","floor":37.0},{"not_picked":["Trip","Swift Strike"],"picked":"Finesse","floor":38.0},{"not_picked":["Trip","Discovery"],"picked":"Thinking Ahead","floor":38.0},{"not_picked":["Streamline","Doom and Gloom","Creative AI"],"picked":"SKIP","floor":40.0},{"not_picked":["Tempest","Rebound"],"picked":"Seek","floor":42.0},{"not_picked":["Steam","Conserve Battery"],"picked":"Stack+1","floor":44.0},{"not_picked":["Rebound","Reinforced Body+1"],"picked":"Turbo+1","floor":45.0},{"not_picked":["Gash","Stack","Chill+1"],"picked":"SKIP","floor":46.0},{"not_picked":["Go for the Eyes+1","Darkness","Conserve Battery"],"picked":"SKIP","floor":48.0},{"not_picked":["Hello World","Consume"],"picked":"Go for the Eyes+1","floor":55.0}],"player_experience":1814558,"relics_obtained":[{"floor":7.0,"key":"Sundial"},{"floor":9.0,"key":"Juzu Bracelet"},{"floor":13.0,"key":"CeramicFish"},{"floor":22.0,"key":"Red Mask"},{"floor":24.0,"key":"Ornamental Fan"},{"floor":26.0,"key":"Ancient Tea Set"},{"floor":29.0,"key":"WingedGreaves"},{"floor":29.0,"key":"Pear"},{"floor":31.0,"key":"Vajra"},{"floor":36.0,"key":"Calipers"},{"floor":40.0,"key":"Orichalcum"},{"floor":42.0,"key":"InkBottle"},{"floor":43.0,"key":"Bag of Preparation"},{"floor":44.0,"key":"Whetstone"},{"floor":48.0,"key":"Molten Egg 2"},{"floor":55.0,"key":"StrikeDummy"}],"event_choices":[{"damage_healed":0.0,"max_hp_gain":0.0,"max_hp_loss":0.0,"gold_gain":0.0,"cards_transformed":["Strike_B"],"event_name":"Living Wall","player_choice":"Change","floor":2.0,"gold_loss":0.0,"damage_taken":0.0,"cards_obtained":["Creative AI"]},{"damage_healed":0.0,"max_hp_gain":0.0,"max_hp_loss":0.0,"gold_gain":0.0,"event_name":"Scrap Ooze","player_choice":"Success","floor":3.0,"gold_loss":0.0,"damage_taken":11.0,"relics_obtained":["Bird Faced Urn"]},{"damage_healed":0.0,"max_hp_gain":0.0,"max_hp_loss":0.0,"gold_gain":0.0,"event_name":"Match and Keep!","player_choice":"1 cards matched","floor":19.0,"gold_loss":0.0,"damage_taken":0.0,"cards_obtained":["Electrodynamics"]},{"damage_healed":0.0,"max_hp_gain":0.0,"max_hp_loss":0.0,"gold_gain":0.0,"event_name":"WeMeetAgain","player_choice":"Gave Potion","floor":20.0,"gold_loss":0.0,"damage_taken":0.0,"relics_obtained":["Turnip"]},{"damage_healed":0.0,"max_hp_gain":0.0,"max_hp_loss":0.0,"gold_gain":0.0,"event_name":"Masked Bandits","player_choice":"Fought Bandits","floor":22.0,"gold_loss":0.0,"damage_taken":0.0},{"damage_healed":0.0,"max_hp_gain":0.0,"max_hp_loss":0.0,"gold_gain":0.0,"cards_transformed":["Strike_B"],"event_name":"Transmorgrifier","player_choice":"Transformed","floor":28.0,"gold_loss":0.0,"damage_taken":0.0,"cards_obtained":["Undo"]},{"damage_healed":0.0,"max_hp_gain":0.0,"max_hp_loss":0.0,"gold_gain":0.0,"event_name":"Colosseum","player_choice":"Fight","floor":29.0,"gold_loss":0.0,"damage_taken":0.0},{"damage_healed":0.0,"max_hp_gain":0.0,"max_hp_loss":0.0,"gold_gain":0.0,"event_name":"Colosseum","player_choice":"Fought Nobs","floor":29.0,"gold_loss":0.0,"damage_taken":0.0},{"damage_healed":0.0,"max_hp_gain":0.0,"max_hp_loss":0.0,"gold_gain":0.0,"event_name":"MindBloom","player_choice":"Fight","floor":36.0,"gold_loss":0.0,"damage_taken":0.0},{"damage_healed":0.0,"max_hp_gain":0.0,"max_hp_loss":0.0,"gold_gain":0.0,"event_name":"SensoryStone","player_choice":"Memory 3","floor":38.0,"gold_loss":0.0,"damage_taken":10.0},{"cards_removed":["Defend_B"],"damage_healed":0.0,"max_hp_gain":0.0,"max_hp_loss":0.0,"gold_gain":0.0,"event_name":"Falling","player_choice":"Removed Skill","floor":39.0,"gold_loss":0.0,"damage_taken":0.0}],"is_beta":false,"boss_relics":[{"not_picked":["Tiny House","Calling Bell"],"picked":"SlaversCollar"},{"not_picked":["FrozenCore","SacredBark"],"picked":"Nuclear Battery"}],"items_purged_floors":[4,41],"is_endless":false,"potions_floor_spawned":[1,7,12,13,16,18,22,31,33,36,40,45,48],"killed_by":"The Heart","ascension_level":20}}