{"host":"y5h80bbn16qkiuzg","time":1611763278,"event":{"mods":["Act Like it!","BaseMod","DeckTracker","Downfall","Hermit","Highlight Path","Koishi","Lobotomy","Luminous","Marisa（F雨　魔理沙）","Minty Spire (QoL Compilation)","Pale of the Ancients","Remilia（蕾米莉亚）","StSLib","The Bug Knight","The Cursed","WarShipGirlsR/战舰少女R mod"],"gold_per_floor":[113,288,302,316,336,368,368,381,381,361,67,79,110,65,65,164,164,174,174,174,174,174],"floor_reached":21,"language":"ZHS","playtime":1316,"items_purged":["Doubt"],"score":189,"play_id":"ebcda27b-a96c-443a-abbc-51c49d834000","local_time":"20210128000118","is_ascension_mode":false,"campfire_choices":[{"floor":7,"key":"REST"},{"floor":15,"key":"RECALL"}],"circlet_count":0,"master_deck":["Strike_RM","Strike_RM","Strike_RM","Strike_RM","Defend_RM","Defend_RM","Defend_RM","Defend_RM","RedMoon+1","ScarletShoot","MastersStateliness","UnstableMagic","VampireClaw","StarOfDavid","FitfulNightmare","NightDance","VampireKiss","RedNightlessCastle","BloodySeventeenLaser+1","RedRainbow","UnderTheZenith","EquivalentExchange+1","Maim","Lust_TH"],"relics":["ScarletHat","Bag of Preparation","RedBat","Sling","InkBottle","SlaversCollar"],"acts_visited":["Exordium","TheCity"],"potions_floor_usage":[18,21],"damage_taken":[{"damage":0.0,"enemies":"Small Slimes","floor":1.0,"turns":3.0},{"damage":1.0,"enemies":"Jaw Worm","floor":3.0,"turns":5.0},{"damage":0.0,"enemies":"Cultist","floor":4.0,"turns":6.0},{"damage":0.0,"enemies":"Large Slime","floor":5.0,"turns":7.0},{"damage":25.0,"enemies":"3 Sentries","floor":6.0,"turns":13.0},{"damage":0,"enemies":"Exordium Wildlife","floor":8,"turns":4},{"damage":0,"enemies":"Blue Slaver","floor":12,"turns":4},{"damage":5,"enemies":"Gremlin Nob","floor":13,"turns":3},{"damage":23,"enemies":"The Guardian","floor":16,"turns":10},{"damage":0,"enemies":"3 Byrds","floor":18,"turns":3},{"damage":89,"enemies":"Masked Bandits","floor":21,"turns":6}],"seed_played":"6163213838202955215","potions_obtained":[{"floor":4.0,"key":"Weak Potion"},{"floor":5.0,"key":"LiquidMemories"},{"floor":6,"key":"Ancient Potion"},{"floor":18,"key":"Weak Potion"}],"is_trial":false,"path_per_floor":["M","?","M","M","M","E","R","M","T","?","$","M","E","$","R","B",null,"M","?","?","?"],"character_chosen":"REMILIA","items_purchased":["Sling","RedNightlessCastle","UnderTheZenith"],"campfire_rested":1,"item_purchase_floors":[11,11,14],"current_hp_per_floor":[75,75,74,75,75,53,75,75,75,75,75,75,75,75,75,74,75,75,75,75,0,0],"gold":174,"neow_bonus":"UPGRADE_CARD","is_daily":false,"chose_seed":false,"campfire_upgraded":0,"win_rate":0.0,"timestamp":1611763278,"path_taken":["M","?","M","M","M","E","R","M","T","?","?","M","E","$","R","BOSS","M","?","?","?"],"items_purchased_type":["Relic","Card","Card"],"build_version":"2020-12-22","purchased_purges":1,"victory":false,"max_hp_per_floor":[75,75,75,75,75,75,75,75,75,75,75,75,75,75,75,75,75,75,75,75,75,75],"card_choices":[{"not_picked":["ScarletDevil","SuperhumanBloodyKnife"],"picked":"MastersStateliness","floor":1.0},{"not_picked":["EternalNight","VampireKiss"],"picked":"UnstableMagic","floor":3.0},{"not_picked":["FitfulNightmare","Stigmanizer"],"picked":"VampireClaw","floor":4.0},{"not_picked":["ForbiddenFruit","DiffusionOfMisfortune"],"picked":"StarOfDavid","floor":5.0},{"not_picked":["BlasphemousPunishment","EternalNight","MastersStateliness"],"picked":"SKIP","floor":6},{"not_picked":["MastersStateliness","BadLadyScramble"],"picked":"FitfulNightmare","floor":8},{"not_picked":[],"picked":"NightDance","floor":10},{"not_picked":[],"picked":"VampireKiss","floor":10},{"not_picked":["MastersStateliness","UnstableMagic"],"picked":"BloodySeventeenLaser","floor":12},{"not_picked":["UnstableMagic","MiserableFate"],"picked":"RedRainbow","floor":13},{"not_picked":["ScarletMeister","BloodyCatastrophe"],"picked":"EquivalentExchange","floor":16},{"not_picked":["MastersStateliness+1","FavorOfDestiny"],"picked":"Maim","floor":18}],"player_experience":524434,"relics_obtained":[{"floor":6,"key":"Bag of Preparation"},{"floor":9,"key":"RedBat"},{"floor":13,"key":"InkBottle"}],"event_choices":[{"damage_healed":0.0,"max_hp_gain":0.0,"max_hp_loss":0.0,"gold_gain":175.0,"event_name":"Liars Game","player_choice":"AGREE","floor":2.0,"gold_loss":0.0,"damage_taken":0.0,"cards_obtained":["Doubt"]},{"damage_healed":0,"gold_gain":0,"player_choice":"Fought Bandits","damage_taken":0,"max_hp_gain":0,"max_hp_loss":0,"event_name":"Masked Bandits","floor":21,"gold_loss":0}],"is_beta":false,"boss_relics":[{"not_picked":["Runic Pyramid","Snecko Eye"],"picked":"SlaversCollar"}],"items_purged_floors":[11],"is_endless":false,"potions_floor_spawned":[4,5,6,13,16,18],"killed_by":"Masked Bandits","ascension_level":0}}