{"host":"hfxahm4y1ssattqc","time":1611729445,"event":{"mods":["2.2 Compatiblity","Act Like it!","Aspiration","BaseMod","Beaked The Cultist","Better Third Choice","BetterRewards","Colored Map","Colored Powertips","Custom Start","Googly Eyes","Halation","Hallownest","Hermit","Highlight Path","Hubris","Mimic Mod","Minty Spire (QoL Compilation)","Reorder Act Four","Replay The Spire","Shop Mod","Spikes Relics","StSLib","The Bug Knight","The IronCluck","The Jungle","Unknown Chances","slay the spire mod where everything is the same but ironclad has a cowboy hat"],"gold_per_floor":[116,127,139,152,180,180,214,214,214,214,230,262,272,255,255,359,409,319,319,319,319,336,336,251,251,251,266,286,30,30,30,30,133,133,146,146,164,181,181,181,181],"floor_reached":41,"language":"ENG","playtime":2061,"items_purged":[],"score":401,"play_id":"da5eb49c-6704-429d-b203-37021c015b9f","local_time":"20210126223725","is_ascension_mode":false,"campfire_choices":[{"floor":6.0,"key":"REST"},{"floor":8.0,"key":"REST"},{"data":"hermit:TakeAim","floor":10.0,"key":"SMITH"},{"data":"hermit:Maintenance","floor":23.0,"key":"SMITH"},{"floor":25.0,"key":"RECALL"},{"floor":30.0,"key":"REST"},{"floor":32.0,"key":"REST"},{"data":"hermit:Virtue","floor":40.0,"key":"SMITH"}],"circlet_count":0,"master_deck":["hermit:Strike_Hermit","hermit:Strike_Hermit","hermit:Strike_Hermit","hermit:Strike_Hermit","hermit:Defend_Hermit","hermit:Defend_Hermit","hermit:Defend_Hermit","hermit:Defend_Hermit","hermit:Snapshot","hermit:Covet+1","hermit:GhostlyPresence+1","hermit:GhostlyPresence","hermit:GhostlyPresence","hermit:TakeAim+1","hermit:Maintenance+1","hermit:RoundhouseKick","hermit:Virtue+1","hermit:Misfire+1"],"relics":["hermit:Momento","Centennial Puzzle","hubris:Teleporter","HollowMod:PaleOreRelic","hubris:GlazedTorus","aspiration:HummingbirdHeart","Tiny House","aspiration:RitualStick","ReplayFunnel","halation:WeightlessCrab","hubris:Backtick","BicycleWheel"],"acts_visited":["Exordium","TheCity","TheBeyond"],"potions_floor_usage":[41,41],"damage_taken":[{"damage":7.0,"enemies":"Cultist","floor":1.0,"turns":5.0},{"damage":1.0,"enemies":"2 Louse","floor":2.0,"turns":3.0},{"damage":1.0,"enemies":"Small Slimes","floor":3.0,"turns":3.0},{"damage":5.0,"enemies":"Exordium Wildlife","floor":4.0,"turns":5.0},{"damage":13.0,"enemies":"Lagavulin","floor":7.0,"turns":14.0},{"damage":3.0,"enemies":"Large Slime","floor":11.0,"turns":9.0},{"damage":10.0,"enemies":"3 Sentries","floor":12.0,"turns":10.0},{"damage":6.0,"enemies":"Gremlin Gang","floor":13.0,"turns":7.0},{"damage":7.0,"enemies":"Exordium Thugs","floor":14.0,"turns":6.0},{"damage":8.0,"enemies":"Hexaghost","floor":16.0,"turns":16.0},{"damage":20.0,"enemies":"2 Thieves","floor":18.0,"turns":5.0},{"damage":1.0,"enemies":"Shell Parasite","floor":22.0,"turns":8.0},{"damage":2.0,"enemies":"Snake Plant","floor":27.0,"turns":7.0},{"damage":5.0,"enemies":"Centurion and Healer","floor":28.0,"turns":9.0},{"damage":33.0,"enemies":"Champ","floor":33.0,"turns":17.0},{"damage":9.0,"enemies":"3 Shapes","floor":35.0,"turns":4.0},{"damage":1.0,"enemies":"Orb Walker","floor":37.0,"turns":8.0},{"damage":15.0,"enemies":"Maw","floor":38.0,"turns":12.0},{"damage":89,"enemies":"Giant Head","floor":41,"turns":8}],"seed_played":"6552855536240030615","potions_obtained":[{"floor":2.0,"key":"AttackPotion"},{"floor":3.0,"key":"SkillPotion"},{"floor":11.0,"key":"Adrenaline Potion"},{"floor":12.0,"key":"Energy Potion"},{"floor":17.0,"key":"Block Potion"},{"floor":21.0,"key":"Adrenaline Potion"},{"floor":28.0,"key":"Languid Potion"},{"floor":37.0,"key":"Regen Potion"}],"is_trial":false,"path_per_floor":["M","M","M","M","?","R","E","R","T","R","M","E","M","M","R_BF","B",null,"M","?","?","?","M","R","?","R","T","M","M","$","R","?","R","B",null,"M","$","M","M","R","E"],"character_chosen":"HERMIT","items_purchased":["halation:WeightlessCrab"],"campfire_rested":4,"item_purchase_floors":[29],"current_hp_per_floor":[68,67,66,61,31,53,40,62,62,62,59,49,43,36,58,50,80,60,60,44,44,43,43,43,43,43,41,36,36,60,45,70,37,85,76,76,75,60,60,0,0],"gold":181,"neow_bonus":"RANDOM_COMMON_RELIC","is_daily":false,"chose_seed":false,"campfire_upgraded":3,"win_rate":0.0,"timestamp":1611729445,"path_taken":["M","M","?","?","?","R","E","R","T","R","M","E","M","M","R_BF","BOSS","M","?","?","?","?","R","?","R","T","M","M","$","R","?","R","BOSS","M","$","M","M","R","E"],"items_purchased_type":["Relic"],"build_version":"2020-12-22","purchased_purges":0,"victory":false,"max_hp_per_floor":[75,75,75,75,75,75,75,75,75,75,75,75,75,75,75,75,80,80,80,80,80,80,80,80,80,80,80,80,80,80,85,85,85,85,85,85,85,85,85,85,85],"card_choices":[{"not_picked":["hermit:LowProfile","hermit:Grudge"],"picked":"hermit:GhostlyPresence","floor":1.0},{"not_picked":["hermit:HoleUp","hermit:LowProfile","hermit:Roulette"],"picked":"SKIP","floor":2.0},{"not_picked":["hermit:Virtue","hermit:Roulette"],"picked":"hermit:GhostlyPresence","floor":3.0},{"not_picked":["hermit:Headshot","hermit:PistolWhip"],"picked":"hermit:GhostlyPresence","floor":4.0},{"not_picked":["hermit:HighCaliber","hermit:DeadOrAlive"],"picked":"hermit:TakeAim","floor":5.0},{"not_picked":["hermit:HoleUp","hermit:Ricochet","hermit:Shortfuse"],"picked":"SKIP","floor":7.0},{"not_picked":["hermit:Shortfuse","hermit:LowProfile","hermit:ItchyTrigger"],"picked":"SKIP","floor":11.0},{"not_picked":["hermit:Enervate","hermit:Gestalt","hermit:Coalescence"],"picked":"SKIP","floor":12.0},{"not_picked":["hermit:Snipe","hermit:Headshot"],"picked":"hermit:Maintenance","floor":13.0},{"not_picked":["hermit:TakeCover","hermit:DeadMansHand","hermit:Headshot"],"picked":"SKIP","floor":14.0},{"not_picked":["hermit:Roughhouse","hermit:BlackWind"],"picked":"hermit:RoundhouseKick","floor":16.0},{"not_picked":["hermit:Midnight","hermit:HoleUp"],"picked":"hermit:Virtue","floor":17.0},{"not_picked":["hermit:CalledShot","hermit:HoleUp","hermit:Dive+1"],"picked":"SKIP","floor":18.0},{"not_picked":["hermit:WideOpen","hermit:Reprieve","hermit:Midnight"],"picked":"SKIP","floor":22.0},{"not_picked":["hermit:SprayPray","hermit:Snipe","hermit:Dive+1"],"picked":"SKIP","floor":27.0},{"not_picked":["hermit:HoleUp","hermit:Misfire","hermit:FullyLoaded"],"picked":"SKIP","floor":28.0},{"not_picked":["hermit:GhostlyPresence","hermit:Manifest+1","hermit:Cheat"],"picked":"SKIP","floor":35.0},{"not_picked":["hermit:HighCaliber","hermit:Scavenge+1","hermit:Glare"],"picked":"SKIP","floor":37.0},{"not_picked":["hermit:Combo","hermit:Quickdraw"],"picked":"hermit:Misfire+1","floor":38.0}],"player_experience":918083,"relics_obtained":[{"floor":5.0,"key":"hubris:Teleporter"},{"floor":7.0,"key":"HollowMod:PaleOreRelic"},{"floor":9.0,"key":"hubris:GlazedTorus"},{"floor":12.0,"key":"aspiration:HummingbirdHeart"}],"event_choices":[{"damage_healed":0.0,"max_hp_gain":0.0,"max_hp_loss":0.0,"gold_gain":0.0,"event_name":"Cursed Tome","player_choice":"Ignored","floor":19.0,"gold_loss":0.0,"damage_taken":0.0},{"damage_healed":0.0,"max_hp_gain":0.0,"max_hp_loss":0.0,"gold_gain":0.0,"event_name":"Lab","player_choice":"Got Potions","floor":21.0,"gold_loss":0.0,"damage_taken":0.0},{"damage_healed":0.0,"max_hp_gain":0.0,"max_hp_loss":0.0,"gold_gain":0.0,"event_name":"Addict","player_choice":"Obtained Relic","floor":24.0,"gold_loss":85.0,"damage_taken":0.0,"relics_obtained":["ReplayFunnel"]},{"damage_healed":0.0,"max_hp_gain":5.0,"max_hp_loss":0.0,"gold_gain":0.0,"event_name":"Forgotten Altar","player_choice":"Shed Blood","floor":31.0,"gold_loss":0.0,"damage_taken":20.0}],"is_beta":false,"boss_relics":[{"not_picked":["halation:LoveArrow","Empty Cage"],"picked":"Tiny House"},{"not_picked":["Coffee Dripper","halation:Risk"],"picked":"hubris:Backtick"}],"items_purged_floors":[],"is_endless":false,"potions_floor_spawned":[2,3,11,12,22,28,37],"killed_by":"Giant Head","ascension_level":0}}