{"host":"bq4pt811tk9yrmjl","time":1611775400,"event":{"mods":["AchievementEnabler","BaseMod","Colored Map","Colored Powertips","Defuse TimeMaze Blight","Hermit","Minty Spire (QoL Compilation)","StSLib","SuperFastMode"],"gold_per_floor":[114,114,128,128,56,84,84,98,98,112,112,130,164,178,178,282,282,293,293,306,266,284,284,300,300,324,340,351,384,396,449,449,554,554,565,270,320,320,172,206,206,206,206,216,216,230,250,260,260,260,260],"floor_reached":50,"language":"ENG","playtime":1181,"items_purged":[],"score":558,"play_id":"faa8e936-cc6a-4412-b46b-791bdd20840f","local_time":"20210127172320","is_ascension_mode":true,"campfire_choices":[{"data":"hermit:Maintenance","floor":7,"key":"SMITH"},{"data":"hermit:GoldenBullet","floor":11,"key":"SMITH"},{"data":"hermit:Maintenance","floor":15,"key":"SMITH"},{"floor":23,"key":"RECALL"},{"floor":25,"key":"REST"},{"floor":32,"key":"REST"},{"data":"hermit:GhostlyPresence","floor":42,"key":"SMITH"},{"data":"hermit:Coalescence","floor":45,"key":"SMITH"},{"floor":49,"key":"REST"}],"circlet_count":0,"master_deck":["hermit:Strike_Hermit+1","hermit:Strike_Hermit","hermit:Strike_Hermit","hermit:Strike_Hermit","hermit:Defend_Hermit","hermit:Defend_Hermit","hermit:Defend_Hermit","hermit:Defend_Hermit","hermit:Snapshot+1","hermit:Covet","hermit:Quickdraw+1","hermit:Glare","hermit:Maintenance+1","hermit:GoldenBullet+1","hermit:Coalescence+1","hermit:Maintenance+1","hermit:GhostlyPresence+1","hermit:TakeAim+1","Regret","Clumsy","Clumsy","hermit:EyeOfTheStorm","Hologram+1"],"relics":["hermit:Momento","NeowsBlessing","PreservedInsect","Du-Vu Doll","Cursed Key","MutagenicStrength","Strawberry","Bronze Scales","Lantern","Busted Crown","Whetstone","PrismaticShard","Ginger","Regal Pillow","Nunchaku","hermit:Spyglass"],"acts_visited":["Exordium","TheCity","TheBeyond"],"potions_floor_usage":[10,16,22,27,28,30,33,37,44,46],"damage_taken":[{"damage":0,"enemies":"2 Louse","floor":1,"turns":1},{"damage":0,"enemies":"Jaw Worm","floor":3,"turns":1},{"damage":0,"enemies":"3 Sentries","floor":6,"turns":1},{"damage":0,"enemies":"Cultist","floor":8,"turns":3},{"damage":4,"enemies":"Gremlin Gang","floor":10,"turns":4},{"damage":0,"enemies":"Exordium Wildlife","floor":12,"turns":2},{"damage":1,"enemies":"Gremlin Nob","floor":13,"turns":3},{"damage":0,"enemies":"2 Fungi Beasts","floor":14,"turns":3},{"damage":18,"enemies":"Hexaghost","floor":16,"turns":10},{"damage":6,"enemies":"Chosen","floor":18,"turns":4},{"damage":0,"enemies":"Shell Parasite","floor":20,"turns":2},{"damage":14,"enemies":"Shelled Parasite and Fungi","floor":22,"turns":4},{"damage":7,"enemies":"Centurion and Healer","floor":24,"turns":8},{"damage":13,"enemies":"Snecko","floor":27,"turns":6},{"damage":6,"enemies":"3 Cultists","floor":28,"turns":7},{"damage":22,"enemies":"Book of Stabbing","floor":29,"turns":6},{"damage":6,"enemies":"Centurion and Healer","floor":30,"turns":6},{"damage":60,"enemies":"Automaton","floor":33,"turns":13},{"damage":2,"enemies":"Orb Walker","floor":35,"turns":3},{"damage":2,"enemies":"Mind Bloom Boss Battle","floor":37,"turns":7},{"damage":7,"enemies":"Nemesis","floor":40,"turns":5},{"damage":0,"enemies":"3 Darklings","floor":44,"turns":10},{"damage":12,"enemies":"Transient","floor":46,"turns":5},{"damage":14,"enemies":"4 Shapes","floor":47,"turns":7},{"damage":17,"enemies":"Jaw Worm Horde","floor":48,"turns":6},{"damage":103,"enemies":"Awakened One","floor":50,"turns":15}],"seed_played":"-8837339062968090763","potions_obtained":[{"floor":3,"key":"SneckoOil"},{"floor":6,"key":"DistilledChaos"},{"floor":13,"key":"Fire Potion"},{"floor":21,"key":"Weak Potion"},{"floor":21,"key":"FairyPotion"},{"floor":21,"key":"AttackPotion"},{"floor":27,"key":"GamblersBrew"},{"floor":28,"key":"SpeedPotion"},{"floor":29,"key":"Regen Potion"},{"floor":30,"key":"LiquidBronze"},{"floor":33,"key":"SkillPotion"},{"floor":40,"key":"Block Potion"},{"floor":44,"key":"GamblersBrew"},{"floor":48,"key":"SpeedPotion"}],"is_trial":false,"path_per_floor":["M","?","M","?","$","E","R","M","T","M","R","M","E","M","R","B",null,"M","?","M","?","M","R","M","R","T","M","M","E","M","T","R","B",null,"M","$","?","?","$","E","?","R","T","M","R","M","M","M","R","B"],"character_chosen":"HERMIT","items_purchased":["hermit:Maintenance","Whetstone","PrismaticShard","Regal Pillow"],"campfire_rested":3,"item_purchase_floors":[5,36,36,39],"current_hp_per_floor":[75,75,75,75,75,75,75,75,75,71,71,71,70,70,70,52,75,69,69,69,69,55,55,48,70,77,64,58,36,45,45,69,9,82,80,80,78,78,78,71,71,71,71,71,71,59,45,28,67,0,0],"gold":260,"neow_bonus":"THREE_ENEMY_KILL","is_daily":false,"chose_seed":false,"campfire_upgraded":5,"win_rate":0.0,"timestamp":1611775400,"path_taken":["M","?","M","?","?","E","R","M","T","M","R","M","E","M","R","BOSS","M","?","M","?","?","R","M","R","T","?","M","E","M","?","R","BOSS","M","$","?","?","$","E","?","R","T","M","R","M","M","M","R","BOSS"],"items_purchased_type":["Card","Relic","Relic","Relic"],"build_version":"2020-12-22","purchased_purges":0,"victory":false,"max_hp_per_floor":[75,75,75,75,75,75,75,75,75,75,75,75,75,75,75,75,75,75,75,75,75,75,75,75,75,82,82,82,82,82,82,82,82,82,82,82,82,82,82,82,82,82,82,82,82,82,82,82,82,82,82],"card_choices":[{"not_picked":["hermit:Misfire","hermit:Headshot"],"picked":"hermit:Quickdraw","floor":1},{"not_picked":["hermit:LowProfile","hermit:EyeOfTheStorm"],"picked":"hermit:Glare","floor":3},{"not_picked":["hermit:Feint","hermit:DeadMansHand"],"picked":"hermit:GoldenBullet","floor":6},{"not_picked":["hermit:Ricochet","hermit:Glare","hermit:Enervate"],"picked":"SKIP","floor":8},{"not_picked":["hermit:ShadowCloak","hermit:DeadMansHand"],"picked":"hermit:Coalescence","floor":10},{"not_picked":["hermit:Virtue","hermit:SprayPray"],"picked":"hermit:Maintenance","floor":12},{"not_picked":["hermit:Cheat","hermit:Desperado"],"picked":"hermit:GhostlyPresence","floor":13},{"not_picked":["hermit:Cheat","hermit:Scavenge","hermit:HighCaliber"],"picked":"SKIP","floor":14},{"not_picked":["hermit:Feint","hermit:Snipe","hermit:NoHoldsBarred"],"picked":"SKIP","floor":18},{"not_picked":["hermit:LoneWolf","hermit:Ricochet","hermit:LuckOfTheDraw"],"picked":"SKIP","floor":20},{"not_picked":["hermit:LowProfile","hermit:SprayPray","hermit:Quickdraw"],"picked":"SKIP","floor":22},{"not_picked":["hermit:Ricochet","hermit:Glare"],"picked":"hermit:TakeAim+1","floor":24},{"not_picked":["hermit:WideOpen","hermit:Cheat","hermit:Determination"],"picked":"SKIP","floor":27},{"not_picked":["hermit:NoHoldsBarred","hermit:Quickdraw","hermit:SprayPray"],"picked":"SKIP","floor":28},{"not_picked":["hermit:Gestalt","hermit:Ricochet","hermit:GoldenBullet"],"picked":"SKIP","floor":29},{"not_picked":["hermit:Misfire","hermit:FullyLoaded","hermit:Snipe+1"],"picked":"SKIP","floor":30},{"not_picked":["hermit:SprayPray+1"],"picked":"SKIP","floor":35},{"not_picked":["BowlingBash"],"picked":"SKIP","floor":40},{"not_picked":["Wireheading+1"],"picked":"SKIP","floor":44},{"not_picked":[],"picked":"hermit:EyeOfTheStorm","floor":46},{"not_picked":[],"picked":"Hologram+1","floor":47},{"not_picked":["ReachHeaven"],"picked":"SKIP","floor":48}],"player_experience":274434,"relics_obtained":[{"floor":6,"key":"PreservedInsect"},{"floor":13,"key":"Du-Vu Doll"},{"floor":26,"key":"Strawberry"},{"floor":29,"key":"Bronze Scales"},{"floor":31,"key":"Lantern"},{"floor":37,"key":"Ginger"},{"floor":40,"key":"Nunchaku"},{"floor":43,"key":"hermit:Spyglass"}],"event_choices":[{"damage_healed":0,"gold_gain":0,"player_choice":"Leave","damage_taken":0,"max_hp_gain":0,"max_hp_loss":0,"event_name":"The Cleric","floor":2,"gold_loss":0},{"damage_healed":0,"gold_gain":0,"player_choice":"Grow","damage_taken":0,"max_hp_gain":0,"max_hp_loss":0,"event_name":"Living Wall","floor":4,"gold_loss":0,"cards_upgraded":["hermit:Snapshot"]},{"damage_healed":0,"gold_gain":0,"player_choice":"Inject Mutagens","damage_taken":0,"relics_obtained":["MutagenicStrength"],"max_hp_gain":0,"max_hp_loss":0,"event_name":"Drug Dealer","floor":19,"gold_loss":0},{"damage_healed":0,"gold_gain":0,"player_choice":"Bought 3 Potions","damage_taken":0,"max_hp_gain":0,"max_hp_loss":0,"event_name":"The Woman in Blue","floor":21,"gold_loss":0},{"damage_healed":0,"gold_gain":0,"player_choice":"Fight","damage_taken":0,"max_hp_gain":0,"max_hp_loss":0,"event_name":"MindBloom","floor":37,"gold_loss":0},{"damage_healed":0,"gold_gain":0,"player_choice":"Ignored","damage_taken":0,"max_hp_gain":0,"max_hp_loss":0,"event_name":"Tomb of Lord Red Mask","floor":38,"gold_loss":0},{"damage_healed":0,"gold_gain":0,"player_choice":"Ignored","damage_taken":0,"max_hp_gain":0,"max_hp_loss":0,"event_name":"Mysterious Sphere","floor":41,"gold_loss":0}],"is_beta":false,"boss_relics":[{"not_picked":["Snecko Eye","Philosopher\u0027s Stone"],"picked":"Cursed Key"},{"not_picked":["Astrolabe","SlaversCollar"],"picked":"Busted Crown"}],"items_purged_floors":[],"is_endless":false,"potions_floor_spawned":[3,6,13,27,28,29,30,33,35,40,44,48],"killed_by":"Awakened One","ascension_level":1}}