{"host":"k85tjwrh7mjrrc9a","time":1611781633,"event":{"mods":["AchievementEnabler","BaseMod","Colored Powertips","Highlight Path","Minty Spire (QoL Compilation)","Rare Cards Sparkle","StSLib"],"gold_per_floor":[112,187,187,202,252,252,263,263,343,368,385,385,385,69,69,159,159,178,202,202,202,220,220,234,270,270,232,247,127,147,171,171,270,270,285,163,182,7,26,26,60,60,60,84,84,417,0,14,14,14],"floor_reached":51,"language":"ENG","playtime":2818,"items_purged":["Strike_R"],"score":1226,"play_id":"d8c9534d-83df-43bf-bac8-31fe6e10623e","local_time":"20210127160713","is_ascension_mode":true,"campfire_choices":[{"data":"Bash","floor":6,"key":"SMITH"},{"data":"Heavy Blade","floor":8,"key":"SMITH"},{"data":"Inflame","floor":12,"key":"SMITH"},{"data":"Apotheosis","floor":15,"key":"SMITH"},{"floor":23,"key":"REST"},{"data":"Battle Trance","floor":32,"key":"SMITH"},{"floor":40,"key":"REST"},{"data":"Demon Form","floor":45,"key":"SMITH"},{"floor":49,"key":"REST"}],"circlet_count":0,"master_deck":["AscendersBane","Strike_R","Strike_R","Strike_R","Strike_R","Defend_R","Defend_R","Defend_R","Defend_R","Bash+1","Heavy Blade+1","Thunderclap","Cleave","Inflame+1","Carnage","Injury","Apotheosis+1","Double Tap","Shrug It Off","Battle Trance+1","Shrug It Off+1","Pommel Strike","Deep Breath","Demon Form+1","CurseOfTheBell","Heavy Blade","Writhe","Shockwave"],"relics":["Burning Blood","Eternal Feather","Toy Ornithopter","Membership Card","Centennial Puzzle","Mark of Pain","Sundial","Akabeko","Ornamental Fan","Bag of Marbles","Calling Bell","PreservedInsect","The Courier","Incense Burner","Strawberry","Anchor","ClockworkSouvenir","Potion Belt","Oddly Smooth Stone","HornCleat","Red Mask"],"acts_visited":["Exordium","TheCity","TheBeyond"],"potions_floor_usage":[10,25,31,33,33,41,50,50,50],"damage_taken":[{"damage":6,"enemies":"Cultist","floor":1,"turns":3},{"damage":10,"enemies":"Small Slimes","floor":4,"turns":4},{"damage":5,"enemies":"2 Louse","floor":7,"turns":4},{"damage":33,"enemies":"3 Sentries","floor":10,"turns":8},{"damage":8,"enemies":"Red Slaver","floor":11,"turns":3},{"damage":51,"enemies":"The Guardian","floor":16,"turns":10},{"damage":34,"enemies":"2 Thieves","floor":18,"turns":4},{"damage":9,"enemies":"Shell Parasite","floor":19,"turns":3},{"damage":15,"enemies":"3 Cultists","floor":22,"turns":4},{"damage":10,"enemies":"Cultist and Chosen","floor":24,"turns":5},{"damage":25,"enemies":"Slavers","floor":25,"turns":6},{"damage":13,"enemies":"Sentry and Sphere","floor":28,"turns":7},{"damage":8,"enemies":"Chosen and Byrds","floor":30,"turns":3},{"damage":10,"enemies":"Snecko","floor":31,"turns":4},{"damage":59,"enemies":"Automaton","floor":33,"turns":7},{"damage":32,"enemies":"3 Darklings","floor":35,"turns":4},{"damage":11,"enemies":"3 Shapes","floor":37,"turns":3},{"damage":37,"enemies":"3 Darklings","floor":39,"turns":4},{"damage":26,"enemies":"Nemesis","floor":41,"turns":7},{"damage":19,"enemies":"Sphere and 2 Shapes","floor":44,"turns":4},{"damage":60,"enemies":"Writhing Mass","floor":48,"turns":6},{"damage":56,"enemies":"Time Eater","floor":50,"turns":9}],"seed_played":"-2259605033555115090","potions_obtained":[{"floor":7,"key":"EssenceOfSteel"},{"floor":11,"key":"PowerPotion"},{"floor":24,"key":"LiquidMemories"},{"floor":25,"key":"CultistPotion"},{"floor":31,"key":"DuplicationPotion"},{"floor":35,"key":"FairyPotion"},{"floor":39,"key":"BlessingOfTheForge"},{"floor":48,"key":"Ancient Potion"}],"is_trial":false,"path_per_floor":["M","?","?","M","?","R","M","R","T","E","M","R","?","$","R","B",null,"M","M","?","T","M","R","M","E","T","$","M","$","M","M","R","B",null,"M","$","M","$","M","R","E","?","T","M","R","?","?","M","R","B",null],"character_chosen":"IRONCLAD","items_purchased":["Membership Card","Apotheosis","Centennial Puzzle","Bag of Marbles","Deep Breath","Strawberry","Anchor","ClockworkSouvenir","Potion Belt","Weak Potion","CultistPotion"],"campfire_rested":3,"item_purchase_floors":[14,14,14,29,29,36,36,38,38,38,38],"current_hp_per_floor":[75,64,69,65,65,65,66,66,66,39,37,46,46,46,55,10,68,40,37,37,37,28,66,62,48,48,48,41,41,39,40,52,9,68,42,49,44,44,13,56,41,60,60,47,62,62,62,8,51,16],"gold":14,"neow_bonus":"TEN_PERCENT_HP_BONUS","is_daily":false,"chose_seed":false,"campfire_upgraded":6,"win_rate":0.0,"timestamp":1611781633,"path_taken":["M","?","?","M","?","R","?","R","T","E","M","R","?","$","R","BOSS","M","M","?","?","?","R","M","E","T","$","M","$","M","M","R","BOSS","M","$","M","$","M","R","E","?","T","M","R","?","?","M","R","BOSS"],"items_purchased_type":["Relic","Card","Relic","Relic","Card","Relic","Relic","Relic","Relic","Potion","Potion"],"build_version":"2020-12-22","purchased_purges":1,"victory":true,"max_hp_per_floor":[82,82,87,87,87,87,87,87,87,87,87,87,87,87,87,87,87,87,87,87,87,87,87,87,87,87,87,87,87,87,87,87,87,87,87,94,94,94,94,94,94,94,94,94,94,94,94,94,94,94],"card_choices":[{"not_picked":["Clash","Sever Soul"],"picked":"Heavy Blade","floor":1},{"not_picked":["Twin Strike","Fire Breathing"],"picked":"Thunderclap","floor":4},{"not_picked":["Rampage","Entrench"],"picked":"Cleave","floor":7},{"not_picked":["Clash","Perfected Strike"],"picked":"Inflame","floor":10},{"not_picked":["Sword Boomerang","Feel No Pain"],"picked":"Carnage","floor":11},{"not_picked":["Juggernaut","Brutality"],"picked":"Double Tap","floor":16},{"not_picked":["Sever Soul","Fire Breathing"],"picked":"Shrug It Off","floor":18},{"not_picked":["Twin Strike+1","Cleave","Spot Weakness"],"picked":"SKIP","floor":19},{"not_picked":["Infernal Blade","Cleave","Sword Boomerang"],"picked":"SKIP","floor":22},{"not_picked":["Metallicize","Dropkick"],"picked":"Shrug It Off+1","floor":24},{"not_picked":["Ghostly Armor","Cleave"],"picked":"Pommel Strike","floor":25},{"not_picked":["Uppercut","Juggernaut","Warcry"],"picked":"SKIP","floor":28},{"not_picked":["Sword Boomerang","Inflame","Havoc"],"picked":"SKIP","floor":30},{"not_picked":["Sever Soul","True Grit","Warcry"],"picked":"SKIP","floor":31},{"not_picked":["Exhume","Fiend Fire"],"picked":"Demon Form","floor":33},{"not_picked":["Sword Boomerang","Second Wind","Dropkick"],"picked":"SKIP","floor":35},{"not_picked":["Infernal Blade","Clothesline","Cleave"],"picked":"SKIP","floor":37},{"not_picked":["Armaments","Shrug It Off","Perfected Strike"],"picked":"SKIP","floor":39},{"not_picked":["Flex","Sword Boomerang+1"],"picked":"Heavy Blade","floor":41},{"not_picked":["Hemokinesis","Clothesline","Inflame"],"picked":"SKIP","floor":44},{"not_picked":["Rupture+1","Evolve"],"picked":"Shockwave","floor":48}],"player_experience":229539,"relics_obtained":[{"floor":9,"key":"Eternal Feather"},{"floor":10,"key":"Toy Ornithopter"},{"floor":21,"key":"Sundial"},{"floor":25,"key":"Akabeko"},{"floor":26,"key":"Ornamental Fan"},{"floor":34,"key":"PreservedInsect"},{"floor":34,"key":"The Courier"},{"floor":34,"key":"Incense Burner"},{"floor":41,"key":"Oddly Smooth Stone"},{"floor":43,"key":"HornCleat"}],"event_choices":[{"damage_healed":0,"gold_gain":75,"player_choice":"Gather Gold","damage_taken":11,"max_hp_gain":0,"max_hp_loss":0,"event_name":"World of Goop","floor":2,"gold_loss":0},{"damage_healed":0,"gold_gain":0,"player_choice":"Donut","damage_taken":0,"max_hp_gain":5,"max_hp_loss":0,"event_name":"Big Fish","floor":3,"gold_loss":0},{"damage_healed":0,"gold_gain":50,"player_choice":"Pray","damage_taken":0,"max_hp_gain":0,"max_hp_loss":0,"event_name":"Golden Shrine","floor":5,"gold_loss":0},{"damage_healed":0,"gold_gain":0,"player_choice":"Take Wound","damage_taken":0,"relics_obtained":["Golden Idol"],"max_hp_gain":0,"max_hp_loss":0,"event_name":"Golden Idol","floor":13,"gold_loss":0,"cards_obtained":["Injury"]},{"damage_healed":0,"gold_gain":0,"player_choice":"Read","damage_taken":0,"max_hp_gain":0,"max_hp_loss":0,"event_name":"The Library","floor":20,"gold_loss":0,"cards_obtained":["Battle Trance"]},{"damage_healed":19,"gold_gain":0,"player_choice":"Writhe","damage_taken":0,"max_hp_gain":0,"max_hp_loss":0,"event_name":"Winding Halls","floor":42,"gold_loss":0,"cards_obtained":["Writhe"]},{"damage_healed":0,"gold_gain":333,"player_choice":"Gave Idol","damage_taken":0,"max_hp_gain":0,"max_hp_loss":0,"event_name":"The Moai Head","floor":46,"relics_lost":["Golden Idol"],"gold_loss":0},{"damage_healed":0,"gold_gain":0,"player_choice":"Paid","damage_taken":0,"relics_obtained":["Red Mask"],"max_hp_gain":0,"max_hp_loss":0,"event_name":"Tomb of Lord Red Mask","floor":47,"gold_loss":417}],"is_beta":false,"boss_relics":[{"not_picked":["Velvet Choker","Busted Crown"],"picked":"Mark of Pain"},{"not_picked":["Fusion Hammer","Astrolabe"],"picked":"Calling Bell"}],"items_purged_floors":[27],"is_endless":false,"potions_floor_spawned":[7,11,24,25,30,31,35,39,48],"ascension_level":15}}