{"host":"0dvp4uxbao5ucv2j","time":1611769934,"event":{"mods":["AchievementEnabler","Aspiration","Bard","BaseMod","BetterRewards","DNKmod","DNKmod Update","Downfall","Friendly Minions","GifTheSpireLib","Hubris","Infinite Spire","Minty Spire (QoL Compilation)","Replay The Spire","StSLib"],"gold_per_floor":[10000,10000,10000,10000,10000,10000,10000,10000,10026,8155,8188,8206,8220,7291,7309,7309,7309,7309],"floor_reached":16,"language":"ENG","playtime":701,"items_purged":["Looming Evil"],"score":194,"play_id":"63a8d78b-5680-42a1-8be1-4c56e88235df","local_time":"20210127185214","is_ascension_mode":true,"campfire_choices":[{"data":"Slimebound:Split","floor":1,"key":"SMITH"},{"data":"Slimebound:Grow","floor":6,"key":"SMITH"}],"circlet_count":0,"master_deck":["Slimebound:Strike_Slimebound","Slimebound:Strike_Slimebound","Slimebound:Strike_Slimebound","Slimebound:Tackle","Slimebound:Defend_Slimebound","Slimebound:Defend_Slimebound","Slimebound:Defend_Slimebound","Slimebound:Split+1","Slimebound:CorrosiveSpit","Slimebound:Grow+1","Slimebound:ComboTackle","Slimebound:Schlurp","Slimebound:ItLooksTasty","Slimebound:MegaLick","Slimebound:SpikyOuterGoop","Thinking Ahead","Slimebound:Grow","Slimebound:ItLooksTasty","Slimebound:Equalize","Slimebound:LivingWall","Slimebound:SelfFormingGoo","expansioncontent:StudyTheSpire","expansioncontent:StudyTheSpire","Slimebound:Schlurp"],"relics":["Slimebound:AbsorbEndCombat","downfall:HeartsMalice","hubris:Icosahedron","hubris:Towel","Ring of Searing","ReplayTheSpireMod:Ring of Exchange","Bag of Preparation","aspiration:Lifesprig","hubris:Zylophone","Busted Crown","Blood Vial","Bird Faced Urn","Regal Pillow","DollysMirror"],"acts_visited":["Exordium"],"potions_floor_usage":[],"damage_taken":[{"damage":0,"enemies":"Jaw Worm","floor":2,"turns":1},{"damage":0,"enemies":"3 Sentries","floor":9,"turns":1},{"damage":0,"enemies":"downfall:FleeingMerchant","floor":10,"turns":1},{"damage":14,"enemies":"Gremlin Nob","floor":11,"turns":3},{"damage":17,"enemies":"Small Slimes","floor":12,"turns":3},{"damage":0,"enemies":"2 Louse","floor":13,"turns":1},{"damage":18,"enemies":"downfall:FleeingMerchant","floor":14,"turns":4},{"damage":22,"enemies":"Exordium Wildlife","floor":15,"turns":3},{"damage":0,"enemies":"WA_ARCHETYPE_RETAIN","floor":16,"turns":1}],"seed_played":"-8055860433869894236","potions_obtained":[{"floor":12,"key":"SteroidPotion"},{"floor":13,"key":"Languid Potion"}],"is_trial":false,"path_per_floor":["R","M","?","?","?","R","T","?","E","$","E","M","M","$","M","B"],"character_chosen":"SLIMEBOUND","items_purchased":["Slimebound:ItLooksTasty","Slimebound:MegaLick","aspiration:Lifesprig","hubris:Zylophone","Busted Crown","Slimebound:SpikyOuterGoop","Thinking Ahead","Bird Faced Urn","Regal Pillow","Slimebound:SelfFormingGoo","expansioncontent:StudyTheSpire","DollysMirror"],"campfire_rested":0,"item_purchase_floors":[10,10,10,10,10,10,10,14,14,14,14,14],"current_hp_per_floor":[120,120,120,120,120,120,120,120,120,120,110,97,103,99,101,103,103,103],"gold":7309,"neow_bonus":"THREE_ENEMY_KILL","is_daily":false,"chose_seed":false,"campfire_upgraded":2,"win_rate":0.0,"timestamp":1611769934,"path_taken":["R","M","?","?","?","R","T","?","E","$","E","M","M","$","M","BOSS"],"items_purchased_type":["Card","Card","Relic","Relic","Relic","Card","Card","Relic","Relic","Card","Card","Relic"],"build_version":"2020-12-22","purchased_purges":1,"victory":false,"max_hp_per_floor":[120,120,120,120,120,120,120,120,120,120,120,120,120,120,120,120,120,120],"card_choices":[{"not_picked":["Slimebound:Equalize","Slimebound:PressTheAttack"],"picked":"Slimebound:Grow","floor":2},{"not_picked":["Slimebound:WasteNot","Slimebound:Equalize"],"picked":"Slimebound:ComboTackle","floor":9},{"not_picked":["Slimebound:TongueLash","Slimebound:Nibble"],"picked":"Slimebound:Schlurp","floor":10},{"not_picked":[],"picked":"Slimebound:Grow","floor":11},{"not_picked":[],"picked":"Slimebound:ItLooksTasty","floor":12},{"not_picked":[],"picked":"Slimebound:Equalize","floor":13},{"not_picked":[],"picked":"Slimebound:LivingWall","floor":14},{"not_picked":[],"picked":"Slimebound:Schlurp","floor":15}],"player_experience":155902,"relics_obtained":[{"floor":8,"key":"Ring of Searing"},{"floor":8,"key":"ReplayTheSpireMod:Ring of Exchange"},{"floor":9,"key":"Bag of Preparation"},{"floor":11,"key":"Blood Vial"}],"event_choices":[{"cards_removed":["Slimebound:Defend_Slimebound"],"damage_healed":0,"gold_gain":0,"player_choice":"Card Removal","damage_taken":0,"max_hp_gain":0,"max_hp_loss":0,"event_name":"The Cleric","floor":3,"gold_loss":0}],"is_beta":false,"boss_relics":[],"items_purged_floors":[10],"is_endless":false,"potions_floor_spawned":[12,13],"killed_by":"WA_ARCHETYPE_RETAIN","ascension_level":2}}