{"host":"mmro3auxcbu5pwad","time":1611785760,"event":{"mods":["Aspiration","BaseMod","Conspire","Energized Spire","Halation","Hubris","Infinite Spire","Minty Spire (QoL Compilation)","Permanent Neow","Replay The Spire","StSLib"],"gold_per_floor":[119,119,119,67,91,91,91,105,131,3,21,21,42,81,81,201,201,224,139,139,159,8,39,39,39,39,39,39,39,50,50,50,50,50],"floor_reached":33,"language":"ENG","playtime":1136,"items_purged":[],"score":315,"play_id":"6ea25c18-63b5-4cae-883f-15102d1d95ce","local_time":"20210127231600","is_ascension_mode":true,"campfire_choices":[{"data":"Sucker Punch","floor":6,"key":"SMITH"},{"floor":15,"key":"REST"},{"floor":24,"key":"REST"},{"floor":28,"key":"REST"},{"data":"Bouncing Flask","floor":32,"key":"SMITH"}],"circlet_count":0,"master_deck":["Strike_G","Strike_G","Strike_G","Strike_G","Strike_G","Defend_G","Defend_G","Defend_G","Defend_G","Defend_G","Survivor","Neutralize+1","Burst+1","Heel Hook+1","Sucker Punch+1","Noxious Fumes","Deadly Poison","Poisoned Stab","Catalyst+1","Bouncing Flask+1","infinitespire:Neurotoxin+1","Deadly Poison+1","Poisoned Stab+1","infinitespire:Neurotoxin"],"relics":["Ring of the Snake","Bloody Idol","halation:AfternoonTea","halation:TwoAmDonut","aspiration:PoetsPen_weak","hubris:GlazedTorus","Guide Book","Juzu Bracelet","hubris:Teleporter","infinitespire:Broken Mirror","hubris:BottledHeart"],"acts_visited":["Exordium","TheCity"],"potions_floor_usage":[16,21,21],"damage_taken":[{"damage":0,"enemies":"2 Louse","floor":1,"turns":4},{"damage":6,"enemies":"conspire:RoseBush","floor":5,"turns":4},{"damage":0,"enemies":"Cultist","floor":8,"turns":4},{"damage":8,"enemies":"Looter","floor":11,"turns":3},{"damage":0,"enemies":"Large Slime","floor":13,"turns":6},{"damage":13,"enemies":"Replay:BlueRogue","floor":14,"turns":5},{"damage":7,"enemies":"The Guardian","floor":16,"turns":6},{"damage":5,"enemies":"conspire:FuzzyDice","floor":18,"turns":7},{"damage":29,"enemies":"2 Thieves","floor":21,"turns":4},{"damage":33,"enemies":"conspire:SneckoGhost","floor":23,"turns":5},{"damage":0,"enemies":"Centurion and Healer","floor":30,"turns":5},{"damage":1,"enemies":"Pondfish","floor":33,"turns":5}],"seed_played":"1893354481578572345","potions_obtained":[{"floor":1,"key":"AttackPotion"},{"floor":8,"key":"BlessingOfTheForge"},{"floor":11,"key":"PowerPotion"},{"floor":16,"key":"BlessingOfTheForge"},{"floor":21,"key":"Weak Potion"},{"floor":23,"key":"BlessingOfTheForge"},{"floor":27,"key":"EssenceOfSteel"},{"floor":27,"key":"Regen Potion"}],"is_trial":false,"path_per_floor":["M","?","?","$","M","R","?","M","T","$","M","?","M","E","R","B",null,"M","?","?","M","$","E","R","AVR","T","?","R","?","M","?","R","B"],"character_chosen":"THE_SILENT","items_purchased":["Sucker Punch","Poisoned Stab","Catalyst","Guide Book"],"campfire_rested":3,"item_purchase_floors":[4,10,10,22],"current_hp_per_floor":[70,65,65,65,59,59,59,59,59,59,51,51,51,38,57,59,65,60,60,60,41,41,13,32,32,32,32,51,1,1,1,1,0,0],"gold":50,"neow_bonus":"ONE_RANDOM_RARE_CARD","is_daily":false,"chose_seed":false,"campfire_upgraded":2,"win_rate":0.0,"timestamp":1611785760,"path_taken":["M","?","?","$","M","R","?","M","T","$","?","?","M","E","R","BOSS","M","?","?","M","?","E","R","AVR","T","?","R","?","M","?","R","BOSS"],"items_purchased_type":["Card","Card","Card","Relic"],"build_version":"2020-12-22","purchased_purges":0,"victory":false,"max_hp_per_floor":[70,65,65,65,65,65,65,65,65,65,65,65,65,65,65,65,65,65,65,65,65,65,65,65,65,65,65,65,1,1,1,1,1,1],"card_choices":[{"not_picked":["Dodge and Roll","Eviscerate"],"picked":"Heel Hook","floor":1},{"not_picked":["Blade Dance","Deadly Poison"],"picked":"Noxious Fumes","floor":5},{"not_picked":["Acrobatics","conspire:DoublingDagger"],"picked":"Deadly Poison","floor":8},{"not_picked":["Sucker Punch","Dodge and Roll","PiercingWail"],"picked":"SKIP","floor":11},{"not_picked":["Sucker Punch","Dodge and Roll","PiercingWail"],"picked":"SKIP","floor":11},{"not_picked":["Outmaneuver","Underhanded Strike","Blade Dance"],"picked":"SKIP","floor":13},{"not_picked":["Die Die Die","ReplayTheSpireMod:The Works"],"picked":"Bouncing Flask","floor":14},{"not_picked":["Envenom","Night Terror"],"picked":"infinitespire:Neurotoxin","floor":16},{"not_picked":["Slice","Blade Dance"],"picked":"Deadly Poison+1","floor":18},{"not_picked":["Masterful Stab","Quick Slash"],"picked":"Poisoned Stab+1","floor":21},{"not_picked":["Backstab+1","Sucker Punch"],"picked":"infinitespire:Neurotoxin","floor":23},{"not_picked":["ReplayTheSpireMod:Scrap Shanks","Terror","Bouncing Flask"],"picked":"SKIP","floor":30}],"player_experience":61829,"relics_obtained":[{"floor":9,"key":"halation:AfternoonTea"},{"floor":14,"key":"halation:TwoAmDonut"},{"floor":23,"key":"Juzu Bracelet"},{"floor":26,"key":"infinitespire:Broken Mirror"}],"event_choices":[{"damage_healed":0,"gold_gain":0,"player_choice":"Lose Max HP","damage_taken":0,"relics_obtained":["Golden Idol"],"max_hp_gain":0,"max_hp_loss":5,"event_name":"Golden Idol","floor":2,"gold_loss":0},{"damage_healed":0,"gold_gain":0,"player_choice":"Forge","damage_taken":0,"max_hp_gain":0,"max_hp_loss":0,"event_name":"Accursed Blacksmith","floor":7,"gold_loss":0,"cards_upgraded":["Neutralize"]},{"damage_healed":0,"gold_gain":0,"player_choice":"Obtained Relic","damage_taken":0,"relics_obtained":["hubris:GlazedTorus"],"max_hp_gain":0,"max_hp_loss":0,"event_name":"Addict","floor":19,"gold_loss":85},{"damage_healed":0,"gold_gain":0,"player_choice":"Gave Idol","damage_taken":0,"relics_obtained":["Bloody Idol"],"max_hp_gain":0,"max_hp_loss":0,"event_name":"Forgotten Altar","floor":20,"relics_lost":["Golden Idol"],"gold_loss":0},{"damage_healed":0,"gold_gain":0,"player_choice":"Got Potions","damage_taken":0,"max_hp_gain":0,"max_hp_loss":0,"event_name":"Lab","floor":27,"gold_loss":0}],"is_beta":false,"boss_relics":[{"not_picked":["halation:ForbiddenBikini","energizedSpire:MagnifyingGlass"],"picked":"aspiration:PoetsPen_weak"}],"items_purged_floors":[],"is_endless":false,"potions_floor_spawned":[1,8,11,16,21,23],"killed_by":"Pondfish","ascension_level":2}}