{"host":"yecadp3kwkksam5a","time":1611745398,"event":{"mods":["BaseMod","Minty Spire (QoL Compilation)","StSLib"],"gold_per_floor":[112,130,149,164,184,212,212,243,243,243,243,270,270,288,288,288,288],"floor_reached":16,"language":"KOR","playtime":738,"items_purged":[],"score":189,"play_id":"3c104173-2f06-4b34-9c54-0db80fe91348","local_time":"20210127200318","is_ascension_mode":true,"campfire_choices":[{"floor":7.0,"key":"REST"},{"floor":10.0,"key":"REST"},{"data":"Body Slam","floor":15,"key":"SMITH"}],"circlet_count":0,"master_deck":["AscendersBane","Strike_R","Strike_R","Strike_R","Strike_R","Defend_R","Defend_R","Defend_R","Defend_R","Bash","Shrug It Off","Second Wind","Anger","Body Slam+1","Feel No Pain","Shrug It Off","Seeing Red","Immolate"],"relics":["Burning Blood","Dream Catcher","Kunai","Mummified Hand","Ornamental Fan","Orichalcum"],"acts_visited":["Exordium"],"potions_floor_usage":[],"damage_taken":[{"damage":2.0,"enemies":"Small Slimes","floor":1.0,"turns":5.0},{"damage":7.0,"enemies":"Jaw Worm","floor":2.0,"turns":5.0},{"damage":1.0,"enemies":"2 Louse","floor":3.0,"turns":3.0},{"damage":5.0,"enemies":"Red Slaver","floor":4.0,"turns":4.0},{"damage":7.0,"enemies":"3 Louse","floor":5.0,"turns":4.0},{"damage":42.0,"enemies":"Gremlin Nob","floor":6.0,"turns":5.0},{"damage":41.0,"enemies":"Lagavulin","floor":8.0,"turns":8.0},{"damage":16.0,"enemies":"3 Sentries","floor":12.0,"turns":11.0},{"damage":0.0,"enemies":"Blue Slaver","floor":14.0,"turns":4.0},{"damage":47,"enemies":"The Guardian","floor":16,"turns":10}],"seed_played":"-3064004785161608179","potions_obtained":[{"floor":2.0,"key":"EssenceOfSteel"},{"floor":4.0,"key":"SkillPotion"},{"floor":6.0,"key":"DuplicationPotion"}],"is_trial":false,"path_per_floor":["M","M","M","M","M","E","R","E","T","R","?","E","?","M","R","B"],"character_chosen":"IRONCLAD","items_purchased":[],"campfire_rested":2,"item_purchase_floors":[],"current_hp_per_floor":[84,83,88,88,87,51,77,42,42,68,56,46,39,45,45,0,0],"gold":288,"neow_bonus":"TEN_PERCENT_HP_BONUS","is_daily":false,"chose_seed":false,"campfire_upgraded":1,"win_rate":0.0,"timestamp":1611745398,"path_taken":["M","M","M","M","M","E","R","E","T","R","?","E","?","M","R","BOSS"],"items_purchased_type":[],"build_version":"2020-12-22","purchased_purges":0,"victory":false,"max_hp_per_floor":[88,88,88,88,88,88,88,88,88,88,88,88,88,88,88,88,88],"card_choices":[{"not_picked":["Havoc","Searing Blow"],"picked":"Shrug It Off","floor":1.0},{"not_picked":["Dropkick","Ghostly Armor"],"picked":"Second Wind","floor":2.0},{"not_picked":["Thunderclap","Flex"],"picked":"Anger","floor":3.0},{"not_picked":["Clothesline","Blood for Blood"],"picked":"Body Slam","floor":4.0},{"not_picked":["True Grit","Barricade"],"picked":"Feel No Pain","floor":5.0},{"not_picked":["Shockwave","Cleave","Ghostly Armor"],"picked":"SKIP","floor":6.0},{"not_picked":["Body Slam","Second Wind"],"picked":"Shrug It Off","floor":7.0},{"not_picked":["Spot Weakness","Pummel","Anger"],"picked":"SKIP","floor":8.0},{"not_picked":["Pommel Strike","Dual Wield"],"picked":"Seeing Red","floor":10.0},{"not_picked":["Metallicize","Armaments","Headbutt"],"picked":"SKIP","floor":12.0},{"not_picked":["Clash","Sword Boomerang"],"picked":"Immolate","floor":14.0}],"player_experience":479357,"relics_obtained":[{"floor":6.0,"key":"Dream Catcher"},{"floor":8.0,"key":"Kunai"},{"floor":9.0,"key":"Mummified Hand"},{"floor":12.0,"key":"Orichalcum"}],"event_choices":[{"damage_healed":0.0,"max_hp_gain":0.0,"max_hp_loss":0.0,"gold_gain":0.0,"event_name":"Scrap Ooze","player_choice":"Success","floor":11.0,"gold_loss":0.0,"damage_taken":12.0,"relics_obtained":["Ornamental Fan"]},{"cards_removed":["Strike_R"],"damage_healed":0.0,"max_hp_gain":0.0,"max_hp_loss":0.0,"gold_gain":0.0,"event_name":"Golden Wing","player_choice":"Card Removal","floor":13.0,"gold_loss":0.0,"damage_taken":7.0}],"is_beta":false,"boss_relics":[],"items_purged_floors":[],"is_endless":false,"potions_floor_spawned":[2,4,5,6],"killed_by":"The Guardian","ascension_level":11}}