{"host":"ELF","time":1611727616,"event":{"mods":["BaseMod","Bestiary","Minty Spire (QoL Compilation)","Relic Stats","Slay the Relics Exporter"],"gold_per_floor":[111,122,122,140,11,11,11,40,67,67,67,96,96,111,111,111,111],"floor_reached":16,"language":"ENG","playtime":509,"items_purged":["Strike_R"],"score":211,"play_id":"fd18bbde-6eb3-4964-8cf5-9c075eb292f9","local_time":"20210127000656","is_ascension_mode":true,"campfire_choices":[{"data":"Enlightenment","floor":6.0,"key":"SMITH"},{"data":"Whirlwind","floor":13.0,"key":"SMITH"},{"data":"Flame Barrier","floor":15.0,"key":"SMITH"}],"circlet_count":0,"master_deck":["AscendersBane","Strike_R","Strike_R","Strike_R","Strike_R","Defend_R","Defend_R","Defend_R","Defend_R","Bash","Enlightenment+1","Blood for Blood+1","Rampage+1","Flame Barrier+1","Whirlwind+1","Warcry"],"relics":["Burning Blood","MealTicket","Bottled Flame","Ancient Tea Set","CultistMask","Centennial Puzzle"],"acts_visited":["Exordium"],"potions_floor_usage":[16],"damage_taken":[{"damage":4.0,"enemies":"Jaw Worm","floor":1.0,"turns":4.0},{"damage":5.0,"enemies":"2 Louse","floor":2.0,"turns":3.0},{"damage":3.0,"enemies":"Small Slimes","floor":4.0,"turns":3.0},{"damage":25.0,"enemies":"3 Sentries","floor":8.0,"turns":9.0},{"damage":32.0,"enemies":"Gremlin Nob","floor":12.0,"turns":4.0},{"damage":9.0,"enemies":"Red Slaver","floor":14.0,"turns":2.0},{"damage":30,"enemies":"Hexaghost","floor":16,"turns":8}],"seed_played":"-4662087409577001972","potions_obtained":[{"floor":1.0,"key":"Regen Potion"},{"floor":2.0,"key":"SpeedPotion"}],"is_trial":false,"path_per_floor":["M","M","?","M","$","R","?","E","T","$","?","E","R","M","R","B"],"character_chosen":"IRONCLAD","items_purchased":["SteroidPotion"],"campfire_rested":0,"item_purchase_floors":[5],"current_hp_per_floor":[70,71,53,56,71,71,48,29,29,44,44,30,30,27,27,0,0],"gold":111,"neow_bonus":"RANDOM_COLORLESS","is_daily":false,"chose_seed":false,"campfire_upgraded":3,"win_rate":0.0,"timestamp":1611727616,"path_taken":["M","M","?","M","$","R","?","E","T","$","?","E","R","?","R","BOSS"],"items_purchased_type":["Potion"],"build_version":"2020-12-18","purchased_purges":1,"victory":false,"max_hp_per_floor":[75,75,75,75,75,75,75,75,75,75,75,75,75,75,75,75,75],"relic_stats":{"Centennial Puzzle":[6],"counters":[7,33],"MealTicket":30,"obtain_stats":[{"Bottled Flame":8,"Centennial Puzzle":12,"MealTicket":3,"CultistMask":11,"Ancient Tea Set":9,"Burning Blood":0},{"Bottled Flame":4,"Centennial Puzzle":5,"MealTicket":2,"CultistMask":4,"Ancient Tea Set":4,"Burning Blood":0},{"Bottled Flame":19,"Centennial Puzzle":23,"MealTicket":7,"CultistMask":19,"Ancient Tea Set":19,"Burning Blood":0}],"Burning Blood":36},"card_choices":[{"not_picked":["Finesse","Flash of Steel"],"picked":"Enlightenment","floor":0.0},{"not_picked":["Searing Blow","Wild Strike"],"picked":"Blood for Blood","floor":1.0},{"not_picked":["Cleave","Warcry"],"picked":"Rampage","floor":2.0},{"not_picked":["Havoc","Thunderclap","Body Slam"],"picked":"SKIP","floor":4.0},{"not_picked":["Carnage","Rupture"],"picked":"Flame Barrier","floor":8.0},{"not_picked":["Wild Strike","Flame Barrier"],"picked":"Whirlwind","floor":12.0},{"not_picked":["Anger","Body Slam"],"picked":"Warcry","floor":14.0}],"player_experience":3323985,"relics_obtained":[{"floor":8.0,"key":"Bottled Flame"},{"floor":9.0,"key":"Ancient Tea Set"},{"floor":12.0,"key":"Centennial Puzzle"}],"event_choices":[{"damage_healed":0.0,"max_hp_gain":0.0,"max_hp_loss":0.0,"gold_gain":0.0,"event_name":"Scrap Ooze","player_choice":"Success","floor":3.0,"gold_loss":0.0,"damage_taken":18.0,"relics_obtained":["MealTicket"]},{"damage_healed":0.0,"max_hp_gain":0.0,"max_hp_loss":0.0,"gold_gain":0.0,"event_name":"Shining Light","player_choice":"Entered Light","floor":7.0,"gold_loss":0.0,"damage_taken":23.0,"cards_upgraded":["Rampage","Blood for Blood"]},{"damage_healed":0.0,"max_hp_gain":0.0,"max_hp_loss":0.0,"gold_gain":0.0,"event_name":"FaceTrader","player_choice":"Trade","floor":11.0,"gold_loss":0.0,"damage_taken":0.0,"relics_obtained":["CultistMask"]}],"is_beta":true,"boss_relics":[],"items_purged_floors":[5],"is_endless":false,"potions_floor_spawned":[1,2],"killed_by":"Hexaghost","ascension_level":19}}