{"host":"7fyy23rucerupe6i","time":1611740653,"event":{"mods":["AchievementEnabler","Act Like it!","Aspiration","BaseMod","Better Note","Better Vampires","BetterRewards","Colored Map","Colored Powertips","Conspire","Curses Come First","Custom Start","Downfall","Googly Eyes","Hallownest","Marisa£®ÏF”Í°°ƒß¿Ì…≥£©","Minty Spire (QoL Compilation)","Quick Restart","Relic Stats","Remilia£®¿Ÿ√◊¿Ú—«£©","Shop Mod","ShortenTheSpire","Spicy Shops","StSLib","SuperFastMode","The Blackbeard","The Bug Knight","The Construct","The Cursed","The Senshi","The Servant 0.9.4"],"gold_per_floor":[117,117,129,70,85,120,120,153,207,207,132,132,146,161,161,256,256,273,273,292,307,307,307,341,45,45,99,99,129,143,155,155,250,250,265,265,265,180,198,198,216,91,91,91,31,62,62,75,75,75],"floor_reached":51,"language":"ZHS","playtime":6044,"items_purged":["HollowMod:QuickDashStart","HollowMod:NailStrikeStart","HollowMod:NailStrikeStart"],"score":725,"play_id":"5688715b-1a42-4709-812d-e72e6d724ca4","local_time":"20210127174413","is_ascension_mode":false,"campfire_choices":[{"data":"HollowMod:GreatSlash","floor":7,"key":"SMITH"},{"data":"HollowMod:CycloneSlash","floor":10,"key":"SMITH"},{"data":"HollowMod:ElderbugsWisdom","floor":15,"key":"SMITH"},{"data":"HollowMod:PerfectDash","floor":23,"key":"SMITH"},{"data":"HollowMod:Weaversong","floor":28,"key":"SMITH"},{"data":"HollowMod:DashSlash","floor":32,"key":"SMITH"},{"data":"HollowMod:SlysStrikes","floor":40,"key":"SMITH"},{"data":"HollowMod:Weaversong","floor":44,"key":"SMITH"},{"data":"HollowMod:PogoStrike","floor":47,"key":"SMITH"},{"data":"Hallownest:skillKingdomsEdgeMap","floor":49,"key":"SMITH"}],"circlet_count":0,"master_deck":["HollowMod:NailStrikeStart+1","HollowMod:NailStrikeStart+1","HollowMod:QuickDashStart","HollowMod:QuickDashStart","HollowMod:QuickDashStart","HollowMod:FocusHealStart","HollowMod:PogoStrike+1","HollowMod:CycloneSlash+1","HollowMod:DashSlash+1","HollowMod:GreatSlash+1","HollowMod:SoulVessel","HollowMod:ElderbugsWisdom+1","HollowMod:Weaversong+1","Hallownest:skillGreenpathMap","HollowMod:QuirrelsAssistance","HollowMod:Weaversong+1","HollowMod:CloakDash+1","HollowMod:PerfectDash+1","HollowMod:DesolateDive+1","HollowMod:SlysStrikes+1","Hallownest:skillKingdomsEdgeMap+1","HollowMod:MantisMark+1"],"relics":["HollowMod:VesselMask","aspiration:FrozenJewel","Lee\u0027s Waffle","MerchantsRug","Tiny Chest","InkBottle","Guardian:PocketSentry","Oddly Smooth Stone","Black Star","bronze:DecasWashers","Bottled Tornado","Bottled Flame","PreservedInsect","Sling","Sundial","hexamod:BolsterEngine","Regal Pillow","expansioncontent:StudyCardRelic","Whetstone","Pear","Akabeko","HornCleat"],"acts_visited":["Hallownest:Greenpath","Hallownest:CityofTears","Hallownest:KingdomsEdge"],"potions_floor_usage":[16,24,24,41],"damage_taken":[{"damage":6,"enemies":"Hallownest:monsterHuskGuard","floor":1,"turns":4},{"damage":6,"enemies":"Hallownest:2_Tiktiks_and_1_Crawlid","floor":3,"turns":3},{"damage":2,"enemies":"Hallownest:2_Baldur","floor":5,"turns":2},{"damage":39,"enemies":"Hallownest:eliteCrystalGuardian","floor":6,"turns":6},{"damage":12,"enemies":"Hallownest:eliteMossKnight","floor":8,"turns":10},{"damage":0,"enemies":"Hallownest:monsterAspidMother","floor":13,"turns":3},{"damage":0,"enemies":"Hallownest:monsterMossCharger","floor":14,"turns":4},{"damage":33,"enemies":"Hallownest:BossBrokenVessel","floor":16,"turns":9},{"damage":7,"enemies":"Hallownest:Guard_and_Sentry","floor":18,"turns":4},{"damage":5,"enemies":"Hallownest:2_Mistakes","floor":20,"turns":5},{"damage":3,"enemies":"Hallownest:monsterShrumalOgre","floor":21,"turns":4},{"damage":18,"enemies":"Hallownest:eliteSoulWarrior","floor":24,"turns":6},{"damage":18,"enemies":"Hallownest:Glutton_and_Coward","floor":27,"turns":5},{"damage":4,"enemies":"Hallownest:eliteWatcherKnight","floor":29,"turns":8},{"damage":8,"enemies":"Hallownest:monsterMisterMushroom","floor":30,"turns":5},{"damage":16,"enemies":"Hallownest:Master_and_Novice","floor":31,"turns":4},{"damage":35,"enemies":"Hallownest:BossGrimm","floor":33,"turns":8},{"damage":6,"enemies":"Hallownest:2_Littles","floor":35,"turns":5},{"damage":11,"enemies":"Hallownest:Shield_Heavy","floor":39,"turns":3},{"damage":0,"enemies":"Hallownest:2_Wandering_and_1_Horned","floor":41,"turns":3},{"damage":0,"enemies":"Hallownest:eliteCollector","floor":46,"turns":4},{"damage":5,"enemies":"Hallownest:Shield_Sturdy","floor":48,"turns":4},{"damage":27,"enemies":"Hallownest:BossGreyPrinceZote","floor":50,"turns":7}],"seed_played":"1976886694041966157","potions_obtained":[{"floor":1,"key":"Block Potion"},{"floor":13,"key":"Regen Potion"},{"floor":14,"key":"SmokeBomb"},{"floor":16,"key":"Block Potion"},{"floor":20,"key":"Weak Potion"},{"floor":21,"key":"SteroidPotion"},{"floor":27,"key":"Weak Potion"},{"floor":39,"key":"Explosive Potion"},{"floor":41,"key":"ColorlessPotion"}],"is_trial":false,"path_per_floor":["M","?","M","$","M","E","R","E","T","R","?","?","M","M","R","B",null,"M","T","M","M","?","R","E","$","T","M","R","E","M","M","R","B",null,"M","?","T","?","M","R","M","$","T","R","?","E","R","M","R","B",null],"character_chosen":"THE_BUGKNIGHT","items_purchased":["aspiration:FrozenJewel","Lee\u0027s Waffle","MerchantsRug","StrikeDummy","HollowMod:CycloneSlash","Tiny Chest","PreservedInsect","Sling"],"campfire_rested":0,"item_purchase_floors":[0,0,0,0,0,4,25,25],"current_hp_per_floor":[76,82,82,82,80,47,47,41,41,41,41,32,38,44,44,29,82,75,75,80,77,82,82,64,64,64,56,56,58,56,46,46,17,82,76,82,82,82,77,77,77,77,87,87,94,94,94,95,95,74],"gold":75,"neow_bonus":"","is_daily":false,"chose_seed":false,"campfire_upgraded":10,"win_rate":0.0,"timestamp":1611740653,"path_taken":["M","?","?","?","?","E","R","E","T","R","?","?","M","M","R","BOSS","M","?","M","M","?","R","E","$","T","M","R","E","?","M","R","BOSS","M","?","?","?","M","R","M","?","T","R","?","E","R","M","R","BOSS"],"items_purchased_type":["Relic","Relic","Relic","Relic","Card","Relic","Relic","Relic"],"build_version":"2020-12-22","purchased_purges":3,"victory":true,"max_hp_per_floor":[82,82,82,82,82,82,82,82,82,82,82,82,82,82,82,82,82,82,82,82,82,82,82,82,82,82,82,82,82,82,82,82,82,82,82,82,82,82,82,82,82,82,92,92,99,99,99,99,99,99],"relic_stats":{"Lee\u0027s Waffle":42,"Regal Pillow":0,"counters":[27,120],"Sundial":[14],"Tiny Chest":2,"PreservedInsect":87,"Black Star":3,"Whetstone":["HollowMod:NailStrikeStart","HollowMod:NailStrikeStart"],"obtain_stats":[{"MerchantsRug":0,"Lee\u0027s Waffle":0,"Regal Pillow":29,"Pear":43,"NeowsBlessing":0,"bronze:DecasWashers":19,"Oddly Smooth Stone":9,"HollowMod:VesselMask":0,"PreservedInsect":25,"Guardian:PocketSentry":8,"expansioncontent:StudyCardRelic":34,"Whetstone":37,"Bottled Tornado":24,"Sling":25,"aspiration:FrozenJewel":0,"Akabeko":46,"Bottled Flame":24,"HornCleat":46,"Sundial":26,"Tiny Chest":4,"Black Star":17,"hexamod:BolsterEngine":29,"StrikeDummy":0,"InkBottle":6},{"MerchantsRug":4,"Lee\u0027s Waffle":4,"Regal Pillow":18,"Pear":24,"NeowsBlessing":0,"bronze:DecasWashers":13,"Oddly Smooth Stone":9,"HollowMod:VesselMask":0,"PreservedInsect":16,"Guardian:PocketSentry":9,"expansioncontent:StudyCardRelic":21,"Whetstone":22,"Bottled Tornado":16,"Sling":16,"aspiration:FrozenJewel":4,"Akabeko":25,"Bottled Flame":16,"HornCleat":25,"Sundial":16,"Tiny Chest":6,"Black Star":12,"hexamod:BolsterEngine":18,"StrikeDummy":4,"InkBottle":8},{"MerchantsRug":4,"Lee\u0027s Waffle":4,"Regal Pillow":77,"Pear":105,"NeowsBlessing":0,"bronze:DecasWashers":49,"Oddly Smooth Stone":29,"HollowMod:VesselMask":0,"PreservedInsect":64,"Guardian:PocketSentry":29,"expansioncontent:StudyCardRelic":94,"Whetstone":99,"Bottled Tornado":64,"Sling":64,"aspiration:FrozenJewel":4,"Akabeko":109,"Bottled Flame":64,"HornCleat":109,"Sundial":64,"Tiny Chest":11,"Black Star":45,"hexamod:BolsterEngine":77,"StrikeDummy":4,"InkBottle":19}],"InkBottle":[31]},"card_choices":[{"not_picked":["HollowMod:InfectedAttack","HollowMod:NewJinnsSoul"],"picked":"HollowMod:DashSlash","floor":1},{"not_picked":["HollowMod:VengefulVoid","HollowMod:WraithStrike"],"picked":"HollowMod:GreatSlash","floor":3},{"not_picked":["HollowMod:HeavyBlow","HollowMod:VengefulSpirit"],"picked":"HollowMod:SoulVessel","floor":5},{"not_picked":["HollowMod:SoulShaman","HollowMod:CycloneSlash"],"picked":"HollowMod:ElderbugsWisdom","floor":6},{"not_picked":["HollowMod:InfectedAttack","HollowMod:ShadowDash"],"picked":"HollowMod:Weaversong","floor":8},{"not_picked":["HollowMod:DescendingDark","HollowMod:MawleksShell","HollowMod:AbyssShriek"],"picked":"SKIP","floor":13},{"not_picked":["HollowMod:LifebloodCocoon","HollowMod:CloakDash"],"picked":"HollowMod:QuirrelsAssistance","floor":14},{"not_picked":["HollowMod:NewInfectedGuardian","HollowMod:LifebloodCore"],"picked":"HollowMod:Weaversong","floor":16},{"not_picked":["HollowMod:InfectedCysts","HollowMod:Grubsong","HollowMod:VengefulSpirit"],"picked":"SKIP","floor":18},{"not_picked":["HollowMod:GoodIntentions","HollowMod:SoulStrike"],"picked":"HollowMod:CloakDash+1","floor":20},{"not_picked":["HollowMod:MawleksShell","HollowMod:HeavyBlow"],"picked":"HollowMod:PerfectDash","floor":21},{"not_picked":["HollowMod:ElderbugsWisdom","HollowMod:LifebloodCocoon","HollowMod:HowlingWraiths"],"picked":"SKIP","floor":24},{"not_picked":["HollowMod:DescendingDark","HollowMod:VengefulSpirit+1","HollowMod:BlackTendrils"],"picked":"SKIP","floor":27},{"not_picked":["HollowMod:NewLittleFool","HollowMod:CrystalDash","HollowMod:DoubleDash+1"],"picked":"SKIP","floor":29},{"not_picked":["HollowMod:ChannelNail","HollowMod:BaldurShell+1","HollowMod:SharpenedNail"],"picked":"SKIP","floor":30},{"not_picked":["HollowMod:SoulSplash","HollowMod:BaldurShell+1"],"picked":"HollowMod:DesolateDive+1","floor":31},{"not_picked":["HollowMod:Hiveblood","HollowMod:LifebloodCore"],"picked":"HollowMod:SlysStrikes","floor":33},{"not_picked":["HollowMod:LifebloodCocoon+1","HollowMod:SharpenedNail","HollowMod:DoubleDash+1"],"picked":"SKIP","floor":35},{"not_picked":["HollowMod:HeavyBlow","HollowMod:MothsMistake"],"picked":"HollowMod:MantisMark+1","floor":39},{"not_picked":["HollowMod:ChannelNail","HollowMod:InfectedCysts","HollowMod:VengefulSpirit"],"picked":"SKIP","floor":41},{"not_picked":["HollowMod:CycloneSlash+1","HollowMod:QuirrelsAssistance+1","HollowMod:CornifersMapStart"],"picked":"SKIP","floor":46},{"not_picked":["HollowMod:TaintedHusks+1","HollowMod:SoulShaman","HollowMod:SiblingsSouls+1"],"picked":"SKIP","floor":48}],"player_experience":587543,"relics_obtained":[{"floor":6,"key":"InkBottle"},{"floor":8,"key":"Guardian:PocketSentry"},{"floor":9,"key":"Oddly Smooth Stone"},{"floor":19,"key":"bronze:DecasWashers"},{"floor":24,"key":"Bottled Tornado"},{"floor":24,"key":"Bottled Flame"},{"floor":26,"key":"Sundial"},{"floor":29,"key":"hexamod:BolsterEngine"},{"floor":29,"key":"Regal Pillow"},{"floor":37,"key":"Whetstone"},{"floor":43,"key":"Pear"},{"floor":46,"key":"Akabeko"},{"floor":46,"key":"HornCleat"}],"event_choices":[],"is_beta":false,"boss_relics":[{"not_picked":["Sozu","Philosopher\u0027s Stone"],"picked":"Black Star"},{"not_picked":["Runic Dome","aspiration:MarisaSkillbook"],"picked":"expansioncontent:StudyCardRelic"}],"items_purged_floors":[0,0,42],"is_endless":false,"potions_floor_spawned":[1,13,14,16,20,21,27,39,41],"ascension_level":0}}