{"host":"rix86t0zne9y0noc","time":1611735829,"event":{"mods":["BaseMod","Downfall","Marisa£®ÏF”Í°°ƒß¿Ì…≥£©","Minty Spire (QoL Compilation)","Remilia£®¿Ÿ√◊¿Ú—«£©","Replay The Spire","StSLib","Td1madao Mod","The Bug Knight","The Construct","The Cursed","The Servant 0.9.4"],"gold_per_floor":[110,110,110,110,130,130,130,130],"floor_reached":7,"language":"ZHS","playtime":458,"items_purged":[],"score":39,"play_id":"4994a108-3d8b-4905-992c-180b1f68aa07","local_time":"20210127162349","daily_mods":["Shiny","downfall:Jewelcrafting","DeadlyEvents"],"is_ascension_mode":false,"campfire_choices":[],"circlet_count":0,"master_deck":["TricksterDevil+1","BatForm","ForecastOfChange","CurseOfVladTepes","ScarletMeister","QueenOfMidnight","BloodyHallows","HeartBreak","BloodRain","EquivalentExchange","KillingBlow","BloodyCatastrophe","ChaoticDestiny","BloodySeventeenLaser","HellCatastrophe","ScarletCoffin","DemonKingCradle","TransientEternity","CeilingFear","Guardian:ExploitGems","Guardian:ExploitGems","MillenniumVampire","ScarletImprint","Guardian:Gem_Cyan","Guardian:Gem_Lightblue"],"relics":["Snecko Eye","Unceasing Top","Guardian:PickAxe","replay:Trail_Library","GremlinMask"],"acts_visited":["Exordium"],"potions_floor_usage":[],"damage_taken":[{"damage":8,"enemies":"Small Slimes","floor":1,"turns":2},{"damage":8,"enemies":"Cultist","floor":5,"turns":2},{"damage":60,"enemies":"3 Sentries","floor":7,"turns":4}],"seed_played":"-6358206994482085232","potions_obtained":[{"floor":1,"key":"SpeedPotion"}],"is_trial":true,"path_per_floor":["M","WH","?","?","M","R","E"],"character_chosen":"REMILIA","items_purchased":[],"campfire_rested":0,"item_purchase_floors":[],"current_hp_per_floor":[67,67,67,67,59,59,0,0],"gold":130,"neow_bonus":"","is_daily":false,"chose_seed":false,"campfire_upgraded":0,"win_rate":0.0,"timestamp":1611735829,"path_taken":["M","WH","?","?","M","R","E"],"items_purchased_type":[],"build_version":"2020-12-22","purchased_purges":0,"victory":false,"max_hp_per_floor":[75,75,75,75,75,75,75,75],"card_choices":[{"not_picked":["HunterOfTheNight","BloodHunter"],"picked":"MillenniumVampire","floor":1},{"not_picked":["RedNightlessCastle","MillenniumVampire"],"picked":"ScarletImprint","floor":5}],"player_experience":10501,"relics_obtained":[],"event_choices":[{"damage_healed":0,"gold_gain":0,"player_choice":"Ignored","damage_taken":0,"max_hp_gain":0,"max_hp_loss":0,"event_name":"Golden Idol","floor":3,"gold_loss":0},{"damage_healed":0,"gold_gain":0,"player_choice":"Trade","damage_taken":0,"relics_obtained":["GremlinMask"],"max_hp_gain":0,"max_hp_loss":0,"event_name":"FaceTrader","floor":4,"gold_loss":0}],"is_beta":false,"boss_relics":[],"items_purged_floors":[],"is_endless":true,"potions_floor_spawned":[1],"killed_by":"3 Sentries","ascension_level":0}}