{"host":"hpn0uxah5qjr7pa6","time":1611730501,"event":{"mods":["Act Like it!","BaseMod","BetterRewards","Colored Powertips","Conspire","Downfall","Hallownest","Hermit","Hubris","Infinite Spire","Minty Spire (QoL Compilation)","Quick Restart","Replay The Spire","StSLib","The Cursed","The Disciple","The Jungle","The Servant 0.9.4"],"gold_per_floor":[99,119,119,119,104,104,131,31,31,46,60,60,70,86,101,101,101,101],"floor_reached":16,"language":"ENG","playtime":668,"items_purged":[],"score":101,"play_id":"411286f8-7673-48c5-a878-2415bd90b110","local_time":"20210126225501","is_ascension_mode":true,"campfire_choices":[{"floor":1,"key":"RECALL"},{"floor":8,"key":"REST"},{"floor":12,"key":"REST"}],"circlet_count":0,"master_deck":["bronze:Strike","bronze:Strike","bronze:Strike","bronze:Strike","bronze:Defend","bronze:Defend","bronze:Defend","bronze:Defend","bronze:Replicate","bronze:Goto","bronze:BronzeOrb"],"relics":["bronze:BronzeCore","Nunchaku","Smiling Mask","hubris:Icosahedron","infinitespire:Lucky Rock","downfall:HeartBlessingRed"],"acts_visited":["Exordium"],"potions_floor_usage":[16,16],"damage_taken":[{"damage":9,"enemies":"Jaw Worm","floor":2,"turns":5},{"damage":0,"enemies":"downfall:FleeingMerchant","floor":5,"turns":4},{"damage":3,"enemies":"2 Louse","floor":10,"turns":3},{"damage":20,"enemies":"Small Slimes","floor":11,"turns":4},{"damage":8,"enemies":"3 Louse","floor":13,"turns":5},{"damage":0,"enemies":"Gremlin Gang","floor":14,"turns":3},{"damage":0,"enemies":"Exordium Wildlife","floor":15,"turns":3},{"damage":79,"enemies":"IC_STATUS_ARCHETYPE","floor":16,"turns":13}],"seed_played":"-2650419351537190229","potions_obtained":[{"floor":13,"key":"BlessingOfTheForge"},{"floor":14,"key":"conspire:TimeTravelPotion"}],"is_trial":false,"path_per_floor":["R","M","?","?","$","?","T","R","?","M","M","R","M","M","M","B"],"character_chosen":"THE_AUTOMATON","items_purchased":[],"campfire_rested":2,"item_purchase_floors":[],"current_hp_per_floor":[77,68,65,65,65,65,65,77,77,74,54,77,69,69,69,0,0,0],"gold":101,"neow_bonus":"TEN_PERCENT_HP_BONUS","is_daily":false,"chose_seed":false,"campfire_upgraded":0,"win_rate":0.0,"timestamp":1611730501,"path_taken":["R","M","?","?","$","?","T","R","?","M","M","R","M","?","M","BOSS"],"items_purchased_type":[],"build_version":"2020-12-22","purchased_purges":0,"victory":false,"max_hp_per_floor":[77,77,77,77,77,77,77,77,77,77,77,77,77,77,77,77,77,77],"card_choices":[{"not_picked":["bronze:Turbo","bronze:CloningBeam","bronze:ChildClass"],"picked":"SKIP","floor":2},{"not_picked":["bronze:Frontload","bronze:Shield","bronze:CloningBeam"],"picked":"SKIP","floor":5},{"not_picked":["bronze:Fortify","bronze:Philosophize","bronze:Frontload"],"picked":"SKIP","floor":10},{"not_picked":["bronze:Frontload","bronze:BuggyMess","bronze:Return"],"picked":"SKIP","floor":11},{"not_picked":["bronze:ForLoop","bronze:Return"],"picked":"bronze:BronzeOrb","floor":13},{"not_picked":["bronze:InfiniteBeams","bronze:Frontload","bronze:Hardcode"],"picked":"SKIP","floor":14},{"not_picked":["bronze:CloningBeam","bronze:DelayedGuard","bronze:FineTuning"],"picked":"SKIP","floor":15}],"player_experience":114648,"relics_obtained":[{"floor":4,"key":"Smiling Mask"},{"floor":7,"key":"infinitespire:Lucky Rock"}],"event_choices":[{"damage_healed":0,"gold_gain":0,"player_choice":"Success","damage_taken":3,"relics_obtained":["Nunchaku"],"max_hp_gain":0,"max_hp_loss":0,"event_name":"Scrap Ooze","floor":3,"gold_loss":0}],"is_beta":false,"boss_relics":[],"items_purged_floors":[],"is_endless":false,"potions_floor_spawned":[13,14],"killed_by":"IC_STATUS_ARCHETYPE","ascension_level":2}}