{"host":"5dqb5paqt19fo87c","time":1611774145,"event":{"mods":["BaseMod","BetterRewards","Conspire","Downfall","Highlight Path","Hubris","MarisaÅiñ∂âJÅ@ñÇóùçπÅj","Minty Spire (QoL Compilation)","Replay The Spire","Shop Mod","StSLib","The Animator","The Bug Knight","The Mystic","The Senshi","The Servant 0.9.4"],"gold_per_floor":[111,37,37,37,37,68,143,68,68,88,114,126,126,144,144,240,240,251,269,284,284,284,319,339,339,365,385,400,210,210,245,245,348,348,359,371,371,386,405,405,425,437,437,210,226,226,226,186,186,186],"floor_reached":51,"language":"ENG","playtime":3663,"items_purged":["Strike_G","Strike_G","Strike_G"],"score":769,"play_id":"6f831842-98c5-4d78-bad8-5e34a96da0d4","local_time":"20210127130225","is_ascension_mode":true,"campfire_choices":[{"floor":13,"key":"REST"},{"data":"Accuracy","floor":15,"key":"SMITH"},{"floor":25,"key":"REST"},{"floor":30,"key":"REST"},{"floor":32,"key":"REST"},{"floor":40,"key":"REST"},{"floor":47,"key":"REST"},{"floor":49,"key":"REST"}],"circlet_count":0,"master_deck":["Strike_G","Strike_G","Defend_G","Defend_G","Defend_G","Defend_G","Survivor","Neutralize","Blade Dance+1","Accuracy+1","Slice","Hidden Blade","ReplayTheSpireMod:Shiv Toss","Caltrops","Adrenaline","Backstab+1","Prepared","Phantasmal Killer","Acrobatics+1","Tactician","Deflect+1","Outmaneuver+1","Reflex","Blade Dance+1"],"relics":["Ring of the Snake","NeowsBlessing","hubris:Icosahedron","Toy Ornithopter","Replay:Towering Pillar of Hats","hubris:ToyBattleship","Snecko Scales","Omamori","Replay:Wax Seal","ReplayTheSpireMod:CursedCoin","hubris:Metronome","hubris:PeanutButter","Question Card","BargainBundle","ReplayTheSpireMod:Ring of Addiction","Potion Belt","hubris:EmptyBottle"],"acts_visited":["Exordium","TheCity","TheBeyond"],"potions_floor_usage":[16,18,19,36,39,50,50,50],"damage_taken":[{"damage":0,"enemies":"2 Louse","floor":1,"turns":1},{"damage":0,"enemies":"3 Sentries","floor":6,"turns":1},{"damage":10,"enemies":"Small Slimes","floor":10,"turns":1},{"damage":13,"enemies":"Lagavulin","floor":11,"turns":5},{"damage":0,"enemies":"Jaw Worm","floor":12,"turns":3},{"damage":1,"enemies":"Blue Slaver","floor":14,"turns":3},{"damage":67,"enemies":"Fading Forest","floor":16,"turns":11},{"damage":11,"enemies":"conspire:FuzzyDice","floor":18,"turns":4},{"damage":14,"enemies":"Shell Parasite","floor":19,"turns":3},{"damage":18,"enemies":"Snecko","floor":20,"turns":3},{"damage":15,"enemies":"HollowMod:Nosk","floor":23,"turns":4},{"damage":12,"enemies":"Shelled Parasite and Fungi","floor":24,"turns":4},{"damage":9,"enemies":"Snake Plant","floor":27,"turns":3},{"damage":3,"enemies":"conspire:HollyBat","floor":28,"turns":4},{"damage":12,"enemies":"Book of Stabbing","floor":31,"turns":3},{"damage":16,"enemies":"Pondfish","floor":33,"turns":7},{"damage":19,"enemies":"3 Shapes","floor":35,"turns":3},{"damage":20,"enemies":"3 Darklings","floor":36,"turns":4},{"damage":5,"enemies":"Spire Growth","floor":38,"turns":3},{"damage":18,"enemies":"Sphere and 2 Shapes","floor":39,"turns":3},{"damage":0,"enemies":"Jaw Worm Horde","floor":41,"turns":2},{"damage":10,"enemies":"Writhing Mass","floor":42,"turns":4},{"damage":0,"enemies":"3 Darklings","floor":45,"turns":3},{"damage":4,"enemies":"Replay:Hell Engine","floor":50,"turns":2}],"seed_played":"2668089198586833075","potions_obtained":[{"floor":6,"key":"Ancient Potion"},{"floor":11,"key":"SteroidPotion"},{"floor":16,"key":"SkillPotion"},{"floor":19,"key":"Reflective Coating"},{"floor":23,"key":"Venom Potion"},{"floor":24,"key":"Dexterity Potion"},{"floor":31,"key":"sneckomod:MuddlingPotion"},{"floor":36,"key":"SteroidPotion"},{"floor":42,"key":"Fire Potion"},{"floor":45,"key":"Fire Potion"},{"floor":46,"key":"Adrenaline Potion"},{"floor":46,"key":"SkillPotion"},{"floor":48,"key":"Guardian:BlockOnCardUsePotion"},{"floor":48,"key":"BlessingOfTheForge"}],"is_trial":false,"path_per_floor":["M","$","?","?","$","E","?","$","T","M","E","M","R","M","R","B",null,"M","M","M","?","?","E","M","R","T","M","M","$","R","E","R","B",null,"M","M","?","M","M","R","M","M","T","$","M","?","R","?","R","B",null],"character_chosen":"THE_SILENT","items_purchased":["Accuracy","ReplayTheSpireMod:CursedCoin","hubris:Metronome","BargainBundle"],"campfire_rested":7,"item_purchase_floors":[2,29,29,44],"current_hp_per_floor":[70,70,70,70,70,70,59,59,59,49,36,36,57,56,56,18,70,59,50,32,55,55,40,28,49,49,40,37,37,58,46,67,51,70,51,36,36,31,18,39,39,29,29,29,29,29,50,50,70,68],"gold":186,"neow_bonus":"THREE_ENEMY_KILL","is_daily":false,"chose_seed":false,"campfire_upgraded":1,"win_rate":0.0,"timestamp":1611774145,"path_taken":["M","$","?","?","$","E","?","?","T","M","E","?","R","M","R","BOSS","M","M","M","?","?","E","M","R","T","?","M","$","R","E","R","BOSS","M","M","?","M","M","R","M","M","T","$","M","?","R","?","R","BOSS"],"items_purchased_type":["Card","Relic","Relic","Relic"],"build_version":"2020-12-22","purchased_purges":3,"victory":true,"max_hp_per_floor":[70,70,70,70,70,70,70,70,70,70,70,70,70,70,70,70,70,70,70,70,70,70,70,70,70,70,70,70,70,70,70,70,70,70,70,70,70,70,70,70,70,70,70,70,70,70,70,70,70,68],"card_choices":[{"not_picked":["Deadly Poison","Underhanded Strike"],"picked":"Blade Dance","floor":1},{"not_picked":["Die Die Die","Deadly Poison"],"picked":"Slice","floor":6},{"not_picked":["ReplayTheSpireMod:The Works","Flying Knee"],"picked":"Hidden Blade","floor":10},{"not_picked":["Deflect","ReplayTheSpireMod:Speed Training"],"picked":"ReplayTheSpireMod:Shiv Toss","floor":11},{"not_picked":["Dagger Throw","Acrobatics","Backflip"],"picked":"SKIP","floor":12},{"not_picked":["Poisoned Stab","Well Laid Plans"],"picked":"Caltrops","floor":14},{"not_picked":["Glass Knife","ReplayTheSpireMod:Necrosis"],"picked":"Adrenaline","floor":16},{"not_picked":["Predator","ReplayTheSpireMod:Exploit Weakness+1"],"picked":"Backstab+1","floor":18},{"not_picked":["Underhanded Strike","Quick Slash+1"],"picked":"Prepared","floor":19},{"not_picked":["PiercingWail","hubris:SlightOfHand","Backflip"],"picked":"SKIP","floor":20},{"not_picked":["ReplayTheSpireMod:Necrosis","Riddle With Holes","Grand Finale"],"picked":"SKIP","floor":23},{"not_picked":["PiercingWail","Flechettes","ReplayTheSpireMod:Shiv Toss"],"picked":"SKIP","floor":24},{"not_picked":["PiercingWail","Deadly Poison","Calculated Gamble"],"picked":"SKIP","floor":27},{"not_picked":["Cloak And Dagger","PiercingWail","Backflip"],"picked":"SKIP","floor":28},{"not_picked":["Predator","Flechettes+1"],"picked":"Acrobatics+1","floor":31},{"not_picked":["Poisoned Stab","Quick Slash"],"picked":"Tactician","floor":35},{"not_picked":["Sucker Punch+1","Masterful Stab"],"picked":"Deflect+1","floor":36},{"not_picked":["Deadly Poison+1","hubris:SlightOfHand"],"picked":"Outmaneuver+1","floor":38},{"not_picked":["PiercingWail","Finisher+1","Doppelganger"],"picked":"SKIP","floor":39},{"not_picked":["Deadly Poison","ReplayTheSpireMod:Shiv Toss"],"picked":"Reflex","floor":41},{"not_picked":["Outmaneuver","Dagger Throw+1"],"picked":"Blade Dance+1","floor":42},{"not_picked":["Dash+1","Cloak And Dagger","Quick Slash","Backflip+1"],"picked":"SKIP","floor":45}],"player_experience":226422,"relics_obtained":[{"floor":6,"key":"Toy Ornithopter"},{"floor":9,"key":"Replay:Towering Pillar of Hats"},{"floor":11,"key":"hubris:ToyBattleship"},{"floor":23,"key":"Omamori"},{"floor":26,"key":"Replay:Wax Seal"},{"floor":31,"key":"hubris:PeanutButter"},{"floor":43,"key":"Question Card"},{"floor":46,"key":"ReplayTheSpireMod:Ring of Addiction"},{"floor":46,"key":"Potion Belt"},{"floor":46,"key":"hubris:EmptyBottle"}],"event_choices":[{"damage_healed":0,"gold_gain":75,"player_choice":"Gather Gold","damage_taken":11,"max_hp_gain":0,"max_hp_loss":0,"event_name":"World of Goop","floor":7,"gold_loss":0},{"damage_healed":23,"gold_gain":0,"player_choice":"Heal","damage_taken":0,"max_hp_gain":0,"max_hp_loss":0,"event_name":"The Library","floor":21,"gold_loss":0},{"damage_healed":0,"gold_gain":0,"cards_transformed":["Defend_G"],"player_choice":"Transformed","damage_taken":0,"max_hp_gain":0,"max_hp_loss":0,"event_name":"Transmorgrifier","floor":22,"gold_loss":0,"cards_obtained":["Phantasmal Killer"]},{"damage_healed":0,"gold_gain":0,"player_choice":"Leave","damage_taken":0,"max_hp_gain":0,"max_hp_loss":0,"event_name":"conspire:Investor","floor":37,"gold_loss":0},{"damage_healed":0,"gold_gain":0,"player_choice":"Bought 3 Potions","damage_taken":0,"max_hp_gain":0,"max_hp_loss":0,"event_name":"The Woman in Blue","floor":48,"gold_loss":0}],"is_beta":false,"boss_relics":[{"not_picked":["hubris:HollowSoul","hubris:BlackHole"],"picked":"Snecko Scales"},{"not_picked":["Painkiller Herb","Runic Pyramid","hubris:VirtuousBlindfold"]}],"items_purged_floors":[8,29,44],"is_endless":false,"potions_floor_spawned":[6,11,16,19,23,24,28,31,36,42,45],"ascension_level":2}}