{"host":"oeddu058k4r8wzo0","time":1611722686,"event":{"mods":["BaseMod","Better Third Choice","Colored Map","Colored Powertips","Conspire","Evolution","Highlight Path","Hubris","Infinite Spire","Jorbs\u0027s Wanderer Trilogy","Minty Spire (QoL Compilation)","Quick Restart","Relic Filter Mod","Reliquary","Replay The Spire","Reworked Bosses","StSLib","Wandering Minibosses"],"gold_per_floor":[118,118,133,6,22,22,48,48,48,75,93,24,0,10,10,106,106,119,59,59,59,59,84,84,119,143,156,169,169,169],"floor_reached":29,"language":"ENG","playtime":1334,"items_purged":["Pain"],"score":434,"play_id":"d17f25c1-08fa-4427-b996-d10479398146","local_time":"20210126204446","is_ascension_mode":true,"campfire_choices":[{"data":"Fusion","floor":6,"key":"SMITH"},{"data":"Creative AI","floor":8,"key":"SMITH"},{"floor":15,"key":"REST"},{"data":"Storm","floor":24,"key":"SMITH"}],"circlet_count":0,"master_deck":["AscendersBane","Rebound","Rebound","Strike_B","Strike_B","Defend_B","Defend_B","Defend_B","Defend_B","Zap","Dualcast","ReplayTheSpireMod:Private Reserves","Go for the Eyes","Fusion+1","Gash","Creative AI+1","FIFO Queue","Glacier","Storm+1","Storm","Machine Learning","Barrage","Necronomicurse","Panic Button","Fission"],"relics":["Cracked Core","EVO:Axolotl","WarpedTongs","Mango","infinitespire:Lychee Nut","hubris:PeanutButter","Coffee Dripper","Necronomicon","hubris:ToyBattleship","Geode","reliquary:Stiletto"],"acts_visited":["Exordium","TheCity"],"potions_floor_usage":[7,11,23,27],"damage_taken":[{"damage":9,"enemies":"Small Slimes","floor":1,"turns":3},{"damage":2,"enemies":"Cultist","floor":3,"turns":3},{"damage":10,"enemies":"2 Louse","floor":5,"turns":2},{"damage":21,"enemies":"Gremlin Nob","floor":7,"turns":4},{"damage":30,"enemies":"Lagavulin","floor":10,"turns":6},{"damage":18,"enemies":"Large Slime","floor":11,"turns":6},{"damage":0,"enemies":"2 Fungi Beasts","floor":14,"turns":3},{"damage":15,"enemies":"Slime Boss","floor":16,"turns":6},{"damage":29,"enemies":"Shell Parasite","floor":18,"turns":6},{"damage":8,"enemies":"Gremlin Leader","floor":23,"turns":6},{"damage":28,"enemies":"Book of Stabbing","floor":25,"turns":5},{"damage":4,"enemies":"3 Byrds","floor":27,"turns":4},{"damage":17,"enemies":"Snecko","floor":28,"turns":7},{"damage":12,"enemies":"Centurion and Healer","floor":29,"turns":2}],"seed_played":"-3342700647399867912","potions_obtained":[{"floor":1,"key":"DistilledChaos"},{"floor":10,"key":"Weak Potion"},{"floor":18,"key":"Languid Potion"},{"floor":25,"key":"AttackPotion"},{"floor":27,"key":"Energy Potion"}],"is_trial":false,"path_per_floor":["M","?","M","$","M","R","E","R","T","E","M","$","?","M","R","B",null,"M","?","?","?","?","E","R","E","T","M","M","M"],"character_chosen":"DEFECT","items_purchased":["Gash","Storm"],"campfire_rested":1,"item_purchase_floors":[4,12],"current_hp_per_floor":[59,59,57,57,47,47,40,40,40,16,4,4,4,9,28,19,54,31,31,31,15,37,35,35,13,13,15,4,0,0],"gold":169,"neow_bonus":"COLORLESS_CARD","is_daily":false,"chose_seed":false,"campfire_upgraded":3,"win_rate":0.0,"timestamp":1611722686,"path_taken":["M","?","M","$","M","R","E","R","T","E","?","$","?","M","R","BOSS","M","?","?","?","?","E","R","E","T","M","M","M"],"items_purchased_type":["Card","Card"],"build_version":"2020-12-22","purchased_purges":1,"victory":false,"max_hp_per_floor":[75,75,75,75,75,75,89,89,66,66,66,66,66,66,66,66,66,66,66,66,66,66,66,66,66,66,66,66,66,66],"card_choices":[{"not_picked":["Redo","Conserve Battery"],"picked":"Go for the Eyes","floor":1},{"not_picked":["ReplayTheSpireMod:Calculation Training","Static Discharge"],"picked":"Fusion","floor":3},{"not_picked":["Defragment","Barrage","Turbo"],"picked":"SKIP","floor":5},{"not_picked":["Defragment","Barrage","Turbo"],"picked":"SKIP","floor":5},{"not_picked":["Reprogram","hubris:Ukulele"],"picked":"Creative AI","floor":7},{"not_picked":["Compile Driver","Beam Cell"],"picked":"FIFO Queue","floor":10},{"not_picked":["Beam Cell","BasicCrystalCard"],"picked":"Glacier","floor":11},{"not_picked":["Barrage","BasicCrystalCard"],"picked":"Storm","floor":14},{"not_picked":["Creative AI","ReplayRNGCard"],"picked":"Machine Learning","floor":16},{"not_picked":["Beam Cell","Gash+1"],"picked":"Barrage","floor":18},{"not_picked":["Aggregate","ReplayTheSpireMod:Dual Polarity","Barrage"],"picked":"SKIP","floor":23},{"not_picked":["Gash","Redo"],"picked":"Panic Button","floor":25},{"not_picked":["Compile Driver","hubris:Ukulele"],"picked":"Fission","floor":27},{"not_picked":["Rebound","Hologram","Beam Cell"],"picked":"SKIP","floor":28}],"player_experience":1381255,"relics_obtained":[{"floor":7,"key":"Mango"},{"floor":9,"key":"infinitespire:Lychee Nut"},{"floor":10,"key":"hubris:PeanutButter"},{"floor":21,"key":"Necronomicon"},{"floor":23,"key":"hubris:ToyBattleship"},{"floor":25,"key":"Geode"},{"floor":26,"key":"reliquary:Stiletto"}],"event_choices":[{"damage_healed":0,"gold_gain":0,"player_choice":"Rummage","damage_taken":0,"relics_obtained":["WarpedTongs"],"max_hp_gain":0,"max_hp_loss":0,"event_name":"Accursed Blacksmith","floor":2,"gold_loss":0,"cards_obtained":["Pain"]},{"damage_healed":0,"gold_gain":0,"player_choice":"Left","damage_taken":0,"max_hp_gain":0,"max_hp_loss":0,"event_name":"betterThird:BetterGoop","floor":13,"gold_loss":24},{"damage_healed":0,"gold_gain":0,"player_choice":"Leave","damage_taken":0,"max_hp_gain":0,"max_hp_loss":0,"event_name":"conspire:Investor","floor":20,"gold_loss":0},{"damage_healed":0,"gold_gain":0,"player_choice":"Obtained Book","damage_taken":16,"max_hp_gain":0,"max_hp_loss":0,"event_name":"Cursed Tome","floor":21,"gold_loss":0},{"damage_healed":22,"gold_gain":0,"player_choice":"Heal","damage_taken":0,"max_hp_gain":0,"max_hp_loss":0,"event_name":"The Library","floor":22,"gold_loss":0}],"is_beta":false,"boss_relics":[{"not_picked":["Sozu","conspire:RunicOctahedron"],"picked":"Coffee Dripper"}],"items_purged_floors":[4],"is_endless":false,"potions_floor_spawned":[1,10,18,25,27],"killed_by":"Centurion and Healer","ascension_level":12}}