{"host":"xyk14hhkzhphoq1n","time":1611778397,"event":{"mods":["Act Like it!","BaseMod","Better Vampires","BetterRewards","Gensokyo","Minty Spire (QoL Compilation)","Remilia£®¿Ÿ√◊¿Ú—«£©","Reorder Act Four","StSLib","Waifu the Spire","Yakumo Yukari mod","Youmu£®ªÍ∆«—˝√Œ£©"],"gold_per_floor":[130,145,145,145,65,65,65,106,106,148,148,372,415,434,434,539,539,566,585,585,65,74,116,116,125,205,228,228,452,477,736,736,1025,1052,1641,1913,1913,1913,1931,2286,1532,1891,1891,2130,2130,2457,2466,3030,3030,3030,3030,2170,2170,2210,2626],"floor_reached":56,"language":"ZHS","playtime":5426,"items_purged":["AT_purpleEX"],"score":2335,"play_id":"b8bb7b8f-6674-45a3-9fb0-1ae09eee4b6d","local_time":"20210128041317","is_ascension_mode":true,"campfire_choices":[{"floor":7.0,"key":"REST"},{"data":"Apotheosis","floor":11.0,"key":"SMITH"},{"floor":15.0,"key":"REST"},{"floor":24.0,"key":"RECALL"},{"floor":28.0,"key":"DIG"},{"floor":32.0,"key":"DIG"},{"floor":45,"key":"DIG"},{"floor":49,"key":"DIG"},{"floor":53,"key":"DIG"}],"circlet_count":0,"master_deck":["Defend_purpleEX","Defend_purpleEX","Defend_purpleEX","Defend_purpleEX","Observe_purple_2+1","Apotheosis+1","Mirror_FourBoundary_purple","Boundary_ObjectiveBoundary_purple","CommonSense_AntiCommonSense_purple","Charmbait_purple","Gensokyo:CrescentMoonSlash","MeetDecomposer_purple","Mirror_FourBoundary_purple","Boundary_LightAndDark_purple","Fancifulhole_purple","SfantasyHide_purple","D_absorption_purple","Worldmountain_purple+1","Gensokyo:MonkeysPaw+1","Gensokyo:HAARP","Carnage","OmniscientAndOmnipotent_Monster_purple+1","OmniscientAndOmnipotent_Monster_purple","Charmbait_purple+1","RuleDissolution_purple+1","OmniscientAndOmnipotent_Monster_purple+1","StateErode_purple+1","Gensokyo:ShootingStar+1","ContainerChange_purple","DarkRealmRedLine_purple+1","ButterflyHabitatTemple_purple+1","MeetDecomposer_purple+1","Gensokyo:PrivateSquare+1","Price_of_realm_purpleEX+1","RuleDissolution_purple+1","Gensokyo:UnlikelyAid+1","RuptureOfTimeAndSpace_purple+1","DimensionStaggered_purple+1"],"relics":["Boundary_crack","Memoryfragments_purpleEX","Mummified Hand","Shovel","Gensokyo:Mercy","CeramicFish","Anchor","Antimatter_spacedebris","Happy Flower","Fusion Hammer","Gensokyo:RedStar","Toxic Egg 2","Molten Egg 2","Parasol_purpleEX","Blue Candle","Thread and Needle","Bird Faced Urn","Nunchaku","Astrolabe","Gensokyo:EmptyGrave","Gensokyo:DualWield","Bag of Marbles","ClockworkSouvenir","Medical Kit","Meat on the Bone","Gambling Chip","Pen Nib","ThegodofHakurei_purpleEX","Regal Pillow","MealTicket","War Paint","FossilizedHelix","Lantern","InkBottle","Eternal Feather","Toy Ornithopter","Shuriken","Blood Vial"],"acts_visited":["Exordium","Gensokyo:Gensokyo","Gensokyo:Gensokyoer","TheEnding"],"potions_floor_usage":[46,55,55,55],"damage_taken":[{"damage":0.0,"enemies":"Gensokyo:Python","floor":1.0,"turns":4.0},{"damage":9.0,"enemies":"Gensokyo:3_Fairies","floor":2.0,"turns":4.0},{"damage":12.0,"enemies":"Gensokyo:Cirno","floor":8.0,"turns":6.0},{"damage":20.0,"enemies":"Gensokyo:Mamizou","floor":10.0,"turns":12.0},{"damage":5.0,"enemies":"Gensokyo:Gryphon","floor":12.0,"turns":6.0},{"damage":5.0,"enemies":"Gensokyo:Aya","floor":13.0,"turns":2.0},{"damage":1.0,"enemies":"Gensokyo:3_Kodama","floor":14.0,"turns":4.0},{"damage":0.0,"enemies":"Gensokyo:Yukari","floor":16.0,"turns":5.0},{"damage":0.0,"enemies":"Gensokyo:CosmicMonolith","floor":18.0,"turns":6.0},{"damage":0.0,"enemies":"Gensokyo:2_Gloops","floor":19.0,"turns":6.0},{"damage":27.0,"enemies":"Gensokyo:Koishi","floor":23.0,"turns":4.0},{"damage":8.0,"enemies":"Gensokyo:Slime_Group","floor":27.0,"turns":4.0},{"damage":0.0,"enemies":"Gensokyo:Mirror_and_Dog","floor":29.0,"turns":4.0},{"damage":0.0,"enemies":"Gensokyo:Swordslinger","floor":30.0,"turns":2.0},{"damage":22.0,"enemies":"Gensokyo:Reisen","floor":31.0,"turns":5.0},{"damage":13.0,"enemies":"Gensokyo:Kaguya","floor":33.0,"turns":8.0},{"damage":52.0,"enemies":"Gensokyo:AncientGuardian","floor":35.0,"turns":5.0},{"damage":25.0,"enemies":"Gensokyo:3_Boulders","floor":36.0,"turns":4.0},{"damage":33.0,"enemies":"Gensokyo:Doremy","floor":40.0,"turns":7.0},{"damage":25,"enemies":"Gensokyo:Marisa","floor":42,"turns":10},{"damage":21,"enemies":"Gensokyo:Doremy","floor":44,"turns":8},{"damage":23,"enemies":"Gensokyo:Marisa","floor":46,"turns":4},{"damage":42,"enemies":"Gensokyo:Dusk_and_Dawn","floor":48,"turns":6},{"damage":0,"enemies":"Gensokyo:Yuyuko","floor":50,"turns":12},{"damage":0,"enemies":"Shield and Spear","floor":54,"turns":9},{"damage":46,"enemies":"The Heart","floor":55,"turns":11}],"seed_played":"-4574678600492874039","potions_obtained":[{"floor":10.0,"key":"Dexterity Potion"},{"floor":13.0,"key":"Swift Potion"},{"floor":14.0,"key":"Weak Potion"},{"floor":30.0,"key":"Swift Potion"},{"floor":31.0,"key":"Energy Potion"},{"floor":48,"key":"Fire Potion"}],"is_trial":false,"path_per_floor":["M","M","?","?","COS","?","R","E","T","E","R","M","E","M","R","B",null,"M","M","?","COS","?","E","R","?","T","M","R","M","M","E","R","B",null,"M","M","?","?","?","E","COS","E","T","E","R","E","?","M","R","B",null,"$","R","E","B",null],"character_chosen":"Youkari","items_purchased":["Apotheosis","Mirror_FourBoundary_purple","Boundary_ObjectiveBoundary_purple","CommonSense_AntiCommonSense_purple","Mummified Hand","Shovel","PowerPotion","InkBottle","RuptureOfTimeAndSpace_purple+1","RealmPotion","Eternal Feather","Toy Ornithopter"],"campfire_rested":2,"item_purchase_floors":[0,0,0,0,0,0,0,52,52,52,52,52],"current_hp_per_floor":[33,29,29,19,19,19,40,33,33,17,17,17,16,20,41,42,70,70,70,70,70,70,46,46,46,46,38,38,43,44,27,27,62,70,34,37,37,37,37,51,51,39,39,44,44,44,44,36,36,37,65,65,65,65,65],"gold":2626,"neow_bonus":"","is_daily":false,"chose_seed":false,"campfire_upgraded":1,"win_rate":0.0,"timestamp":1611778397,"path_taken":["M","M","?","?","COS","?","R","E","T","E","R","?","E","M","R","BOSS","M","M","?","COS","?","E","R","?","T","M","R","?","M","E","R","BOSS","M","M","?","?","?","E","COS","E","T","E","R","E","?","M","R","BOSS","$","R","E","BOSS"],"items_purchased_type":["Card","Card","Card","Card","Relic","Relic","Potion","Relic","Card","Potion","Relic","Relic"],"build_version":"2020-12-22","purchased_purges":1,"victory":true,"max_hp_per_floor":[70,70,70,70,70,70,70,70,70,70,70,70,70,70,70,70,70,70,70,70,70,70,70,70,70,70,70,70,70,70,70,70,70,70,70,70,65,65,65,65,65,65,65,65,65,65,65,65,65,65,65,65,65,65,65],"card_choices":[{"not_picked":["Mirror_FormAndEmptin_purple","DarkRealmRedLine_purple"],"picked":"Charmbait_purple","floor":1.0},{"not_picked":["AdvanceAttack_purple","DimensionStaggered_purple","Realm_recovery_purpleEX"],"picked":"SKIP","floor":2.0},{"not_picked":["DarkRealmRedLine_purple","Extrememeaning_purpleEX"],"picked":"MeetDecomposer_purple","floor":8.0},{"not_picked":["Fantasy_PerpetualMotionMachine_purple","UniverseChoice_purple"],"picked":"Mirror_FourBoundary_purple","floor":10.0},{"not_picked":["Boundary_DynamicStaticEquilibrium_purple","StateErode_purple"],"picked":"Boundary_LightAndDark_purple","floor":12.0},{"not_picked":["Shallow_ocean_purpleEX","CommonSense_AntiCommonSense_purple"],"picked":"Fancifulhole_purple","floor":13.0},{"not_picked":["StateErode_purple","StretchesForeverDream_purple"],"picked":"SfantasyHide_purple","floor":14.0},{"not_picked":["WangLiang_OokamiKakushi_purple","MagicEyes_LaplaceDemon_purple"],"picked":"D_absorption_purple","floor":16.0},{"not_picked":["Line_surface_state_purple","DarkRealmRedLine_purple"],"picked":"Worldmountain_purple+1","floor":18.0},{"not_picked":["Boundary_DreamRealityDamnation_purple","RuleDissolution_purple","Umbrella_purple"],"picked":"SKIP","floor":19.0},{"not_picked":["Realm_recovery_purpleEX+1","DimensionStaggered_purple+1"],"picked":"OmniscientAndOmnipotent_Monster_purple+1","floor":23.0},{"not_picked":["Nest_LightFlightworm_purple+1","Mirror_Drifter_purple+1"],"picked":"Charmbait_purple+1","floor":27.0},{"not_picked":["Shallow_ocean_purpleEX+1","Umbrella_purple+1"],"picked":"RuleDissolution_purple+1","floor":29.0},{"not_picked":["DarkRealmRedLine_purple+1","Extrememeaning_purpleEX+1"],"picked":"OmniscientAndOmnipotent_Monster_purple+1","floor":30.0},{"not_picked":["AdvanceAttack_purple+1","Charmbait_purple+1"],"picked":"StateErode_purple+1","floor":31.0},{"not_picked":[],"picked":"Gensokyo:ShootingStar","floor":33.0},{"not_picked":["WangLiang_OokamiKakushi_purple+1","D_absorption_purple+1"],"picked":"ContainerChange_purple","floor":33.0},{"not_picked":["Boundary_DynamicStaticEquilibrium_purple+1","OmniscientAndOmnipotent_Monster_purple+1","Umbrella_purple+1"],"picked":"SKIP","floor":35.0},{"not_picked":["Realm_recovery_purpleEX+1","SharpContractionReality_purple+1"],"picked":"MeetDecomposer_purple+1","floor":36.0},{"not_picked":["SharpContractionReality_purple+1","Mirror_FormAndEmptin_purple+1"],"picked":"Price_of_realm_purpleEX+1","floor":40.0},{"not_picked":["AdvanceAttack_purple+1","MetroBOOM_purple+1"],"picked":"RuleDissolution_purple+1","floor":42},{"not_picked":["SharpContractionReality_purple+1","Boundary_DreamRealityDamnation_purple+1","Realm_recovery_purpleEX+1"],"picked":"SKIP","floor":44},{"not_picked":["Erosivefilter_purple+1","WangLiang_LineAndCurveDreams_purple","Line_surface_state_purple+1"],"picked":"SKIP","floor":46},{"not_picked":["Gensokyo:BrilliantDragonBullet","Gensokyo:NewMoon"],"picked":"Gensokyo:UnlikelyAid","floor":47},{"not_picked":["SharpContractionReality_purple+1","Yakumo_Ran_purple+1","StretchesForeverDream_purple+1"],"picked":"SKIP","floor":48},{"not_picked":["Theboundaryofcreation_purpleEX+1","Bait_Toxicbait_purple+1"],"picked":"DimensionStaggered_purple+1","floor":54}],"player_experience":742540,"relics_obtained":[{"floor":8.0,"key":"CeramicFish"},{"floor":10.0,"key":"Anchor"},{"floor":13.0,"key":"Happy Flower"},{"floor":23.0,"key":"Toxic Egg 2"},{"floor":26.0,"key":"Molten Egg 2"},{"floor":28.0,"key":"Parasol_purpleEX"},{"floor":31.0,"key":"Bird Faced Urn"},{"floor":32.0,"key":"Nunchaku"},{"floor":40.0,"key":"Bag of Marbles"},{"floor":42,"key":"Gambling Chip"},{"floor":43,"key":"Pen Nib"},{"floor":44,"key":"ThegodofHakurei_purpleEX"},{"floor":45,"key":"Regal Pillow"},{"floor":46,"key":"War Paint"},{"floor":49,"key":"Lantern"},{"floor":53,"key":"Shuriken"},{"floor":54,"key":"Blood Vial"}],"event_choices":[],"is_beta":false,"boss_relics":[{"not_picked":["Calling Bell","Runic Dome"],"picked":"Fusion Hammer"},{"not_picked":["Sozu","Velvet Choker"],"picked":"Astrolabe"}],"items_purged_floors":[52],"is_endless":false,"potions_floor_spawned":[10,13,14,16,18,30,31,35,48],"ascension_level":4}}