{"host":"62zsjo1ie0b35vtx","time":1611736347,"event":{"mods":["2.2 Compatiblity","AchievementEnabler","Act Like it!","Ascension Reborn","Aspiration","BaseMod","Colored Map","Colored Powertips","Conspire","Custom Start","DeckTracker","Energized Spire","Friendly Minions","GifTheSpireLib","Gremlin Skip","Halation","Highlight Path","Hubris","Infinite Spire","Kiyohime????","Marisa????????","Minty Spire (QoL Compilation)","Quick Restart","Rare Cards Sparkle","Replay The Spire","Spicy Shops","Spikes Relics","StSLib","Strawberry Spire","Stuff the Spire","The Elementalist","The Hierophant","The Spell Scribe","The Vixen"],"gold_per_floor":[115,115,115,115,131,150,150,150,150,166,185,199,73,98,98,98,98],"floor_reached":16,"language":"ENG","playtime":687,"items_purged":[],"score":128,"play_id":"35fc0cbe-aab8-4e4a-87c4-29621d45ebc6","local_time":"20210127013227","is_ascension_mode":true,"campfire_choices":[{"data":"conspire:PoisonWeapons","floor":7,"key":"SMITH"},{"floor":15,"key":"REST"}],"circlet_count":0,"master_deck":["Strike_G","Strike_G","Strike_G","Strike_G","Strike_G","Defend_G","Defend_G","Defend_G","Defend_G","Survivor","Neutralize","conspire:PoisonWeapons+1","Backflip","Deflect","Tactician","Deflect","Burst","Quick Slash","strawberrySpire:Momentum","Footwork"],"relics":["Ring of the Snake","NeowsBlessing","Ice Cream"],"acts_visited":["Exordium"],"potions_floor_usage":[16],"damage_taken":[{"damage":0,"enemies":"2 Louse","floor":1,"turns":1},{"damage":0,"enemies":"Small Slimes","floor":5,"turns":1},{"damage":0,"enemies":"conspire:RoseBush","floor":6,"turns":1},{"damage":3,"enemies":"Exordium Wildlife","floor":10,"turns":3},{"damage":14,"enemies":"3 Louse","floor":11,"turns":3},{"damage":11,"enemies":"Lots of Slimes","floor":12,"turns":5},{"damage":19,"enemies":"Replay:BlueRogue","floor":14,"turns":6},{"damage":46,"enemies":"Slime Boss","floor":16,"turns":7}],"seed_played":"2331831426150286224","potions_obtained":[{"floor":12,"key":"Dexterity Potion"}],"is_trial":false,"path_per_floor":["M","?","?","?","M","M","R","?","T","M","M","M","$","E","R","B"],"character_chosen":"THE_SILENT","items_purchased":["Quick Slash","strawberrySpire:Momentum"],"campfire_rested":1,"item_purchase_floors":[13,13],"current_hp_per_floor":[70,70,70,70,70,70,70,70,70,67,53,42,42,23,44,0,0],"gold":98,"neow_bonus":"THREE_ENEMY_KILL","is_daily":false,"chose_seed":false,"campfire_upgraded":1,"win_rate":0.0,"timestamp":1611736347,"path_taken":["M","?","?","?","?","M","R","?","T","?","?","M","?","E","R","BOSS"],"items_purchased_type":["Card","Card"],"build_version":"2020-12-22","purchased_purges":0,"victory":false,"max_hp_per_floor":[70,70,70,70,70,70,70,70,70,70,70,70,70,70,70,70,70],"card_choices":[{"not_picked":["Deflect","StuffTheSpire:BumpUp"],"picked":"conspire:PoisonWeapons","floor":1},{"not_picked":["Bane","strawberrySpire:Fastroyer"],"picked":"Backflip","floor":5},{"not_picked":["Bane","ReplayTheSpireMod:Tripwire"],"picked":"Deflect","floor":6},{"not_picked":["Blade Dance","Acrobatics"],"picked":"Tactician","floor":10},{"not_picked":["StuffTheSpire:DoubleShiv","strawberrySpire:Insectonator"],"picked":"Deflect","floor":11},{"not_picked":["Riddle With Holes","Deflect"],"picked":"Burst","floor":12},{"not_picked":["Poisoned Stab","Deadly Poison"],"picked":"Footwork","floor":14}],"player_experience":1037623,"relics_obtained":[{"floor":14,"key":"Ice Cream"}],"event_choices":[{"damage_healed":0,"gold_gain":0,"player_choice":"Leave","damage_taken":0,"max_hp_gain":0,"max_hp_loss":0,"event_name":"The Cleric","floor":3,"gold_loss":0}],"is_beta":false,"boss_relics":[],"items_purged_floors":[],"is_endless":false,"potions_floor_spawned":[12],"killed_by":"Slime Boss","ascension_level":5}}