{"host":"5f8yr5jxnqok2jdo","time":1611761665,"event":{"mods":["AchievementEnabler","BaseMod","Bestiary","Better Altar","Better Match","Better Note","Better Skull","Better Third Choice","Block Reminder","Colored Map","Colored Powertips","Custom Start","DeckTracker","Defective Defect","Displayed Cursed Tome","Filter the Spire","Googly Eyes","Highlight Path","Key Reminder","Minty Spire (QoL Compilation)","Permanent Neow","Quick Restart","Random Character Button","Rare Cards Sparkle","Relic Sorter","Relic Stats","ShortenTheSpire","Spire Birthday Party","StSLib","Steal the Spire","Synergy Search","Uncapped","Unceasing Turn Reminder","Waifu the Spire","everything is the same but u backflip on backflip","slay the spire mod where everything is the same but ironclad has a cowboy hat"],"gold_per_floor":[112,37,49,0,19,19,45,45,45,45,58,58,77,95,95,190,190,209,209,209,229,240,271,271,283,283,300,77,88,106,106,106,208,208,221,221,236,64,8,8,20,31,31,31,45,45,45,55,55,55],"floor_reached":51,"language":"ENG","playtime":4265,"items_purged":["Strike_P","Defend_P"],"score":723,"play_id":"7c1ee81c-b787-435e-aa43-6818685e9e7d","local_time":"20210127163425","is_ascension_mode":false,"campfire_choices":[{"data":"Blasphemy","floor":6,"key":"SMITH"},{"data":"Wallop","floor":8,"key":"SMITH"},{"data":"TalkToTheHand","floor":12,"key":"SMITH"},{"data":"Enlightenment","floor":15,"key":"SMITH"},{"floor":24,"key":"REST"},{"floor":32,"key":"REST"},{"data":"1","floor":40,"key":"LIFT"},{"data":"2","floor":44,"key":"LIFT"},{"floor":47,"key":"REST"},{"data":"3","floor":49,"key":"LIFT"}],"circlet_count":0,"master_deck":["Strike_P+1","Strike_P+1","Defend_P+1","Defend_P","Defend_P+1","Vigilance+1","Blasphemy+1","Wallop+1","Devotion+1","Prostrate+1","Enlightenment+1","TalkToTheHand+1","LessonLearned+1","Evaluate+1","Scrawl+1","CrushJoints+1","WaveOfTheHand+1","Protect+1"],"relics":["PureWater","GoldenEye","Pocketwatch","Fusion Hammer","Peace Pipe","Girya","ClockworkSouvenir","VioletLotus","Potion Belt","MealTicket"],"acts_visited":["Exordium","TheCity","TheBeyond"],"potions_floor_usage":[19,33,33,33,50,50,50],"damage_taken":[{"damage":0,"enemies":"2 Louse","floor":1,"turns":4},{"damage":0,"enemies":"Cultist","floor":3,"turns":2},{"damage":0,"enemies":"Jaw Worm","floor":5,"turns":2},{"damage":25,"enemies":"3 Sentries","floor":7,"turns":9},{"damage":0,"enemies":"3 Louse","floor":11,"turns":2},{"damage":0,"enemies":"Exordium Thugs","floor":13,"turns":2},{"damage":2,"enemies":"Exordium Wildlife","floor":14,"turns":3},{"damage":22,"enemies":"The Guardian","floor":16,"turns":8},{"damage":9,"enemies":"2 Thieves","floor":18,"turns":3},{"damage":0,"enemies":"Chosen","floor":21,"turns":3},{"damage":5,"enemies":"Centurion and Healer","floor":22,"turns":6},{"damage":59,"enemies":"Slavers","floor":23,"turns":9},{"damage":23,"enemies":"Shelled Parasite and Fungi","floor":25,"turns":5},{"damage":0,"enemies":"Cultist and Chosen","floor":27,"turns":5},{"damage":0,"enemies":"3 Cultists","floor":29,"turns":7},{"damage":0,"enemies":"Snecko","floor":30,"turns":5},{"damage":42,"enemies":"Champ","floor":33,"turns":16},{"damage":0,"enemies":"Orb Walker","floor":35,"turns":2},{"damage":16,"enemies":"3 Darklings","floor":37,"turns":5},{"damage":31,"enemies":"Transient","floor":41,"turns":5},{"damage":0,"enemies":"Spire Growth","floor":42,"turns":7},{"damage":3,"enemies":"Maw","floor":45,"turns":10},{"damage":4,"enemies":"Sphere and 2 Shapes","floor":48,"turns":5},{"damage":3,"enemies":"Time Eater","floor":50,"turns":6}],"seed_played":"6741601560903575088","potions_obtained":[{"floor":1,"key":"Ancient Potion"},{"floor":13,"key":"Energy Potion"},{"floor":16,"key":"BottledMiracle"},{"floor":19,"key":"Fruit Juice"},{"floor":19,"key":"EntropicBrew"},{"floor":33,"key":"SpeedPotion"},{"floor":41,"key":"Swift Potion"},{"floor":42,"key":"SteroidPotion"}],"is_trial":false,"path_per_floor":["M","?","M","?","M","R","E","R","T","?","M","R","M","M","R","B",null,"M","?","?","M","M","E","R","M","T","M","$","M","M","?","R","B",null,"M","?","M","$","?","R","M","M","T","R","M","?","R","M","R","B",null],"character_chosen":"WATCHER","items_purchased":["ClockworkSouvenir","WaveOfTheHand"],"campfire_rested":3,"item_purchase_floors":[28,38],"current_hp_per_floor":[72,72,72,78,78,78,53,53,53,53,53,53,53,51,51,29,78,69,74,74,74,69,10,34,11,11,11,11,11,11,11,35,24,83,83,83,67,67,67,67,36,36,36,36,33,33,56,52,52,49],"gold":55,"neow_bonus":"ONE_RANDOM_RARE_CARD","is_daily":false,"chose_seed":false,"campfire_upgraded":4,"win_rate":0.0,"timestamp":1611761665,"path_taken":["M","?","?","?","M","R","E","R","T","?","M","R","M","?","R","BOSS","M","?","?","M","M","E","R","M","T","M","$","?","M","?","R","BOSS","M","?","M","$","?","R","M","?","T","R","M","?","R","M","R","BOSS"],"items_purchased_type":["Relic","Card"],"build_version":"2020-12-22","purchased_purges":2,"victory":true,"max_hp_per_floor":[72,72,72,78,78,78,78,78,78,78,78,78,78,78,78,78,78,78,83,83,83,83,83,83,83,83,83,83,83,83,83,83,83,83,83,83,83,83,83,83,83,83,83,83,83,79,79,79,79,79],"relic_stats":{"Peace Pipe":0,"counters":[24,131],"MealTicket":0,"VioletLotus":[9],"GoldenEye":[0],"obtain_stats":[{"Peace Pipe":23,"Potion Belt":39,"Girya":26,"MealTicket":43,"Fusion Hammer":17,"VioletLotus":34,"PureWater":0,"GoldenEye":7,"Pocketwatch":9,"ClockworkSouvenir":28},{"Peace Pipe":12,"Potion Belt":19,"Girya":13,"MealTicket":21,"Fusion Hammer":8,"VioletLotus":17,"PureWater":0,"GoldenEye":4,"Pocketwatch":4,"ClockworkSouvenir":14},{"Peace Pipe":53,"Potion Belt":98,"Girya":58,"MealTicket":110,"Fusion Hammer":32,"VioletLotus":91,"PureWater":0,"GoldenEye":17,"Pocketwatch":17,"ClockworkSouvenir":63}],"Pocketwatch":[82]},"card_choices":[{"not_picked":["CarveReality","CutThroughFate"],"picked":"Wallop","floor":1},{"not_picked":["Wish+1","DevaForm+1"],"picked":"Devotion+1","floor":2},{"not_picked":["LikeWater","EmptyFist"],"picked":"Prostrate","floor":3},{"not_picked":["FollowUp","EmptyBody","DeceiveReality"],"picked":"SKIP","floor":5},{"not_picked":["Wish","Swivel","Omniscience"],"picked":"SKIP","floor":7},{"not_picked":["Prostrate","FlyingSleeves"],"picked":"TalkToTheHand","floor":11},{"not_picked":["Swivel","Nirvana","Halt"],"picked":"SKIP","floor":13},{"not_picked":["Prostrate","JustLucky","Wallop"],"picked":"SKIP","floor":14},{"not_picked":["DeusExMachina","ConjureBlade"],"picked":"LessonLearned","floor":16},{"not_picked":["PathToVictory","SashWhip","ClearTheMind+1"],"picked":"SKIP","floor":18},{"not_picked":["FlurryOfBlows","PathToVictory","ClearTheMind"],"picked":"SKIP","floor":21},{"not_picked":["BowlingBash","Sanctity","CutThroughFate"],"picked":"SKIP","floor":22},{"not_picked":["BowlingBash","Prostrate+1","Scrawl"],"picked":"SKIP","floor":23},{"not_picked":["Nirvana","Collect"],"picked":"Evaluate+1","floor":25},{"not_picked":["Wallop+1","CarveReality","EmptyFist"],"picked":"SKIP","floor":27},{"not_picked":["Halt","Prostrate","Evaluate+1"],"picked":"SKIP","floor":29},{"not_picked":["Study","FearNoEvil","BowlingBash"],"picked":"SKIP","floor":30},{"not_picked":["SpiritShield","Blasphemy"],"picked":"Scrawl","floor":33},{"not_picked":["PathToVictory","FollowUp+1"],"picked":"CrushJoints","floor":35},{"not_picked":["InnerPeace+1","TalkToTheHand","Meditate"],"picked":"SKIP","floor":37},{"not_picked":["ThirdEye+1","InnerPeace","Protect+1"],"picked":"SKIP","floor":41},{"not_picked":["ThirdEye+1","InnerPeace"],"picked":"Protect+1","floor":41},{"not_picked":["Halt","Prostrate+1","Protect"],"picked":"SKIP","floor":42},{"not_picked":["Prostrate+1","BowlingBash","JustLucky+1"],"picked":"SKIP","floor":45},{"not_picked":["PathToVictory+1","WaveOfTheHand","CrushJoints"],"picked":"SKIP","floor":48}],"player_experience":347975,"relics_obtained":[{"floor":7,"key":"GoldenEye"},{"floor":9,"key":"Pocketwatch"},{"floor":23,"key":"Peace Pipe"},{"floor":26,"key":"Girya"},{"floor":43,"key":"MealTicket"}],"event_choices":[{"damage_healed":0,"gold_gain":0,"player_choice":"2","damage_taken":0,"max_hp_gain":0,"max_hp_loss":0,"event_name":"betterMatch:BetterMatch","floor":2,"gold_loss":0,"cards_obtained":["betterMatch:RareCard"]},{"damage_healed":0,"gold_gain":0,"player_choice":"RENOUNCE","damage_taken":49,"max_hp_gain":0,"max_hp_loss":0,"event_name":"betterThird:BetterSerpent","floor":4,"gold_loss":49,"cards_obtained":["Enlightenment"]},{"cards_removed":["Strike_P"],"damage_healed":0,"gold_gain":0,"player_choice":"Card Removal","damage_taken":0,"max_hp_gain":0,"max_hp_loss":0,"event_name":"Wheel of Change","floor":10,"gold_loss":0},{"damage_healed":0,"gold_gain":0,"player_choice":"Got Potions","damage_taken":0,"max_hp_gain":0,"max_hp_loss":0,"event_name":"Lab","floor":19,"gold_loss":0},{"damage_healed":0,"gold_gain":0,"player_choice":"Bought 0 Potions","damage_taken":0,"max_hp_gain":0,"max_hp_loss":0,"event_name":"The Woman in Blue","floor":20,"gold_loss":0},{"cards_removed":["Blasphemy"],"damage_healed":0,"gold_gain":0,"player_choice":"Give","damage_taken":0,"max_hp_gain":0,"max_hp_loss":0,"event_name":"betterNote:BetterNote","floor":31,"gold_loss":0,"cards_obtained":["Strike_R"]},{"cards_removed":["Eruption"],"damage_healed":0,"gold_gain":0,"player_choice":"Removed Attack","damage_taken":0,"max_hp_gain":0,"max_hp_loss":0,"event_name":"Falling","floor":36,"gold_loss":0},{"damage_healed":0,"gold_gain":0,"player_choice":"Paid Gold","damage_taken":0,"relics_obtained":["Potion Belt"],"max_hp_gain":0,"max_hp_loss":0,"event_name":"WeMeetAgain","floor":39,"gold_loss":56},{"damage_healed":0,"gold_gain":0,"player_choice":"Max HP","damage_taken":0,"max_hp_gain":0,"max_hp_loss":4,"event_name":"Winding Halls","floor":46,"gold_loss":0}],"is_beta":false,"boss_relics":[{"not_picked":["SacredBark","Sozu"],"picked":"Fusion Hammer"},{"not_picked":["Runic Dome","Coffee Dripper"],"picked":"VioletLotus"}],"items_purged_floors":[28,38],"is_endless":false,"potions_floor_spawned":[1,13,16,21,23,27,29,33,41,42,48],"ascension_level":0}}