{"host":"57rytaa21d5yl0hy","time":1611713219,"event":{"mods":["Act Like it!","BaseMod","Challenge The Spire","Friendly Minions","Gensokyo","KinomotoSakuraMod(木之本樱)","Kiyohime（清姬）","Lobotomy","LobotomyExtend","Minty Spire (QoL Compilation)","Poem Panic","Replay The Spire","RumiaBox-露米娅的神秘盒子","StSLib","The Senshi","Yuri Mod"],"gold_per_floor":[110,110,110,126,140,140,79,79,79,79,154,185,204,158,158,158,158],"floor_reached":16,"language":"ZHS","playtime":1135,"items_purged":[],"score":92,"play_id":"26911cf0-94f6-4545-997d-11df498c5b67","local_time":"20210127100659","is_ascension_mode":true,"campfire_choices":[{"data":"theSenshi:MoonEternalMakeUp","floor":6,"key":"SMITH"},{"data":"theSenshi:SilverMoonCrystalPowerKiss","floor":8,"key":"SMITH"},{"data":"theSenshi:GlimpseOfThePast","floor":10,"key":"SMITH"},{"floor":15,"key":"REST"}],"circlet_count":0,"master_deck":["theSenshi:MoonPrismPowerMakeUp","theSenshi:SilverCrystal","theSenshi:GlimpseOfThePast+1","theSenshi:MoonEternalMakeUp+1","theSenshi:MoonPunch","theSenshi:InTheNameOfTheMoon","theSenshi:SailorCosmosAssists","theSenshi:WarriorOfTheMoon","theSenshi:SilverMoonCrystalPowerKiss+1","theSenshi:MoonPrincessHalation","theSenshi:LunasBite","theSenshi:MoonTiaraMagic","theSenshi:MoonCrisisMakeUp+1","ReplayTheSpireMod:Splinters","theSenshi:RainbowMoonHeartAche","theSenshi:MoonPrincessHalation"],"relics":["theSenshi:TransformationBroochRelic","PoemPanic:PoemPanicRelic","Baka","LetterFromLob","Ornamental Fan","theSenshi:HolyMoonChaliceRelic"],"acts_visited":["Exordium"],"potions_floor_usage":[],"damage_taken":[{"damage":11,"enemies":"2 Louse","floor":1,"turns":4},{"damage":6,"enemies":"Small Slimes","floor":4,"turns":5},{"damage":6,"enemies":"Cultist","floor":5,"turns":3},{"damage":18,"enemies":"2 Fungi Beasts","floor":13,"turns":4},{"damage":109,"enemies":"Fading Forest","floor":16,"turns":11}],"seed_played":"7816177299872852128","potions_obtained":[{"floor":1,"key":"Reflective Coating"},{"floor":13,"key":"SteroidPotion"}],"is_trial":false,"path_per_floor":["M","?","?","M","M","R","$","R","T","R","?","?","M","$","R","B"],"character_chosen":"THE_SENSHI","items_purchased":["theSenshi:MoonCrisisMakeUp+1","theSenshi:MoonPrincessHalation"],"campfire_rested":1,"item_purchase_floors":[7,14],"current_hp_per_floor":[64,64,64,58,52,52,52,52,52,52,41,41,23,23,45,0,0],"gold":158,"neow_bonus":"","is_daily":false,"chose_seed":false,"campfire_upgraded":3,"win_rate":0.0,"timestamp":1611713219,"path_taken":["M","?","?","M","?","R","$","R","T","R","?","?","M","$","R","BOSS"],"items_purchased_type":["Card","Card"],"build_version":"2020-12-22","purchased_purges":0,"victory":false,"max_hp_per_floor":[75,75,75,75,75,75,75,75,75,75,75,75,75,75,75,75,75],"card_choices":[{"not_picked":["theSenshi:MoonTwilightFlash","theSenshi:EncouragingSpeech"],"picked":"theSenshi:MoonPrincessHalation","floor":1},{"not_picked":["theSenshi:Sidestep","theSenshi:SailorPlanetAttack"],"picked":"theSenshi:LunasBite","floor":4},{"not_picked":["theSenshi:MoonPrincessHalation","theSenshi:SaturnsMystery"],"picked":"theSenshi:MoonTiaraMagic","floor":5},{"not_picked":["theSenshi:PlutosSolemnity","theSenshi:MoonsReflection"],"picked":"theSenshi:RainbowMoonHeartAche","floor":13}],"player_experience":311766,"relics_obtained":[{"floor":1,"key":"Baka"},{"floor":1,"key":"LetterFromLob"},{"floor":9,"key":"Ornamental Fan"},{"floor":12,"key":"theSenshi:HolyMoonChaliceRelic"}],"event_choices":[{"damage_healed":0,"gold_gain":0,"player_choice":"Ignored","damage_taken":0,"max_hp_gain":0,"max_hp_loss":0,"event_name":"Golden Wing","floor":2,"gold_loss":0},{"cards_removed":["theSenshi:RoseThrow"],"damage_healed":0,"gold_gain":0,"player_choice":"Purged","damage_taken":0,"max_hp_gain":0,"max_hp_loss":0,"event_name":"Purifier","floor":3,"gold_loss":0},{"damage_healed":0,"gold_gain":75,"player_choice":"Gather Gold","damage_taken":11,"max_hp_gain":0,"max_hp_loss":0,"event_name":"World of Goop","floor":11,"gold_loss":0}],"is_beta":false,"boss_relics":[],"items_purged_floors":[],"is_endless":false,"potions_floor_spawned":[1,13],"killed_by":"Fading Forest","ascension_level":1}}