{"host":"o6j8h35axmoodbwy","time":1611746748,"event":{"mods":["2.2 Compatiblity","Act Like it!","BaseMod","Colored Map","Colored Powertips","Gensokyo","Marisa（霧雨　魔理沙）","Minty Spire (QoL Compilation)","Prisma Mod","Quick Restart","Remilia（蕾米莉?）","Shop Mod","StSLib","SuperFastMode","Td1madao Mod"],"gold_per_floor":[113,113,113,73,92,92,122,138,162,181,181,181,191,203,203,277,277,296,313,152,152,152,152,152,152,175,191,491,491,0,19,19,19,19],"floor_reached":33,"language":"JPN","playtime":1390,"items_purged":["Strike_R","Greed_TH"],"score":471,"play_id":"b60e61ca-0503-4e87-b36a-3d3d6b77b4d2","local_time":"20210127202548","is_ascension_mode":true,"campfire_choices":[{"data":"Body Slam","floor":6,"key":"SMITH"},{"data":"Shrug It Off","floor":12,"key":"SMITH"},{"data":"Bash","floor":15,"key":"SMITH"},{"data":"Barricade","floor":23,"key":"SMITH"},{"data":"True Grit","floor":29,"key":"SMITH"},{"floor":32,"key":"REST"}],"circlet_count":0,"master_deck":["AscendersBane","Defend_R","Defend_R","Defend_R","Defend_R","Bash+1","Intimidate","Power Through","Body Slam+1","Whirlwind","Shrug It Off+1","Infernal Blade","Barricade+1","Evolve","Disarm","Shockwave","True Grit+1","Bite","Bite","Bite","Bite","Bite","Pain","Second Wind"],"relics":["Burning Blood","NeowsBlessing","Bag of Marbles","MealTicket","Toy Ornithopter","Mark of Pain","Frozen Egg 2","WarpedTongs","Akabeko"],"acts_visited":["Exordium","TheCity"],"potions_floor_usage":[16,18,33],"damage_taken":[{"damage":0,"enemies":"Small Slimes","floor":1,"turns":1},{"damage":0,"enemies":"Jaw Worm","floor":5,"turns":1},{"damage":0,"enemies":"Gremlin Nob","floor":7,"turns":1},{"damage":3,"enemies":"Cultist","floor":8,"turns":4},{"damage":25,"enemies":"Large Slime","floor":10,"turns":8},{"damage":6,"enemies":"Exordium Wildlife","floor":13,"turns":5},{"damage":5,"enemies":"Red Slaver","floor":14,"turns":3},{"damage":23,"enemies":"The Guardian","floor":16,"turns":13},{"damage":16,"enemies":"Chosen","floor":18,"turns":6},{"damage":9,"enemies":"3 Byrds","floor":19,"turns":6},{"damage":15,"enemies":"Cultist and Chosen","floor":27,"turns":6},{"damage":29,"enemies":"Snecko","floor":31,"turns":5},{"damage":81,"enemies":"Collector","floor":33,"turns":6}],"seed_played":"-3174292463382138140","potions_obtained":[{"floor":8,"key":"GamblersBrew"},{"floor":13,"key":"BlessingOfTheForge"},{"floor":16,"key":"Weak Potion"},{"floor":19,"key":"Block Potion"}],"is_trial":false,"path_per_floor":["M","?","?","$","M","R","E","M","T","M","?","R","M","M","R","B",null,"M","M","$","?","T","R","$","?","T","M","?","R","$","M","R","B"],"character_chosen":"IRONCLAD","items_purchased":["Power Through","Shockwave","True Grit"],"campfire_rested":1,"item_purchase_floors":[4,20,20],"current_hp_per_floor":[78,78,45,45,51,51,57,60,60,41,80,80,80,80,80,68,77,72,69,80,56,56,56,56,56,56,55,55,55,51,35,51,0,0],"gold":19,"neow_bonus":"THREE_ENEMY_KILL","is_daily":false,"chose_seed":false,"campfire_upgraded":5,"win_rate":0.0,"timestamp":1611746748,"path_taken":["M","?","?","?","M","R","E","M","T","M","?","R","M","?","R","BOSS","M","M","$","?","?","R","?","?","T","?","?","R","$","M","R","BOSS"],"items_purchased_type":["Card","Card","Card"],"build_version":"2020-12-22","purchased_purges":2,"victory":false,"max_hp_per_floor":[80,80,80,80,80,80,80,80,80,80,80,80,80,80,80,80,80,80,80,80,56,56,56,56,56,56,56,56,56,56,56,56,56,56],"card_choices":[{"not_picked":["Flex","Twin Strike"],"picked":"Intimidate","floor":1},{"not_picked":["Armaments","Hemokinesis"],"picked":"Body Slam","floor":5},{"not_picked":["Power Through","Bloodletting"],"picked":"Whirlwind","floor":7},{"not_picked":["Warcry","Anger","Clash"],"picked":"SKIP","floor":8},{"not_picked":["Carnage","Sentinel"],"picked":"Shrug It Off","floor":10},{"not_picked":["Dropkick","Perfected Strike"],"picked":"Infernal Blade","floor":13},{"not_picked":["Anger","Wild Strike","Armaments"],"picked":"SKIP","floor":14},{"not_picked":["Feed","Corruption"],"picked":"Barricade","floor":16},{"not_picked":["Reckless Charge+1","Spot Weakness"],"picked":"Evolve","floor":18},{"not_picked":["Clothesline","Twin Strike"],"picked":"Disarm","floor":19},{"not_picked":["Body Slam","Havoc","Clash+1"],"picked":"SKIP","floor":27},{"not_picked":["Warcry+1","Wild Strike"],"picked":"Second Wind","floor":31}],"player_experience":588170,"relics_obtained":[{"floor":7,"key":"MealTicket"},{"floor":9,"key":"Toy Ornithopter"},{"floor":22,"key":"Frozen Egg 2"},{"floor":26,"key":"Akabeko"}],"event_choices":[{"damage_healed":0,"gold_gain":0,"player_choice":"Ignored","damage_taken":0,"max_hp_gain":0,"max_hp_loss":0,"event_name":"Liars Game","floor":2,"gold_loss":0},{"damage_healed":0,"gold_gain":0,"player_choice":"Success","damage_taken":33,"relics_obtained":["Bag of Marbles"],"max_hp_gain":0,"max_hp_loss":0,"event_name":"Scrap Ooze","floor":3,"gold_loss":0},{"damage_healed":39,"gold_gain":0,"player_choice":"Full Heal","damage_taken":0,"max_hp_gain":0,"max_hp_loss":0,"event_name":"Wheel of Change","floor":11,"gold_loss":0},{"damage_healed":0,"gold_gain":0,"player_choice":"Became a vampire","damage_taken":0,"max_hp_gain":0,"max_hp_loss":24,"event_name":"Vampires","floor":21,"gold_loss":0,"cards_obtained":["Bite","Bite","Bite","Bite","Bite"]},{"damage_healed":0,"gold_gain":0,"player_choice":"Rummage","damage_taken":0,"relics_obtained":["WarpedTongs"],"max_hp_gain":0,"max_hp_loss":0,"event_name":"Accursed Blacksmith","floor":25,"gold_loss":0,"cards_obtained":["Pain"]}],"is_beta":false,"boss_relics":[{"not_picked":["Empty Cage","Calling Bell"],"picked":"Mark of Pain"}],"items_purged_floors":[20,30],"is_endless":false,"potions_floor_spawned":[8,13,16,19,27],"killed_by":"Collector","ascension_level":13}}