{"host":"dl909bjyolgrn2uw","time":1611714814,"event":{"mods":["2.2 Compatiblity","AlwaysNeverKeys","BaseMod","Bestiary","Better Altar","Better Note","Better Sensory Stone","Better Skull","Better Vampires","Better-Laid Plans","BetterRewards","Colored Powertips","Curses Come First","Disable Question Mark Monsters","Displayed Cursed Tome","Emptier Cage","Evolution","Minty Spire (QoL Compilation)","Permanent Neow","Quick Restart","Rare Cards Sparkle","Relic Stats","Shop Mod","Spicy Shops","StSLib","SuperFastMode","Transform Curses"],"gold_per_floor":[113,131,131,149,165,165,175,210,210,222,222,250,250,280,280,382,382,396,410,509,525,539,539,539],"floor_reached":23,"language":"ENG","playtime":1790,"items_purged":[],"score":312,"play_id":"3c084d4d-4d0d-40f3-912b-6651ae32849c","local_time":"20210126203334","is_ascension_mode":true,"campfire_choices":[{"data":"Rebound","floor":6.0,"key":"SMITH"},{"floor":11.0,"key":"REST"},{"floor":13.0,"key":"REST"},{"data":"Consume","floor":15,"key":"SMITH"}],"circlet_count":0,"master_deck":["Rebound","Sweeping Beam","Rebound+1","Defend_B","Defend_B","Defend_B","Defend_B","Zap","Dualcast","Compile Driver","Echo Form","Consume+1","Coolheaded","Go for the Eyes","Cold Snap","Electrodynamics","Leap+1","Consume+1","Double Energy"],"relics":["Cracked Core","EVO:Axolotl","Ancient Tea Set","Juzu Bracelet","Gremlin Horn","Dream Catcher","Mango","Inserter"],"acts_visited":["Exordium","TheCity"],"potions_floor_usage":[14,22,23,23],"damage_taken":[{"damage":1.0,"enemies":"2 Louse","floor":1.0,"turns":2.0},{"damage":0.0,"enemies":"Cultist","floor":2.0,"turns":2.0},{"damage":0.0,"enemies":"Small Slimes","floor":4.0,"turns":3.0},{"damage":10.0,"enemies":"2 Fungi Beasts","floor":5.0,"turns":3.0},{"damage":0.0,"enemies":"Gremlin Gang","floor":7.0,"turns":3.0},{"damage":25.0,"enemies":"Gremlin Nob","floor":8.0,"turns":4.0},{"damage":12.0,"enemies":"Exordium Wildlife","floor":10.0,"turns":4.0},{"damage":10.0,"enemies":"Lagavulin","floor":12.0,"turns":7.0},{"damage":10,"enemies":"3 Sentries","floor":14,"turns":4},{"damage":27,"enemies":"Hexaghost","floor":16,"turns":11},{"damage":23,"enemies":"Spheric Guardian","floor":18,"turns":5},{"damage":11,"enemies":"Shell Parasite","floor":19,"turns":10},{"damage":12,"enemies":"Centurion and Healer","floor":21,"turns":5},{"damage":17,"enemies":"Sentry and Sphere","floor":22,"turns":6},{"damage":14,"enemies":"Book of Stabbing","floor":23,"turns":2}],"seed_played":"-3243134496918072901","potions_obtained":[{"floor":5.0,"key":"EssenceOfSteel"},{"floor":10.0,"key":"Strength Potion"},{"floor":12.0,"key":"SpeedPotion"},{"floor":14,"key":"Explosive Potion"},{"floor":16,"key":"PowerPotion"}],"is_trial":false,"path_per_floor":["M","M","?","M","M","R","M","E","T","M","R","E","R","E","R","B",null,"M","M","?","M","M","E"],"character_chosen":"DEFECT","items_purchased":[],"campfire_rested":2,"item_purchase_floors":[],"current_hp_per_floor":[67,67,67,67,57,57,57,32,32,20,42,32,54,58,58,31,75,52,41,41,29,12,0,0],"gold":539,"neow_bonus":"RANDOM_COMMON_RELIC","is_daily":false,"chose_seed":false,"campfire_upgraded":2,"win_rate":0.0,"timestamp":1611714814,"path_taken":["M","M","?","M","M","R","M","E","T","M","R","E","R","E","R","BOSS","M","M","?","M","M","E"],"items_purchased_type":[],"build_version":"2020-12-22","purchased_purges":0,"victory":false,"max_hp_per_floor":[75,75,75,75,75,75,75,75,75,75,75,75,75,89,89,89,89,89,89,89,89,89,89,89],"relic_stats":{"Dream Catcher":1,"Inserter":[14],"Gremlin Horn":[4,4],"counters":[33,129],"Juzu Bracelet":0,"obtain_stats":[{"Ice Cream":19,"Inserter":17,"Singing Bowl":9,"Gremlin Horn":9,"Mango":14,"Pen Nib":24,"Juzu Bracelet":8,"EVO:Axolotl":0,"Letter Opener":26,"Orichalcum":31,"Ancient Tea Set":0,"Du-Vu Doll":12,"Runic Dome":0,"Dream Catcher":12,"MealTicket":7,"Coffee Dripper":0,"Necronomicon":20,"Art of War":27,"Membership Card":19,"Cracked Core":0},{"Ice Cream":12,"Inserter":28,"Singing Bowl":6,"Gremlin Horn":24,"Mango":27,"Pen Nib":14,"Juzu Bracelet":24,"EVO:Axolotl":0,"Letter Opener":14,"Orichalcum":17,"Ancient Tea Set":18,"Du-Vu Doll":8,"Runic Dome":1,"Dream Catcher":26,"MealTicket":6,"Coffee Dripper":0,"Necronomicon":12,"Art of War":15,"Membership Card":12,"Cracked Core":0},{"Ice Cream":38,"Inserter":101,"Singing Bowl":19,"Gremlin Horn":75,"Mango":90,"Pen Nib":45,"Juzu Bracelet":75,"EVO:Axolotl":0,"Letter Opener":45,"Orichalcum":55,"Ancient Tea Set":58,"Du-Vu Doll":23,"Runic Dome":1,"Dream Catcher":86,"MealTicket":19,"Coffee Dripper":0,"Necronomicon":38,"Art of War":48,"Membership Card":38,"Cracked Core":0}]},"card_choices":[{"not_picked":["Beam Cell","Leap"],"picked":"Compile Driver","floor":1.0},{"not_picked":["Go for the Eyes","Redo","Double Energy"],"picked":"SKIP","floor":2.0},{"not_picked":["Sweeping Beam","Sunder","Gash"],"picked":"SKIP","floor":4.0},{"not_picked":["Force Field","Cold Snap"],"picked":"Echo Form","floor":5.0},{"not_picked":["Self Repair","White Noise","Rebound"],"picked":"SKIP","floor":7.0},{"not_picked":["Self Repair","Melter"],"picked":"Consume","floor":8.0},{"not_picked":["Steam","Go for the Eyes","White Noise"],"picked":"SKIP","floor":10.0},{"not_picked":["Steam","Lockon"],"picked":"Coolheaded","floor":12.0},{"not_picked":["Rebound","Beam Cell"],"picked":"Go for the Eyes","floor":13.0},{"not_picked":["Redo","Hologram"],"picked":"Cold Snap","floor":14},{"not_picked":["Echo Form","Hyperbeam"],"picked":"Electrodynamics","floor":16},{"not_picked":["Barrage","Sweeping Beam+1","Rebound"],"picked":"SKIP","floor":18},{"not_picked":["Capacitor","Gash+1"],"picked":"Leap+1","floor":19},{"not_picked":["Fusion+1","Coolheaded"],"picked":"Consume+1","floor":21},{"not_picked":["Gash","Steam"],"picked":"Double Energy","floor":22}],"player_experience":322118,"relics_obtained":[{"floor":8.0,"key":"Juzu Bracelet"},{"floor":9.0,"key":"Gremlin Horn"},{"floor":12.0,"key":"Dream Catcher"},{"floor":14,"key":"Mango"}],"event_choices":[{"cards_removed":["Strike_B"],"damage_healed":0.0,"max_hp_gain":0.0,"max_hp_loss":0.0,"gold_gain":0.0,"event_name":"Purifier","player_choice":"Purged","floor":3.0,"gold_loss":0.0,"damage_taken":0.0},{"damage_healed":0,"gold_gain":99,"player_choice":"Stole From Cult","damage_taken":0,"max_hp_gain":0,"max_hp_loss":0,"event_name":"Nest","floor":20,"gold_loss":0}],"is_beta":false,"boss_relics":[{"not_picked":["Sozu","FrozenCore"],"picked":"Inserter"}],"items_purged_floors":[],"is_endless":false,"potions_floor_spawned":[5,10,12,14,16,18],"killed_by":"Book of Stabbing","ascension_level":9}}