{"host":"vyjryxuuuxkt43k4","time":1611759262,"event":{"mods":["AchievementEnabler","BaseMod","Colored Map","DeckTracker","Keyboard Shortcuts","Minty Spire (QoL Compilation)","Permanent Neow","Quick Restart","Rare Cards Sparkle","StSLib","SuperFastMode","everything is the same but u backflip on backflip"],"gold_per_floor":[410,410,424,438,449,25,25,58,136,136,136],"floor_reached":10,"language":"KOR","playtime":334,"items_purged":["Strike_R"],"score":136,"play_id":"e801a31d-d709-4e6a-bf75-e3cdca53971a","local_time":"20210127235422","is_ascension_mode":true,"campfire_choices":[{"data":"Barricade","floor":7.0,"key":"SMITH"}],"circlet_count":0,"master_deck":["AscendersBane","Strike_R","Strike_R","Strike_R","Strike_R","Defend_R","Defend_R","Defend_R","Defend_R","Bash","Disarm","Infernal Blade","Blood for Blood","Carnage","Flex","Barricade+1","Feel No Pain"],"relics":["Burning Blood","Old Coin","Pocketwatch","OrangePellets","Bag of Marbles","Pantograph"],"acts_visited":["Exordium"],"potions_floor_usage":[],"damage_taken":[{"damage":9.0,"enemies":"2 Louse","floor":1.0,"turns":3.0},{"damage":1.0,"enemies":"Small Slimes","floor":3.0,"turns":4.0},{"damage":7.0,"enemies":"Jaw Worm","floor":4.0,"turns":6.0},{"damage":11.0,"enemies":"Blue Slaver","floor":5.0,"turns":6.0},{"damage":72.0,"enemies":"Lagavulin","floor":8.0,"turns":7.0},{"damage":31,"enemies":"Gremlin Nob","floor":10,"turns":3}],"seed_played":"-6043759710701156845","potions_obtained":[{"floor":4.0,"key":"FairyPotion"},{"floor":8.0,"key":"BloodPotion"}],"is_trial":false,"path_per_floor":["M","?","M","M","M","$","R","E","T","E"],"character_chosen":"IRONCLAD","items_purchased":["OrangePellets","Flex","Barricade"],"campfire_rested":0,"item_purchase_floors":[6,6,6],"current_hp_per_floor":[65,47,52,51,46,46,46,21,21,0,0],"gold":136,"neow_bonus":"ONE_RARE_RELIC","is_daily":false,"chose_seed":false,"campfire_upgraded":1,"win_rate":0.0,"timestamp":1611759262,"path_taken":["M","?","M","M","M","$","R","E","T","E"],"items_purchased_type":["Relic","Card","Card"],"build_version":"2020-12-22","purchased_purges":1,"victory":false,"max_hp_per_floor":[68,68,68,68,68,68,68,68,68,68,68],"card_choices":[{"not_picked":["Havoc","Metallicize"],"picked":"Disarm","floor":1.0},{"not_picked":["Warcry","Headbutt"],"picked":"Infernal Blade","floor":3.0},{"not_picked":["Havoc","Power Through"],"picked":"Blood for Blood","floor":4.0},{"not_picked":["Hemokinesis","Metallicize"],"picked":"Carnage","floor":5.0},{"not_picked":["Hemokinesis","Clash"],"picked":"Feel No Pain","floor":8.0}],"player_experience":421510,"relics_obtained":[{"floor":8.0,"key":"Bag of Marbles"},{"floor":9.0,"key":"Pantograph"}],"event_choices":[{"damage_healed":0.0,"max_hp_gain":0.0,"max_hp_loss":0.0,"gold_gain":0.0,"event_name":"Scrap Ooze","player_choice":"Success","floor":2.0,"gold_loss":0.0,"damage_taken":18.0,"relics_obtained":["Pocketwatch"]}],"is_beta":false,"boss_relics":[],"items_purged_floors":[6],"is_endless":false,"potions_floor_spawned":[4,8],"killed_by":"Gremlin Nob","ascension_level":20}}