{"host":"jmumkimrafwvkspb","time":1611770207,"event":{"mods":["AchievementEnabler","BaseMod","Colored Map","Minty Spire (QoL Compilation)","Replay The Spire","StSLib"],"gold_per_floor":[116,28,48,48,48,48,73,85,85,85,85],"floor_reached":10,"language":"ENG","playtime":438,"items_purged":[],"score":132,"play_id":"1d14b63d-6cda-4854-a9ec-2cbf03c8e059","local_time":"20210127185647","is_ascension_mode":true,"campfire_choices":[{"data":"Eruption","floor":6,"key":"SMITH"}],"circlet_count":0,"master_deck":["AscendersBane","Strike_P","Strike_P","Strike_P","Strike_P","Defend_P","Defend_P","Eruption+1","Pray","LikeWater","BowlingBash","Replay:Battleflow","CrushJoints","EmptyFist","Adaptation","Omniscience"],"relics":["Replay:M_SmolderingBlood","Pocketwatch","Frozen Egg 2"],"acts_visited":["Exordium"],"potions_floor_usage":[10],"damage_taken":[{"damage":0,"enemies":"Cultist","floor":1,"turns":4},{"damage":4,"enemies":"Jaw Worm","floor":3,"turns":3},{"damage":30,"enemies":"Lagavulin","floor":7,"turns":6},{"damage":0,"enemies":"Small Slimes","floor":8,"turns":2},{"damage":10,"enemies":"3 Sentries","floor":10,"turns":2}],"seed_played":"6964423056210396569","potions_obtained":[{"floor":3,"key":"Venom Potion"},{"floor":8,"key":"ColorlessPotion"}],"is_trial":false,"path_per_floor":["M","$","M","?","?","R","E","M","T","E"],"character_chosen":"WATCHER","items_purchased":["Replay:Battleflow"],"campfire_rested":0,"item_purchase_floors":[2],"current_hp_per_floor":[43,43,39,39,39,39,9,9,9,0,0],"gold":85,"neow_bonus":"TRANSFORM_TWO_CARDS","is_daily":false,"chose_seed":false,"campfire_upgraded":1,"win_rate":0.0,"timestamp":1611770207,"path_taken":["M","$","M","?","?","R","E","?","T","E"],"items_purchased_type":["Card"],"build_version":"2020-12-22","purchased_purges":0,"victory":false,"max_hp_per_floor":[68,68,68,68,68,68,68,68,68,68,68],"card_choices":[{"not_picked":["ThirdEye","FollowUp"],"picked":"BowlingBash","floor":1},{"not_picked":["WreathOfFlame","Crescendo"],"picked":"CrushJoints","floor":3},{"not_picked":["Perseverance","Collect"],"picked":"Adaptation","floor":7},{"not_picked":["Replay:AtTheReady","CutThroughFate"],"picked":"Omniscience","floor":8}],"player_experience":1616203,"relics_obtained":[{"floor":7,"key":"Pocketwatch"},{"floor":9,"key":"Frozen Egg 2"}],"event_choices":[{"damage_healed":0,"gold_gain":0,"cards_transformed":["Bash"],"player_choice":"Transformed","damage_taken":0,"max_hp_gain":0,"max_hp_loss":0,"event_name":"Transmorgrifier","floor":5,"gold_loss":0,"cards_obtained":["EmptyFist"]}],"is_beta":false,"boss_relics":[],"items_purged_floors":[],"is_endless":false,"potions_floor_spawned":[3,8],"killed_by":"3 Sentries","ascension_level":20}}