{"host":"sav7uxregyirlf69","time":1611731659,"event":{"mods":["AchievementEnabler","BaseMod","Colored Map","DeckTracker","Keyboard Shortcuts","Minty Spire (QoL Compilation)","READ ME - Guardian Mod","StSLib","SuperFastMode"],"gold_per_floor":[113,133,133,133,2,37,49,49,74,74,74,100,100,110,110,183,183,199,218,218,238,258,283,283,283],"floor_reached":24,"language":"KOR","playtime":346,"items_purged":["Strike_R"],"score":602,"play_id":"fa003bf9-f330-48fc-aed1-01b00a0cd4e6","local_time":"20210127161419","is_ascension_mode":true,"campfire_choices":[{"data":"Fire Breathing","floor":8,"key":"SMITH"},{"data":"Warcry","floor":10,"key":"SMITH"},{"data":"Wild Strike","floor":15,"key":"SMITH"}],"circlet_count":0,"master_deck":["AscendersBane","Strike_R","Strike_R","Strike_R","Defend_R","Defend_R","Defend_R","Defend_R","Bash","Carnage+1","Warcry+1","Shrug It Off","Wild Strike+1","Fire Breathing+1","Impervious","Battle Trance","Power Through"],"relics":["Burning Blood","NeowsBlessing","Nunchaku","Boot","Art of War","SlaversCollar","Girya"],"acts_visited":["Exordium","TheCity"],"potions_floor_usage":[12,16,21],"damage_taken":[{"damage":0,"enemies":"Cultist","floor":1,"turns":1},{"damage":0,"enemies":"Small Slimes","floor":2,"turns":1},{"damage":0,"enemies":"Gremlin Nob","floor":6,"turns":1},{"damage":1,"enemies":"2 Louse","floor":7,"turns":2},{"damage":25,"enemies":"3 Sentries","floor":12,"turns":5},{"damage":6,"enemies":"Looter","floor":14,"turns":2},{"damage":0,"enemies":"Slime Boss","floor":16,"turns":4},{"damage":14,"enemies":"2 Thieves","floor":18,"turns":3},{"damage":1,"enemies":"3 Byrds","floor":19,"turns":4},{"damage":24,"enemies":"Snake Plant","floor":21,"turns":3},{"damage":12,"enemies":"Cultist and Chosen","floor":22,"turns":5},{"damage":56,"enemies":"Book of Stabbing","floor":23,"turns":6},{"damage":13,"enemies":"Snecko","floor":24,"turns":2}],"seed_played":"-1354817007656885508","potions_obtained":[{"floor":1,"key":"DuplicationPotion"},{"floor":2,"key":"ColorlessPotion"},{"floor":14,"key":"PowerPotion"},{"floor":18,"key":"BloodPotion"},{"floor":21,"key":"BlessingOfTheForge"}],"is_trial":false,"path_per_floor":["M","M","?","?","$","E","M","R","T","R","$","E","?","M","R","B",null,"M","M","?","M","M","E","M"],"character_chosen":"IRONCLAD","items_purchased":["Shrug It Off"],"campfire_rested":0,"item_purchase_floors":[5],"current_hp_per_floor":[74,75,68,68,68,74,75,75,75,75,75,56,56,56,56,62,72,64,69,69,66,60,10,0,0],"gold":283,"neow_bonus":"THREE_ENEMY_KILL","is_daily":false,"chose_seed":false,"campfire_upgraded":3,"win_rate":0.0,"timestamp":1611731659,"path_taken":["M","?","?","?","$","E","M","R","T","R","$","E","?","M","R","BOSS","M","M","?","M","M","E","M"],"items_purchased_type":["Card"],"build_version":"2020-12-22","purchased_purges":1,"victory":false,"max_hp_per_floor":[75,75,75,75,75,75,75,75,75,75,75,75,75,75,75,75,75,75,75,75,75,75,75,75,75],"card_choices":[{"not_picked":["Intimidate","Reckless Charge"],"picked":"Carnage","floor":1},{"not_picked":["Combust","True Grit"],"picked":"Warcry","floor":2},{"not_picked":["Clothesline","Infernal Blade"],"picked":"Wild Strike","floor":6},{"not_picked":["Burning Pact","Searing Blow"],"picked":"Fire Breathing","floor":7},{"not_picked":["Flex","Impervious","Entrench"],"picked":"SKIP","floor":12},{"not_picked":["True Grit","Wild Strike","Warcry"],"picked":"SKIP","floor":14},{"not_picked":["Limit Break","Exhume"],"picked":"Impervious","floor":16},{"not_picked":["Wild Strike","Headbutt","Shrug It Off"],"picked":"SKIP","floor":18},{"not_picked":["Headbutt","Twin Strike","Ghostly Armor"],"picked":"SKIP","floor":19},{"not_picked":["Perfected Strike","Armaments","Flex"],"picked":"SKIP","floor":21},{"not_picked":["Battle Trance","Hemokinesis"],"picked":"Power Through","floor":22},{"not_picked":["Seeing Red","Blood for Blood","Entrench"],"picked":"SKIP","floor":23}],"player_experience":1390279,"relics_obtained":[{"floor":6,"key":"Nunchaku"},{"floor":9,"key":"Boot"},{"floor":12,"key":"Art of War"},{"floor":23,"key":"Girya"}],"event_choices":[{"cards_removed":["Strike_R"],"damage_healed":0,"gold_gain":0,"player_choice":"Card Removal","damage_taken":7,"max_hp_gain":0,"max_hp_loss":0,"event_name":"Golden Wing","floor":3,"gold_loss":0},{"damage_healed":0,"gold_gain":0,"player_choice":"Grow","damage_taken":0,"max_hp_gain":0,"max_hp_loss":0,"event_name":"Living Wall","floor":4,"gold_loss":0,"cards_upgraded":["Carnage"]},{"damage_healed":0,"gold_gain":0,"player_choice":"Ignored","damage_taken":0,"max_hp_gain":0,"max_hp_loss":0,"event_name":"Liars Game","floor":13,"gold_loss":0},{"damage_healed":0,"gold_gain":0,"player_choice":"Read","damage_taken":0,"max_hp_gain":0,"max_hp_loss":0,"event_name":"The Library","floor":20,"gold_loss":0,"cards_obtained":["Battle Trance"]}],"is_beta":false,"boss_relics":[{"not_picked":["Black Blood","Velvet Choker"],"picked":"SlaversCollar"}],"items_purged_floors":[5],"is_endless":false,"potions_floor_spawned":[1,2,7,14,18,21,22],"killed_by":"Snecko","ascension_level":20}}