{"host":"0kk91h4bq4kgfj0u","time":1611706343,"event":{"mods":["BaseMod","Minty Spire (QoL Compilation)","StSLib"],"gold_per_floor":[115,135,135,135,146,176,176,206,230,250,250,250,267,21,21,118,118,108,108,108,122,134,185,185,220,220,10,26,26,26,26,26,131,131,147,147,0,0,0,0,15,26,26,36,36,0,0,17,17,17,17],"floor_reached":50,"language":"ENG","playtime":1748,"items_purged":[],"score":625,"play_id":"5e5bf533-5536-4857-a4f5-724c54c7a08b","local_time":"20210126191223","is_ascension_mode":true,"campfire_choices":[{"floor":7.0,"key":"REST"},{"floor":15.0,"key":"REST"},{"floor":24,"key":"REST"},{"floor":32,"key":"REST"},{"data":"Apotheosis","floor":40,"key":"SMITH"},{"floor":45,"key":"REST"},{"floor":49,"key":"REST"}],"circlet_count":0,"master_deck":["Strike_P+1","Strike_P+1","Strike_P+1","Strike_P+1","Defend_P+1","Defend_P+1","Defend_P+1","Defend_P+1","Eruption+1","Vigilance","Wallop+1","Protect","WheelKick","MentalFortress","Wireheading","Conclude","Consecrate","LikeWater","Apotheosis+1","Evaluate","FearNoEvil","Ragnarok","CurseOfTheBell","EmptyFist","ForeignInfluence","Halt","Judgement","MentalFortress","ReachHeaven+1","FollowUp","SashWhip+1","Aggregate","Reboot","Sucker Punch","Master of Strategy","Cloak And Dagger+1","Flying Knee+1","Ball Lightning","Poisoned Stab","Quick Slash+1"],"relics":["PureWater","Dream Catcher","Happy Flower","Odd Mushroom","Strawberry","Membership Card","Calling Bell","Omamori","Pear","TungstenRod","HornCleat","Blood Vial","Sundial","Mummified Hand","PrismaticShard","Red Mask","Pantograph"],"acts_visited":["Exordium","TheCity","TheBeyond"],"potions_floor_usage":[18,23,25,28,33,44,48,48],"damage_taken":[{"damage":0.0,"enemies":"2 Louse","floor":1.0,"turns":2.0},{"damage":0.0,"enemies":"Small Slimes","floor":2.0,"turns":4.0},{"damage":1.0,"enemies":"Cultist","floor":5.0,"turns":3.0},{"damage":43.0,"enemies":"Gremlin Nob","floor":6.0,"turns":6.0},{"damage":15.0,"enemies":"The Mushroom Lair","floor":8.0,"turns":4.0},{"damage":8.0,"enemies":"Blue Slaver","floor":10.0,"turns":3.0},{"damage":0.0,"enemies":"2 Fungi Beasts","floor":13.0,"turns":2.0},{"damage":34.0,"enemies":"The Guardian","floor":16.0,"turns":12.0},{"damage":23,"enemies":"2 Thieves","floor":18,"turns":5},{"damage":10,"enemies":"Shell Parasite","floor":21,"turns":5},{"damage":11,"enemies":"Sentry and Sphere","floor":22,"turns":6},{"damage":34,"enemies":"Gremlin Leader","floor":23,"turns":5},{"damage":12,"enemies":"Book of Stabbing","floor":25,"turns":3},{"damage":16,"enemies":"Centurion and Healer","floor":28,"turns":6},{"damage":35,"enemies":"Collector","floor":33,"turns":10},{"damage":16,"enemies":"3 Shapes","floor":35,"turns":4},{"damage":23,"enemies":"3 Darklings","floor":41,"turns":5},{"damage":0,"enemies":"Sphere and 2 Shapes","floor":42,"turns":2},{"damage":52,"enemies":"Jaw Worm Horde","floor":44,"turns":5},{"damage":49,"enemies":"Maw","floor":48,"turns":10},{"damage":104,"enemies":"Time Eater","floor":50,"turns":8}],"seed_played":"4629632910322409635","potions_obtained":[{"floor":2.0,"key":"SteroidPotion"},{"floor":5.0,"key":"Explosive Potion"},{"floor":6.0,"key":"Energy Potion"},{"floor":10.0,"key":"CultistPotion"},{"floor":18,"key":"Weak Potion"},{"floor":23,"key":"Ambrosia"},{"floor":25,"key":"GamblersBrew"},{"floor":28,"key":"FairyPotion"},{"floor":33,"key":"ColorlessPotion"},{"floor":44,"key":"Energy Potion"},{"floor":48,"key":"LiquidMemories"}],"is_trial":false,"path_per_floor":["M","M","?","?","M","E","R","?","T","M","?","$","M","$","R","B",null,"M","?","?","M","M","E","R","E","T","$","M","$","?","?","R","B",null,"M","?","?","$","?","R","M","M","T","M","R","$","?","M","R","B"],"character_chosen":"WATCHER","items_purchased":["Membership Card","Apotheosis","Evaluate","Mummified Hand","PrismaticShard","FollowUp","StancePotion"],"campfire_rested":6,"item_purchase_floors":[14,14,14,27,27,27,46],"current_hp_per_floor":[72,72,77,77,76,33,56,41,48,40,40,40,40,40,65,31,94,71,71,71,61,50,16,44,32,32,32,18,18,18,49,77,44,94,78,78,78,78,78,78,57,59,59,9,37,37,61,14,42,0,0],"gold":17,"neow_bonus":"RANDOM_COMMON_RELIC","is_daily":false,"chose_seed":false,"campfire_upgraded":1,"win_rate":0.0,"timestamp":1611706343,"path_taken":["M","M","?","?","?","E","R","?","T","M","?","?","M","$","R","BOSS","M","?","?","M","M","E","R","E","T","?","M","$","?","?","R","BOSS","M","?","?","?","?","R","M","M","T","M","R","$","?","M","R","BOSS"],"items_purchased_type":["Relic","Card","Card","Relic","Relic","Card","Potion"],"build_version":"2020-12-22","purchased_purges":0,"victory":false,"max_hp_per_floor":[72,72,77,77,77,77,77,77,84,84,84,84,84,84,84,84,94,94,94,94,94,94,94,94,94,94,94,94,94,94,94,94,94,94,94,94,94,94,94,94,94,94,94,94,94,94,94,94,94,94,94],"card_choices":[{"not_picked":["FlyingSleeves","Adaptation"],"picked":"Wallop","floor":1.0},{"not_picked":["FearNoEvil","FlurryOfBlows"],"picked":"Protect","floor":2.0},{"not_picked":["SashWhip","Wallop"],"picked":"WheelKick","floor":5.0},{"not_picked":["Evaluate","Adaptation"],"picked":"MentalFortress","floor":6.0},{"not_picked":["Fasting2","FlyingSleeves"],"picked":"Wireheading","floor":7.0},{"not_picked":["Evaluate","SashWhip"],"picked":"Conclude","floor":8.0},{"not_picked":["BowlingBash","SashWhip"],"picked":"Consecrate","floor":10.0},{"not_picked":["Judgement","PathToVictory"],"picked":"LikeWater","floor":13.0},{"not_picked":["Swivel","PathToVictory"],"picked":"FearNoEvil","floor":15.0},{"not_picked":["Omniscience","LessonLearned"],"picked":"Ragnarok","floor":16.0},{"not_picked":["ThirdEye","ClearTheMind+1"],"picked":"EmptyFist","floor":18},{"not_picked":["Brilliance","PathToVictory+1"],"picked":"ForeignInfluence","floor":21},{"not_picked":["Collect","FlyingSleeves"],"picked":"Halt","floor":22},{"not_picked":["CrushJoints","InnerPeace+1"],"picked":"Judgement","floor":23},{"not_picked":["JustLucky","PathToVictory+1"],"picked":"MentalFortress","floor":24},{"not_picked":["EmptyFist","Pray"],"picked":"ReachHeaven+1","floor":25},{"not_picked":["Purity","Evaluate"],"picked":"SashWhip+1","floor":28},{"not_picked":["Caltrops","Ball Lightning"],"picked":"Aggregate","floor":32},{"not_picked":["Creative AI","Phantasmal Killer"],"picked":"Reboot","floor":33},{"not_picked":["PanicButton","WheelKick+1"],"picked":"Sucker Punch","floor":35},{"not_picked":["Finesse","Flash of Steel"],"picked":"Master of Strategy","floor":39},{"not_picked":["Deflect","JustLucky"],"picked":"Cloak And Dagger+1","floor":41},{"not_picked":["Chaos+1","Crescendo"],"picked":"Flying Knee+1","floor":42},{"not_picked":["Wild Strike","CrushJoints+1"],"picked":"Ball Lightning","floor":44},{"not_picked":["Gash","Heavy Blade+1"],"picked":"Poisoned Stab","floor":45},{"not_picked":["Hologram+1","PathToVictory","The Bomb"],"picked":"SKIP","floor":48},{"not_picked":["Wild Strike","True Grit+1"],"picked":"Quick Slash+1","floor":49}],"player_experience":808365,"relics_obtained":[{"floor":6.0,"key":"Happy Flower"},{"floor":8.0,"key":"Odd Mushroom"},{"floor":9.0,"key":"Strawberry"},{"floor":17,"key":"Omamori"},{"floor":17,"key":"Pear"},{"floor":17,"key":"TungstenRod"},{"floor":23,"key":"HornCleat"},{"floor":25,"key":"Blood Vial"},{"floor":26,"key":"Sundial"},{"floor":43,"key":"Pantograph"}],"event_choices":[{"damage_healed":0.0,"max_hp_gain":5.0,"max_hp_loss":0.0,"gold_gain":0.0,"event_name":"Big Fish","player_choice":"Donut","floor":3.0,"gold_loss":0.0,"damage_taken":0.0},{"damage_healed":0.0,"max_hp_gain":0.0,"max_hp_loss":0.0,"gold_gain":0.0,"event_name":"Upgrade Shrine","player_choice":"Upgraded","floor":4.0,"gold_loss":0.0,"damage_taken":0.0,"cards_upgraded":["Eruption"]},{"damage_healed":0.0,"max_hp_gain":0.0,"max_hp_loss":0.0,"gold_gain":0.0,"event_name":"Mushrooms","player_choice":"Fought Mushrooms","floor":8.0,"gold_loss":0.0,"damage_taken":0.0},{"damage_healed":0.0,"max_hp_gain":0.0,"max_hp_loss":0.0,"gold_gain":0.0,"event_name":"Living Wall","player_choice":"Grow","floor":11.0,"gold_loss":0.0,"damage_taken":0.0,"cards_upgraded":["Wallop"]},{"damage_healed":0,"gold_gain":0,"player_choice":"Ignored","damage_taken":0,"max_hp_gain":0,"max_hp_loss":0,"event_name":"Ghosts","floor":19,"gold_loss":0},{"damage_healed":0,"gold_gain":0,"player_choice":"Ignored","damage_taken":0,"max_hp_gain":0,"max_hp_loss":0,"event_name":"Vampires","floor":20,"gold_loss":0},{"damage_healed":0,"gold_gain":0,"player_choice":"Simplicity","damage_taken":0,"max_hp_gain":0,"max_hp_loss":0,"event_name":"Back to Basics","floor":30,"gold_loss":0,"cards_upgraded":["Strike_P","Strike_P","Strike_P","Strike_P","Defend_P","Defend_P","Defend_P","Defend_P"]},{"damage_healed":31,"gold_gain":0,"player_choice":"Heal","damage_taken":0,"max_hp_gain":0,"max_hp_loss":0,"event_name":"The Library","floor":31,"gold_loss":0},{"damage_healed":0,"gold_gain":0,"player_choice":"Ignored","damage_taken":0,"max_hp_gain":0,"max_hp_loss":0,"event_name":"Mysterious Sphere","floor":36,"gold_loss":0},{"damage_healed":0,"gold_gain":0,"player_choice":"Paid","damage_taken":0,"relics_obtained":["Red Mask"],"max_hp_gain":0,"max_hp_loss":0,"event_name":"Tomb of Lord Red Mask","floor":37,"gold_loss":147},{"damage_healed":0,"gold_gain":0,"player_choice":"Memory 1","damage_taken":0,"max_hp_gain":0,"max_hp_loss":0,"event_name":"SensoryStone","floor":39,"gold_loss":0},{"damage_healed":24,"gold_gain":0,"player_choice":"Writhe","damage_taken":0,"max_hp_gain":0,"max_hp_loss":0,"event_name":"Winding Halls","floor":47,"gold_loss":0,"cards_obtained":["Writhe"]}],"is_beta":false,"boss_relics":[{"not_picked":["Ectoplasm","Runic Pyramid"],"picked":"Calling Bell"},{"not_picked":["Coffee Dripper","Busted Crown","Runic Dome"]}],"items_purged_floors":[],"is_endless":false,"potions_floor_spawned":[2,5,6,10,18,23,25,28,33,44,48],"killed_by":"Time Eater","ascension_level":3}}