{"host":"rolltorest","time":1611717784,"event":{"mods":["BaseMod","Jorbs\u0027s Wanderer Trilogy","Koishi","Minty Spire (QoL Compilation)","Relic Stats","Robot Space Explorer","Slay the Relics Exporter","StSLib","The Servant 0.9.4"],"gold_per_floor":[111,111,111,127,48,74,86,118,118,118,144,219,231,103,103,177,177,187,187,203,214,53,90,90,119,143,143,187,217,271,333,345,443,455,484,496,57,81,33,69,69,98,144,182,203,227,227,227],"floor_reached":47,"language":"ENG","playtime":1998,"items_purged":["stsjorbsmod:Strike_Wanderer"],"score":1247,"play_id":"e1a8a1aa-4ca8-4be7-9088-f5396a057feb","local_time":"20210126192304","is_ascension_mode":true,"campfire_choices":[{"data":"stsjorbsmod:TollTheDead","floor":10,"key":"SMITH"},{"floor":15,"key":"REST"},{"floor":24,"key":"REST"},{"data":"stsjorbsmod:Entangle","floor":27,"key":"SMITH"},{"floor":32,"key":"REST"},{"floor":41,"key":"REST"}],"circlet_count":0,"master_deck":["AscendersBane","stsjorbsmod:ForbiddenGrimoire+1","stsjorbsmod:Strike_Wanderer","stsjorbsmod:Defend_Wanderer","stsjorbsmod:Defend_Wanderer","stsjorbsmod:Defend_Wanderer","stsjorbsmod:Defend_Wanderer","stsjorbsmod:FreshAdventure+1","stsjorbsmod:EyeOfTheStorm","stsjorbsmod:ArcaneForm","stsjorbsmod:ArcaneWeapon","stsjorbsmod:TollTheDead+1","stsjorbsmod:Mindworm","stsjorbsmod:FlameWard","stsjorbsmod:Patron+1","stsjorbsmod:ChainLightning+1","stsjorbsmod:Pyromancy","stsjorbsmod:TrueStrike+1","stsjorbsmod:GatherPower","stsjorbsmod:TrueStrike+1","stsjorbsmod:HedgeWizard+1","stsjorbsmod:RayOfFrost+1","stsjorbsmod:Prestidigitation+1","stsjorbsmod:Entangle+1","stsjorbsmod:HoldMonster","stsjorbsmod:UnseenServant","stsjorbsmod:Prepare","stsjorbsmod:ChatteringStrike+1","stsjorbsmod:Trauma+1","stsjorbsmod:BlackTentacles+1","stsjorbsmod:WanderingMind","stsjorbsmod:LocateObject","stsjorbsmod:MageArmor","stsjorbsmod:LoseGrip+1","stsjorbsmod:LocateObject+1","stsjorbsmod:WeightOfMemory+1"],"relics":["stsjorbsmod:GrimoireRelic","Lantern","Molten Egg 2","Regal Pillow","Letter Opener","SlaversCollar","Toolbox","CeramicFish","MawBank","Peace Pipe","Strawberry","Fusion Hammer","Lee\u0027s Waffle","White Beast Statue","Mercury Hourglass","Akabeko","Happy Flower"],"acts_visited":["Exordium","TheCity","TheBeyond"],"potions_floor_usage":[6,6,11,21,33,38,42,44,47],"damage_taken":[{"damage":1,"enemies":"Cultist","floor":1,"turns":4},{"damage":3,"enemies":"Jaw Worm","floor":4,"turns":4},{"damage":17,"enemies":"3 Sentries","floor":6,"turns":7},{"damage":0,"enemies":"2 Louse","floor":7,"turns":2},{"damage":12,"enemies":"Gremlin Nob","floor":8,"turns":4},{"damage":8,"enemies":"3 Sentries","floor":11,"turns":6},{"damage":4,"enemies":"Exordium Thugs","floor":13,"turns":4},{"damage":3,"enemies":"Slime Boss","floor":16,"turns":7},{"damage":24,"enemies":"2 Thieves","floor":18,"turns":4},{"damage":5,"enemies":"3 Byrds","floor":20,"turns":4},{"damage":14,"enemies":"Snake Plant","floor":21,"turns":3},{"damage":5,"enemies":"Gremlin Leader","floor":23,"turns":7},{"damage":0,"enemies":"3 Cultists","floor":25,"turns":4},{"damage":23,"enemies":"Slavers","floor":28,"turns":4},{"damage":18,"enemies":"Book of Stabbing","floor":30,"turns":5},{"damage":24,"enemies":"Automaton","floor":33,"turns":7},{"damage":18,"enemies":"3 Darklings","floor":35,"turns":4},{"damage":44,"enemies":"3 Shapes","floor":38,"turns":5},{"damage":0,"enemies":"Nemesis","floor":40,"turns":5},{"damage":21,"enemies":"Maw","floor":42,"turns":5},{"damage":36,"enemies":"Reptomancer","floor":44,"turns":3},{"damage":0,"enemies":"Sphere and 2 Shapes","floor":45,"turns":4},{"damage":18,"enemies":"Transient","floor":46,"turns":6},{"damage":35,"enemies":"Giant Head","floor":47,"turns":6}],"seed_played":"-9008793287301135640","potions_obtained":[{"floor":1,"key":"Fire Potion"},{"floor":4,"key":"AttackPotion"},{"floor":8,"key":"Energy Potion"},{"floor":13,"key":"Fruit Juice"},{"floor":18,"key":"Energy Potion"},{"floor":23,"key":"Explosive Potion"},{"floor":33,"key":"SneckoOil"},{"floor":38,"key":"GamblersBrew"},{"floor":42,"key":"SkillPotion"},{"floor":44,"key":"Weak Potion"},{"floor":46,"key":"PowerPotion"}],"is_trial":false,"path_per_floor":["M","?","?","M","$","E","M","E","T","R","E","?","M","$","R","B",null,"M","?","M","M","$","E","R","M","T","R","E","?","E","T","R","B",null,"M","?","$","M","$","E","R","M","T","E","M","M","E"],"character_chosen":"WANDERER","items_purchased":["stsjorbsmod:TollTheDead","stsjorbsmod:TrueStrike+1","Toolbox","Lee\u0027s Waffle","White Beast Statue","stsjorbsmod:WanderingMind"],"campfire_rested":4,"item_purchase_floors":[5,14,22,37,37,39],"current_hp_per_floor":[61,66,66,68,68,52,56,48,48,48,44,33,33,33,68,69,69,46,46,47,34,34,34,70,71,71,71,55,55,42,49,80,66,80,66,66,92,52,52,57,92,76,76,40,46,33,0,0],"gold":227,"neow_bonus":"ONE_RANDOM_RARE_CARD","is_daily":false,"chose_seed":false,"campfire_upgraded":2,"win_rate":0.0,"timestamp":1611717784,"path_taken":["M","?","?","?","$","E","M","E","T","R","E","?","M","?","R","BOSS","M","?","?","M","$","E","R","M","T","R","E","?","E","?","R","BOSS","M","?","$","M","$","E","R","M","T","E","M","M","E"],"items_purchased_type":["Card","Card","Relic","Relic","Relic","Card"],"build_version":"2020-12-18","purchased_purges":1,"victory":false,"max_hp_per_floor":[64,69,69,69,69,69,69,69,69,69,69,69,69,69,69,69,69,69,69,71,71,71,71,71,71,71,71,73,73,73,80,80,85,85,85,85,92,92,92,92,92,92,92,92,92,92,92,92],"relic_stats":{"Peace Pipe":0,"Regal Pillow":45,"Lee\u0027s Waffle":26,"Happy Flower":[5],"counters":[24,114],"CeramicFish":126,"Letter Opener":[169],"MawBank":108,"obtain_stats":[{"Lantern":6,"Regal Pillow":9,"Lee\u0027s Waffle":37,"Happy Flower":44,"CeramicFish":23,"stsjorbsmod:GrimoireRelic":0,"Letter Opener":11,"MawBank":28,"White Beast Statue":37,"Akabeko":43,"Mercury Hourglass":40,"Peace Pipe":30,"SlaversCollar":17,"Strawberry":31,"Toolbox":22,"Molten Egg 2":8,"Fusion Hammer":34},{"Lantern":3,"Regal Pillow":5,"Lee\u0027s Waffle":17,"Happy Flower":21,"CeramicFish":12,"stsjorbsmod:GrimoireRelic":0,"Letter Opener":6,"MawBank":14,"White Beast Statue":17,"Akabeko":20,"Mercury Hourglass":19,"Peace Pipe":15,"SlaversCollar":8,"Strawberry":15,"Toolbox":11,"Molten Egg 2":5,"Fusion Hammer":16},{"Lantern":15,"Regal Pillow":21,"Lee\u0027s Waffle":80,"Happy Flower":98,"CeramicFish":56,"stsjorbsmod:GrimoireRelic":0,"Letter Opener":27,"MawBank":64,"White Beast Statue":80,"Akabeko":95,"Mercury Hourglass":90,"Peace Pipe":69,"SlaversCollar":38,"Strawberry":69,"Toolbox":49,"Molten Egg 2":21,"Fusion Hammer":76}],"Mercury Hourglass":[93]},"card_choices":[{"not_picked":["stsjorbsmod:AnimateObjects","stsjorbsmod:Mending"],"picked":"stsjorbsmod:Materialize","floor":1},{"not_picked":["stsjorbsmod:Counterspell","stsjorbsmod:Hibernate"],"picked":"stsjorbsmod:ArcaneWeapon","floor":4},{"not_picked":["stsjorbsmod:Hurt","stsjorbsmod:Materialize"],"picked":"stsjorbsmod:Mindworm","floor":6},{"not_picked":["stsjorbsmod:Channel","stsjorbsmod:MistyStep"],"picked":"stsjorbsmod:FlameWard","floor":7},{"not_picked":["stsjorbsmod:RefuseToForget","stsjorbsmod:LocateObject"],"picked":"stsjorbsmod:Patron+1","floor":8},{"not_picked":["stsjorbsmod:Hurt+1","stsjorbsmod:Rest"],"picked":"stsjorbsmod:ChainLightning+1","floor":11},{"not_picked":["stsjorbsmod:Will","stsjorbsmod:Hibernate"],"picked":"stsjorbsmod:Pyromancy","floor":13},{"not_picked":["stsjorbsmod:Determination","stsjorbsmod:Banish"],"picked":"stsjorbsmod:GatherPower","floor":16},{"not_picked":["stsjorbsmod:FranticSearch","stsjorbsmod:Aid","stsjorbsmod:Rest"],"picked":"SKIP","floor":18},{"not_picked":["stsjorbsmod:Thorns","stsjorbsmod:TollTheDead+1"],"picked":"stsjorbsmod:HedgeWizard+1","floor":20},{"not_picked":["stsjorbsmod:BurningFlask","stsjorbsmod:WeightOfMemory+1"],"picked":"stsjorbsmod:RayOfFrost+1","floor":21},{"not_picked":["stsjorbsmod:Introspection","stsjorbsmod:WanderingMind"],"picked":"stsjorbsmod:Prestidigitation+1","floor":23},{"not_picked":["stsjorbsmod:Rest","stsjorbsmod:DoubleCheck"],"picked":"stsjorbsmod:Entangle","floor":25},{"not_picked":["stsjorbsmod:LocateObject","stsjorbsmod:RayOfFrost+1"],"picked":"stsjorbsmod:HoldMonster","floor":28},{"not_picked":["stsjorbsmod:WeightOfMemory+1","stsjorbsmod:RayOfFrost+1"],"picked":"stsjorbsmod:ChatteringStrike+1","floor":30},{"not_picked":["stsjorbsmod:Rediscovery","stsjorbsmod:IvoryTower"],"picked":"stsjorbsmod:Trauma+1","floor":33},{"not_picked":["stsjorbsmod:TrueStrike+1","stsjorbsmod:ChatteringStrike+1","stsjorbsmod:DisguiseSelf"],"picked":"SKIP","floor":35},{"not_picked":["stsjorbsmod:FaerieFire+1","stsjorbsmod:Aid"],"picked":"stsjorbsmod:BlackTentacles+1","floor":38},{"not_picked":["stsjorbsmod:WanderingMind","stsjorbsmod:TollTheDead+1"],"picked":"stsjorbsmod:LocateObject","floor":40},{"not_picked":["stsjorbsmod:DisguiseSelf","stsjorbsmod:DoubleCheck"],"picked":"stsjorbsmod:MageArmor","floor":42},{"not_picked":["stsjorbsmod:Stalwart","stsjorbsmod:Hibernate"],"picked":"stsjorbsmod:LoseGrip+1","floor":44},{"not_picked":["stsjorbsmod:FracturedMind+1","stsjorbsmod:Firebolt+1"],"picked":"stsjorbsmod:LocateObject+1","floor":45},{"not_picked":["stsjorbsmod:Message","stsjorbsmod:MagicMirror"],"picked":"stsjorbsmod:WeightOfMemory+1","floor":46}],"player_experience":2242493,"relics_obtained":[{"floor":6,"key":"Lantern"},{"floor":8,"key":"Molten Egg 2"},{"floor":9,"key":"Regal Pillow"},{"floor":11,"key":"Letter Opener"},{"floor":23,"key":"CeramicFish"},{"floor":28,"key":"MawBank"},{"floor":30,"key":"Peace Pipe"},{"floor":31,"key":"Strawberry"},{"floor":40,"key":"Mercury Hourglass"},{"floor":43,"key":"Akabeko"},{"floor":44,"key":"Happy Flower"}],"event_choices":[{"damage_healed":0,"gold_gain":0,"player_choice":"Donut","damage_taken":0,"max_hp_gain":5,"max_hp_loss":0,"event_name":"Big Fish","floor":2,"gold_loss":0},{"damage_healed":0,"gold_gain":0,"player_choice":"Upgraded","damage_taken":0,"max_hp_gain":0,"max_hp_loss":0,"event_name":"Upgrade Shrine","floor":3,"gold_loss":0,"cards_upgraded":["stsjorbsmod:FreshAdventure"]},{"damage_healed":0,"gold_gain":75,"player_choice":"Gather Gold","damage_taken":11,"max_hp_gain":0,"max_hp_loss":0,"event_name":"World of Goop","floor":12,"gold_loss":0},{"damage_healed":0,"gold_gain":0,"player_choice":"Copied","damage_taken":0,"max_hp_gain":0,"max_hp_loss":0,"event_name":"Duplicator","floor":19,"gold_loss":0,"cards_obtained":["stsjorbsmod:TrueStrike"]},{"damage_healed":0,"gold_gain":0,"cards_transformed":["stsjorbsmod:Strike_Wanderer","stsjorbsmod:Strike_Wanderer"],"player_choice":"Became Test Subject","damage_taken":0,"max_hp_gain":0,"max_hp_loss":0,"event_name":"Drug Dealer","floor":29,"gold_loss":0,"cards_obtained":["stsjorbsmod:UnseenServant","stsjorbsmod:Prepare"]},{"cards_removed":["stsjorbsmod:Materialize"],"damage_healed":0,"gold_gain":0,"player_choice":"Removed Skill","damage_taken":0,"max_hp_gain":0,"max_hp_loss":0,"event_name":"Falling","floor":36,"gold_loss":0}],"is_beta":true,"boss_relics":[{"not_picked":["Ectoplasm","Velvet Choker"],"picked":"SlaversCollar"},{"not_picked":["Runic Pyramid","Tiny House"],"picked":"Fusion Hammer"}],"items_purged_floors":[14],"is_endless":false,"potions_floor_spawned":[1,4,8,13,18,23,33,38,40,42,44,45,46],"killed_by":"Giant Head","ascension_level":20}}