{"host":"820xk69ekh5gtclf","time":1611715134,"event":{"mods":["BaseMod","Custom Start","Downfall","Hermit","Minty Spire (QoL Compilation)","StSLib"],"gold_per_floor":[99,111,128,148,162,182,182,182,182,182,215,54,74,59,69,166,166,66,78,94,11,11,40,40,40,55,55,137,162,62,92,109,209,209,209,229,229,242,242,262,287,287,187,197,214,229,229,262,273,273,273,302,33,33,33,33],"floor_reached":57,"language":"ENG","playtime":5526,"items_purged":["Regret","bronze:Strike"],"score":1586,"play_id":"4a87ea79-c14a-452a-b62c-4842e58cc4c7","local_time":"20210126213854","is_ascension_mode":true,"campfire_choices":[{"floor":1.0,"key":"RECALL"},{"data":"bronze:FineTuning","floor":8.0,"key":"SMITH"},{"data":"bronze:Safeguard","floor":10.0,"key":"SMITH"},{"data":"bronze:FineTuning","floor":18.0,"key":"SMITH"},{"data":"bronze:FindAndReplace","floor":25,"key":"SMITH"},{"data":"bronze:FindAndReplace","floor":27,"key":"SMITH"},{"floor":30,"key":"REST"},{"data":"bronze:Library","floor":35,"key":"SMITH"},{"data":"bronze:Return","floor":43,"key":"SMITH"},{"data":"bronze:Frontload","floor":47,"key":"SMITH"},{"data":"bronze:Goto","floor":54,"key":"SMITH"}],"circlet_count":0,"master_deck":["bronze:Defend","bronze:Defend","bronze:Defend","bronze:Defend","bronze:Replicate","bronze:Goto+1","bronze:Flail","bronze:FineTuning+1","bronze:FineTuning+1","bronze:FindAndReplace+1","bronze:NullPointer","bronze:NullPointer","bronze:ChildClass","bronze:DigitalCarnage","bronze:Library+1","bronze:Safeguard","bronze:Return+1","bronze:Frontload+1","bronze:Flail","bronze:FindAndReplace+1","expansioncontent:QuickStudy+1","bronze:FunctionCard","bronze:HardenedForm+1","bronze:HardenedForm+1","bronze:Verify+1","bronze:Terminator+1","bronze:Return+1","Clumsy","bronze:Frontload+1","bronze:Repulsor+1"],"relics":["bronze:BronzeCore","Eternal Feather","Toolbox","bronze:MakeshiftBattery","downfall:HeartBlessingRed","Nloth\u0027s Gift","Mango","Toxic Egg 2","Frozen Egg 2","downfall:HeartBlessingGreen","Happy Flower","Cursed Key","downfall:HeartBlessingBlue","Letter Opener","Blood Vial"],"acts_visited":["Exordium","TheCity","TheBeyond","TheEnding"],"potions_floor_usage":[23,56,56,56,56,56,56],"damage_taken":[{"damage":3.0,"enemies":"2 Louse","floor":2.0,"turns":3.0},{"damage":0.0,"enemies":"Cultist","floor":3.0,"turns":2.0},{"damage":0.0,"enemies":"Small Slimes","floor":4.0,"turns":2.0},{"damage":17.0,"enemies":"Exordium Thugs","floor":5.0,"turns":4.0},{"damage":0.0,"enemies":"Lots of Slimes","floor":6.0,"turns":1.0},{"damage":2.0,"enemies":"3 Sentries","floor":11.0,"turns":3.0},{"damage":11.0,"enemies":"downfall:FleeingMerchant","floor":12.0,"turns":4.0},{"damage":2.0,"enemies":"Red Slaver","floor":13.0,"turns":3.0},{"damage":12.0,"enemies":"downfall:FleeingMerchant","floor":14.0,"turns":4.0},{"damage":5.0,"enemies":"2 Fungi Beasts","floor":15.0,"turns":2.0},{"damage":30.0,"enemies":"SI_SHIV_ARCHETYPE","floor":16.0,"turns":9.0},{"damage":37.0,"enemies":"Chosen","floor":19.0,"turns":6.0},{"damage":6.0,"enemies":"Cultist and Chosen","floor":20.0,"turns":4.0},{"damage":11.0,"enemies":"downfall:FleeingMerchant","floor":21.0,"turns":4.0},{"damage":0,"enemies":"Slavers","floor":23,"turns":1},{"damage":0,"enemies":"Shelled Parasite and Fungi","floor":26,"turns":2},{"damage":2,"enemies":"downfall:FleeingMerchant","floor":28,"turns":4},{"damage":59,"enemies":"Book of Stabbing","floor":29,"turns":7},{"damage":0,"enemies":"Slavers","floor":31,"turns":1},{"damage":0,"enemies":"Snake Plant","floor":32,"turns":2},{"damage":0,"enemies":"DF_ARCHETYPE_CLAW","floor":33,"turns":5},{"damage":0,"enemies":"Orb Walker","floor":36,"turns":1},{"damage":8,"enemies":"3 Shapes","floor":38,"turns":4},{"damage":0,"enemies":"3 Darklings","floor":40,"turns":2},{"damage":14,"enemies":"Transient","floor":44,"turns":5},{"damage":0,"enemies":"Sphere and 2 Shapes","floor":45,"turns":1},{"damage":3,"enemies":"Writhing Mass","floor":46,"turns":2},{"damage":0,"enemies":"Reptomancer","floor":48,"turns":4},{"damage":3,"enemies":"4 Shapes","floor":49,"turns":6},{"damage":0,"enemies":"WA_ARCHETYPE_DIVINITY","floor":50,"turns":8},{"damage":0,"enemies":"downfall:CharBossMerchant","floor":52,"turns":6},{"damage":15,"enemies":"downfall:NeowBoss","floor":55,"turns":14},{"damage":54,"enemies":"downfall:NeowBossFinal","floor":56,"turns":10}],"seed_played":"-1632207599641987466","potions_obtained":[{"floor":2.0,"key":"Energy Potion"},{"floor":4.0,"key":"Block Potion"},{"floor":5.0,"key":"SpeedPotion"},{"floor":16.0,"key":"DuplicationPotion"},{"floor":23,"key":"Explosive Potion"},{"floor":29,"key":"PowerPotion"},{"floor":32,"key":"EssenceOfSteel"},{"floor":33,"key":"bronze:BuildAFunctionPotion"},{"floor":42,"key":"EntropicBrew"},{"floor":42,"key":"Block Potion"},{"floor":42,"key":"CultistPotion"}],"is_trial":false,"path_per_floor":["R","M","M","M","M","M","T","R","?","R","E","$","M","$","M","B",null,"R","M","M","$","?","E","T","R","M","R","$","E","R","E","M","B",null,"R","M","?","M","$","M","T","?","R","M","M","M","R","E","M","B",null,"E","$","R","B","B",null],"character_chosen":"THE_AUTOMATON","items_purchased":["Toolbox","bronze:Flail","expansioncontent:QuickStudy","bronze:Frontload+1","bronze:Repulsor+1","SkillPotion"],"campfire_rested":1,"item_purchase_floors":[12,21,28,53,53,53],"current_hp_per_floor":[77,74,74,74,57,57,57,66,66,75,73,62,60,48,43,13,77,77,40,34,23,23,37,37,52,52,67,65,6,48,48,48,48,91,91,91,101,93,93,93,93,93,111,97,97,94,109,109,106,106,111,111,111,111,96,44],"gold":33,"neow_bonus":"TEN_PERCENT_HP_BONUS","is_daily":false,"chose_seed":false,"campfire_upgraded":9,"win_rate":0.0,"timestamp":1611715134,"path_taken":["R","M","M","M","M","M","T","R","?","R","E","$","?","$","M","BOSS","R","M","M","$","?","E","T","R","M","R","?","E","R","E","M","BOSS","R","M","?","?","?","M","T","?","R","M","M","?","R","E","M","BOSS","E","$","R","BOSS","BOSS"],"items_purchased_type":["Relic","Card","Card","Card","Card","Potion"],"build_version":"2020-12-22","purchased_purges":2,"victory":true,"max_hp_per_floor":[77,77,77,77,77,77,77,77,77,77,77,77,77,77,77,77,77,77,77,77,77,77,91,91,91,91,91,91,91,91,91,91,91,91,91,91,101,101,101,101,101,101,111,111,111,111,111,111,111,111,111,111,111,111,111,111],"card_choices":[{"not_picked":["bronze:Constructor","bronze:DelayedGuard"],"picked":"bronze:Flail","floor":2.0},{"not_picked":["bronze:OilSpill","bronze:Overheat"],"picked":"bronze:Flail","floor":3.0},{"not_picked":["bronze:DelayedGuard","bronze:Branch"],"picked":"bronze:Safeguard","floor":4.0},{"not_picked":["bronze:ThunderWave","bronze:CloningBeam"],"picked":"bronze:FineTuning","floor":5.0},{"not_picked":["bronze:Shield","bronze:Turbo"],"picked":"bronze:FineTuning","floor":6.0},{"not_picked":["bronze:Deprecate","bronze:ClassDefault","bronze:BronzeOrb"],"picked":"SKIP","floor":11.0},{"not_picked":["bronze:WildBeam","bronze:Constructor"],"picked":"bronze:NullPointer","floor":12.0},{"not_picked":["bronze:Deprecate","bronze:Iterate","bronze:Allocate"],"picked":"SKIP","floor":13.0},{"not_picked":["bronze:DigitalCarnage","bronze:ChosenStrike"],"picked":"bronze:ChildClass","floor":14.0},{"not_picked":["bronze:DelayedGuard","bronze:BurnOut"],"picked":"bronze:DigitalCarnage","floor":15.0},{"not_picked":["bronze:HyperBeam","bronze:ThunderWave"],"picked":"bronze:Library","floor":16.0},{"not_picked":["bronze:InfiniteBeams","bronze:CutThrough"],"picked":"bronze:Safeguard","floor":19.0},{"not_picked":["bronze:Invalidate","bronze:BronzeOrb"],"picked":"bronze:Return","floor":20.0},{"not_picked":["bronze:FollowUp","bronze:ChildClass"],"picked":"bronze:Frontload","floor":21.0},{"not_picked":["bronze:Frontload+1","bronze:HardenedForm"],"picked":"bronze:FindAndReplace","floor":23},{"not_picked":["bronze:Overheat+1","bronze:ForLoop+1"],"picked":"bronze:Flail","floor":26},{"not_picked":["bronze:Deprecate+1","bronze:WildBeam"],"picked":"bronze:Hardcode","floor":28},{"not_picked":["bronze:Virus","bronze:Repair+1"],"picked":"bronze:HardenedForm+1","floor":29},{"not_picked":["bronze:Philosophize+1","bronze:Mutator+1"],"picked":"bronze:HardenedForm+1","floor":31},{"not_picked":["bronze:Invalidate+1","bronze:Iterate","bronze:BronzeOrb"],"picked":"SKIP","floor":32},{"not_picked":["bronze:HardenedForm+1","bronze:BurnOut"],"picked":"bronze:Verify+1","floor":33},{"not_picked":["bronze:BitShift+1","bronze:Invalidate+1","bronze:Overheat"],"picked":"SKIP","floor":36},{"not_picked":["bronze:CloningBeam","bronze:Philosophize+1"],"picked":"bronze:Terminator+1","floor":38},{"not_picked":["bronze:Iterate","bronze:BugBarrage"],"picked":"bronze:Return+1","floor":40},{"not_picked":["bronze:BugBarrage","bronze:DarkDash+1","bronze:ItsAFeature+1"],"picked":"SKIP","floor":44},{"not_picked":["bronze:Turbo+1","bronze:WildBeam","bronze:DelayedSlice+1"],"picked":"SKIP","floor":45},{"not_picked":["bronze:ChosenStrike+1","bronze:Repulsor+1","bronze:Branch+1"],"picked":"SKIP","floor":46},{"not_picked":["bronze:Iterate+1","bronze:HyperBeam","bronze:Shield+1"],"picked":"SKIP","floor":48},{"not_picked":["bronze:Invalidate+1","bronze:Overheat+1","bronze:WildBeam+1"],"picked":"SKIP","floor":49},{"not_picked":["bronze:Repair+1","bronze:BronzeArmor+1","bronze:Repulsor+1"],"picked":"SKIP","floor":52}],"player_experience":2402328,"relics_obtained":[{"floor":7.0,"key":"Eternal Feather"},{"floor":11.0,"key":"Potion Belt"},{"floor":23,"key":"Mango"},{"floor":24,"key":"Toxic Egg 2"},{"floor":29,"key":"Frozen Egg 2"},{"floor":31,"key":"Happy Flower"},{"floor":48,"key":"Letter Opener"},{"floor":52,"key":"Blood Vial"}],"event_choices":[{"cards_removed":["bronze:ShipIt"],"damage_healed":0,"gold_gain":0,"player_choice":"Offered Rare","damage_taken":0,"max_hp_gain":10,"max_hp_loss":0,"event_name":"Bonfire Elementals","floor":37,"gold_loss":0},{"damage_healed":0,"gold_gain":0,"player_choice":"Got Potions","damage_taken":0,"max_hp_gain":0,"max_hp_loss":0,"event_name":"Lab","floor":42,"gold_loss":0}],"is_beta":false,"boss_relics":[{"not_picked":["Philosopher\u0027s Stone","Sozu"],"picked":"bronze:MakeshiftBattery"},{"not_picked":["Runic Pyramid","bronze:PlatinumCore"],"picked":"Cursed Key"}],"items_purged_floors":[28,53],"is_endless":false,"potions_floor_spawned":[2,4,5,16,23,29,32,33,36,46,48,49,52],"ascension_level":2}}