{"host":"pq8o62wp0h1hflf3","time":1611773502,"event":{"mods":["BaseMod","Colored Map","Minty Spire (QoL Compilation)","Relic Stats","ojb\u0027s Info Mod"],"gold_per_floor":[114,114,114,129,46,75,75,75,144,179,198,523,523,557,557,630,630,648,648,648,662,674,701,713,469,469,488,513,528,542,492,492,566,566,580,597,329,354,354,388,388,407,407,438,438,79,128,154,154,154,154,154,154,4,35,35,35],"floor_reached":56,"language":"ENG","playtime":4194,"items_purged":["Strike_R","Clash","Strike_R","Strike_R"],"score":2127,"play_id":"442e01fe-38d7-46a7-95ea-842df084597b","local_time":"20210127135142","is_ascension_mode":true,"campfire_choices":[{"data":"Immolate","floor":7.0,"key":"SMITH"},{"data":"Fiend Fire","floor":13.0,"key":"SMITH"},{"data":"Uppercut","floor":15.0,"key":"SMITH"},{"data":"Armaments","floor":32.0,"key":"SMITH"},{"data":"Impervious","floor":41.0,"key":"SMITH"},{"floor":49,"key":"RECALL"},{"data":"Feel No Pain","floor":53,"key":"SMITH"}],"circlet_count":0,"master_deck":["AscendersBane","Strike_R","Strike_R","Defend_R","Defend_R","Defend_R","Defend_R","Bash","Twin Strike","True Grit+1","Immolate+1","Bludgeon","Thunderclap","Fiend Fire+1","Uppercut+1","Burning Pact","Demon Form","Armaments+1","Impervious+1","Dual Wield+1","Impervious","Shrug It Off","Shrug It Off+1","Feel No Pain+1","Apotheosis","Sword Boomerang+1"],"relics":["Burning Blood","Akabeko","Pantograph","Shuriken","Gremlin Horn","InkBottle","Old Coin","Mercury Hourglass","SlaversCollar","Centennial Puzzle","Vajra","Gambling Chip","Orichalcum","Snecko Eye","DollysMirror","Dead Branch","Sundial","Meat on the Bone","StoneCalendar","Happy Flower","Bottled Flame"],"acts_visited":["Exordium","TheCity","TheBeyond","TheEnding"],"potions_floor_usage":[48,56,56],"damage_taken":[{"damage":1.0,"enemies":"Cultist","floor":1.0,"turns":3.0},{"damage":0.0,"enemies":"2 Louse","floor":4.0,"turns":2.0},{"damage":8.0,"enemies":"3 Sentries","floor":6.0,"turns":7.0},{"damage":0.0,"enemies":"Gremlin Nob","floor":10.0,"turns":2.0},{"damage":0.0,"enemies":"Small Slimes","floor":11.0,"turns":1.0},{"damage":7.0,"enemies":"3 Sentries","floor":12.0,"turns":4.0},{"damage":0.0,"enemies":"Gremlin Nob","floor":14.0,"turns":2.0},{"damage":2.0,"enemies":"Slime Boss","floor":16.0,"turns":6.0},{"damage":19.0,"enemies":"2 Thieves","floor":18.0,"turns":3.0},{"damage":1.0,"enemies":"Chosen","floor":21.0,"turns":4.0},{"damage":29.0,"enemies":"Snake Plant","floor":22.0,"turns":3.0},{"damage":23.0,"enemies":"Slavers","floor":23.0,"turns":4.0},{"damage":8.0,"enemies":"Snecko","floor":24.0,"turns":3.0},{"damage":0.0,"enemies":"Chosen and Byrds","floor":27.0,"turns":4.0},{"damage":7.0,"enemies":"Gremlin Leader","floor":28.0,"turns":2.0},{"damage":17.0,"enemies":"Shelled Parasite and Fungi","floor":29.0,"turns":2.0},{"damage":0.0,"enemies":"Snake Plant","floor":30.0,"turns":1.0},{"damage":67.0,"enemies":"Automaton","floor":33.0,"turns":7.0},{"damage":0.0,"enemies":"3 Shapes","floor":35.0,"turns":3.0},{"damage":0.0,"enemies":"3 Darklings","floor":36.0,"turns":3.0},{"damage":6.0,"enemies":"Mind Bloom Boss Battle","floor":38.0,"turns":4.0},{"damage":52.0,"enemies":"Giant Head","floor":40.0,"turns":6.0},{"damage":0.0,"enemies":"4 Shapes","floor":42.0,"turns":1.0},{"damage":0,"enemies":"Reptomancer","floor":44,"turns":2},{"damage":0,"enemies":"2 Orb Walkers","floor":47,"turns":2},{"damage":13,"enemies":"Nemesis","floor":48,"turns":5},{"damage":15,"enemies":"Donu and Deca","floor":50,"turns":3},{"damage":25,"enemies":"Time Eater","floor":51,"turns":6},{"damage":1,"enemies":"Shield and Spear","floor":55,"turns":3},{"damage":86,"enemies":"The Heart","floor":56,"turns":8}],"seed_played":"3373802662283006324","potions_obtained":[{"floor":6.0,"key":"EssenceOfSteel"},{"floor":10.0,"key":"BlessingOfTheForge"},{"floor":11.0,"key":"PowerPotion"},{"floor":12.0,"key":"Block Potion"},{"floor":22.0,"key":"Explosive Potion"},{"floor":24.0,"key":"Dexterity Potion"},{"floor":28.0,"key":"Fire Potion"},{"floor":30.0,"key":"Ancient Potion"},{"floor":33.0,"key":"Dexterity Potion"},{"floor":48,"key":"LiquidBronze"}],"is_trial":false,"path_per_floor":["M","$","?","M","$","E","R","?","T","E","M","E","R","E","R","B",null,"M","?","?","M","M","E","M","$","T","M","E","M","M","?","R","B",null,"M","M","$","?","?","E","R","M","T","E","?","$","?","E","R","B","B",null,"R","$","E","B"],"character_chosen":"IRONCLAD","items_purchased":["True Grit","SkillPotion","Vajra","DollysMirror","Feel No Pain","Apotheosis"],"campfire_rested":0,"item_purchase_floors":[5,5,25,37,46,46],"current_hp_per_floor":[73,73,62,68,68,66,66,66,66,72,75,74,74,75,75,75,75,62,41,90,90,67,50,48,48,48,54,53,42,48,48,48,12,71,77,83,83,90,85,39,39,45,45,51,51,51,57,50,50,66,66,80,80,80,85,0,0],"gold":35,"neow_bonus":"RANDOM_COMMON_RELIC","is_daily":false,"chose_seed":false,"campfire_upgraded":6,"win_rate":0.0,"timestamp":1611773502,"path_taken":["M","?","?","M","$","E","R","?","T","E","M","E","R","E","R","BOSS","M","?","?","M","M","E","M","$","T","M","E","M","?","?","R","BOSS","M","M","$","?","?","E","R","M","T","E","?","$","?","E","R","BOSS","BOSS","R","$","E","BOSS"],"items_purchased_type":["Card","Potion","Relic","Relic","Card","Card"],"build_version":"2020-12-22","purchased_purges":4,"victory":false,"max_hp_per_floor":[75,75,75,75,75,75,75,75,75,75,75,75,75,75,75,75,75,75,80,90,90,90,90,90,90,90,90,90,90,90,90,90,90,90,90,90,90,90,85,85,85,85,85,85,85,85,85,85,85,85,85,85,85,85,85,85,85],"relic_stats":{"Gremlin Horn":[26,26],"Happy Flower":[6],"counters":[30,106],"Dead Branch":[121],"StoneCalendar":[52],"Orichalcum":[54],"Burning Blood":157,"Mercury Hourglass":[353],"Centennial Puzzle":[33],"Shuriken":[19],"Sundial":[4],"Pantograph":76,"Gambling Chip":[69],"Snecko Eye":[110,97,101,105],"obtain_stats":[{"Gremlin Horn":9,"Happy Flower":48,"Dead Branch":38,"Vajra":25,"StoneCalendar":47,"Orichalcum":28,"Burning Blood":0,"Akabeko":0,"Old Coin":12,"Mercury Hourglass":14,"SlaversCollar":17,"Centennial Puzzle":23,"Bottled Flame":55,"Shuriken":6,"DollysMirror":37,"Sundial":40,"Pantograph":3,"Gambling Chip":26,"Snecko Eye":34,"InkBottle":10,"Meat on the Bone":44},{"Gremlin Horn":3,"Happy Flower":26,"Dead Branch":21,"Vajra":13,"StoneCalendar":25,"Orichalcum":15,"Burning Blood":0,"Akabeko":0,"Old Coin":6,"Mercury Hourglass":7,"SlaversCollar":8,"Centennial Puzzle":12,"Bottled Flame":29,"Shuriken":3,"DollysMirror":20,"Sundial":22,"Pantograph":1,"Gambling Chip":13,"Snecko Eye":18,"InkBottle":4,"Meat on the Bone":24},{"Gremlin Horn":12,"Happy Flower":86,"Dead Branch":70,"Vajra":44,"StoneCalendar":81,"Orichalcum":50,"Burning Blood":0,"Akabeko":0,"Old Coin":19,"Mercury Hourglass":21,"SlaversCollar":27,"Centennial Puzzle":41,"Bottled Flame":98,"Shuriken":12,"DollysMirror":66,"Sundial":76,"Pantograph":3,"Gambling Chip":44,"Snecko Eye":60,"InkBottle":14,"Meat on the Bone":79}],"InkBottle":[31],"Meat on the Bone":0},"card_choices":[{"not_picked":["Perfected Strike","Heavy Blade"],"picked":"Twin Strike","floor":1.0},{"not_picked":["Armaments","Rupture"],"picked":"Clash","floor":4.0},{"not_picked":["Iron Wave","Heavy Blade"],"picked":"Immolate","floor":6.0},{"not_picked":["Flex","Fire Breathing"],"picked":"Bludgeon","floor":10.0},{"not_picked":["Hemokinesis","Headbutt"],"picked":"Thunderclap","floor":11.0},{"not_picked":["Iron Wave","Ghostly Armor"],"picked":"Fiend Fire","floor":12.0},{"not_picked":["Bloodletting","Searing Blow"],"picked":"Uppercut","floor":14.0},{"not_picked":["Immolate","Exhume"],"picked":"Limit Break","floor":16.0},{"not_picked":["Heavy Blade","True Grit","Clothesline"],"picked":"SKIP","floor":18.0},{"not_picked":["Searing Blow","Body Slam","Wild Strike"],"picked":"SKIP","floor":21.0},{"not_picked":["Twin Strike+1","Carnage"],"picked":"Burning Pact","floor":22.0},{"not_picked":["Flex","True Grit","Combust"],"picked":"SKIP","floor":23.0},{"not_picked":["Iron Wave","Twin Strike","Juggernaut"],"picked":"SKIP","floor":24.0},{"not_picked":["Havoc","Burning Pact","Thunderclap"],"picked":"SKIP","floor":27.0},{"not_picked":["Body Slam","Feel No Pain"],"picked":"Demon Form","floor":28.0},{"not_picked":["Metallicize","Rage","True Grit"],"picked":"SKIP","floor":29.0},{"not_picked":["Flex","Heavy Blade+1"],"picked":"Armaments","floor":30.0},{"not_picked":["Fiend Fire","Berserk"],"picked":"Impervious","floor":33.0},{"not_picked":["Anger","Clash"],"picked":"Dual Wield+1","floor":35.0},{"not_picked":["Reckless Charge+1","Entrench+1","Thunderclap+1"],"picked":"SKIP","floor":36.0},{"not_picked":["Entrench+1","Body Slam+1","Burning Pact"],"picked":"SKIP","floor":40.0},{"not_picked":["Spot Weakness","Iron Wave"],"picked":"Shrug It Off","floor":42.0},{"not_picked":["Immolate","Intimidate"],"picked":"Shrug It Off+1","floor":44},{"not_picked":["Thunderclap","Carnage","Metallicize"],"picked":"SKIP","floor":48},{"not_picked":["Body Slam","Clothesline"],"picked":"Sword Boomerang+1","floor":55}],"player_experience":1167281,"relics_obtained":[{"floor":6.0,"key":"Shuriken"},{"floor":9.0,"key":"Gremlin Horn"},{"floor":10.0,"key":"InkBottle"},{"floor":12.0,"key":"Old Coin"},{"floor":14.0,"key":"Mercury Hourglass"},{"floor":23.0,"key":"Centennial Puzzle"},{"floor":26.0,"key":"Gambling Chip"},{"floor":28.0,"key":"Orichalcum"},{"floor":38.0,"key":"Dead Branch"},{"floor":40.0,"key":"Sundial"},{"floor":44,"key":"Meat on the Bone"},{"floor":47,"key":"StoneCalendar"},{"floor":48,"key":"Happy Flower"},{"floor":55,"key":"Bottled Flame"}],"event_choices":[{"damage_healed":0.0,"max_hp_gain":0.0,"max_hp_loss":0.0,"gold_gain":0.0,"event_name":"Scrap Ooze","player_choice":"Success","floor":3.0,"gold_loss":0.0,"damage_taken":11.0,"relics_obtained":["Pantograph"]},{"damage_healed":0.0,"max_hp_gain":0.0,"max_hp_loss":0.0,"gold_gain":0.0,"event_name":"Living Wall","player_choice":"Grow","floor":8.0,"gold_loss":0.0,"damage_taken":0.0,"cards_upgraded":["True Grit"]},{"damage_healed":0.0,"max_hp_gain":5.0,"max_hp_loss":0.0,"gold_gain":0.0,"event_name":"Forgotten Altar","player_choice":"Shed Blood","floor":19.0,"gold_loss":0.0,"damage_taken":26.0},{"cards_removed":["Limit Break"],"damage_healed":39.0,"max_hp_gain":10.0,"max_hp_loss":0.0,"gold_gain":0.0,"event_name":"Bonfire Elementals","player_choice":"Offered Rare","floor":20.0,"gold_loss":0.0,"damage_taken":0.0},{"damage_healed":0.0,"max_hp_gain":0.0,"max_hp_loss":0.0,"gold_gain":0.0,"event_name":"The Joust","player_choice":"Bet on Owner","floor":31.0,"gold_loss":50.0,"damage_taken":0.0},{"damage_healed":0.0,"max_hp_gain":0.0,"max_hp_loss":0.0,"gold_gain":0.0,"event_name":"MindBloom","player_choice":"Fight","floor":38.0,"gold_loss":0.0,"damage_taken":0.0},{"damage_healed":0.0,"max_hp_gain":0.0,"max_hp_loss":5.0,"gold_gain":0.0,"event_name":"Winding Halls","player_choice":"Max HP","floor":39.0,"gold_loss":0.0,"damage_taken":0.0},{"damage_healed":0,"gold_gain":0,"player_choice":"Ignored","damage_taken":0,"max_hp_gain":0,"max_hp_loss":0,"event_name":"Tomb of Lord Red Mask","floor":45,"gold_loss":0},{"damage_healed":0,"gold_gain":0,"player_choice":"Fight","damage_taken":0,"max_hp_gain":0,"max_hp_loss":0,"event_name":"Mysterious Sphere","floor":47,"gold_loss":0}],"is_beta":false,"boss_relics":[{"not_picked":["Sozu","SacredBark"],"picked":"SlaversCollar"},{"not_picked":["Cursed Key","Velvet Choker"],"picked":"Snecko Eye"}],"items_purged_floors":[25,37,46,54],"is_endless":false,"potions_floor_spawned":[6,10,11,12,16,22,24,28,30,33,35,40,47,48],"killed_by":"The Heart","ascension_level":20}}