{"host":"pnjthw6sukprvbcr","time":1611709977,"event":{"mods":["AchievementEnabler","BaseMod","Block Reminder","Highlight Path","Minty Spire (QoL Compilation)","Relic Stats"],"gold_per_floor":[113,124,124,143,158,158,193,193,218,218,229,246,266,266,266,371,421,436,436,452,62,62,62,62,75,102,128,128,144,155,155,155,260,260,277,293,86,134,153,153,170,188,211,211,228,278,305,7,7,7,7,7,7,34,34,34],"floor_reached":55,"language":"ENG","playtime":7140,"items_purged":["Writhe","Strike_G","Strike_G"],"score":746,"play_id":"aae30849-cdd0-4612-9e8e-b294cc954029","local_time":"20210126201257","is_ascension_mode":false,"campfire_choices":[{"floor":6,"key":"RECALL"},{"floor":8,"key":"REST"},{"floor":10,"key":"REST"},{"data":"Dash","floor":15,"key":"SMITH"},{"floor":23,"key":"REST"},{"data":"Blade Dance","floor":28,"key":"SMITH"},{"data":"Accuracy","floor":32,"key":"SMITH"},{"floor":40,"key":"REST"},{"floor":44,"key":"REST"},{"floor":49,"key":"REST"},{"data":"Accuracy","floor":52,"key":"SMITH"}],"circlet_count":0,"master_deck":["Strike_G+1","Strike_G","Defend_G","Defend_G","Defend_G","Defend_G","Survivor","Neutralize","Heel Hook","Escape Plan","Infinite Blades","Sucker Punch","Accuracy","Bouncing Flask","Dash+1","PiercingWail","Tools of the Trade","Blade Dance+1","Unload","Accuracy+1","Caltrops","Accuracy+1","Adrenaline","Prepared+1","Cloak And Dagger","Blade Dance+1","Backflip+1","Blade Dance+1","Cloak And Dagger","Deflect+1","Expertise+1","Blur","Accuracy+1","Escape Plan"],"relics":["Ring of the Snake","NeowsBlessing","Bronze Scales","Smiling Mask","Tiny House","Bird Faced Urn","HornCleat","Blood Vial","Pear","Empty Cage","DollysMirror","Calipers","Strawberry","Gambling Chip","Vajra","Kunai","The Specimen"],"acts_visited":["Exordium","TheCity","TheBeyond","TheEnding"],"potions_floor_usage":[16,20,25,33,38,42,45,46,47],"damage_taken":[{"damage":0,"enemies":"2 Louse","floor":1,"turns":1},{"damage":0,"enemies":"Small Slimes","floor":2,"turns":1},{"damage":0,"enemies":"Jaw Worm","floor":4,"turns":1},{"damage":5,"enemies":"Large Slime","floor":5,"turns":6},{"damage":48,"enemies":"3 Sentries","floor":7,"turns":8},{"damage":6,"enemies":"3 Louse","floor":11,"turns":3},{"damage":22,"enemies":"Exordium Wildlife","floor":12,"turns":5},{"damage":0,"enemies":"Blue Slaver","floor":13,"turns":4},{"damage":19,"enemies":"Slime Boss","floor":16,"turns":10},{"damage":14,"enemies":"Shell Parasite","floor":18,"turns":6},{"damage":13,"enemies":"Spheric Guardian","floor":20,"turns":4},{"damage":5,"enemies":"Cultist and Chosen","floor":25,"turns":6},{"damage":47,"enemies":"Book of Stabbing","floor":27,"turns":6},{"damage":3,"enemies":"Chosen and Byrds","floor":29,"turns":5},{"damage":25,"enemies":"Snake Plant","floor":30,"turns":4},{"damage":44,"enemies":"Collector","floor":33,"turns":10},{"damage":15,"enemies":"3 Shapes","floor":35,"turns":5},{"damage":17,"enemies":"3 Darklings","floor":36,"turns":4},{"damage":50,"enemies":"2 Orb Walkers","floor":38,"turns":6},{"damage":50,"enemies":"4 Shapes","floor":39,"turns":5},{"damage":8,"enemies":"Sphere and 2 Shapes","floor":41,"turns":4},{"damage":34,"enemies":"Transient","floor":42,"turns":5},{"damage":3,"enemies":"Jaw Worm Horde","floor":45,"turns":4},{"damage":2,"enemies":"Mind Bloom Boss Battle","floor":46,"turns":5},{"damage":19,"enemies":"Reptomancer","floor":47,"turns":5},{"damage":83,"enemies":"Awakened One","floor":50,"turns":11},{"damage":41,"enemies":"Shield and Spear","floor":54,"turns":6},{"damage":164,"enemies":"The Heart","floor":55,"turns":8}],"seed_played":"2520235938476639909","potions_obtained":[{"floor":4,"key":"FairyPotion"},{"floor":11,"key":"CunningPotion"},{"floor":12,"key":"SneckoOil"},{"floor":16,"key":"FairyPotion"},{"floor":17,"key":"EssenceOfSteel"},{"floor":20,"key":"Fire Potion"},{"floor":30,"key":"AttackPotion"},{"floor":33,"key":"Strength Potion"},{"floor":38,"key":"GhostInAJar"},{"floor":42,"key":"Fruit Juice"},{"floor":45,"key":"Weak Potion"},{"floor":46,"key":"ColorlessPotion"}],"is_trial":false,"path_per_floor":["M","M","?","M","M","R","E","R","T","R","M","M","M","?","R","B",null,"M","?","M","$","?","R","?","M","T","E","R","M","M","?","R","B",null,"M","M","$","?","M","R","M","M","T","R","M","?","E","$","R","B",null,"R","$","E","B"],"character_chosen":"THE_SILENT","items_purchased":["Caltrops","HornCleat","DollysMirror","Kunai"],"campfire_rested":6,"item_purchase_floors":[21,21,37,48],"current_hp_per_floor":[70,70,58,58,53,53,5,26,26,47,41,19,19,42,42,23,75,61,61,52,52,52,74,60,63,63,36,36,45,30,60,60,30,90,84,75,75,33,20,47,45,22,29,59,70,74,63,63,93,24,102,102,102,67,0,0],"gold":34,"neow_bonus":"THREE_ENEMY_KILL","is_daily":false,"chose_seed":false,"campfire_upgraded":4,"win_rate":0.0,"timestamp":1611709977,"path_taken":["M","M","?","M","M","R","E","R","T","R","M","M","M","?","R","BOSS","M","?","M","$","?","R","?","M","T","E","R","M","M","?","R","BOSS","M","M","$","?","M","R","M","M","T","R","M","?","E","$","R","BOSS","R","$","E","BOSS"],"items_purchased_type":["Card","Relic","Relic","Relic"],"build_version":"2020-12-22","purchased_purges":3,"victory":false,"max_hp_per_floor":[70,70,70,70,70,70,70,70,70,70,70,70,70,70,70,70,75,75,75,75,75,75,75,80,80,80,90,90,90,90,90,90,90,90,90,90,90,90,90,90,90,95,102,102,102,102,102,102,102,102,102,102,102,102,102,102],"relic_stats":{"Blood Vial":28,"counters":[28,148],"Bronze Scales":[560],"Bird Faced Urn":[135],"Gambling Chip":[12],"Kunai":[17],"Smiling Mask":150,"obtain_stats":[{"Tiny House":17,"Pear":27,"Calipers":38,"NeowsBlessing":0,"The Specimen":54,"Vajra":47,"Smiling Mask":7,"Empty Cage":34,"Blood Vial":26,"HornCleat":21,"DollysMirror":37,"Bronze Scales":3,"Bird Faced Urn":19,"Strawberry":43,"Gambling Chip":46,"Kunai":48,"Ring of the Snake":0},{"Tiny House":9,"Pear":13,"Calipers":19,"NeowsBlessing":0,"The Specimen":27,"Vajra":25,"Smiling Mask":5,"Empty Cage":16,"Blood Vial":12,"HornCleat":11,"DollysMirror":18,"Bronze Scales":2,"Bird Faced Urn":10,"Strawberry":22,"Gambling Chip":24,"Kunai":25,"Ring of the Snake":0},{"Tiny House":39,"Pear":61,"Calipers":95,"NeowsBlessing":0,"The Specimen":140,"Vajra":123,"Smiling Mask":17,"Empty Cage":80,"Blood Vial":55,"HornCleat":49,"DollysMirror":89,"Bronze Scales":2,"Bird Faced Urn":45,"Strawberry":109,"Gambling Chip":118,"Kunai":123,"Ring of the Snake":0}],"Ring of the Snake":[56]},"card_choices":[{"not_picked":["Acrobatics","Bane"],"picked":"Heel Hook","floor":1},{"not_picked":["Distraction","Poisoned Stab"],"picked":"Escape Plan","floor":2},{"not_picked":["Heel Hook","Underhanded Strike"],"picked":"Infinite Blades","floor":4},{"not_picked":["Deflect","Prepared"],"picked":"Sucker Punch","floor":5},{"not_picked":["Crippling Poison","Outmaneuver"],"picked":"Accuracy","floor":7},{"not_picked":["Bane","Flying Knee"],"picked":"Bouncing Flask","floor":11},{"not_picked":["Acrobatics","Tools of the Trade"],"picked":"Dash","floor":12},{"not_picked":["Acrobatics","Dodge and Roll"],"picked":"PiercingWail","floor":13},{"not_picked":["Phantasmal Killer","A Thousand Cuts"],"picked":"Tools of the Trade","floor":16},{"not_picked":["Backflip","Quick Slash"],"picked":"Blade Dance","floor":17},{"not_picked":["Quick Slash","Tactician"],"picked":"Unload","floor":18},{"not_picked":["Bouncing Flask","Deflect"],"picked":"Accuracy","floor":20},{"not_picked":["Riddle With Holes","Distraction+1"],"picked":"Accuracy","floor":25},{"not_picked":["Dagger Spray+1","Flechettes","Flying Knee"],"picked":"SKIP","floor":27},{"not_picked":["Bane+1","Caltrops","Distraction"],"picked":"SKIP","floor":29},{"not_picked":["Accuracy","Deadly Poison","Poisoned Stab+1"],"picked":"SKIP","floor":30},{"not_picked":["Malaise","Wraith Form v2"],"picked":"Adrenaline","floor":33},{"not_picked":["Well Laid Plans","Caltrops+1"],"picked":"Prepared+1","floor":35},{"not_picked":["Poisoned Stab+1","Prepared"],"picked":"Cloak And Dagger","floor":36},{"not_picked":["Backstab+1","Outmaneuver"],"picked":"Backflip+1","floor":38},{"not_picked":["Caltrops","Poisoned Stab"],"picked":"Blade Dance+1","floor":39},{"not_picked":["Backflip","Riddle With Holes"],"picked":"Cloak And Dagger","floor":41},{"not_picked":["Dagger Throw","Footwork"],"picked":"Deflect+1","floor":42},{"not_picked":["Acrobatics+1","Backflip"],"picked":"Expertise+1","floor":45},{"not_picked":["Dodge and Roll+1","Poisoned Stab"],"picked":"Blur","floor":46},{"not_picked":["PiercingWail","Expertise"],"picked":"Accuracy+1","floor":47},{"not_picked":["Backstab+1","Night Terror"],"picked":"Escape Plan","floor":54}],"player_experience":150787,"relics_obtained":[{"floor":7,"key":"Smiling Mask"},{"floor":26,"key":"Blood Vial"},{"floor":27,"key":"Pear"},{"floor":38,"key":"Calipers"},{"floor":43,"key":"Strawberry"},{"floor":46,"key":"Gambling Chip"},{"floor":47,"key":"Vajra"},{"floor":54,"key":"The Specimen"}],"event_choices":[{"damage_healed":0,"gold_gain":0,"player_choice":"Success","damage_taken":12,"relics_obtained":["Bronze Scales"],"max_hp_gain":0,"max_hp_loss":0,"event_name":"Scrap Ooze","floor":3,"gold_loss":0},{"damage_healed":23,"gold_gain":0,"player_choice":"Banana","damage_taken":0,"max_hp_gain":0,"max_hp_loss":0,"event_name":"Big Fish","floor":14,"gold_loss":0},{"damage_healed":0,"gold_gain":0,"player_choice":"Opened","damage_taken":0,"relics_obtained":["Bird Faced Urn"],"max_hp_gain":0,"max_hp_loss":0,"event_name":"The Mausoleum","floor":19,"gold_loss":0,"cards_obtained":["Writhe"]},{"damage_healed":0,"gold_gain":0,"player_choice":"Shed Blood","damage_taken":19,"max_hp_gain":5,"max_hp_loss":0,"event_name":"Forgotten Altar","floor":24,"gold_loss":0},{"damage_healed":30,"gold_gain":0,"player_choice":"Heal","damage_taken":0,"max_hp_gain":0,"max_hp_loss":0,"event_name":"The Library","floor":31,"gold_loss":0},{"damage_healed":0,"gold_gain":0,"player_choice":"Fight","damage_taken":0,"max_hp_gain":0,"max_hp_loss":0,"event_name":"Mysterious Sphere","floor":38,"gold_loss":0},{"damage_healed":0,"gold_gain":0,"player_choice":"Fight","damage_taken":0,"max_hp_gain":0,"max_hp_loss":0,"event_name":"MindBloom","floor":46,"gold_loss":0}],"is_beta":false,"boss_relics":[{"not_picked":["Coffee Dripper","Runic Dome"],"picked":"Tiny House"},{"not_picked":["Astrolabe","Velvet Choker"],"picked":"Empty Cage"}],"items_purged_floors":[21,37,48],"is_endless":false,"potions_floor_spawned":[4,11,12,16,20,30,33,35,38,42,45,46],"killed_by":"The Heart","ascension_level":0}}