{"host":"gbsupkmj5cka9iw4","time":1611739725,"event":{"mods":["BaseMod","Better Note","BetterRewards","Minty Spire (QoL Compilation)","Say the Spire","Shop Mod","StSLib"],"gold_per_floor":[116,15,165,165,38,76,94,19,67,85,85,124,124,124,124,218,218,243,264,539,555,582,582,81,120,147,182,182,182,221,242,242,337,337,358,376,437,78,157,176,210,210,210,243,243,281,68,111,111,111],"floor_reached":51,"language":"ENG","playtime":3074,"items_purged":["Doubt","Regret","Juggernaut"],"score":1781,"play_id":"403f020f-919a-457e-9f05-bf61294f11e0","local_time":"20210127182845","is_ascension_mode":true,"campfire_choices":[{"floor":11.0,"key":"REST"},{"floor":13.0,"key":"REST"},{"data":"Whirlwind","floor":15.0,"key":"SMITH"},{"floor":23.0,"key":"REST"},{"data":"Limit Break","floor":32.0,"key":"SMITH"},{"data":"Seeing Red","floor":42.0,"key":"SMITH"},{"data":"Whirlwind","floor":49.0,"key":"SMITH"}],"circlet_count":0,"master_deck":["AscendersBane","Bash","Offering","Inflame","Shrug It Off","Clothesline","Thunderclap","Second Wind","Whirlwind+1","Ghostly Armor","Fiend Fire","Spot Weakness","Limit Break+1","Reaper","Double Tap","Reaper","Spot Weakness","Feed","Pommel Strike","Heavy Blade","True Grit","Shrug It Off","Flame Barrier","Twin Strike","Rage","True Grit+1","Inflame","Offering","Immolate","Flex+1","Armaments+1","Seeing Red+1","Flex","Flash of Steel","Ghostly Armor","Good Instincts","Blind","Whirlwind+1","PiercingWail"],"relics":["Black Blood","Golden Idol","Tiny Chest","PreservedInsect","Akabeko","Pandora\u0027s Box","Bag of Marbles","Bottled Flame","Orrery","Potion Belt","Centennial Puzzle","The Courier","MutagenicStrength","Unceasing Top","Pocketwatch","PrismaticShard","InkBottle","Torii","FossilizedHelix","Bag of Preparation","Art of War","Chemical X","Kunai"],"acts_visited":["Exordium","TheCity","TheBeyond"],"potions_floor_usage":[50,50],"damage_taken":[{"damage":8.0,"enemies":"Jaw Worm","floor":1.0,"turns":3.0},{"damage":33.0,"enemies":"3 Sentries","floor":6.0,"turns":8.0},{"damage":7.0,"enemies":"Small Slimes","floor":7.0,"turns":4.0},{"damage":11.0,"enemies":"2 Louse","floor":10.0,"turns":2.0},{"damage":6.0,"enemies":"Lagavulin","floor":12.0,"turns":4.0},{"damage":44.0,"enemies":"Hexaghost","floor":16.0,"turns":11.0},{"damage":18.0,"enemies":"Spheric Guardian","floor":18.0,"turns":4.0},{"damage":24.0,"enemies":"Chosen","floor":19.0,"turns":5.0},{"damage":40.0,"enemies":"Snake Plant","floor":21.0,"turns":4.0},{"damage":0.0,"enemies":"Slavers","floor":25.0,"turns":1.0},{"damage":6.0,"enemies":"Book of Stabbing","floor":27.0,"turns":1.0},{"damage":18.0,"enemies":"Gremlin Leader","floor":30.0,"turns":3.0},{"damage":0.0,"enemies":"Shelled Parasite and Fungi","floor":31.0,"turns":1.0},{"damage":93.0,"enemies":"Collector","floor":33.0,"turns":8.0},{"damage":8.0,"enemies":"Orb Walker","floor":35.0,"turns":3.0},{"damage":0.0,"enemies":"3 Darklings","floor":36.0,"turns":1.0},{"damage":36.0,"enemies":"2 Orb Walkers","floor":37.0,"turns":3.0},{"damage":29.0,"enemies":"Maw","floor":40.0,"turns":6.0},{"damage":6.0,"enemies":"Reptomancer","floor":41.0,"turns":2.0},{"damage":0.0,"enemies":"Giant Head","floor":44.0,"turns":3.0},{"damage":0.0,"enemies":"Nemesis","floor":46.0,"turns":1.0},{"damage":12.0,"enemies":"Giant Head","floor":48.0,"turns":3.0},{"damage":64,"enemies":"Donu and Deca","floor":50,"turns":6}],"seed_played":"-1931370136916244579","potions_obtained":[{"floor":1.0,"key":"Dexterity Potion"},{"floor":7.0,"key":"SkillPotion"},{"floor":16.0,"key":"Energy Potion"},{"floor":21.0,"key":"Fire Potion"},{"floor":27.0,"key":"Energy Potion"},{"floor":31.0,"key":"EntropicBrew"},{"floor":33.0,"key":"HeartOfIron"},{"floor":35.0,"key":"Weak Potion"},{"floor":40.0,"key":"DuplicationPotion"},{"floor":41.0,"key":"Strength Potion"},{"floor":44.0,"key":"PowerPotion"},{"floor":45.0,"key":"FearPotion"}],"is_trial":false,"path_per_floor":["M","$","?","?","$","E","M","?","T","M","R","E","R","?","R","B",null,"M","M","?","M","T","R","$","E","T","E","?","?","E","M","R","B",null,"M","M","?","$","T","M","E","R","T","E","?","E","$","E","R","B",null],"character_chosen":"IRONCLAD","items_purchased":["Shrug It Off","Clothesline","Thunderclap","Bottled Flame","Orrery","Seeing Red","Flex","Flash of Steel","PrismaticShard","Chemical X","Whirlwind","DistilledChaos"],"campfire_rested":3,"item_purchase_floors":[2,2,5,24,24,38,38,38,38,47,47,47],"current_hp_per_floor":[66,66,66,40,40,13,12,12,12,7,29,29,51,51,51,13,60,48,34,34,48,48,71,71,77,77,77,77,77,69,75,75,59,73,78,78,54,54,54,42,78,78,78,78,78,78,78,78,78,50],"gold":111,"neow_bonus":"ONE_RANDOM_RARE_CARD","is_daily":false,"chose_seed":false,"campfire_upgraded":4,"win_rate":0.0,"timestamp":1611739725,"path_taken":["M","$","?","?","?","E","M","?","T","M","R","E","R","?","R","BOSS","M","M","?","M","?","R","$","E","T","E","?","?","E","M","R","BOSS","M","M","?","$","?","M","E","R","T","E","?","E","$","E","R","BOSS"],"items_purchased_type":["Card","Card","Card","Relic","Relic","Card","Card","Card","Relic","Relic","Card","Potion"],"build_version":"2020-12-22","purchased_purges":3,"victory":true,"max_hp_per_floor":[75,75,75,75,75,75,75,75,75,75,75,75,75,75,75,75,75,75,75,75,78,78,78,78,78,78,78,78,78,78,78,78,78,78,78,78,78,78,78,78,78,78,78,78,78,78,78,78,78,81],"card_choices":[{"not_picked":["Entrench","Pummel"],"picked":"Inflame","floor":1.0},{"not_picked":["Flex","Anger"],"picked":"Second Wind","floor":6.0},{"not_picked":["Rampage","Flex"],"picked":"Whirlwind","floor":7.0},{"not_picked":["Anger","Sword Boomerang"],"picked":"Ghostly Armor","floor":10.0},{"not_picked":["Warcry","Metallicize"],"picked":"Fiend Fire","floor":12.0},{"not_picked":["Exhume","Fiend Fire"],"picked":"Limit Break","floor":16.0},{"not_picked":["Iron Wave","Pommel Strike+1"],"picked":"Heavy Blade","floor":18.0},{"not_picked":["Infernal Blade","Intimidate","Clothesline"],"picked":"SKIP","floor":19.0},{"not_picked":["Sword Boomerang","Spot Weakness+1"],"picked":"True Grit","floor":21.0},{"not_picked":["Cleave+1","Thunderclap+1"],"picked":"Shrug It Off","floor":24.0},{"not_picked":["Cleave","Metallicize"],"picked":"Flame Barrier","floor":24.0},{"not_picked":["Searing Blow","Burning Pact"],"picked":"Twin Strike","floor":24.0},{"not_picked":["Clothesline","Perfected Strike"],"picked":"Rage","floor":24.0},{"not_picked":["Inflame","Warcry"],"picked":"True Grit+1","floor":25.0},{"not_picked":["Heavy Blade","Pommel Strike","Rampage"],"picked":"SKIP","floor":27.0},{"not_picked":["Heavy Blade","Pommel Strike","Rampage"],"picked":"SKIP","floor":27.0},{"not_picked":["Thunderclap","Body Slam"],"picked":"Offering","floor":30.0},{"not_picked":["Sword Boomerang","Warcry","Sever Soul"],"picked":"SKIP","floor":31.0},{"not_picked":["Fiend Fire","Feed"],"picked":"Immolate","floor":33.0},{"not_picked":["Pummel","True Grit"],"picked":"Flex+1","floor":35.0},{"not_picked":["Sword Boomerang","Disarm+1"],"picked":"Armaments+1","floor":36.0},{"not_picked":["Flex","Blood for Blood"],"picked":"Ghostly Armor","floor":40.0},{"not_picked":["Blade Dance","Perseverance"],"picked":"Good Instincts","floor":41.0},{"not_picked":["Dark Embrace","Body Slam","Clothesline+1"],"picked":"SKIP","floor":44.0},{"not_picked":["Reflex+1","Bane"],"picked":"Blind","floor":46.0},{"not_picked":["Mind Blast","Rip and Tear+1"],"picked":"PiercingWail","floor":48.0}],"player_experience":752888,"relics_obtained":[{"floor":6.0,"key":"Tiny Chest"},{"floor":9.0,"key":"PreservedInsect"},{"floor":12.0,"key":"Akabeko"},{"floor":22.0,"key":"Bag of Marbles"},{"floor":25.0,"key":"Potion Belt"},{"floor":26.0,"key":"Centennial Puzzle"},{"floor":27.0,"key":"The Courier"},{"floor":30.0,"key":"Unceasing Top"},{"floor":37.0,"key":"Pocketwatch"},{"floor":39.0,"key":"InkBottle"},{"floor":41.0,"key":"Torii"},{"floor":43.0,"key":"FossilizedHelix"},{"floor":44.0,"key":"Bag of Preparation"},{"floor":46.0,"key":"Art of War"},{"floor":48.0,"key":"Kunai"}],"event_choices":[{"damage_healed":0.0,"max_hp_gain":0.0,"max_hp_loss":0.0,"gold_gain":150.0,"event_name":"Liars Game","player_choice":"AGREE","floor":3.0,"gold_loss":0.0,"damage_taken":0.0,"cards_obtained":["Doubt"]},{"damage_healed":0.0,"max_hp_gain":0.0,"max_hp_loss":0.0,"gold_gain":0.0,"event_name":"Golden Idol","player_choice":"Take Damage","floor":4.0,"gold_loss":0.0,"damage_taken":26.0,"relics_obtained":["Golden Idol"]},{"cards_removed":["Strike_R"],"damage_healed":0.0,"max_hp_gain":0.0,"max_hp_loss":0.0,"gold_gain":0.0,"event_name":"The Cleric","player_choice":"Card Removal","floor":8.0,"gold_loss":75.0,"damage_taken":0.0},{"damage_healed":0.0,"max_hp_gain":0.0,"max_hp_loss":0.0,"gold_gain":0.0,"cards_transformed":["Strike_R"],"event_name":"Living Wall","player_choice":"Change","floor":14.0,"gold_loss":0.0,"damage_taken":0.0,"cards_obtained":["Spot Weakness"]},{"damage_healed":0.0,"max_hp_gain":0.0,"max_hp_loss":0.0,"gold_gain":275.0,"event_name":"Golden Shrine","player_choice":"Desecrate","floor":20.0,"gold_loss":0.0,"damage_taken":0.0,"cards_obtained":["Regret"]},{"damage_healed":0.0,"max_hp_gain":0.0,"max_hp_loss":0.0,"gold_gain":0.0,"event_name":"The Library","player_choice":"Read","floor":28.0,"gold_loss":0.0,"damage_taken":0.0,"cards_obtained":["Inflame"]},{"damage_healed":0.0,"max_hp_gain":0.0,"max_hp_loss":0.0,"gold_gain":0.0,"event_name":"Drug Dealer","player_choice":"Inject Mutagens","floor":29.0,"gold_loss":0.0,"damage_taken":0.0,"relics_obtained":["MutagenicStrength"]},{"damage_healed":0.0,"max_hp_gain":0.0,"max_hp_loss":0.0,"gold_gain":0.0,"event_name":"Mysterious Sphere","player_choice":"Fight","floor":37.0,"gold_loss":0.0,"damage_taken":0.0},{"damage_healed":0.0,"max_hp_gain":0.0,"max_hp_loss":0.0,"gold_gain":0.0,"event_name":"Lab","player_choice":"Got Potions","floor":45.0,"gold_loss":0.0,"damage_taken":0.0}],"is_beta":false,"boss_relics":[{"not_picked":["Calling Bell","Sozu"],"picked":"Pandora\u0027s Box"},{"not_picked":["Runic Dome","Empty Cage"],"picked":"Black Blood"}],"items_purged_floors":[5,24,38],"is_endless":false,"potions_floor_spawned":[1,7,16,21,27,31,33,35,40,41,44,46],"ascension_level":15}}