{"host":"2qyxu97h6u4ukicb","time":1611711565,"event":{"mods":["AchievementEnabler","BaseMod","BetterRewards","Colored Map","Colored Powertips","Minty Spire (QoL Compilation)","Replay The Spire","Shop Mod","StSLib"],"gold_per_floor":[110,110,110,110,110,145,145,145,145,145,164,182,198,473,473,570,570,581,595,535,46,56,56,56],"floor_reached":23,"language":"ENG","playtime":3716,"items_purged":[],"score":214,"play_id":"a3810d12-6895-4ca3-b563-0e489daf8233","local_time":"20210126193925","is_ascension_mode":false,"campfire_choices":[{"data":"Neutralize","floor":7,"key":"SMITH"},{"data":"Survivor","floor":15,"key":"SMITH"}],"circlet_count":0,"master_deck":["Strike_G","Strike_G","Strike_G+1","Strike_G","Strike_G","Defend_G","Defend_G+1","Defend_G","Defend_G","Defend_G","Survivor+1","Neutralize+1","Corpse Explosion+1","Blade Dance+1","Regret","Storm of Steel+1","Replay:Poison Smokescreen+1","Blade Dance+1","Fluid Movement"],"relics":["NeowsBlessing","Sizzling Blood","Toxic Egg 2","Pantograph","Black Star","MerchantsRug","Meat on the Bone"],"acts_visited":["Exordium","TheCity"],"potions_floor_usage":[13,16,22,23],"damage_taken":[{"damage":0,"enemies":"2 Louse","floor":1,"turns":1},{"damage":0,"enemies":"3 Sentries","floor":6,"turns":1},{"damage":0,"enemies":"Cultist","floor":11,"turns":1},{"damage":0,"enemies":"Small Slimes","floor":12,"turns":3},{"damage":2,"enemies":"Looter","floor":13,"turns":2},{"damage":50,"enemies":"Hexaghost","floor":16,"turns":12},{"damage":40,"enemies":"Spheric Guardian","floor":18,"turns":6},{"damage":4,"enemies":"3 Byrds","floor":19,"turns":2},{"damage":32,"enemies":"Snake Plant","floor":22,"turns":4},{"damage":24,"enemies":"Shelled Parasite and Fungi","floor":23,"turns":3}],"seed_played":"8074860475030618259","potions_obtained":[{"floor":1,"key":"Fire Potion"},{"floor":11,"key":"Elixir"},{"floor":18,"key":"SpeedPotion"}],"is_trial":false,"path_per_floor":["M","?","$","?","$","E","R","?","T","$","M","M","M","?","R","B",null,"M","M","?","$","M","M"],"character_chosen":"THE_SILENT","items_purchased":["MerchantsRug","Meat on the Bone","Fluid Movement","PowerPotion"],"campfire_rested":0,"item_purchase_floors":[21,21,21,21],"current_hp_per_floor":[70,70,70,74,74,74,74,59,59,59,63,67,69,69,69,28,74,38,38,38,38,22,0,0],"gold":56,"neow_bonus":"THREE_ENEMY_KILL","is_daily":false,"chose_seed":false,"campfire_upgraded":2,"win_rate":0.0,"timestamp":1611711565,"path_taken":["M","?","?","?","$","E","R","?","T","?","M","M","?","?","R","BOSS","M","?","?","$","M","M"],"items_purchased_type":["Relic","Relic","Card","Potion"],"build_version":"2020-12-22","purchased_purges":0,"victory":false,"max_hp_per_floor":[70,70,70,74,74,74,74,74,74,74,74,74,74,74,74,74,74,74,74,74,74,74,74,74],"card_choices":[{"not_picked":["Sucker Punch","Underhanded Strike","Prepared"],"picked":"SKIP","floor":1},{"not_picked":["Sucker Punch","Predator"],"picked":"Corpse Explosion+1","floor":6},{"not_picked":["Slice","Tactician+1","Terror+1"],"picked":"SKIP","floor":11},{"not_picked":["Quick Slash","Riddle With Holes","Endless Agony"],"picked":"SKIP","floor":12},{"not_picked":["Prepared+1","Sneak Up+1"],"picked":"Blade Dance+1","floor":13},{"not_picked":["Tools of the Trade","Venomology+1"],"picked":"Storm of Steel+1","floor":16},{"not_picked":["Outmaneuver+1","Caltrops"],"picked":"Replay:Poison Smokescreen+1","floor":18},{"not_picked":["Dagger Throw","Sucker Punch"],"picked":"Blade Dance+1","floor":19},{"not_picked":["Underhanded Strike","PiercingWail+1","Backflip+1"],"picked":"SKIP","floor":22}],"player_experience":743883,"relics_obtained":[{"floor":6,"key":"Toxic Egg 2"},{"floor":9,"key":"Pantograph"}],"event_choices":[{"damage_healed":0,"gold_gain":0,"player_choice":"Full Heal","damage_taken":0,"max_hp_gain":0,"max_hp_loss":0,"event_name":"Wheel of Change","floor":2,"gold_loss":0},{"damage_healed":0,"gold_gain":0,"player_choice":"Entered Light","damage_taken":15,"max_hp_gain":0,"max_hp_loss":0,"event_name":"Shining Light","floor":8,"gold_loss":0,"cards_upgraded":["Strike_G","Defend_G"]},{"damage_healed":0,"gold_gain":275,"player_choice":"Desecrate","damage_taken":0,"max_hp_gain":0,"max_hp_loss":0,"event_name":"Golden Shrine","floor":14,"gold_loss":0,"cards_obtained":["Regret"]}],"is_beta":false,"boss_relics":[{"not_picked":["Cursed Key","Kintsugi"],"picked":"Black Star"}],"items_purged_floors":[],"is_endless":false,"potions_floor_spawned":[1,11,18],"killed_by":"Shelled Parasite and Fungi","ascension_level":0}}