{"host":"6q94iy5iz6612v89","time":1611783210,"event":{"mods":["2.2 Compatiblity","AchievementEnabler","BaseMod","Colored Map","DeckTracker","Keyboard Shortcuts","Marisa£¨Ùöéë¡¡Øª×âÞÞ£©","Minty Spire (QoL Compilation)","Permanent Neow","StSLib","SuperFastMode"],"gold_per_floor":[116,116,130,143,158,168,168,184,184,201,201,227,246,246,246,320,320,340,161,171,186,199,199,199,199],"floor_reached":24,"language":"KOR","playtime":696,"items_purged":["Strike_MRS"],"score":337,"play_id":"7ee861ec-2b9f-4cbf-9d0e-b7a564983268","local_time":"20210128063330","is_ascension_mode":true,"campfire_choices":[{"data":"1","floor":7,"key":"LIFT"},{"data":"2","floor":11,"key":"LIFT"},{"data":"3","floor":15,"key":"LIFT"},{"floor":23,"key":"REST"}],"circlet_count":0,"master_deck":["AscendersBane","Strike_MRS","Strike_MRS","Strike_MRS","Defend_MRS","Defend_MRS","Defend_MRS","Defend_MRS","MasterSpark","UpSweep","ShootTheMoon","ShootingEcho","PowerUp","SprinkleStarSeal","AsteroidBelt","EnergyFlow","GalacticHalo","UltimateShortwave","GalacticHalo"],"relics":["MiniHakkero","Girya","AmplifyWand","The Courier","Sozu","Lee\u0027s Waffle"],"acts_visited":["Exordium","TheCity"],"potions_floor_usage":[12,13,13],"damage_taken":[{"damage":0,"enemies":"2 Louse","floor":1,"turns":3},{"damage":0,"enemies":"Small Slimes","floor":3,"turns":3},{"damage":0,"enemies":"Cultist","floor":4,"turns":3},{"damage":11,"enemies":"Lots of Slimes","floor":5,"turns":5},{"damage":1,"enemies":"Looter","floor":6,"turns":2},{"damage":8,"enemies":"Large Slime","floor":8,"turns":4},{"damage":0,"enemies":"3 Louse","floor":10,"turns":4},{"damage":11,"enemies":"Lagavulin","floor":12,"turns":8},{"damage":0,"enemies":"Gremlin Gang","floor":13,"turns":5},{"damage":14,"enemies":"Hexaghost","floor":16,"turns":8},{"damage":0,"enemies":"Chosen","floor":18,"turns":5},{"damage":0,"enemies":"Shell Parasite","floor":20,"turns":3},{"damage":27,"enemies":"Snake Plant","floor":21,"turns":5},{"damage":43,"enemies":"Sentry and Sphere","floor":22,"turns":6},{"damage":23,"enemies":"Slavers","floor":24,"turns":4}],"seed_played":"8143340419520225915","potions_obtained":[{"floor":3,"key":"Strength Potion"},{"floor":4,"key":"LiquidBronze"},{"floor":6,"key":"SkillPotion"},{"floor":12,"key":"SteroidPotion"},{"floor":16,"key":"Energy Potion"}],"is_trial":false,"path_per_floor":["M","?","M","M","M","M","R","M","T","M","R","E","M","?","R","B",null,"M","$","M","M","M","R","E"],"character_chosen":"MARISA","items_purchased":["Lee\u0027s Waffle"],"campfire_rested":1,"item_purchase_floors":[19],"current_hp_per_floor":[50,50,50,50,39,38,38,30,30,30,30,19,19,24,24,10,63,63,87,87,60,17,43,20,20],"gold":199,"neow_bonus":"ONE_RARE_RELIC","is_daily":false,"chose_seed":false,"campfire_upgraded":0,"win_rate":0.0,"timestamp":1611783210,"path_taken":["M","?","M","M","M","M","R","M","T","M","R","E","M","?","R","BOSS","M","$","M","M","M","R","E"],"items_purchased_type":["Relic"],"build_version":"2020-12-22","purchased_purges":1,"victory":false,"max_hp_per_floor":[75,75,75,75,75,75,75,75,75,75,75,75,75,80,80,80,80,80,87,87,87,87,87,87,87],"card_choices":[{"not_picked":["WitchOfGreed","MagicChant"],"picked":"ShootTheMoon","floor":1},{"not_picked":["IllusionStar","OneTimeOff","LuminesStrike"],"picked":"SKIP","floor":3},{"not_picked":["ShootTheMoon","IllusionStar"],"picked":"ShootingEcho","floor":4},{"not_picked":["DoubleSpark","GravityBeat"],"picked":"PowerUp","floor":5},{"not_picked":["MeteoricShower","Acceleration"],"picked":"SprinkleStarSeal","floor":6},{"not_picked":["SuperPerseids","WitchLeyline"],"picked":"AsteroidBelt","floor":8},{"not_picked":["SporeBomb","GrandCross"],"picked":"EnergyFlow","floor":10},{"not_picked":["CollectingQuirk","Acceleration","AsteroidBelt"],"picked":"SKIP","floor":12},{"not_picked":["EventHorizon","MeteoricShower"],"picked":"GalacticHalo","floor":13},{"not_picked":["MillisecondPulsars","FinalSpark"],"picked":"UltimateShortwave","floor":16},{"not_picked":["MagicChant","ShootingEcho+1"],"picked":"GalacticHalo","floor":18},{"not_picked":["GravityBeat","Acceleration","6A"],"picked":"SKIP","floor":20},{"not_picked":["DarkMatter+1","IllusionStar","OneTimeOff"],"picked":"SKIP","floor":21},{"not_picked":["EventHorizon","GasGiant","DC"],"picked":"SKIP","floor":22}],"player_experience":1507493,"relics_obtained":[{"floor":9,"key":"AmplifyWand"},{"floor":12,"key":"The Courier"}],"event_choices":[{"damage_healed":0,"gold_gain":0,"player_choice":"Ignored","damage_taken":0,"max_hp_gain":0,"max_hp_loss":0,"event_name":"Liars Game","floor":2,"gold_loss":0},{"damage_healed":0,"gold_gain":0,"player_choice":"Donut","damage_taken":0,"max_hp_gain":5,"max_hp_loss":0,"event_name":"Big Fish","floor":14,"gold_loss":0}],"is_beta":false,"boss_relics":[{"not_picked":["Empty Cage","SlaversCollar"],"picked":"Sozu"}],"items_purged_floors":[19],"is_endless":false,"potions_floor_spawned":[3,4,6,12,16,21,22],"killed_by":"Slavers","ascension_level":13}}