{"host":"v3mpq6flurzldi5g","time":1611765719,"event":{"mods":["AchievementEnabler","BaseMod","Colored Powertips","Highlight Path","Minty Spire (QoL Compilation)","StSLib"],"gold_per_floor":[109,127,144,163,88,88,103,136,136,211,211,63,63,74,74,175,175,185,185,113,113,124,124,144,178,178,178,204,204,204,229,229,330,330,345,356,316,327,327,327,341,341,364,419,18,68,81,93,93,93],"floor_reached":51,"language":"ENG","playtime":5500,"items_purged":["Strike_G"],"score":1041,"play_id":"5ae7278e-d83c-4e64-9b55-e4c120e88a98","local_time":"20210127114159","is_ascension_mode":true,"campfire_choices":[{"floor":6.0,"key":"REST"},{"floor":11.0,"key":"REST"},{"floor":15.0,"key":"REST"},{"floor":23.0,"key":"REST"},{"floor":27.0,"key":"REST"},{"floor":29.0,"key":"REST"},{"floor":32.0,"key":"REST"},{"floor":40,"key":"REST"},{"floor":42,"key":"REST"},{"floor":49,"key":"REST"}],"circlet_count":0,"master_deck":["AscendersBane","Strike_G","Strike_G","Strike_G","Defend_G","Defend_G+1","Defend_G","Defend_G","Defend_G","Survivor","Neutralize","Infinite Blades","PiercingWail+1","Dagger Spray","Blade Dance","Footwork","Leg Sweep","Footwork","Well Laid Plans","Backflip","Glass Knife","Dash","Infinite Blades","Finisher","Caltrops","Footwork","Blade Dance+1","Accuracy","Caltrops","Noxious Fumes","Footwork+1"],"relics":["Ring of the Snake","Art of War","Ancient Tea Set","Nunchaku","Centennial Puzzle","Fusion Hammer","Shuriken","Akabeko","Bottled Tornado","InkBottle","Strawberry","Sozu","Smiling Mask","Pocketwatch","Ninja Scroll","HandDrill","Turnip"],"acts_visited":["Exordium","TheCity","TheBeyond"],"potions_floor_usage":[],"damage_taken":[{"damage":6.0,"enemies":"Cultist","floor":1.0,"turns":5.0},{"damage":2.0,"enemies":"Small Slimes","floor":2.0,"turns":4.0},{"damage":1.0,"enemies":"2 Louse","floor":3.0,"turns":4.0},{"damage":11.0,"enemies":"Exordium Thugs","floor":4.0,"turns":6.0},{"damage":5.0,"enemies":"Exordium Wildlife","floor":7.0,"turns":5.0},{"damage":22.0,"enemies":"Lagavulin","floor":8.0,"turns":8.0},{"damage":3.0,"enemies":"Blue Slaver","floor":14.0,"turns":4.0},{"damage":22.0,"enemies":"Slime Boss","floor":16.0,"turns":15.0},{"damage":0.0,"enemies":"3 Byrds","floor":18.0,"turns":7.0},{"damage":4.0,"enemies":"2 Thieves","floor":22.0,"turns":4.0},{"damage":18.0,"enemies":"Centurion and Healer","floor":24.0,"turns":5.0},{"damage":17.0,"enemies":"Book of Stabbing","floor":25.0,"turns":7.0},{"damage":10.0,"enemies":"Slavers","floor":28.0,"turns":4.0},{"damage":9.0,"enemies":"Champ","floor":33.0,"turns":10.0},{"damage":37.0,"enemies":"3 Darklings","floor":35.0,"turns":5.0},{"damage":3.0,"enemies":"Orb Walker","floor":36.0,"turns":3.0},{"damage":11,"enemies":"Sphere and 2 Shapes","floor":38,"turns":3},{"damage":18,"enemies":"3 Darklings","floor":41,"turns":4},{"damage":7,"enemies":"2 Orb Walkers","floor":44,"turns":5},{"damage":0,"enemies":"Mind Bloom Boss Battle","floor":46,"turns":5},{"damage":16,"enemies":"Jaw Worm Horde","floor":47,"turns":4},{"damage":10,"enemies":"Sphere and 2 Shapes","floor":48,"turns":6},{"damage":35,"enemies":"Donu and Deca","floor":50,"turns":7}],"seed_played":"4170713426943074916","potions_obtained":[{"floor":1.0,"key":"BlessingOfTheForge"},{"floor":2.0,"key":"FearPotion"},{"floor":7.0,"key":"LiquidBronze"},{"floor":18.0,"key":"CunningPotion"},{"floor":24.0,"key":"ColorlessPotion"},{"floor":25.0,"key":"Fire Potion"}],"is_trial":false,"path_per_floor":["M","M","M","M","$","R","M","E","T","?","R","$","?","M","R","B",null,"M","?","$","?","M","R","M","E","T","R","E","R","?","T","R","B",null,"M","M","?","M","?","R","M","R","T","?","$","?","M","M","R","B",null],"character_chosen":"THE_SILENT","items_purchased":["Footwork","Well Laid Plans","Infinite Blades","Ninja Scroll","HandDrill"],"campfire_rested":10,"item_purchase_floors":[5,12,20,45,45],"current_hp_per_floor":[57,55,54,43,43,64,59,37,37,26,47,47,47,44,65,43,63,63,63,63,70,66,70,52,35,35,56,46,67,67,74,77,68,75,38,35,35,24,24,47,29,52,52,45,45,45,29,19,42,7],"gold":93,"neow_bonus":"RANDOM_COMMON_RELIC","is_daily":false,"chose_seed":false,"campfire_upgraded":0,"win_rate":0.0,"timestamp":1611765719,"path_taken":["M","M","?","M","?","R","M","E","T","?","R","$","?","M","R","BOSS","M","?","$","?","?","R","M","E","T","R","E","R","?","?","R","BOSS","M","M","?","?","?","R","M","R","T","?","$","?","M","M","R","BOSS"],"items_purchased_type":["Card","Card","Card","Relic","Relic"],"build_version":"2020-12-22","purchased_purges":1,"victory":true,"max_hp_per_floor":[70,70,70,70,70,70,70,70,70,70,70,70,70,70,70,70,70,70,70,70,70,70,70,70,70,70,70,70,70,70,77,77,77,77,77,77,77,77,77,77,77,77,77,77,77,77,77,77,77,77],"card_choices":[{"not_picked":["Setup","Deflect"],"picked":"Infinite Blades","floor":1.0},{"not_picked":["Quick Slash","Skewer"],"picked":"PiercingWail","floor":2.0},{"not_picked":["Poisoned Stab","Outmaneuver"],"picked":"Dagger Spray","floor":3.0},{"not_picked":["Underhanded Strike","Leg Sweep"],"picked":"Blade Dance","floor":4.0},{"not_picked":["Endless Agony","Eviscerate"],"picked":"Leg Sweep","floor":7.0},{"not_picked":["Night Terror","Bane"],"picked":"Footwork","floor":8.0},{"not_picked":["Deflect","Underhanded Strike"],"picked":"Backflip","floor":14.0},{"not_picked":["Doppelganger","Grand Finale"],"picked":"Glass Knife","floor":16.0},{"not_picked":["Outmaneuver","Bouncing Flask"],"picked":"Dash","floor":18.0},{"not_picked":["Acrobatics","PiercingWail","Leg Sweep"],"picked":"SKIP","floor":22.0},{"not_picked":["Deflect","Bane"],"picked":"Finisher","floor":24.0},{"not_picked":["Flechettes","Concentrate","Unload"],"picked":"SKIP","floor":25.0},{"not_picked":["Expertise","Well Laid Plans"],"picked":"Caltrops","floor":28.0},{"not_picked":["Backflip","Skewer"],"picked":"Blade Dance+1","floor":35.0},{"not_picked":["Blur","Blade Dance"],"picked":"Accuracy","floor":36.0},{"not_picked":["Deadly Poison","Riddle With Holes"],"picked":"Caltrops","floor":38},{"not_picked":["Catalyst","Prepared"],"picked":"Noxious Fumes","floor":41},{"not_picked":["Acrobatics","Flechettes"],"picked":"Footwork+1","floor":44},{"not_picked":["Eviscerate+1","Slice","Flying Knee+1"],"picked":"SKIP","floor":47},{"not_picked":["Sucker Punch","Caltrops","Flechettes"],"picked":"SKIP","floor":48}],"player_experience":1074539,"relics_obtained":[{"floor":8.0,"key":"Ancient Tea Set"},{"floor":9.0,"key":"Nunchaku"},{"floor":25.0,"key":"Akabeko"},{"floor":26.0,"key":"Bottled Tornado"},{"floor":28.0,"key":"InkBottle"},{"floor":31.0,"key":"Strawberry"},{"floor":43,"key":"Smiling Mask"},{"floor":44,"key":"Pocketwatch"},{"floor":46,"key":"Turnip"}],"event_choices":[{"damage_healed":0.0,"max_hp_gain":0.0,"max_hp_loss":0.0,"gold_gain":75.0,"event_name":"World of Goop","player_choice":"Gather Gold","floor":10.0,"gold_loss":0.0,"damage_taken":11.0},{"damage_healed":0.0,"max_hp_gain":0.0,"max_hp_loss":0.0,"gold_gain":0.0,"event_name":"Dead Adventurer","player_choice":"Searched \u00271\u0027 times","floor":13.0,"gold_loss":0.0,"damage_taken":0.0,"relics_obtained":["Centennial Puzzle"]},{"damage_healed":0.0,"max_hp_gain":0.0,"max_hp_loss":0.0,"gold_gain":0.0,"event_name":"The Mausoleum","player_choice":"Opened","floor":19.0,"gold_loss":0.0,"damage_taken":0.0,"relics_obtained":["Shuriken"]},{"damage_healed":7.0,"max_hp_gain":0.0,"max_hp_loss":0.0,"gold_gain":0.0,"event_name":"Wheel of Change","player_choice":"Full Heal","floor":21.0,"gold_loss":0.0,"damage_taken":0.0},{"damage_healed":0.0,"max_hp_gain":0.0,"max_hp_loss":0.0,"gold_gain":0.0,"event_name":"The Library","player_choice":"Read","floor":30.0,"gold_loss":0.0,"damage_taken":0.0,"cards_obtained":["Footwork"]},{"damage_healed":0.0,"max_hp_gain":0.0,"max_hp_loss":0.0,"gold_gain":0.0,"event_name":"Designer","player_choice":"Upgraded Two","floor":37.0,"gold_loss":40.0,"damage_taken":0.0,"cards_upgraded":["PiercingWail","Defend_G"]},{"cards_removed":["Strike_G"],"damage_healed":0,"gold_gain":0,"player_choice":"Removed Attack","damage_taken":0,"max_hp_gain":0,"max_hp_loss":0,"event_name":"Falling","floor":39,"gold_loss":0},{"damage_healed":0,"gold_gain":0,"player_choice":"Fight","damage_taken":0,"max_hp_gain":0,"max_hp_loss":0,"event_name":"Mysterious Sphere","floor":44,"gold_loss":0},{"damage_healed":0,"gold_gain":0,"player_choice":"Fight","damage_taken":0,"max_hp_gain":0,"max_hp_loss":0,"event_name":"MindBloom","floor":46,"gold_loss":0}],"is_beta":false,"boss_relics":[{"not_picked":["Runic Dome","Pandora\u0027s Box"],"picked":"Fusion Hammer"},{"not_picked":["Runic Pyramid","Snecko Eye"],"picked":"Sozu"}],"items_purged_floors":[12],"is_endless":false,"potions_floor_spawned":[1,2,3,7,18,24,25,38,44,46,47],"ascension_level":12}}