{"host":"1gh1pdv85cipbjj7","time":1611768506,"event":{"mods":["BaseMod","Colored Map","Downfall","GifTheSpireLib","Infinite Spire","Minty Spire (QoL Compilation)","Permanent Neow","Replay The Spire","StSLib","The Jungle"],"gold_per_floor":[0,14,164,164,3,16,39,58,71,90,100,130,130,63,77,77,77,77],"floor_reached":16,"language":"ENG","playtime":1738,"items_purged":["downfall:Icky"],"score":104,"play_id":"12e626bc-6d8a-42c8-ba55-890324f7e6f8","local_time":"20210127112826","is_ascension_mode":false,"campfire_choices":[{"floor":13,"key":"REST"}],"circlet_count":0,"master_deck":["champ:Strike","champ:Strike","champ:Strike","champ:Defend","champ:Defend","champ:Defend","champ:Defend","champ:Execute","champ:Taunt","champ:TripleStrike","champ:Parry","champ:FanOfKnives","champ:StanceDance","champ:IronFortress","champ:EndlessRage","champ:AdrenalArmor","champ:SkillfulDodge","champ:FancyFootwork","champ:Encircle","champ:BringItOn","champ:ArenaPreparation+1"],"relics":["champ:ChampionCrown","Blue Candle","Juzu Bracelet","Vajra"],"acts_visited":["Exordium"],"potions_floor_usage":[12,12,12,16],"damage_taken":[{"damage":35,"enemies":"Jaw Worm","floor":2,"turns":3},{"damage":25,"enemies":"downfall:FleeingMerchant","floor":5,"turns":4},{"damage":0,"enemies":"2 Louse","floor":6,"turns":2},{"damage":30,"enemies":"Cultist","floor":8,"turns":4},{"damage":59,"enemies":"Exordium Thugs","floor":9,"turns":4},{"damage":33,"enemies":"Large Slime","floor":10,"turns":8},{"damage":16,"enemies":"Blue Slaver","floor":11,"turns":3},{"damage":28,"enemies":"Lagavulin","floor":12,"turns":10},{"damage":26,"enemies":"downfall:FleeingMerchant","floor":14,"turns":4},{"damage":4,"enemies":"2 Fungi Beasts","floor":15,"turns":3},{"damage":35,"enemies":"WA_ARCHETYPE_RETAIN","floor":16,"turns":6}],"seed_played":"2238391820987424822","potions_obtained":[{"floor":2,"key":"Block Potion"},{"floor":6,"key":"Dexterity Potion"},{"floor":10,"key":"Venom Potion"},{"floor":15,"key":"Ancient Potion"}],"is_trial":false,"path_per_floor":["R_BF","M","?","?","$","M","T","M","M","M","M","E","R","$","M","B"],"character_chosen":"THE_CHAMP","items_purchased":["champ:IronFortress","champ:ArenaPreparation+1"],"campfire_rested":1,"item_purchase_floors":[5,14],"current_hp_per_floor":[90,80,80,75,70,70,70,60,43,35,29,16,43,32,28,0,0,0],"gold":77,"neow_bonus":"THREE_RARE_CARDS","is_daily":false,"chose_seed":false,"campfire_upgraded":0,"win_rate":0.0,"timestamp":1611768506,"path_taken":["R_BF","M","?","?","$","M","T","M","M","M","M","E","R","?","M","BOSS"],"items_purchased_type":["Card","Card"],"build_version":"2020-12-22","purchased_purges":1,"victory":false,"max_hp_per_floor":[90,90,90,90,90,90,90,90,90,90,90,90,90,90,90,90,90,90],"card_choices":[{"not_picked":["champ:MurderStrike","champ:GladiatorForm"],"picked":"champ:TripleStrike","floor":0},{"not_picked":["champ:BerserkersShout","champ:CrownThrow"],"picked":"champ:FanOfKnives","floor":2},{"not_picked":["champ:Parry","champ:BladeFlurry"],"picked":"champ:StanceDance","floor":5},{"not_picked":["champ:Shatter","champ:StanceDance"],"picked":"champ:EndlessRage","floor":6},{"not_picked":["champ:FocusedBerserking","champ:StanceDance"],"picked":"champ:AdrenalArmor","floor":8},{"not_picked":["champ:PerfectedStrike","champ:BladeFlurry"],"picked":"champ:SkillfulDodge","floor":9},{"not_picked":["champ:RisingSlash","champ:RecklessLeap"],"picked":"champ:FancyFootwork","floor":10},{"not_picked":["champ:StanceDance","champ:FalseCounter"],"picked":"champ:Encircle","floor":11},{"not_picked":["champ:PerfectedStrike","champ:Shatter"],"picked":"champ:BringItOn","floor":12},{"not_picked":["champ:FanOfKnives","champ:AdrenalArmor","champ:Circumvent"],"picked":"SKIP","floor":14},{"not_picked":["champ:RapidStrikes","champ:Circumvent","champ:BringItOn"],"picked":"SKIP","floor":15}],"player_experience":746040,"relics_obtained":[{"floor":7,"key":"Juzu Bracelet"},{"floor":12,"key":"Vajra"}],"event_choices":[],"is_beta":false,"boss_relics":[],"items_purged_floors":[5],"is_endless":false,"potions_floor_spawned":[2,6,10,15],"killed_by":"WA_ARCHETYPE_RETAIN","ascension_level":0}}