{"host":"0m9qzqwuh9r40nrk","time":1611737349,"event":{"mods":["BaseMod","Conspire","Downfall","Hermit","Hubris","Infinite Spire","Jorbs\u0027s Wanderer Trilogy","Minty Spire (QoL Compilation)","Quick Restart","Replay The Spire","Shop Mod","StSLib","The Animator","The Construct","The Cursed","The Disciple","The Hierophant","The Necromancer","The Runesmith","everything is the same but u backflip on backflip"],"gold_per_floor":[118,135,135,47,47,74,109,136,205,239,239,70,400,417,417,521,621,611,631,646,646,658,658,689,689,770,770,781,781,815,841,841,944,944,958,103,116,116,148,177,177,204,230,246,72,100,100,128,128,128],"floor_reached":51,"language":"ENG","playtime":10835,"items_purged":["Flesh_Made_Foul"],"score":1164,"play_id":"9b8e4c52-a993-4465-b302-d6aa4012f50e","local_time":"20210127004909","daily_mods":["SealedDeck","DeadlyEvents","Elite Swarm"],"is_ascension_mode":true,"campfire_choices":[{"data":"Summon_Vampire_Lady","floor":11,"key":"SMITH"},{"data":"Requiem","floor":15,"key":"SMITH"},{"data":"Summon_Undead","floor":23,"key":"SMITH"},{"data":"Summon_Death_Knight","floor":25,"key":"SMITH"},{"data":"Summon_Vampire_Lady","floor":32,"key":"SMITH"},{"data":"Summon_Death_Knight","floor":41,"key":"SMITH"},{"data":"Summon_Vampire_Lady","floor":49,"key":"SMITH"}],"circlet_count":0,"master_deck":["Summon_Undead_Army","Bone_Armor","Siphon_Strength","Spectral_Walk","Negative_Energy_Shield","Death_March_Dance","Uncharnel","Consume_Illness","Life_Drain","Summon_Lich","Blood_Curse+1","Trip","Summon_Vampire_Lady","Grasp_Heart+1","Pot Of Greed","Pot Of Greed","Summon_Vampire_Lady+1","Poisoned Strike+1","Requiem+1","Bone_Armor+1","Slimebound:CheckThePlaybook+1","Summon_Undead+1","Pot Of Greed","Summon_Death_Knight+1","hubris:Fate","Summon_Vampire_Lady+1","Summon_Death_Knight+1","Cloudkill","Secret Technique","Summon_Vampire_Lady+1","Blood_Magic"],"relics":["Vampire_Amulet","Replay:WaspNest","hexamod:BolsterEngine","Darkstone Periapt","Ancient Tea Set","Iron Hammer","Grinning Jar","Old Coin","Replay:Grab Bag","Replay:Bronze Core","Replay:Wanted Poster","SacredBark","Gremlin Food","hexamod:CandleOfCauterizing","Slimebound:PreparedRelic","infinitespire:CursedDice","Empty Cage","Guide Book","WingedGreaves","hubris:PeanutButter","hubris:TenFootPole","Whetstone","hubris:Potato","hubris:ToyBattleship","hubris:GlazedTorus","CaptainsWheel"],"acts_visited":["Exordium","TheCity","TheBeyond"],"potions_floor_usage":[6,6,6,7,8,13,24,24,35,37,39,42,44],"damage_taken":[{"damage":4,"enemies":"Cultist","floor":1,"turns":4},{"damage":0,"enemies":"conspire:RoseBush","floor":2,"turns":3},{"damage":2,"enemies":"3 Sentries","floor":6,"turns":5},{"damage":17,"enemies":"Gremlin Nob","floor":7,"turns":4},{"damage":3,"enemies":"Lagavulin","floor":8,"turns":4},{"damage":12,"enemies":"Gremlin Nob","floor":10,"turns":3},{"damage":13,"enemies":"Lagavulin","floor":13,"turns":4},{"damage":6,"enemies":"Jaw Worm","floor":14,"turns":2},{"damage":10,"enemies":"The Guardian","floor":16,"turns":7},{"damage":14,"enemies":"2 Thieves","floor":18,"turns":5},{"damage":0,"enemies":"Chosen","floor":19,"turns":4},{"damage":38,"enemies":"Shelled Parasite and Fungi","floor":20,"turns":4},{"damage":9,"enemies":"Cultist and Chosen","floor":22,"turns":3},{"damage":27,"enemies":"Gremlin Leader","floor":24,"turns":4},{"damage":2,"enemies":"Centurion and Healer","floor":28,"turns":5},{"damage":7,"enemies":"Replay:Snechameleon","floor":30,"turns":2},{"damage":11,"enemies":"conspire:Head Lice","floor":31,"turns":5},{"damage":19,"enemies":"Champ","floor":33,"turns":5},{"damage":0,"enemies":"3 Shapes","floor":35,"turns":3},{"damage":30,"enemies":"3 Darklings","floor":37,"turns":4},{"damage":6,"enemies":"R_Hoarder","floor":39,"turns":4},{"damage":35,"enemies":"Giant Head","floor":40,"turns":7},{"damage":28,"enemies":"Nemesis","floor":42,"turns":5},{"damage":0,"enemies":"4 Shapes","floor":44,"turns":3},{"damage":0,"enemies":"R_Hoarder","floor":46,"turns":6},{"damage":13,"enemies":"Giant Head","floor":48,"turns":5},{"damage":3,"enemies":"Donu and Deca","floor":50,"turns":5}],"seed_played":"682845596987210532","potions_obtained":[{"floor":1,"key":"Explosive Potion"},{"floor":3,"key":"LifebloodPotion"},{"floor":3,"key":"LiquidBronze"},{"floor":6,"key":"Regen Potion"},{"floor":7,"key":"sneckomod:MuddlingPotion"},{"floor":8,"key":"BlessingOfTheForge"},{"floor":14,"key":"Regen Potion"},{"floor":19,"key":"LifebloodPotion"},{"floor":28,"key":"SkillPotion"},{"floor":30,"key":"LiquidBronze"},{"floor":33,"key":"Regen Potion"},{"floor":35,"key":"Energy Potion"},{"floor":39,"key":"PowerPotion"}],"is_trial":true,"path_per_floor":["M","M","?","$","T","E","E","E","T","E","R","$","E","M","R","B",null,"M","M","M","?","M","R","E","R","T","AVR","M","?","E","E","R","B",null,"M","$","M","?","E","E","R","E","T","M","$","E","?","E","R","B",null],"character_chosen":"NECROMANCER","items_purchased":["Trip","Poisoned Strike","Guide Book","WingedGreaves","hubris:PeanutButter","Death Potion","Secret Technique"],"campfire_rested":0,"item_purchase_floors":[4,12,36,36,36,36,45],"current_hp_per_floor":[75,75,75,75,75,75,75,74,74,68,68,68,69,71,71,72,75,75,75,58,58,61,61,48,48,48,48,67,67,68,68,68,62,68,68,68,49,49,56,49,49,64,64,68,68,68,68,63,63,68],"gold":128,"neow_bonus":"","is_daily":false,"chose_seed":false,"campfire_upgraded":7,"win_rate":0.0,"timestamp":1611737349,"path_taken":["M","M","?","?","?","E","?","E","T","E","R","$","E","M","R","BOSS","M","M","M","?","M","R","E","R","T","AVR","M","?","E","?","R","BOSS","M","$","M","?","?","E","R","E","T","?","$","?","?","E","R","BOSS"],"items_purchased_type":["Card","Card","Relic","Relic","Relic","Potion","Card"],"build_version":"2020-12-22","purchased_purges":1,"victory":true,"max_hp_per_floor":[75,75,75,75,75,75,75,75,75,75,75,75,75,75,75,75,75,75,75,75,68,68,68,68,68,68,68,68,68,68,68,68,68,68,68,68,68,68,68,68,68,68,68,68,68,68,68,68,68,68],"card_choices":[{"not_picked":["Blood_Is_Power","Bone_Bullets"],"picked":"Flesh_Made_Foul","floor":1},{"not_picked":["Shackles_Of_Pain","Death_March_Dance"],"picked":"Blood_Curse","floor":2},{"not_picked":["Summon_Death_Knight","Cloudkill"],"picked":"Summon_Vampire_Lady","floor":6},{"not_picked":["Cloudkill","Requiem"],"picked":"Grasp_Heart","floor":7},{"not_picked":["Negative_Energy_Bomb","Cloudkill"],"picked":"Skeleton_Dragon","floor":8},{"not_picked":["Skeleton_Dragon","Grasp_Heart"],"picked":"Summon_Vampire_Lady","floor":10},{"not_picked":["Reap_The_Weak","Negative_Energy_Bomb"],"picked":"Requiem","floor":13},{"not_picked":["Bones_to_Steel","Summon_Undead_Army","Blood_Curse"],"picked":"SKIP","floor":14},{"not_picked":["Necromantic_Selection+1","Negative_Energy_Shield"],"picked":"Bone_Bullets","floor":18},{"not_picked":["Plague_Bolt+1","Negative_Energy_Mist"],"picked":"Bone_Bullets","floor":19},{"not_picked":["Vampiric_Strike","Toxic_Smoke_Screen"],"picked":"Bone_Armor+1","floor":20},{"not_picked":["Bone_Shift","Death_March_Dance+1"],"picked":"Summon_Undead","floor":22},{"not_picked":["Blood_Wake","Summon_Vampire_Lady"],"picked":"Summon_Death_Knight","floor":24},{"not_picked":["Blood_Whip","Death_March_Dance+1","Necromantic_Selection"],"picked":"SKIP","floor":28},{"not_picked":["Reap_The_Weak","Skeleton_Dragon","Requiem"],"picked":"SKIP","floor":30},{"not_picked":["Skeleton_Dragon","Grasp_Heart"],"picked":"Summon_Vampire_Lady","floor":31},{"not_picked":["Negative_Energy_Sphere+1","Death_Knell+1","Blood_Curse"],"picked":"SKIP","floor":35},{"not_picked":["Finger_Of_Death","Blood_Whip+1","Blood_Curse+1"],"picked":"SKIP","floor":37},{"not_picked":["Cloudkill","Summon_Vampire_Lady"],"picked":"Summon_Death_Knight","floor":39},{"not_picked":["Skeleton_Dragon","Reap_The_Weak","Blood_Wake"],"picked":"SKIP","floor":40},{"not_picked":["Reap_The_Weak","Requiem"],"picked":"Cloudkill","floor":42},{"not_picked":["Blood_Whip+1","Negative_Energy_Sphere","Bone_Bullets"],"picked":"SKIP","floor":44},{"not_picked":["Grasp_Heart","Skeleton_Dragon"],"picked":"Summon_Vampire_Lady","floor":46},{"not_picked":["Cloudkill","Summon_Vampire_Lady"],"picked":"Blood_Magic","floor":48}],"player_experience":454537,"relics_obtained":[{"floor":5,"key":"Replay:WaspNest"},{"floor":6,"key":"hexamod:BolsterEngine"},{"floor":7,"key":"Darkstone Periapt"},{"floor":8,"key":"Ancient Tea Set"},{"floor":9,"key":"Iron Hammer"},{"floor":10,"key":"Grinning Jar"},{"floor":13,"key":"Old Coin"},{"floor":24,"key":"Gremlin Food"},{"floor":26,"key":"hexamod:CandleOfCauterizing"},{"floor":30,"key":"Slimebound:PreparedRelic"},{"floor":31,"key":"infinitespire:CursedDice"},{"floor":39,"key":"hubris:TenFootPole"},{"floor":40,"key":"Whetstone"},{"floor":42,"key":"hubris:Potato"},{"floor":43,"key":"hubris:ToyBattleship"},{"floor":46,"key":"hubris:GlazedTorus"},{"floor":48,"key":"CaptainsWheel"}],"event_choices":[{"damage_healed":0,"gold_gain":0,"player_choice":"Got Potions","damage_taken":0,"max_hp_gain":0,"max_hp_loss":0,"event_name":"Lab","floor":3,"gold_loss":0},{"damage_healed":0,"gold_gain":0,"cards_transformed":["Skeleton_Dragon"],"player_choice":"Transformed","damage_taken":0,"max_hp_gain":0,"max_hp_loss":0,"event_name":"Transmorgrifier","floor":29,"gold_loss":0,"cards_obtained":["Negative_Energy_Sphere"]},{"cards_removed":["Negative_Energy_Sphere"],"damage_healed":0,"gold_gain":0,"player_choice":"Purged","damage_taken":0,"max_hp_gain":0,"max_hp_loss":0,"event_name":"Purifier","floor":38,"gold_loss":0}],"is_beta":false,"boss_relics":[{"not_picked":["hubris:CrackedHourglass","ChewingGum"],"picked":"Replay:Grab Bag"},{"not_picked":["ReplayTheSpireMod:Onyx Gauntlets","conspire:RoyalGoblet"],"picked":"Replay:Bronze Core"},{"not_picked":["Fusion Hammer","Painkiller Herb"],"picked":"Replay:Wanted Poster"},{"not_picked":["ReplayTheSpireMod:SealedPack","hubris:BlackHole"],"picked":"SacredBark"},{"not_picked":["hubris:Backtick","Runesmith:UraniumAnvil"],"picked":"Empty Cage"}],"items_purged_floors":[36],"is_endless":false,"potions_floor_spawned":[1,6,7,8,14,19,28,30,33,35,39],"ascension_level":4}}