{"host":"ooe12lh8pgcirntb","time":1611713863,"event":{"mods":["AchievementEnabler","Act Like it!","BaseMod","Beaked The Cultist","ChefMod","Colored Map","Colored Powertips","Downfall","Minty Spire (QoL Compilation)","StSLib","The Animator","The Bug Knight","The Disciple","The Hierophant","The Problem Sleuth"],"gold_per_floor":[114,114,141,65,65,87,108,37,85,102,33,48,80,116,116,216,216,238,35,35,35,55,55,104,127,127,149,184,184,210,235,235,338,338,353,376,72,72,72,72,96,96,96,118,118,136,155,193,193,197],"floor_reached":51,"language":"ENG","playtime":6613,"items_purged":[],"score":728,"play_id":"6db5f839-3af4-46dc-b7b9-f311957d6041","local_time":"20210126211743","is_ascension_mode":false,"campfire_choices":[{"data":"animator:Nanami","floor":15,"key":"SMITH"},{"data":"animator:Darkness","floor":23,"key":"SMITH"},{"floor":29,"key":"REST"},{"data":"animator:DwarfShaman","floor":32,"key":"SMITH"},{"data":"animator:Hans","floor":40,"key":"SMITH"},{"data":"animator:CowGirl","floor":42,"key":"SMITH"},{"data":"animator:GuildGirl","floor":45,"key":"SMITH"},{"data":"animator:MumenRider","floor":49,"key":"SMITH"}],"circlet_count":0,"master_deck":["animator:Strike_GoblinSlayer","animator:Defend_GoblinSlayer","animator:Strike","animator:Strike","animator:Defend","animator:Defend","animator:Defend","animator:LizardPriest","animator:DwarfShaman+1","animator:Mikaela","animator:HighElfArcher","animator:GuildGirl+1","animator:MumenRider+1","animator:CowGirl+1","animator:Darkness+1","animator:Hans+1","animator:Nanami+1","animator:Mitsuba","animator:Yuuichirou","animator:Spearman","animator:GoblinSlayer","CurseOfTheBell","animator:Aqua+1","animator:Vesta+1","animator:Shion+1","animator:Shichika+1","animator:Kazuma+1","animator:Azekura+1","animator:ZankiKiguchi","animator:Vanir","animator:GoblinSlayer","animator:Konayuki+1","animator:Verdia+1","Parasite","animator:IchigoKurosaki+1","animator:GazelDwargon+1","animator:Shichika+1"],"relics":["animator:LivingPicture","animator:ColorlessFragment","hexamod:BolsterEngine","Nunchaku","Lizard Tail","Calling Bell","HollowMod:PaleOreRelic","Toxic Egg 2","Du-Vu Doll","Pantograph","animator:BattleDrones","Vajra","Mark of Pain","Guardian:BottledAnomaly","Oddly Smooth Stone","Singing Bowl","Blood Vial"],"acts_visited":["Exordium","TheCity","TheBeyond"],"potions_floor_usage":[13,13,24,25,27,28,28,33,48,50,50],"damage_taken":[{"damage":2,"enemies":"2 Louse","floor":1,"turns":3},{"damage":0,"enemies":"Jaw Worm","floor":3,"turns":4},{"damage":0,"enemies":"Cultist","floor":6,"turns":4},{"damage":0,"enemies":"Blue Slaver","floor":7,"turns":5},{"damage":3,"enemies":"Looter","floor":10,"turns":3},{"damage":0,"enemies":"Exordium Thugs","floor":12,"turns":5},{"damage":19,"enemies":"Gremlin Nob","floor":13,"turns":4},{"damage":0,"enemies":"2 Fungi Beasts","floor":14,"turns":4},{"damage":0,"enemies":"The Guardian","floor":16,"turns":10},{"damage":2,"enemies":"Shell Parasite","floor":18,"turns":5},{"damage":4,"enemies":"Chosen","floor":22,"turns":5},{"damage":39,"enemies":"Slavers","floor":24,"turns":6},{"damage":25,"enemies":"Snake Plant","floor":25,"turns":3},{"damage":0,"enemies":"Shelled Parasite and Fungi","floor":27,"turns":5},{"damage":16,"enemies":"Chosen and Byrds","floor":28,"turns":6},{"damage":0,"enemies":"Cultist and Chosen","floor":31,"turns":6},{"damage":47,"enemies":"Collector","floor":33,"turns":11},{"damage":0,"enemies":"Orb Walker","floor":35,"turns":2},{"damage":0,"enemies":"3 Shapes","floor":36,"turns":3},{"damage":10,"enemies":"Writhing Mass","floor":41,"turns":6},{"damage":0,"enemies":"Jaw Worm Horde","floor":44,"turns":5},{"damage":0,"enemies":"Transient","floor":46,"turns":5},{"damage":0,"enemies":"Writhing Mass","floor":47,"turns":6},{"damage":18,"enemies":"Reptomancer","floor":48,"turns":6},{"damage":16,"enemies":"Awakened One","floor":50,"turns":10}],"seed_played":"-2978577363609506797","potions_obtained":[{"floor":6,"key":"SteroidPotion"},{"floor":7,"key":"AttackPotion"},{"floor":10,"key":"FearPotion"},{"floor":13,"key":"BlessingOfTheForge"},{"floor":16,"key":"GamblersBrew"},{"floor":22,"key":"champ:CounterPotion"},{"floor":24,"key":"SkillPotion"},{"floor":25,"key":"SkillPotion"},{"floor":28,"key":"EssenceOfSteel"},{"floor":35,"key":"SpeedPotion"},{"floor":36,"key":"bronze:BurnAndBuffPotion"},{"floor":41,"key":"Fire Potion"}],"is_trial":false,"path_per_floor":["M","?","M","$","?","M","M","$","T","M","$","M","E","M","R","B",null,"M","$","?","?","M","R","E","M","T","M","M","R","T","M","R","B",null,"M","M","$","?","$","R","M","R","T","M","R","M","M","E","R","B",null],"character_chosen":"THE_ANIMATOR","items_purchased":["animator:GuildGirl","animator:Darkness","animator:Nanami","animator:ColorlessFragment","animator:Vesta+1","Guardian:BottledAnomaly","Oddly Smooth Stone"],"campfire_rested":1,"item_purchase_floors":[4,8,11,19,19,37,37],"current_hp_per_floor":[64,64,64,64,64,64,65,65,65,62,62,62,43,43,43,44,68,66,66,66,60,59,59,23,1,1,5,34,54,54,57,57,22,69,70,70,70,70,70,70,63,63,63,66,66,69,72,56,56,61],"gold":197,"neow_bonus":"RANDOM_COMMON_RELIC","is_daily":false,"chose_seed":false,"campfire_upgraded":7,"win_rate":0.0,"timestamp":1611713863,"path_taken":["M","?","M","$","?","M","M","$","T","M","$","?","E","M","R","BOSS","M","$","?","?","?","R","E","M","T","M","M","R","?","M","R","BOSS","M","M","$","?","$","R","?","R","T","M","R","M","M","E","R","BOSS"],"items_purchased_type":["Card","Card","Card","Relic","Card","Relic","Relic"],"build_version":"2020-12-22","purchased_purges":0,"victory":true,"max_hp_per_floor":[66,66,66,66,66,66,67,67,67,67,67,67,67,67,67,68,68,68,68,68,68,68,68,68,68,68,69,69,69,69,69,69,69,69,70,70,70,70,70,70,70,70,70,70,70,70,72,74,74,74],"card_choices":[{"not_picked":["animator:Shigure","animator:Mitsuba"],"picked":"animator:Mikaela","floor":1},{"not_picked":["animator:Geryuganshoop","animator:Souei"],"picked":"animator:HighElfArcher","floor":3},{"not_picked":["animator:Mitsuba","animator:Yoichi"],"picked":"animator:MumenRider","floor":6},{"not_picked":["animator:Priestess","animator:HighElfArcher"],"picked":"animator:CowGirl","floor":7},{"not_picked":["animator:Kazuma","animator:SilverFang"],"picked":"animator:Hans","floor":10},{"not_picked":["animator:Geryuganshoop","animator:MumenRider"],"picked":"animator:Mitsuba","floor":12},{"not_picked":["animator:ZankiKiguchi","animator:YaoHaDucy"],"picked":"animator:Yuuichirou","floor":13},{"not_picked":["animator:LizardPriest","animator:DwarfShaman"],"picked":"animator:Spearman","floor":14},{"not_picked":["animator:Boros","animator:Saitama"],"picked":"animator:GoblinSlayer","floor":16},{"not_picked":["animator:Witch+1","animator:RoryMercury"],"picked":"animator:Aqua+1","floor":18},{"not_picked":["animator:Millim+1","animator:LeleiLaLalena+1"],"picked":"animator:Shion+1","floor":22},{"not_picked":["animator:Shuna+1","animator:Konayuki+1"],"picked":"animator:Shichika+1","floor":24},{"not_picked":["animator:Verdia+1","animator:Mitsurugi"],"picked":"animator:Kazuma+1","floor":25},{"not_picked":["animator:SilverFang+1","animator:Hakurou"],"picked":"animator:Azekura+1","floor":27},{"not_picked":["animator:HighElfArcher","animator:Kazuma+1"],"picked":"animator:ZankiKiguchi","floor":28},{"not_picked":["animator:Darkness","animator:Aqua+1"],"picked":"animator:Vanir","floor":31},{"not_picked":["animator:HigakiRinne+1","animator:Biyorigo"],"picked":"animator:GoblinSlayer","floor":33},{"not_picked":["animator:Souei+1","animator:Spearman"],"picked":"animator:Konayuki+1","floor":35},{"not_picked":["animator:MumenRider","animator:DwarfShaman+1"],"picked":"animator:Verdia+1","floor":36},{"not_picked":["animator:TanyaDegurechaff","animator:MisaKurobane+1"],"picked":"animator:IchigoKurosaki+1","floor":41},{"not_picked":["animator:Shinoa+1","animator:Yoichi+1"],"picked":"animator:GazelDwargon+1","floor":44},{"not_picked":["animator:Darkness+1","animator:MumenRider+1"],"picked":"animator:Shichika+1","floor":46},{"not_picked":["animator:ZankiKiguchi","animator:Togame+1","animator:Nanami+1"],"picked":"Singing Bowl","floor":47},{"not_picked":["animator:GuildGirl+1","animator:MumenRider+1","animator:Geryuganshoop+1"],"picked":"Singing Bowl","floor":48}],"player_experience":749751,"relics_obtained":[{"floor":9,"key":"Nunchaku"},{"floor":13,"key":"Lizard Tail"},{"floor":17,"key":"HollowMod:PaleOreRelic"},{"floor":17,"key":"Toxic Egg 2"},{"floor":17,"key":"Du-Vu Doll"},{"floor":24,"key":"Pantograph"},{"floor":26,"key":"animator:BattleDrones"},{"floor":30,"key":"Vajra"},{"floor":43,"key":"Singing Bowl"},{"floor":48,"key":"Blood Vial"}],"event_choices":[{"damage_healed":0,"gold_gain":0,"player_choice":"Ignored","damage_taken":0,"max_hp_gain":0,"max_hp_loss":0,"event_name":"Golden Wing","floor":2,"gold_loss":0},{"cards_removed":["animator:Strike"],"damage_healed":0,"gold_gain":0,"player_choice":"Purged","damage_taken":0,"max_hp_gain":0,"max_hp_loss":0,"event_name":"Purifier","floor":5,"gold_loss":0},{"damage_healed":0,"gold_gain":0,"player_choice":"Damaged","damage_taken":6,"max_hp_gain":0,"max_hp_loss":0,"event_name":"Wheel of Change","floor":21,"gold_loss":0},{"damage_healed":0,"gold_gain":0,"player_choice":"Ignored","damage_taken":0,"max_hp_gain":0,"max_hp_loss":0,"event_name":"NoteForYourself","floor":38,"gold_loss":0}],"is_beta":false,"boss_relics":[{"not_picked":["sneckomod:SneckoTalon","Coffee Dripper"],"picked":"Calling Bell"},{"not_picked":["Cursed Key","beaked:MawFillet"],"picked":"Mark of Pain"}],"items_purged_floors":[],"is_endless":false,"potions_floor_spawned":[6,7,10,13,16,22,24,25,28,35,36,41],"ascension_level":0}}