{"host":"Mute","time":1611706966,"event":{"mods":["BaseMod","Colored Map","Downfall","Minty Spire (QoL Compilation)","StSLib"],"gold_per_floor":[349,364,380,399,311,327,327,327,327,327],"floor_reached":8,"language":"ENG","playtime":476,"items_purged":[],"score":48,"play_id":"0f29cb55-d3a8-495a-ab02-5b373bcfafa8","local_time":"20210126192246","is_ascension_mode":false,"campfire_choices":[{"data":"hexamod:Sear","floor":1,"key":"SMITH"}],"circlet_count":0,"master_deck":["hexamod:Strike","hexamod:Strike","hexamod:Strike","hexamod:Strike","hexamod:Defend","hexamod:Defend","hexamod:Defend","hexamod:Defend","hexamod:Sear+1","hexamod:Float","hexamod:ThermalTransfer","hexamod:BurningTouch","hexamod:GhostOfSpirePast","hexamod:CatchUp"],"relics":["hexamod:SpiritBrand","Blue Candle"],"acts_visited":["Exordium"],"potions_floor_usage":[],"damage_taken":[{"damage":0,"enemies":"2 Louse","floor":2,"turns":3},{"damage":0,"enemies":"Cultist","floor":3,"turns":3},{"damage":5,"enemies":"Jaw Worm","floor":4,"turns":4},{"damage":0,"enemies":"downfall:FleeingMerchant","floor":5,"turns":4},{"damage":16,"enemies":"3 Louse","floor":6,"turns":3},{"damage":33,"enemies":"Gremlin Nob","floor":8,"turns":3}],"seed_played":"1176478295831594705","potions_obtained":[{"floor":4,"key":"CultistPotion"}],"is_trial":false,"path_per_floor":["R","M","M","M","$","M","T","E"],"character_chosen":"THE_SPIRIT","items_purchased":["hexamod:CatchUp"],"campfire_rested":0,"item_purchase_floors":[5],"current_hp_per_floor":[49,49,49,44,44,28,28,0,0,0],"gold":327,"neow_bonus":"TWO_FIFTY_GOLD","is_daily":false,"chose_seed":false,"campfire_upgraded":1,"win_rate":0.0,"timestamp":1611706966,"path_taken":["R","M","M","M","$","M","T","E"],"items_purchased_type":["Card"],"build_version":"2020-12-18","purchased_purges":0,"victory":false,"max_hp_per_floor":[70,70,70,70,70,70,70,70,70,70],"card_choices":[{"not_picked":["hexamod:SpectralSpark","hexamod:RetreatToShadows"],"picked":"hexamod:ThermalTransfer","floor":2},{"not_picked":["hexamod:BacktrackSmack","hexamod:FlamesFromBeyond"],"picked":"hexamod:BurningTouch","floor":3},{"not_picked":["hexamod:GhostflameBarrier","hexamod:GhostShield"],"picked":"hexamod:GhostOfSpirePast","floor":4},{"not_picked":["hexamod:PowerFromBeyond","hexamod:ChargedBarrage","hexamod:SpectralSpark"],"picked":"SKIP","floor":5},{"not_picked":["hexamod:FlamesFromBeyond","hexamod:HeatShield","hexamod:InspiringFlames"],"picked":"SKIP","floor":6}],"player_experience":473750,"relics_obtained":[{"floor":7,"key":"Blue Candle"}],"event_choices":[],"is_beta":true,"boss_relics":[],"items_purged_floors":[],"is_endless":false,"potions_floor_spawned":[4,6],"killed_by":"Gremlin Nob","ascension_level":0}}