{"host":"l5zfpd2l2htson6l","time":1611707920,"event":{"mods":["AchievementEnabler","BaseMod","Colored Map","Colored Powertips","Minty Spire (QoL Compilation)","Permanent Neow","Quick Restart","Rare Cards Sparkle","Relic Stats","SuperFastMode"],"gold_per_floor":[110,126,137,212,230,260,29,55,134,165,165,26,26,57,57,158,158,175,188,241,258,272,306,306,306,330,356,202,232,246,264,264,366,366,385,435,452,452,452,485,485,518,591,625,639,639,649,659,659,659,659,659,285,317,317,317],"floor_reached":55,"language":"ENG","playtime":4570,"items_purged":["Strike_R","Strike_R"],"score":1148,"play_id":"acc8c749-4bef-4076-8404-daf083b84c2a","local_time":"20210126163840","is_ascension_mode":true,"campfire_choices":[{"data":"Inflame","floor":15.0,"key":"SMITH"},{"floor":24.0,"key":"REST"},{"floor":32.0,"key":"REST"},{"floor":41.0,"key":"REST"},{"floor":46.0,"key":"REST"},{"floor":49.0,"key":"RECALL"},{"data":"Entrench","floor":52.0,"key":"SMITH"}],"circlet_count":0,"master_deck":["Bash","Rampage","Anger","Clothesline","Carnage","Armaments","Rage","Battle Trance","Inflame+1","Entrench+1","Bludgeon","Twin Strike","Burning Pact","Immolate","Disarm+1","Shrug It Off","Power Through","True Grit","Infernal Blade+1","Ghostly Armor","Spot Weakness+1","Ghostly Armor+1","Inflame+1","Heavy Blade","Warcry","Madness","Madness","Shrug It Off+1","Intimidate+1","Double Tap","Shrug It Off+1","Hemokinesis+1","Warcry+1"],"relics":["Burning Blood","Blood Vial","Lee\u0027s Waffle","Magic Flower","Vajra","Calipers","Pandora\u0027s Box","Regal Pillow","Strawberry","Dream Catcher","Akabeko","Orrery","Ancient Tea Set","Philosopher\u0027s Stone","FossilizedHelix","Thread and Needle","White Beast Statue","HornCleat","Toy Ornithopter","HandDrill","Bag of Marbles","Centennial Puzzle"],"acts_visited":["Exordium","TheCity","TheBeyond","TheEnding"],"potions_floor_usage":[55,55],"damage_taken":[{"damage":0.0,"enemies":"Small Slimes","floor":1.0,"turns":3.0},{"damage":4.0,"enemies":"Jaw Worm","floor":2.0,"turns":3.0},{"damage":1.0,"enemies":"2 Louse","floor":3.0,"turns":3.0},{"damage":14.0,"enemies":"Red Slaver","floor":5.0,"turns":2.0},{"damage":40.0,"enemies":"3 Sentries","floor":6.0,"turns":9.0},{"damage":25.0,"enemies":"Lagavulin","floor":8.0,"turns":5.0},{"damage":24.0,"enemies":"Gremlin Nob","floor":10.0,"turns":4.0},{"damage":21.0,"enemies":"Lagavulin","floor":14.0,"turns":6.0},{"damage":25.0,"enemies":"Slime Boss","floor":16.0,"turns":8.0},{"damage":25.0,"enemies":"2 Thieves","floor":18.0,"turns":3.0},{"damage":9.0,"enemies":"Chosen","floor":19.0,"turns":4.0},{"damage":20.0,"enemies":"Centurion and Healer","floor":21.0,"turns":6.0},{"damage":12.0,"enemies":"Snake Plant","floor":22.0,"turns":4.0},{"damage":36.0,"enemies":"Book of Stabbing","floor":23.0,"turns":8.0},{"damage":45.0,"enemies":"Slavers","floor":27.0,"turns":5.0},{"damage":15.0,"enemies":"Gremlin Leader","floor":29.0,"turns":6.0},{"damage":22.0,"enemies":"Sentry and Sphere","floor":30.0,"turns":5.0},{"damage":22.0,"enemies":"Snecko","floor":31.0,"turns":4.0},{"damage":73.0,"enemies":"Automaton","floor":33.0,"turns":12.0},{"damage":5.0,"enemies":"Orb Walker","floor":35.0,"turns":4.0},{"damage":27.0,"enemies":"Mind Bloom Boss Battle","floor":36.0,"turns":5.0},{"damage":3.0,"enemies":"3 Shapes","floor":37.0,"turns":4.0},{"damage":47.0,"enemies":"Giant Head","floor":40.0,"turns":7.0},{"damage":69.0,"enemies":"Reptomancer","floor":42.0,"turns":10.0},{"damage":11.0,"enemies":"Giant Head","floor":44.0,"turns":8.0},{"damage":0.0,"enemies":"Jaw Worm Horde","floor":45.0,"turns":3.0},{"damage":2.0,"enemies":"4 Shapes","floor":47.0,"turns":7.0},{"damage":0.0,"enemies":"Sphere and 2 Shapes","floor":48.0,"turns":1.0},{"damage":74.0,"enemies":"Time Eater","floor":50.0,"turns":14.0},{"damage":77.0,"enemies":"Shield and Spear","floor":54.0,"turns":12.0},{"damage":85,"enemies":"The Heart","floor":55,"turns":8}],"seed_played":"1400960539481254124","potions_obtained":[{"floor":1.0,"key":"ElixirPotion"},{"floor":2.0,"key":"SteroidPotion"},{"floor":10.0,"key":"SmokeBomb"},{"floor":19.0,"key":"Strength Potion"},{"floor":21.0,"key":"Block Potion"},{"floor":22.0,"key":"SpeedPotion"},{"floor":29.0,"key":"SkillPotion"},{"floor":33.0,"key":"LiquidMemories"},{"floor":37.0,"key":"AttackPotion"},{"floor":44.0,"key":"FearPotion"},{"floor":45.0,"key":"ColorlessPotion"},{"floor":47.0,"key":"Swift Potion"},{"floor":48.0,"key":"SneckoOil"},{"floor":54.0,"key":"DistilledChaos"}],"is_trial":false,"path_per_floor":["M","M","M","?","M","E","$","E","T","E","?","$","?","E","R","B",null,"M","M","T","M","M","E","R","?","T","E","$","E","M","M","R","B",null,"M","?","M","?","?","E","R","E","T","E","M","R","M","M","R","B",null,"R","$","E","B"],"character_chosen":"IRONCLAD","items_purchased":["Lee\u0027s Waffle","Battle Trance","Orrery","GamblersBrew","HandDrill","Bag of Marbles"],"campfire_rested":4,"item_purchase_floors":[7,12,28,53,53,53],"current_hp_per_floor":[57,59,64,53,45,11,87,68,68,56,61,61,52,43,43,30,77,64,67,67,64,64,47,92,92,92,59,59,56,46,41,87,26,85,97,82,96,96,82,47,95,38,38,39,51,99,109,111,111,62,99,99,99,34,0,0],"gold":317,"neow_bonus":"REMOVE_TWO","is_daily":false,"chose_seed":false,"campfire_upgraded":2,"win_rate":0.0,"timestamp":1611707920,"path_taken":["M","M","M","?","M","E","$","E","T","E","?","$","?","E","R","BOSS","M","M","?","?","M","E","R","?","T","E","?","E","M","M","R","BOSS","M","?","M","?","?","E","R","E","T","E","M","R","M","M","R","BOSS","R","$","E","BOSS"],"items_purchased_type":["Relic","Card","Relic","Potion","Relic","Relic"],"build_version":"2020-12-22","purchased_purges":2,"victory":false,"max_hp_per_floor":[80,80,80,80,80,80,87,87,87,87,92,92,92,92,92,92,92,92,92,92,95,95,102,102,102,102,102,102,102,102,105,105,105,105,108,108,111,111,111,111,111,111,111,111,111,111,111,111,111,111,111,111,111,111,111,111],"relic_stats":{"Blood Vial":71,"Lee\u0027s Waffle":76,"Regal Pillow":60,"Dream Catcher":3,"Centennial Puzzle":[3],"counters":[31,183],"Magic Flower":[112],"Pandora\u0027s Box":["Entrench","Bludgeon","Twin Strike","Burning Pact","Immolate"],"HandDrill":[4],"obtain_stats":[{"Lee\u0027s Waffle":7,"Regal Pillow":20,"Calipers":14,"Magic Flower":8,"Vajra":10,"Thread and Needle":40,"Ancient Tea Set":29,"Burning Blood":0,"Akabeko":27,"White Beast Statue":42,"Blood Vial":6,"Dream Catcher":26,"Centennial Puzzle":54,"HornCleat":43,"Strawberry":23,"Orrery":28,"Pandora\u0027s Box":17,"Philosopher\u0027s Stone":34,"HandDrill":53,"Bag of Marbles":53,"FossilizedHelix":36,"Toy Ornithopter":44},{"Lee\u0027s Waffle":5,"Regal Pillow":11,"Calipers":8,"Magic Flower":6,"Vajra":7,"Thread and Needle":23,"Ancient Tea Set":16,"Burning Blood":0,"Akabeko":15,"White Beast Statue":24,"Blood Vial":5,"Dream Catcher":14,"Centennial Puzzle":30,"HornCleat":24,"Strawberry":14,"Orrery":15,"Pandora\u0027s Box":9,"Philosopher\u0027s Stone":19,"HandDrill":29,"Bag of Marbles":29,"FossilizedHelix":21,"Toy Ornithopter":25},{"Lee\u0027s Waffle":20,"Regal Pillow":50,"Calipers":35,"Magic Flower":25,"Vajra":29,"Thread and Needle":120,"Ancient Tea Set":79,"Burning Blood":0,"Akabeko":73,"White Beast Statue":130,"Blood Vial":20,"Dream Catcher":68,"Centennial Puzzle":175,"HornCleat":130,"Strawberry":68,"Orrery":73,"Pandora\u0027s Box":43,"Philosopher\u0027s Stone":100,"HandDrill":163,"Bag of Marbles":163,"FossilizedHelix":109,"Toy Ornithopter":138}],"Burning Blood":243,"Toy Ornithopter":32},"card_choices":[{"not_picked":["Pommel Strike","Clash"],"picked":"Rampage","floor":1.0},{"not_picked":["Rampage","Perfected Strike"],"picked":"Anger","floor":2.0},{"not_picked":["Metallicize","Berserk"],"picked":"Clothesline","floor":3.0},{"not_picked":["Rampage","Pommel Strike","Body Slam"],"picked":"SKIP","floor":5.0},{"not_picked":["Havoc","Warcry"],"picked":"Carnage","floor":6.0},{"not_picked":["Reckless Charge","Shrug It Off"],"picked":"Armaments","floor":8.0},{"not_picked":["Power Through","Entrench"],"picked":"Rage","floor":10.0},{"not_picked":["Thunderclap","Whirlwind"],"picked":"Inflame","floor":14.0},{"not_picked":["Double Tap","Immolate"],"picked":"Feed","floor":16.0},{"not_picked":["Searing Blow","Dual Wield"],"picked":"Disarm+1","floor":18.0},{"not_picked":["Clothesline+1","Wild Strike"],"picked":"Shrug It Off","floor":19.0},{"not_picked":["Intimidate","Perfected Strike"],"picked":"Power Through","floor":21.0},{"not_picked":["Heavy Blade","Pummel"],"picked":"True Grit","floor":22.0},{"not_picked":["Body Slam","Thunderclap+1"],"picked":"Infernal Blade+1","floor":23.0},{"not_picked":["Sever Soul","Flex+1"],"picked":"Ghostly Armor","floor":27.0},{"not_picked":["Ghostly Armor","Iron Wave"],"picked":"Spot Weakness+1","floor":28.0},{"not_picked":["Twin Strike","Evolve"],"picked":"Ghostly Armor+1","floor":28.0},{"not_picked":["Dropkick","Body Slam","Blood for Blood"],"picked":"SKIP","floor":29.0},{"not_picked":["Wild Strike","Warcry+1"],"picked":"Inflame+1","floor":30.0},{"not_picked":["Rupture","Pommel Strike+1"],"picked":"Heavy Blade","floor":31.0},{"not_picked":["Sword Boomerang+1","Dropkick+1","Spot Weakness"],"picked":"SKIP","floor":35.0},{"not_picked":["Heavy Blade","Rampage+1"],"picked":"Warcry","floor":36.0},{"not_picked":["Shrug It Off","Thunderclap+1","Body Slam"],"picked":"SKIP","floor":37.0},{"not_picked":["Pommel Strike+1","Armaments"],"picked":"Shrug It Off+1","floor":40.0},{"not_picked":["Havoc","Sword Boomerang"],"picked":"Intimidate+1","floor":41.0},{"not_picked":["Corruption","Clothesline"],"picked":"Double Tap","floor":42.0},{"not_picked":["Spot Weakness+1","Clothesline+1"],"picked":"Shrug It Off+1","floor":44.0},{"not_picked":["Rage+1","Flex"],"picked":"Hemokinesis+1","floor":45.0},{"not_picked":["Burning Pact+1","Pommel Strike+1","Iron Wave"],"picked":"SKIP","floor":47.0},{"not_picked":["Evolve+1","Iron Wave+1"],"picked":"Warcry+1","floor":48.0},{"not_picked":["Rage","Warcry+1","Thunderclap+1"],"picked":"SKIP","floor":54.0}],"player_experience":711989,"relics_obtained":[{"floor":6.0,"key":"Blood Vial"},{"floor":8.0,"key":"Magic Flower"},{"floor":10.0,"key":"Vajra"},{"floor":14.0,"key":"Calipers"},{"floor":20.0,"key":"Regal Pillow"},{"floor":23.0,"key":"Strawberry"},{"floor":26.0,"key":"Dream Catcher"},{"floor":27.0,"key":"Akabeko"},{"floor":29.0,"key":"Ancient Tea Set"},{"floor":36.0,"key":"FossilizedHelix"},{"floor":40.0,"key":"Thread and Needle"},{"floor":42.0,"key":"White Beast Statue"},{"floor":43.0,"key":"HornCleat"},{"floor":44.0,"key":"Toy Ornithopter"},{"floor":54.0,"key":"Centennial Puzzle"}],"event_choices":[{"damage_healed":0.0,"max_hp_gain":0.0,"max_hp_loss":0.0,"gold_gain":75.0,"event_name":"World of Goop","player_choice":"Gather Gold","floor":4.0,"gold_loss":0.0,"damage_taken":11.0},{"damage_healed":0.0,"max_hp_gain":5.0,"max_hp_loss":0.0,"gold_gain":0.0,"event_name":"Big Fish","player_choice":"Donut","floor":11.0,"gold_loss":0.0,"damage_taken":0.0},{"damage_healed":0.0,"max_hp_gain":0.0,"max_hp_loss":0.0,"gold_gain":0.0,"event_name":"Wheel of Change","player_choice":"Damaged","floor":13.0,"gold_loss":0.0,"damage_taken":9.0},{"damage_healed":0.0,"max_hp_gain":0.0,"max_hp_loss":0.0,"gold_gain":0.0,"event_name":"Ghosts","player_choice":"Ignored","floor":25.0,"gold_loss":0.0,"damage_taken":0.0},{"damage_healed":0.0,"max_hp_gain":0.0,"max_hp_loss":0.0,"gold_gain":0.0,"event_name":"MindBloom","player_choice":"Fight","floor":36.0,"gold_loss":0.0,"damage_taken":0.0},{"cards_removed":["Feed"],"damage_healed":0.0,"max_hp_gain":0.0,"max_hp_loss":0.0,"gold_gain":0.0,"event_name":"Falling","player_choice":"Removed Attack","floor":38.0,"gold_loss":0.0,"damage_taken":0.0},{"damage_healed":0.0,"max_hp_gain":0.0,"max_hp_loss":0.0,"gold_gain":0.0,"event_name":"Winding Halls","player_choice":"Embrace Madness","floor":39.0,"gold_loss":0.0,"damage_taken":14.0,"cards_obtained":["Madness","Madness"]}],"is_beta":false,"boss_relics":[{"not_picked":["Snecko Eye","Sozu"],"picked":"Pandora\u0027s Box"},{"not_picked":["Busted Crown","Empty Cage"],"picked":"Philosopher\u0027s Stone"}],"items_purged_floors":[7,12],"is_endless":false,"potions_floor_spawned":[1,2,10,19,21,22,29,33,36,37,44,45,47,48,54],"killed_by":"The Heart","ascension_level":7}}