{"host":"io1dje8x8vk5ppfx","time":1611784259,"event":{"mods":["AchievementEnabler","Aspiration","BaseMod","Better Match","Better Silent Start","Better Vampires","Disable Question Mark Monsters","Downfall","Gold Saver","Googly Eyes","Hubris","Jedi Mod","Minty Spire (QoL Compilation)","Reorder Act Four","StSLib","The IronCluck","Transform Curses","Treasure Hunter","everything is the same but u backflip on backflip"],"gold_per_floor":[639,655,665,665,675,701,19,19,19,35,52,17,48,64,64,269,269,282,21,32,32,32,57,57,57,57,87,98,98,98,117,117,212,212,229,229,0,0,0,0],"floor_reached":39,"language":"ENG","playtime":6683,"items_purged":["Pain"],"score":554,"play_id":"9a649e65-ca18-4d32-b5f2-c30e09b43de0","local_time":"20210127165059","is_ascension_mode":false,"campfire_choices":[{"data":"White Noise","floor":15,"key":"SMITH"},{"floor":24,"key":"REST"},{"floor":32,"key":"RECALL"}],"circlet_count":0,"master_deck":["Strike_B","Strike_B+1","Strike_B+1","Strike_B","Defend_B","Defend_B","Defend_B","Defend_B","Zap","Dualcast","White Noise+1","Leap","Conserve Battery","Rip and Tear","jedi:BurstDark","Sweeping Beam","Rebound","TH:CursedSword","Turbo","Beam Cell","jedi:spotbugs","TH:CursedSword","jedi:hex","Conserve Battery","Electrodynamics","FlurryOfBlows","Tantrum","SignatureMove+1","downfall:Bewildered","Streamline+1","Steam+1","Hello World+1","Necronomicurse","Aggregate","TH:CursedSword","Judgement+1","ClearTheMind"],"relics":["Cracked Core","aspiration:Nostalgia","champ:ChampionCrown","WarpedTongs","hubris:ToyBattleship","jedi:archwizardhat","HandDrill","Whetstone","hubris:Icosahedron","aspiration:HummingbirdHeart","hubris:SphereOfDissonance","aspiration:WatcherSkillbook","Strange Spoon","sneckomod:BabySnecko","Juzu Bracelet","hubris:BottledRain","MutagenicStrength","Cables","Blue Candle","Necronomicon","hubris:BlackHole","Red Mask"],"acts_visited":["Exordium","TheCity","TheBeyond"],"potions_floor_usage":[6,10,16,16,21,28,33,33,39],"damage_taken":[{"damage":5,"enemies":"Cultist","floor":1,"turns":4},{"damage":3,"enemies":"Jaw Worm","floor":2,"turns":4},{"damage":6,"enemies":"2 Louse","floor":3,"turns":4},{"damage":17,"enemies":"Exordium Thugs","floor":5,"turns":6},{"damage":29,"enemies":"Lagavulin","floor":6,"turns":7},{"damage":9,"enemies":"Gremlin Gang","floor":10,"turns":3},{"damage":3,"enemies":"2 Fungi Beasts","floor":11,"turns":4},{"damage":15,"enemies":"Gremlin Nob","floor":13,"turns":5},{"damage":0,"enemies":"3 Louse","floor":14,"turns":1},{"damage":8,"enemies":"Hexaghost","floor":16,"turns":7},{"damage":18,"enemies":"Spheric Guardian","floor":18,"turns":4},{"damage":17,"enemies":"Shell Parasite","floor":20,"turns":4},{"damage":0,"enemies":"Gremlin Leader","floor":23,"turns":3},{"damage":4,"enemies":"Slavers","floor":27,"turns":3},{"damage":10,"enemies":"Chosen and Byrds","floor":28,"turns":3},{"damage":5,"enemies":"Cultist and Chosen","floor":31,"turns":3},{"damage":3,"enemies":"hubris:MusketHawk","floor":33,"turns":3},{"damage":10,"enemies":"3 Shapes","floor":35,"turns":3},{"damage":87,"enemies":"Awakened One","floor":39,"turns":6}],"seed_played":"-6758793246920749510","potions_obtained":[{"floor":1,"key":"Dexterity Potion"},{"floor":6,"key":"Energy Potion"},{"floor":13,"key":"SkillPotion"},{"floor":16,"key":"Weak Potion"},{"floor":20,"key":"jedi:mysterypotion"},{"floor":27,"key":"ColorlessPotion"},{"floor":31,"key":"bronze:BurnAndBuffPotion"}],"is_trial":false,"path_per_floor":["M","M","M","?","M","E","$","?","T","M","M","$","E","M","R","B",null,"M","$","M","?","$","E","R","?","T","E","M","?","?","M","R","B",null,"M","?","?","?","B"],"character_chosen":"DEFECT","items_purchased":["jedi:archwizardhat","HandDrill","FocusPotion","Sweeping Beam","Rebound","Whetstone","jedi:spotbugs","Strange Spoon","Tantrum","Juzu Bracelet"],"campfire_rested":1,"item_purchase_floors":[7,7,7,7,7,7,12,19,19,22],"current_hp_per_floor":[70,67,61,61,44,15,15,15,15,66,63,63,48,48,48,40,75,57,57,40,40,30,30,52,55,55,51,41,69,56,51,51,48,75,65,68,71,74,0,0],"gold":0,"neow_bonus":"NOSTALGIA","is_daily":false,"chose_seed":false,"campfire_upgraded":1,"win_rate":0.0,"timestamp":1611784259,"path_taken":["M","M","M","?","?","E","$","?","T","M","M","$","E","M","R","BOSS","M","$","M","?","?","E","R","?","T","E","M","?","?","M","R","BOSS","M","?","?","?","BOSS"],"items_purchased_type":["Relic","Relic","Potion","Card","Card","Relic","Card","Relic","Card","Relic"],"build_version":"2020-12-22","purchased_purges":1,"victory":false,"max_hp_per_floor":[75,75,75,75,75,75,75,75,75,75,75,75,75,75,75,75,75,75,75,75,75,75,75,75,75,75,75,75,75,75,75,75,75,75,75,75,75,75,75,75],"card_choices":[{"not_picked":["Hologram","Cold Snap"],"picked":"White Noise","floor":1},{"not_picked":["Cold Snap","Stack"],"picked":"Leap","floor":2},{"not_picked":["jedi:BurstLightning","Steam"],"picked":"Conserve Battery","floor":3},{"not_picked":["Compile Driver","Barrage"],"picked":"Rip and Tear","floor":5},{"not_picked":["Streamline","Aggregate"],"picked":"jedi:BurstDark","floor":6},{"not_picked":["TH:ElvenBoots","TH:ArmorSpikes"],"picked":"SKIP","floor":6},{"not_picked":["TH:Mimic"],"picked":"TH:CursedSword","floor":9},{"not_picked":["Cold Snap","Steam Power"],"picked":"Turbo","floor":10},{"not_picked":["Coolheaded","Sweeping Beam"],"picked":"Beam Cell","floor":11},{"not_picked":["TH:BikiniMail"],"picked":"TH:CursedSword","floor":13},{"not_picked":["Sweeping Beam","White Noise"],"picked":"jedi:hex","floor":13},{"not_picked":["Coolheaded","Sweeping Beam"],"picked":"Conserve Battery","floor":14},{"not_picked":["Biased Cognition","Amplify"],"picked":"Electrodynamics","floor":16},{"not_picked":["jedi:spotbugs","FollowUp","Hologram"],"picked":"FlurryOfBlows","floor":18},{"not_picked":["Protect+1","JustLucky","Beam Cell"],"picked":"SignatureMove+1","floor":20},{"not_picked":["Glacier","Compile Driver","WheelKick"],"picked":"Streamline+1","floor":23},{"not_picked":["TH:ElvenBoots","TH:BikiniMail","TH:TreasureMap"],"picked":"SKIP","floor":23},{"not_picked":["TH:Mimic","TH:ElvenBoots","TH:EnergyPotion"],"picked":"SKIP","floor":26},{"not_picked":["Sanctity","jedi:BurstLightning+1","jedi:BurstFrost"],"picked":"Steam+1","floor":27},{"not_picked":["TH:CopperCoins","TH:DeckOfManyThings","TH:ArmorSpikes"],"picked":"SKIP","floor":27},{"not_picked":["Coolheaded","CarveReality","Leap"],"picked":"Hello World+1","floor":28},{"not_picked":["Streamline","Core Surge","Beam Cell"],"picked":"Aggregate","floor":31},{"not_picked":["TH:Mimic","TH:BikiniMail"],"picked":"TH:CursedSword","floor":33},{"not_picked":["Creative AI","Vault","jedi:studyfrost"],"picked":"Judgement","floor":33},{"not_picked":["Barrage","Aggregate","jedi:blockon+1"],"picked":"ClearTheMind","floor":35}],"player_experience":341833,"relics_obtained":[{"floor":6,"key":"hubris:ToyBattleship"},{"floor":9,"key":"aspiration:HummingbirdHeart"},{"floor":13,"key":"hubris:SphereOfDissonance"},{"floor":23,"key":"hubris:BottledRain"},{"floor":26,"key":"Cables"},{"floor":27,"key":"Blue Candle"},{"floor":30,"key":"Necronomicon"}],"event_choices":[{"damage_healed":0,"gold_gain":0,"player_choice":"Rummage","damage_taken":0,"relics_obtained":["WarpedTongs"],"max_hp_gain":0,"max_hp_loss":0,"event_name":"Accursed Blacksmith","floor":4,"gold_loss":0,"cards_obtained":["Pain"]},{"damage_healed":0,"gold_gain":0,"player_choice":"Inject Mutagens","damage_taken":0,"relics_obtained":["MutagenicStrength"],"max_hp_gain":0,"max_hp_loss":0,"event_name":"Drug Dealer","floor":25,"gold_loss":0},{"damage_healed":25,"gold_gain":0,"player_choice":"Heal","damage_taken":0,"max_hp_gain":0,"max_hp_loss":0,"event_name":"The Library","floor":29,"gold_loss":0},{"damage_healed":0,"gold_gain":0,"player_choice":"Obtained Book","damage_taken":16,"max_hp_gain":0,"max_hp_loss":0,"event_name":"Cursed Tome","floor":30,"gold_loss":0},{"damage_healed":0,"gold_gain":0,"player_choice":"Upgraded","damage_taken":0,"max_hp_gain":0,"max_hp_loss":0,"event_name":"Upgrade Shrine","floor":36,"gold_loss":0,"cards_upgraded":["Judgement"]},{"damage_healed":0,"gold_gain":0,"player_choice":"Paid","damage_taken":0,"relics_obtained":["Red Mask"],"max_hp_gain":0,"max_hp_loss":0,"event_name":"Tomb of Lord Red Mask","floor":37,"gold_loss":229},{"damage_healed":0,"gold_gain":0,"player_choice":"Took Portal","damage_taken":0,"max_hp_gain":0,"max_hp_loss":0,"event_name":"SecretPortal","floor":38,"gold_loss":0}],"is_beta":false,"boss_relics":[{"not_picked":["jedi:battlestandard","Philosopher\u0027s Stone"],"picked":"aspiration:WatcherSkillbook"},{"not_picked":["aspiration:Stellarator","Busted Crown"],"picked":"hubris:BlackHole"}],"items_purged_floors":[19],"is_endless":false,"potions_floor_spawned":[1,6,13,16,20,27,31,35],"killed_by":"Awakened One","ascension_level":0}}