{"host":"tjq6rykv202u6iqx","time":1611767833,"event":{"mods":["AchievementEnabler","BaseMod","Minty Spire (QoL Compilation)","Rare Cards Sparkle","Relic Stats"],"gold_per_floor":[109,89,103,103,57,90,90,103,127,152,169,131,131,131],"floor_reached":13,"language":"ENG","playtime":498,"items_purged":[],"score":140,"play_id":"621735bc-c7aa-4a1e-aed6-03ec2afb43d8","local_time":"20210127111713","is_ascension_mode":true,"campfire_choices":[{"data":"Noxious Fumes","floor":7,"key":"SMITH"}],"circlet_count":0,"master_deck":["AscendersBane","Strike_G","Strike_G","Strike_G","Strike_G","Strike_G","Defend_G","Defend_G","Defend_G+1","Defend_G","Defend_G+1","Survivor","Neutralize","Noxious Fumes+1","Dagger Throw","Poisoned Stab","Deadly Poison","Poisoned Stab","Wraith Form v2","Sucker Punch"],"relics":["SlaversCollar","Lantern","War Paint","Juzu Bracelet","Gremlin Horn"],"acts_visited":["Exordium"],"potions_floor_usage":[6,6,10],"damage_taken":[{"damage":9,"enemies":"Small Slimes","floor":1,"turns":5},{"damage":0,"enemies":"Cultist","floor":3,"turns":4},{"damage":12,"enemies":"Gremlin Nob","floor":6,"turns":4},{"damage":0,"enemies":"2 Louse","floor":8,"turns":2},{"damage":10,"enemies":"Lagavulin","floor":10,"turns":7},{"damage":9,"enemies":"Looter","floor":11,"turns":4},{"damage":12,"enemies":"3 Sentries","floor":13,"turns":2}],"seed_played":"-8899122393488471542","potions_obtained":[{"floor":1,"key":"Strength Potion"},{"floor":2,"key":"Block Potion"},{"floor":3,"key":"Weak Potion"},{"floor":10,"key":"FearPotion"}],"is_trial":false,"path_per_floor":["M","?","M","?","$","E","R","M","T","E","M","?","E"],"character_chosen":"THE_SILENT","items_purchased":["Poisoned Stab"],"campfire_rested":0,"item_purchase_floors":[5],"current_hp_per_floor":[54,54,54,42,42,30,30,30,30,20,11,11,0,0],"gold":131,"neow_bonus":"BOSS_RELIC","is_daily":false,"chose_seed":false,"campfire_upgraded":1,"win_rate":0.0,"timestamp":1611767833,"path_taken":["M","?","?","?","$","E","R","M","T","E","M","?","E"],"items_purchased_type":["Card"],"build_version":"2020-12-22","purchased_purges":0,"victory":false,"max_hp_per_floor":[70,70,70,70,70,70,70,70,70,70,70,70,70,70],"relic_stats":{"Gremlin Horn":[0,0],"counters":[7,28],"Juzu Bracelet":0,"War Paint":["Defend_G","Defend_G"],"obtain_stats":[{"SlaversCollar":0,"Lantern":4,"Gremlin Horn":10,"Juzu Bracelet":9,"War Paint":6,"Ring of the Snake":0},{"SlaversCollar":0,"Lantern":2,"Gremlin Horn":5,"Juzu Bracelet":4,"War Paint":3,"Ring of the Snake":0},{"SlaversCollar":0,"Lantern":9,"Gremlin Horn":22,"Juzu Bracelet":15,"War Paint":13,"Ring of the Snake":0}]},"card_choices":[{"not_picked":["Well Laid Plans","Outmaneuver"],"picked":"Noxious Fumes","floor":1},{"not_picked":["Cloak And Dagger","Outmaneuver"],"picked":"Dagger Throw","floor":3},{"not_picked":["Tactician","Concentrate"],"picked":"Deadly Poison","floor":6},{"not_picked":["Acrobatics","Bane"],"picked":"Poisoned Stab","floor":8},{"not_picked":["Dagger Throw","Deflect"],"picked":"Wraith Form v2","floor":10},{"not_picked":["Quick Slash","Blade Dance"],"picked":"Sucker Punch","floor":11}],"player_experience":885800,"relics_obtained":[{"floor":6,"key":"War Paint"},{"floor":9,"key":"Juzu Bracelet"},{"floor":10,"key":"Gremlin Horn"}],"event_choices":[{"damage_healed":0,"gold_gain":0,"player_choice":"Bought 1 Potion","damage_taken":0,"max_hp_gain":0,"max_hp_loss":0,"event_name":"The Woman in Blue","floor":2,"gold_loss":0},{"damage_healed":0,"gold_gain":0,"player_choice":"Success","damage_taken":12,"relics_obtained":["Lantern"],"max_hp_gain":0,"max_hp_loss":0,"event_name":"Scrap Ooze","floor":4,"gold_loss":0},{"damage_healed":0,"gold_gain":0,"player_choice":"Left Gold","damage_taken":0,"max_hp_gain":0,"max_hp_loss":0,"event_name":"World of Goop","floor":12,"gold_loss":38}],"is_beta":false,"boss_relics":[],"items_purged_floors":[],"is_endless":false,"potions_floor_spawned":[1,3,10],"killed_by":"3 Sentries","ascension_level":10}}