{"host":"kpyf5rnb72uwap8k","time":1611721473,"event":{"mods":["AchievementEnabler","BaseMod","Colored Map","Colored Powertips","DeckTracker","Minty Spire (QoL Compilation)","Permanent Neow","Quick Restart","StSLib","SuperFastMode"],"gold_per_floor":[111,186,196,196,208,208,239,239,319,319,334,7,33,33,33,137,137,137,137],"floor_reached":18,"language":"KOR","playtime":348,"items_purged":["Strike_R"],"score":185,"play_id":"f12c9e04-4b50-44b3-a04f-d987e4687207","local_time":"20210127132433","is_ascension_mode":true,"campfire_choices":[{"floor":6.0,"key":"REST"},{"floor":8.0,"key":"REST"},{"floor":15.0,"key":"REST"}],"circlet_count":0,"master_deck":["Strike_R","Strike_R","Strike_R","Defend_R","Defend_R","Defend_R","Defend_R","Bash","Apotheosis","Thunderclap","Thunderclap","Combust","Reaper"],"relics":["Black Blood","Oddly Smooth Stone","Boot","Letter Opener","Red Skull","Bottled Tornado","Eternal Feather"],"acts_visited":["Exordium","TheCity"],"potions_floor_usage":[],"damage_taken":[{"damage":0.0,"enemies":"Small Slimes","floor":1.0,"turns":3.0},{"damage":11.0,"enemies":"2 Louse","floor":3.0,"turns":2.0},{"damage":6.0,"enemies":"Cultist","floor":5.0,"turns":3.0},{"damage":27.0,"enemies":"3 Sentries","floor":7.0,"turns":6.0},{"damage":19.0,"enemies":"3 Louse","floor":11.0,"turns":3.0},{"damage":30.0,"enemies":"Lagavulin","floor":13.0,"turns":6.0},{"damage":33.0,"enemies":"Hexaghost","floor":16.0,"turns":10.0},{"damage":42,"enemies":"Shell Parasite","floor":18,"turns":5}],"seed_played":"4953705142086159321","potions_obtained":[{"floor":1.0,"key":"EssenceOfSteel"},{"floor":5.0,"key":"FearPotion"}],"is_trial":false,"path_per_floor":["M","?","M","?","M","R","E","R","T","?","M","$","E","?","R","B",null,"M"],"character_chosen":"IRONCLAD","items_purchased":["Bottled Tornado"],"campfire_rested":3,"item_purchase_floors":[12],"current_hp_per_floor":[72,61,56,31,31,52,31,52,52,52,39,39,15,8,35,8,72,38,38],"gold":137,"neow_bonus":"RANDOM_COLORLESS_2","is_daily":false,"chose_seed":false,"campfire_upgraded":0,"win_rate":0.0,"timestamp":1611721473,"path_taken":["M","?","M","?","M","R","E","R","T","?","M","$","E","?","R","BOSS","M"],"items_purchased_type":["Relic"],"build_version":"2020-12-22","purchased_purges":1,"victory":false,"max_hp_per_floor":[72,72,72,72,72,72,72,72,72,72,72,72,72,72,72,72,72,72,72],"card_choices":[{"not_picked":["Panache","Master of Strategy"],"picked":"Apotheosis","floor":0.0},{"not_picked":["Inflame","True Grit"],"picked":"Thunderclap","floor":1.0},{"not_picked":["Warcry","Combust"],"picked":"Thunderclap","floor":3.0},{"not_picked":["Perfected Strike","Inflame","Heavy Blade"],"picked":"SKIP","floor":5.0},{"not_picked":["Clothesline","Metallicize","Warcry"],"picked":"SKIP","floor":7.0},{"not_picked":["Burning Pact","Twin Strike"],"picked":"Combust","floor":11.0},{"not_picked":["Pommel Strike","Berserk","Clash"],"picked":"SKIP","floor":13.0},{"not_picked":["Juggernaut","Brutality"],"picked":"Reaper","floor":16.0}],"player_experience":188153,"relics_obtained":[{"floor":7.0,"key":"Boot"},{"floor":9.0,"key":"Letter Opener"},{"floor":13.0,"key":"Eternal Feather"}],"event_choices":[{"damage_healed":0.0,"max_hp_gain":0.0,"max_hp_loss":0.0,"gold_gain":75.0,"event_name":"World of Goop","player_choice":"Gather Gold","floor":2.0,"gold_loss":0.0,"damage_taken":11.0},{"damage_healed":0.0,"max_hp_gain":0.0,"max_hp_loss":0.0,"gold_gain":0.0,"event_name":"Scrap Ooze","player_choice":"Success","floor":4.0,"gold_loss":0.0,"damage_taken":25.0,"relics_obtained":["Oddly Smooth Stone"]},{"damage_healed":0.0,"max_hp_gain":0.0,"max_hp_loss":0.0,"gold_gain":0.0,"event_name":"Dead Adventurer","player_choice":"Searched \u00271\u0027 times","floor":10.0,"gold_loss":0.0,"damage_taken":0.0,"relics_obtained":["Red Skull"]},{"cards_removed":["Strike_R"],"damage_healed":0.0,"max_hp_gain":0.0,"max_hp_loss":0.0,"gold_gain":0.0,"event_name":"Golden Wing","player_choice":"Card Removal","floor":14.0,"gold_loss":0.0,"damage_taken":7.0}],"is_beta":false,"boss_relics":[{"not_picked":["Runic Cube","Runic Pyramid"],"picked":"Black Blood"}],"items_purged_floors":[12],"is_endless":false,"potions_floor_spawned":[1,5],"killed_by":"Shell Parasite","ascension_level":2}}