{"host":"684z1xpuwaoqmmh1","time":1611759729,"event":{"mods":["BaseMod","Downfall","Hermit","Jorbs\u0027s Wanderer Trilogy","Marisa????????","Minty Spire (QoL Compilation)","Robot Space Explorer","Shade Mod","StSLib","The Bug Knight","The Cursed","The Dragon Tamer","The Hayseed","The Hierophant","The Marked","The Mystic","The Runesmith","The Senshi"],"gold_per_floor":[109,119,135,152,152,152,186,186,186,214,214,233,246,264,264,360,360,373,401,431,431,436,436],"floor_reached":22,"language":"ENG","playtime":1436,"items_purged":[],"score":371,"play_id":"1b0e8033-3c7d-4d2d-9de3-061c91644377","local_time":"20210127170209","is_ascension_mode":true,"campfire_choices":[{"data":"hermit:CursedWeapon","floor":6,"key":"SMITH"},{"floor":8,"key":"REST"},{"data":"hermit:CalledShot","floor":15,"key":"SMITH"}],"circlet_count":0,"master_deck":["AscendersBane","hermit:Strike_Hermit","hermit:Strike_Hermit","hermit:Strike_Hermit","hermit:Strike_Hermit","hermit:Defend_Hermit","hermit:Defend_Hermit","hermit:Defend_Hermit","hermit:Defend_Hermit","hermit:Snapshot","hermit:Covet","hermit:CursedWeapon+1","hermit:TakeAim","hermit:FatalDesire","hermit:Dive","Regret","hermit:Misfire","hermit:Reprieve","Injury","hermit:Misfire","hermit:Quickdraw","hermit:CalledShot+1","hermit:FromBeyond","hermit:Scavenge","Writhe"],"relics":["hermit:Momento","theSenshi:SuperSailorFukuRelic","Bottled Lightning","Gremlin Horn","Kunai","Golden Idol","sneckomod:SneckoTalon","Lantern"],"acts_visited":["Exordium","TheCity"],"potions_floor_usage":[7,10,13],"damage_taken":[{"damage":0,"enemies":"Cultist","floor":1,"turns":4},{"damage":4,"enemies":"Jaw Worm","floor":2,"turns":3},{"damage":2,"enemies":"2 Louse","floor":3,"turns":2},{"damage":30,"enemies":"Large Slime","floor":4,"turns":12},{"damage":35,"enemies":"Lagavulin","floor":7,"turns":10},{"damage":0,"enemies":"3 Sentries","floor":10,"turns":9},{"damage":3,"enemies":"Exordium Wildlife","floor":12,"turns":6},{"damage":1,"enemies":"Red Slaver","floor":13,"turns":5},{"damage":0,"enemies":"3 Louse","floor":14,"turns":2},{"damage":29,"enemies":"The Guardian","floor":16,"turns":16},{"damage":0,"enemies":"Spheric Guardian","floor":18,"turns":3},{"damage":1,"enemies":"3 Byrds","floor":19,"turns":5},{"damage":12,"enemies":"Snake Plant","floor":20,"turns":5},{"damage":72,"enemies":"Shelled Parasite and Fungi","floor":22,"turns":6}],"seed_played":"3944649236033465616","potions_obtained":[{"floor":1,"key":"SkillPotion"},{"floor":2,"key":"FearPotion"},{"floor":10,"key":"FearPotion"},{"floor":12,"key":"Swift Potion"},{"floor":13,"key":"CultistPotion"}],"is_trial":false,"path_per_floor":["M","M","M","M","?","R","E","R","T","E","?","M","M","M","R","B",null,"M","M","M","?","M"],"character_chosen":"HERMIT","items_purchased":[],"campfire_rested":1,"item_purchase_floors":[],"current_hp_per_floor":[75,71,69,39,39,39,4,28,28,28,28,25,40,56,56,47,73,82,82,70,70,0,0],"gold":436,"neow_bonus":"TEN_PERCENT_HP_BONUS","is_daily":false,"chose_seed":false,"campfire_upgraded":2,"win_rate":0.0,"timestamp":1611759729,"path_taken":["M","?","M","M","?","R","E","R","T","E","?","M","M","M","R","BOSS","M","M","M","?","M"],"items_purchased_type":[],"build_version":"2020-12-22","purchased_purges":0,"victory":false,"max_hp_per_floor":[82,82,82,82,82,82,82,82,82,82,82,82,82,82,82,82,82,82,82,82,82,82,82],"card_choices":[{"not_picked":["hermit:Glare","hermit:Snipe"],"picked":"hermit:CursedWeapon","floor":1},{"not_picked":["hermit:Manifest","hermit:Combo"],"picked":"hermit:TakeAim","floor":2},{"not_picked":["hermit:Ricochet","hermit:FlashPowder"],"picked":"hermit:FatalDesire","floor":3},{"not_picked":["hermit:WideOpen","hermit:Headshot"],"picked":"hermit:Dive","floor":4},{"not_picked":["hermit:Vantage","hermit:Showdown"],"picked":"hermit:Misfire","floor":7},{"not_picked":["hermit:NoHoldsBarred","hermit:SprayPray"],"picked":"hermit:Reprieve","floor":10},{"not_picked":["hermit:Ricochet","hermit:HighCaliber"],"picked":"hermit:Misfire","floor":12},{"not_picked":["hermit:Headshot","hermit:Grudge"],"picked":"hermit:Quickdraw","floor":13},{"not_picked":["hermit:SprayPray","hermit:HighCaliber"],"picked":"hermit:CalledShot","floor":14},{"not_picked":["hermit:FinalCanter","hermit:FatalDesire"],"picked":"hermit:FromBeyond","floor":16},{"not_picked":["hermit:ItchyTrigger","hermit:CalledShot"],"picked":"hermit:Scavenge","floor":18},{"not_picked":["hermit:Desperado","hermit:Ricochet","hermit:Dive"],"picked":"SKIP","floor":19},{"not_picked":["hermit:Coalescence","hermit:BodyArmor","hermit:NoHoldsBarred"],"picked":"SKIP","floor":20}],"player_experience":2970562,"relics_obtained":[{"floor":7,"key":"Bottled Lightning"},{"floor":9,"key":"Gremlin Horn"},{"floor":10,"key":"Kunai"}],"event_choices":[{"damage_healed":0,"gold_gain":0,"player_choice":"Box","damage_taken":0,"relics_obtained":["theSenshi:SuperSailorFukuRelic"],"max_hp_gain":0,"max_hp_loss":0,"event_name":"Big Fish","floor":5,"gold_loss":0,"cards_obtained":["Regret"]},{"damage_healed":0,"gold_gain":0,"player_choice":"Take Wound","damage_taken":0,"relics_obtained":["Golden Idol"],"max_hp_gain":0,"max_hp_loss":0,"event_name":"Golden Idol","floor":11,"gold_loss":0,"cards_obtained":["Injury"]},{"damage_healed":0,"gold_gain":0,"player_choice":"Opened","damage_taken":0,"relics_obtained":["Lantern"],"max_hp_gain":0,"max_hp_loss":0,"event_name":"The Mausoleum","floor":21,"gold_loss":0,"cards_obtained":["Writhe"]}],"is_beta":false,"boss_relics":[{"not_picked":["Astrolabe","Runic Pyramid"],"picked":"sneckomod:SneckoTalon"}],"items_purged_floors":[],"is_endless":false,"potions_floor_spawned":[1,2,10,12,13,14,16,20],"killed_by":"Shelled Parasite and Fungi","ascension_level":13}}