{"host":"y6zg4wwu39otf01a","time":1611781650,"event":{"mods":["Act Like it!","Aspiration","BaseMod","Better Altar","Better Match","Better Note","Better Sensory Stone","Better Skull","Better Third Choice","Challenge The Spire","Colored Map","Colored Powertips","Conspire","GifTheSpireLib","Glutton Mod","Halation","Hermit","Highlight Path","Hubris","Infinite Spire","Mimic Mod","Minty Spire (QoL Compilation)","Puzzle Mod","Quick Restart","Random Character Button","Rare Cards Sparkle","Replay The Spire","Retaliation","Robot Space Explorer","Shade Mod","Spicy Shops","Spire Arcade","StSLib","Stuff the Spire","The Blue Laboratory","The Jungle","The Marked","thorton"],"gold_per_floor":[111,130,130,77,92,92,310,330,368,401,30,49,82,96,96,201,201,214,164,3,103,103,103,138,156,156,156,156],"floor_reached":27,"language":"ENG","playtime":2001,"items_purged":[],"score":254,"play_id":"8ed92d13-4d63-4101-b81c-d47c43e66b77","local_time":"20210127160730","is_ascension_mode":true,"campfire_choices":[{"data":"Machine Learning","floor":6,"key":"SMITH"},{"data":"hermit:Showdown","floor":15,"key":"SMITH"},{"data":"hermit:Glare","floor":23,"key":"SMITH"}],"circlet_count":0,"master_deck":["Machine Learning+1","hermit:Strike_Hermit","hermit:Strike_Hermit","hermit:Strike_Hermit","hermit:Strike_Hermit","hermit:Defend_Hermit","hermit:Defend_Hermit","hermit:Defend_Hermit","hermit:Defend_Hermit","hermit:Snapshot","hermit:Covet","hermit:Coalescence","hermit:Snipe","hermit:Glare+1","hermit:Ricochet","hermit:PistolWhip","DDmod:MulticlassingSkill","hermit:Deadeye","hermit:Enervate","hermit:Showdown+1","hermit:DeadOrAlive","Hidden Blade","Infinite Blades","Concentrate"],"relics":["hermit:Momento","aspiration:Nostalgia","Ring of the Snake","hubris:CrystalStatue","Replay:Mystery Machine","StuffTheSpire:OldFever","StuffTheSpire:Saxophone","Blood Vial","halation:SelfBoilingWater","aspiration:SilentSkillbook","hubris:Potato","Happy Flower","Orichalcum"],"acts_visited":["Exordium","TheCity"],"potions_floor_usage":[10,18,27],"damage_taken":[{"damage":0,"enemies":"Cultist","floor":1,"turns":3},{"damage":4,"enemies":"Jaw Worm","floor":2,"turns":2},{"damage":0,"enemies":"2 Louse","floor":5,"turns":2},{"damage":0,"enemies":"Exordium Thugs","floor":8,"turns":4},{"damage":1,"enemies":"Blue Slaver","floor":9,"turns":4},{"damage":0,"enemies":"Blue Slaver","floor":10,"turns":4},{"damage":3,"enemies":"Blue Slaver","floor":12,"turns":3},{"damage":38,"enemies":"Lagavulin","floor":13,"turns":4},{"damage":3,"enemies":"Large Slime","floor":14,"turns":4},{"damage":34,"enemies":"Fading Forest","floor":16,"turns":11},{"damage":6,"enemies":"Shell Parasite","floor":18,"turns":2},{"damage":35,"enemies":"Book of Stabbing","floor":24,"turns":4},{"damage":24,"enemies":"3 Byrds","floor":25,"turns":4},{"damage":19,"enemies":"3 Cultists","floor":27,"turns":3}],"seed_played":"7779070126721566331","potions_obtained":[{"floor":8,"key":"blueLaboratory:BottleOfRum"},{"floor":12,"key":"blueLaboratory:AbyssPotion"},{"floor":14,"key":"blueLaboratory:HummingbirdPotion"},{"floor":16,"key":"blueLaboratory:LouseDecoction"},{"floor":24,"key":"blueLaboratory:HeartbeatPotion"}],"is_trial":false,"path_per_floor":["M","M","?","?","M","R","?","M","MIM","MIM","$","M","E","M","R","B",null,"M","?","$","?","$","R","E","M","T","M"],"character_chosen":"HERMIT","items_purchased":["StuffTheSpire:Saxophone","Blood Vial","DDmod:MulticlassingSkill","hermit:Deadeye","Infinite Blades","hubris:Potato"],"campfire_rested":0,"item_purchase_floors":[11,11,11,11,20,20],"current_hp_per_floor":[75,71,71,71,71,71,53,53,52,52,52,51,35,34,34,20,75,69,69,69,69,69,69,36,14,14,0,0],"gold":156,"neow_bonus":"NOSTALGIA","is_daily":false,"chose_seed":false,"campfire_upgraded":3,"win_rate":0.0,"timestamp":1611781650,"path_taken":["M","?","?","?","?","R","?","M","MIM","?","$","M","E","M","R","BOSS","M","?","?","?","$","R","E","?","T","M"],"items_purchased_type":["Relic","Relic","Card","Card","Card","Relic"],"build_version":"2020-12-22","purchased_purges":0,"victory":false,"max_hp_per_floor":[75,75,75,75,75,75,75,75,75,75,75,75,75,75,75,75,75,75,75,75,75,75,75,75,75,75,75,75],"card_choices":[{"not_picked":["hermit:BodyArmor","hermit:Vantage"],"picked":"hermit:Coalescence","floor":1},{"not_picked":["hermit:NoHoldsBarred","hermit:Virtue"],"picked":"hermit:Snipe","floor":2},{"not_picked":["hermit:Coalescence","hermit:Manifest"],"picked":"hermit:Glare","floor":5},{"not_picked":["hermit:LowProfile","hermit:BodyArmor"],"picked":"hermit:Ricochet","floor":8},{"not_picked":["hermit:WideOpen","hermit:Coalescence"],"picked":"hermit:PistolWhip","floor":10},{"not_picked":["hermit:Manifest","hermit:Horror"],"picked":"hermit:Enervate","floor":12},{"not_picked":["hermit:TrackingShot","hermit:LowProfile","hermit:GhostlyPresence"],"picked":"SKIP","floor":13},{"not_picked":["hermit:Virtue","hermit:GhostlyPresence"],"picked":"hermit:Showdown","floor":14},{"not_picked":["hermit:EternalForm","hermit:FinalCanter"],"picked":"hermit:DeadOrAlive","floor":16},{"not_picked":["Sneak Up","StuffTheSpire:ClusterCrunch","hermit:WideOpen"],"picked":"Hidden Blade","floor":18},{"not_picked":["hermit:HighCaliber+1","Masterful Stab","hermit:LuckOfTheDraw"],"picked":"Concentrate","floor":24},{"not_picked":["hermit:SprayPray","hermit:FullyLoaded+1","StuffTheSpire:Fury+1","hermit:Feint"],"picked":"SKIP","floor":25}],"player_experience":731900,"relics_obtained":[{"floor":9,"key":"Replay:Mystery Machine"},{"floor":10,"key":"StuffTheSpire:OldFever"},{"floor":13,"key":"halation:SelfBoilingWater"},{"floor":24,"key":"Happy Flower"},{"floor":26,"key":"Orichalcum"}],"event_choices":[{"damage_healed":0,"gold_gain":0,"player_choice":"Leave","damage_taken":0,"max_hp_gain":0,"max_hp_loss":0,"event_name":"The Cleric","floor":3,"gold_loss":0},{"damage_healed":0,"gold_gain":0,"player_choice":"Paid Gold","damage_taken":0,"relics_obtained":["hubris:CrystalStatue"],"max_hp_gain":0,"max_hp_loss":0,"event_name":"WeMeetAgain","floor":4,"gold_loss":53},{"damage_healed":0,"gold_gain":218,"player_choice":"GO GO ","damage_taken":20,"relics_obtained":[],"max_hp_gain":0,"max_hp_loss":0,"event_name":"betterSkull:BetterSkull","floor":7,"gold_loss":0,"cards_upgraded":[]},{"damage_healed":0,"gold_gain":0,"player_choice":"Bet on Owner","damage_taken":0,"max_hp_gain":0,"max_hp_loss":0,"event_name":"The Joust","floor":19,"gold_loss":50},{"damage_healed":0,"gold_gain":100,"player_choice":"Pray","damage_taken":0,"max_hp_gain":0,"max_hp_loss":0,"event_name":"Golden Shrine","floor":21,"gold_loss":0}],"is_beta":false,"boss_relics":[{"not_picked":["Replay:Ancient Bell","aspiration:PoetsPen_weak"],"picked":"aspiration:SilentSkillbook"}],"items_purged_floors":[],"is_endless":false,"potions_floor_spawned":[8,12,14,16,24],"killed_by":"3 Cultists","ascension_level":2}}