{"host":"lrlw254gqe5layub","time":1611725245,"event":{"mods":["AchievementEnabler","BaseMod","Colored Map","Colored Powertips","Minty Spire (QoL Compilation)","Rare Cards Sparkle","SuperFastMode"],"gold_per_floor":[116,7,7,25,40,40,67,79,79,113,113,113,128,140,140,240,240,256,274,138,138,0,0,26,26,26,26,26],"floor_reached":27,"language":"KOR","playtime":809,"items_purged":["Strike_B","Strike_B"],"score":374,"play_id":"e51f2dc4-c96f-4208-a5f5-14217805ad79","local_time":"20210127142725","is_ascension_mode":true,"campfire_choices":[{"data":"Zap","floor":6.0,"key":"SMITH"},{"floor":12.0,"key":"REST"},{"floor":15.0,"key":"RECALL"},{"floor":23,"key":"REST"}],"circlet_count":0,"master_deck":["Strike_B","Strike_B","Defend_B","Defend_B","Defend_B","Zap+1","Dualcast","Genetic Algorithm","Self Repair","Seek","Good Instincts","Zap","FTL","Core Surge","Genetic Algorithm","Electrodynamics","Defragment","Self Repair"],"relics":["Cracked Core","NeowsBlessing","Pear","The Courier","Inserter","Omamori","Boot"],"acts_visited":["Exordium","TheCity"],"potions_floor_usage":[16,16,19],"damage_taken":[{"damage":0.0,"enemies":"2 Louse","floor":1.0,"turns":1.0},{"damage":0.0,"enemies":"Small Slimes","floor":4.0,"turns":1.0},{"damage":0.0,"enemies":"Cultist","floor":5.0,"turns":1.0},{"damage":55.0,"enemies":"3 Sentries","floor":7.0,"turns":10.0},{"damage":4.0,"enemies":"Blue Slaver","floor":8.0,"turns":4.0},{"damage":28.0,"enemies":"Lagavulin","floor":10.0,"turns":6.0},{"damage":1.0,"enemies":"Exordium Wildlife","floor":13.0,"turns":3.0},{"damage":0.0,"enemies":"Looter","floor":14.0,"turns":3.0},{"damage":53,"enemies":"Slime Boss","floor":16,"turns":11},{"damage":8,"enemies":"Spheric Guardian","floor":18,"turns":4},{"damage":22,"enemies":"2 Thieves","floor":19,"turns":3},{"damage":51,"enemies":"Slavers","floor":24,"turns":4},{"damage":11,"enemies":"Cultist and Chosen","floor":27,"turns":3}],"seed_played":"-207095260150035545","potions_obtained":[{"floor":4.0,"key":"Fire Potion"},{"floor":7.0,"key":"PowerPotion"},{"floor":13.0,"key":"Regen Potion"},{"floor":14.0,"key":"SteroidPotion"},{"floor":18,"key":"Fire Potion"}],"is_trial":false,"path_per_floor":["M","$","?","M","M","R","E","M","T","E","?","R","M","M","R","B",null,"M","M","$","?","?","R","E","$","T","M"],"character_chosen":"DEFECT","items_purchased":["Genetic Algorithm","Defragment"],"campfire_rested":2,"item_purchase_floors":[2,20],"current_hp_per_floor":[68,68,68,68,68,68,30,33,33,12,12,37,43,43,43,12,67,66,44,44,28,28,55,11,11,11,0,0],"gold":26,"neow_bonus":"THREE_ENEMY_KILL","is_daily":false,"chose_seed":false,"campfire_upgraded":1,"win_rate":0.0,"timestamp":1611725245,"path_taken":["M","$","?","M","M","R","E","M","T","E","?","R","M","M","R","BOSS","M","M","$","?","?","R","E","?","T","M"],"items_purchased_type":["Card","Card"],"build_version":"2020-12-22","purchased_purges":2,"victory":false,"max_hp_per_floor":[75,75,75,75,75,75,85,85,85,85,85,85,85,85,85,85,85,85,85,85,90,90,90,90,90,90,90,90],"card_choices":[{"not_picked":["Sweeping Beam","Storm","Go for the Eyes"],"picked":"SKIP","floor":1.0},{"not_picked":["Sweeping Beam","Turbo","Hologram"],"picked":"SKIP","floor":4.0},{"not_picked":["Hello World","Leap"],"picked":"Self Repair","floor":5.0},{"not_picked":["Ball Lightning","Force Field","Static Discharge"],"picked":"SKIP","floor":7.0},{"not_picked":["Sunder","Recycle"],"picked":"Seek","floor":8.0},{"not_picked":["Compile Driver","Auto Shields","Ball Lightning"],"picked":"SKIP","floor":10.0},{"not_picked":["Beam Cell","Compile Driver"],"picked":"Genetic Algorithm","floor":13.0},{"not_picked":["Go for the Eyes","Conserve Battery","Hologram"],"picked":"SKIP","floor":14.0},{"not_picked":["Hyperbeam","Multi-Cast"],"picked":"Electrodynamics","floor":16},{"not_picked":["Leap+1","Conserve Battery","Capacitor"],"picked":"SKIP","floor":18},{"not_picked":["Beam Cell","Streamline","Ball Lightning"],"picked":"SKIP","floor":19},{"not_picked":["Streamline","Reinforced Body+1"],"picked":"Self Repair","floor":24}],"player_experience":468338,"relics_obtained":[{"floor":7.0,"key":"Pear"},{"floor":10.0,"key":"The Courier"},{"floor":24,"key":"Omamori"},{"floor":26,"key":"Boot"}],"event_choices":[{"cards_removed":["Defend_B"],"damage_healed":0.0,"max_hp_gain":0.0,"max_hp_loss":0.0,"gold_gain":0.0,"event_name":"Living Wall","player_choice":"Forget","floor":3.0,"gold_loss":0.0,"damage_taken":0.0},{"damage_healed":0.0,"max_hp_gain":0.0,"max_hp_loss":0.0,"gold_gain":0.0,"event_name":"Match and Keep!","player_choice":"4 cards matched","floor":11.0,"gold_loss":0.0,"damage_taken":0.0,"cards_obtained":["Good Instincts","Zap","FTL","Core Surge"]},{"damage_healed":0,"gold_gain":0,"player_choice":"Shed Blood","damage_taken":21,"max_hp_gain":5,"max_hp_loss":0,"event_name":"Forgotten Altar","floor":21,"gold_loss":0},{"damage_healed":0,"gold_gain":0,"player_choice":"Paid Fearfully","damage_taken":0,"max_hp_gain":0,"max_hp_loss":0,"event_name":"Masked Bandits","floor":22,"gold_loss":138}],"is_beta":false,"boss_relics":[{"not_picked":["Pandora\u0027s Box","SacredBark"],"picked":"Inserter"}],"items_purged_floors":[2,20],"is_endless":false,"potions_floor_spawned":[4,7,13,14,18],"killed_by":"Cultist and Chosen","ascension_level":9}}