{"host":"ecuvtzmejf7hhjpv","time":1611788999,"event":{"mods":["AchievementEnabler","Act Like it!","Aspiration","BaseMod","Better Altar","Better Match","Better Note","Better Sensory Stone","Better Skull","Better Third Choice","BetterRewards","Conspire","Custom Start","Downfall","Gensokyo","GifTheSpireLib","Hallownest","Hermit","Hubris","Kratos Character Expansion","Luminous","Marisa????????","Minty Spire (QoL Compilation)","Prisma Mod","Remilia??????","Replay The Spire","Robot Space Explorer","Spicy Shops","StSLib","The Animator","The Blackbeard","The Bug Knight","The Construct","The Cursed","The Disciple","The Dragon Tamer","The Forsaken","The Hierophant","The Jungle","The Marked","The Necromancer","The Poker Player","The Wild Card","TheSwordswoman"],"gold_per_floor":[99,110,129,129,141,1,51,86,103,103,103,138,138,138,150,246,246,146,159,169,181,181,181,181,192,224,224,250,250,262,297,307,307,307],"floor_reached":33,"language":"ENG","playtime":1702,"items_purged":[],"score":442,"play_id":"062f1ed2-59e6-4ce1-8bb5-d77b51089ddb","local_time":"20210127170959","is_ascension_mode":false,"campfire_choices":[{"data":"champ:Taunt","floor":1,"key":"SMITH"},{"data":"champ:BringItOn","floor":11,"key":"SMITH"},{"floor":13,"key":"REST"},{"data":"champ:Improvising","floor":18,"key":"SMITH"},{"data":"champ:ShieldWall","floor":27,"key":"SMITH"}],"circlet_count":0,"master_deck":["conspire:GhostlyStrike","conspire:GhostlyStrike","conspire:GhostlyStrike","conspire:GhostlyStrike","conspire:GhostlyDefend","conspire:GhostlyDefend","conspire:GhostlyDefend","conspire:GhostlyDefend","champ:Execute","champ:Taunt+1","champ:BerserkersShout","champ:FanOfKnives","champ:Execute","champ:ShieldWall","champ:VampiricStrike","champ:ShieldWall+1","champ:StanceDance","champ:FlashCut","champ:BringItOn+1","Infernal Blade","champ:Endure","champ:DefensiveShout","champ:Improvising+1","champ:AdrenalArmor","champ:AdrenalArmor","champ:StanceDance+1","champ:Endure+1","champ:BringItOn+1","champ:ShieldWall+1","champ:ShieldWall+1"],"relics":["champ:ChampionCrownUpgraded","Anchor","Gambling Chip","FossilizedHelix","downfall:HeartBlessingGreen","Toxic Egg 2","hubris:PeanutButter","champ:DefensiveTrainingManual"],"acts_visited":["Exordium","TheCity"],"potions_floor_usage":[12,16,19,33],"damage_taken":[{"damage":12,"enemies":"Small Slimes","floor":2,"turns":4},{"damage":30,"enemies":"Jaw Worm","floor":3,"turns":6},{"damage":24,"enemies":"conspire:RoseBush","floor":5,"turns":4},{"damage":38,"enemies":"downfall:FleeingMerchant","floor":6,"turns":4},{"damage":42,"enemies":"3 Sentries","floor":8,"turns":6},{"damage":5,"enemies":"Blue Slaver","floor":9,"turns":3},{"damage":39,"enemies":"Lagavulin","floor":12,"turns":6},{"damage":10,"enemies":"2 Fungi Beasts","floor":15,"turns":3},{"damage":68,"enemies":"WA_ARCHETYPE_RETAIN","floor":16,"turns":10},{"damage":45,"enemies":"Spheric Guardian","floor":19,"turns":5},{"damage":30,"enemies":"Centurion and Healer","floor":20,"turns":11},{"damage":36,"enemies":"Snecko","floor":21,"turns":6},{"damage":67,"enemies":"3 Cultists","floor":25,"turns":6},{"damage":25,"enemies":"conspire:Head Lice","floor":26,"turns":9},{"damage":56,"enemies":"Book of Stabbing","floor":28,"turns":7},{"damage":31,"enemies":"Snake Plant","floor":30,"turns":4},{"damage":46,"enemies":"conspire:SneckoGhost","floor":31,"turns":9},{"damage":44,"enemies":"Shelled Parasite and Fungi","floor":32,"turns":5},{"damage":107,"enemies":"DF_ARCHETYPE_CLAW","floor":33,"turns":6}],"seed_played":"2307312589964632466","potions_obtained":[{"floor":5,"key":"Guardian:BlockOnCardUsePotion"},{"floor":8,"key":"construct:ShiftPotion"},{"floor":9,"key":"SmokeBomb"},{"floor":15,"key":"BlessingOfTheForge"},{"floor":25,"key":"champ:UltimateStancePotion"},{"floor":26,"key":"FairyPotion"},{"floor":28,"key":"sneckomod:MuddlingPotion"},{"floor":32,"key":"Dexterity Potion"}],"is_trial":false,"path_per_floor":["R","M","M","?","M","$","T","E","M","?","R","E","R","?","M","B",null,"R","M","M","M","?","?","T","M","E","R","E","?","M","E","M","B"],"character_chosen":"THE_CHAMP","items_purchased":["champ:ShieldWall","champ:StanceDance"],"campfire_rested":1,"item_purchase_floors":[6,6],"current_hp_per_floor":[99,97,92,92,88,85,85,58,58,44,44,20,49,49,59,12,99,99,74,79,78,78,78,78,71,76,76,50,50,39,33,52,0,0],"gold":307,"neow_bonus":"TEN_PERCENT_HP_BONUS","is_daily":false,"chose_seed":false,"campfire_upgraded":4,"win_rate":0.0,"timestamp":1611788999,"path_taken":["R","M","M","?","M","?","T","E","M","?","R","E","R","?","M","BOSS","R","M","M","M","?","?","T","M","E","R","E","?","M","E","M","BOSS"],"items_purchased_type":["Card","Card"],"build_version":"2020-12-22","purchased_purges":0,"victory":false,"max_hp_per_floor":[99,99,99,99,99,99,99,99,99,99,99,99,99,99,99,99,99,99,99,99,99,99,99,99,99,99,99,99,99,99,99,99,99,99],"card_choices":[{"not_picked":["champ:BladeFlurry","champ:EnGarde"],"picked":"champ:BerserkersShout","floor":2},{"not_picked":["champ:BladeFlurry","champ:Shatter"],"picked":"champ:FanOfKnives","floor":3},{"not_picked":["champ:IgnorePain","champ:FalseCounter"],"picked":"champ:ShieldWall","floor":5},{"not_picked":["champ:Haymaker","champ:PreciseThrust"],"picked":"champ:VampiricStrike","floor":6},{"not_picked":["champ:ShieldWall","champ:FalseCounter"],"picked":"champ:FlashCut","floor":8},{"not_picked":["champ:FlashCut","champ:GutPunch"],"picked":"champ:BringItOn","floor":9},{"not_picked":["champ:RisingSlash","champ:RecklessLeap"],"picked":"champ:Endure","floor":12},{"not_picked":["champ:BladeFlurry","champ:AdrenalArmor"],"picked":"champ:DefensiveShout","floor":15},{"not_picked":["champ:SwordThrow","champ:HoldFirm"],"picked":"champ:Improvising","floor":16},{"not_picked":["champ:CalledShot","champ:ShieldSlam+1"],"picked":"champ:AdrenalArmor","floor":19},{"not_picked":["champ:TornadoPunch","champ:FanOfKnives"],"picked":"champ:AdrenalArmor","floor":20},{"not_picked":["champ:Duel","champ:FocusedBerserking"],"picked":"champ:StanceDance+1","floor":21},{"not_picked":["champ:DeathBlow","champ:PreciseThrust+1","champ:Duel"],"picked":"SKIP","floor":25},{"not_picked":["champ:PreciseThrust","champ:EnGarde+1"],"picked":"champ:Endure+1","floor":26},{"not_picked":["champ:RecklessLeap","champ:TripleStrike"],"picked":"champ:BringItOn+1","floor":28},{"not_picked":["champ:BladeFlurry","champ:BringItOn+1"],"picked":"champ:ShieldWall+1","floor":30},{"not_picked":["champ:IronFortress","champ:AdrenalArmor+1"],"picked":"champ:ShieldWall+1","floor":31},{"not_picked":["champ:HeartStrike","champ:EnGarde+1","champ:CrownThrow"],"picked":"SKIP","floor":32}],"player_experience":1166829,"relics_obtained":[{"floor":7,"key":"Anchor"},{"floor":8,"key":"Gambling Chip"},{"floor":12,"key":"FossilizedHelix"},{"floor":24,"key":"Toxic Egg 2"},{"floor":28,"key":"hubris:PeanutButter"},{"floor":31,"key":"champ:DefensiveTrainingManual"}],"event_choices":[{"damage_healed":0,"gold_gain":1,"player_choice":"Card ","damage_taken":14,"max_hp_gain":0,"max_hp_loss":0,"event_name":"betterThird:BetterScrap","floor":10,"gold_loss":0,"cards_obtained":["Infernal Blade","Tools of the Trade"]},{"damage_healed":0,"gold_gain":0,"player_choice":"Agree","damage_taken":0,"max_hp_gain":0,"max_hp_loss":0,"event_name":"conspire:LoneGhost","floor":14,"gold_loss":0},{"damage_healed":0,"gold_gain":0,"player_choice":"Ignored","damage_taken":0,"max_hp_gain":0,"max_hp_loss":0,"event_name":"betterNote:BetterNote","floor":29,"gold_loss":0,"cards_obtained":["Strike_G"]}],"is_beta":false,"boss_relics":[{"not_picked":["aspiration:SilentSkillbook","conspire:RoyalGoblet"],"picked":"champ:ChampionCrownUpgraded"}],"items_purged_floors":[],"is_endless":false,"potions_floor_spawned":[5,8,9,15,25,26,28,32],"killed_by":"DF_ARCHETYPE_CLAW","ascension_level":0}}