{"host":"1rf9pknejqhzkc4o","time":1611753042,"event":{"mods":["A Penny For Your Troubles","Aspiration","BaseMod","Better Altar","Better Match","Better Note","Better Sensory Stone","Better Skull","Better Third Choice","Colored Map","Colored Powertips","Communication Mod","Conspire","Displayed Cursed Tome","Energized Spire","Hubris","Infinite Spire","Ironclad Rager","Minty Spire (QoL Compilation)","Quick Restart","RNG Fix","Rare Cards Sparkle","Relic Stats","Reliquary","Replay The Spire","Retaliation","Spicy Shops","StS++","StSLib","The Blue Laboratory","Trackpad"],"gold_per_floor":[17,30,30,46,60,60,73,98,122,122,157,332,332,342,342,342,342],"floor_reached":16,"language":"ENG","playtime":472,"items_purged":[],"score":102,"play_id":"a1d8e72a-bb4c-4014-bc62-89127f219292","local_time":"20210127161042","is_ascension_mode":false,"campfire_choices":[{"data":"Replay:Undeath\u0027s Touch","floor":6,"key":"SMITH"},{"floor":10,"key":"REST"},{"data":"Perfected Strike","floor":13,"key":"SMITH"},{"data":"Perfected Strike","floor":15,"key":"SMITH"}],"circlet_count":0,"master_deck":["Bash","ReplayTheSpireMod:Restless Dread","Twin Strike","Twin Strike","Twin Strike","Twin Strike","Twin Strike","Iron Wave","Iron Wave","Iron Wave","Iron Wave","Replay:Undeath\u0027s Touch+1","Sword Boomerang","Rampage","Havoc","hubris:ReadiedAction","StSpp:Succumb","Perfected Strike+1","Doubt","Perfected Strike+1"],"relics":["Burning Blood","Odd Mushroom","ReplayTheSpireMod:Spearhead","MealTicket"],"acts_visited":["Exordium"],"potions_floor_usage":[16],"damage_taken":[{"damage":5.0,"enemies":"2 Louse","floor":1.0,"turns":2.0},{"damage":0.0,"enemies":"Small Slimes","floor":2.0,"turns":2.0},{"damage":0,"enemies":"Cultist","floor":4,"turns":2},{"damage":10,"enemies":"Looter","floor":5,"turns":2},{"damage":11,"enemies":"3 Louse","floor":7,"turns":3},{"damage":22,"enemies":"The Mushroom Lair","floor":8,"turns":3},{"damage":5,"enemies":"Gremlin Nob","floor":11,"turns":3},{"damage":12,"enemies":"Blue Slaver","floor":14,"turns":3},{"damage":63,"enemies":"The Guardian","floor":16,"turns":6}],"seed_played":"-2639756334202954721","potions_obtained":[{"floor":1.0,"key":"blueLaboratory:BottleOfVodka"},{"floor":5,"key":"GamblersBrew"},{"floor":7,"key":"BlessingOfTheForge"},{"floor":8,"key":"EssenceOfSteel"},{"floor":11,"key":"Elixir"}],"is_trial":false,"path_per_floor":["M","M","?","M","M","R","M","?","T","R","E","?","R","M","R","B"],"character_chosen":"IRONCLAD","items_purchased":[],"campfire_rested":1,"item_purchase_floors":[],"current_hp_per_floor":[52,58,65,71,67,67,62,46,46,67,68,68,68,62,62,0,0],"gold":342,"neow_bonus":"IRONCLAD_BERSERKER","is_daily":false,"chose_seed":false,"campfire_upgraded":3,"win_rate":0.0,"timestamp":1611753042,"path_taken":["M","M","?","?","M","R","M","?","T","R","E","?","R","M","R","BOSS"],"items_purchased_type":[],"build_version":"2020-12-22","purchased_purges":0,"victory":false,"max_hp_per_floor":[72,72,72,72,72,72,72,72,72,72,72,72,72,72,72,72,72],"relic_stats":{"counters":[9,26],"MealTicket":0,"obtain_stats":[{"ReplayTheSpireMod:Spearhead":9,"MealTicket":11,"Odd Mushroom":8,"Burning Blood":0},{"ReplayTheSpireMod:Spearhead":6,"MealTicket":7,"Odd Mushroom":6,"Burning Blood":0},{"ReplayTheSpireMod:Spearhead":14,"MealTicket":17,"Odd Mushroom":14,"Burning Blood":0}],"Burning Blood":48},"card_choices":[{"not_picked":["Anger","Clash"],"picked":"Replay:Undeath\u0027s Touch","floor":1.0},{"not_picked":["DDmod:PokeAttack","DDmod:BurningFumesPowerCard"],"picked":"Sword Boomerang","floor":2.0},{"not_picked":["Warcry","Spot Weakness"],"picked":"Rampage","floor":4},{"not_picked":["DDmod:EasePowerCard","True Grit"],"picked":"Havoc","floor":5},{"not_picked":["Pommel Strike","ReplayTheSpireMod:Stacked"],"picked":"hubris:ReadiedAction","floor":7},{"not_picked":["StSpp:TheBiggerTheyAre","Carnage"],"picked":"StSpp:Succumb","floor":8},{"not_picked":["Warcry","Armaments"],"picked":"Perfected Strike","floor":11},{"not_picked":["hubris:ReadiedAction","Dual Wield"],"picked":"Perfected Strike","floor":14}],"player_experience":147306,"relics_obtained":[{"floor":8,"key":"Odd Mushroom"},{"floor":9,"key":"ReplayTheSpireMod:Spearhead"},{"floor":11,"key":"MealTicket"}],"event_choices":[{"damage_healed":0,"gold_gain":0,"player_choice":"Fought Mushrooms","damage_taken":0,"max_hp_gain":0,"max_hp_loss":0,"event_name":"Mushrooms","floor":8,"gold_loss":0},{"damage_healed":0,"gold_gain":175,"player_choice":"AGREE","damage_taken":157,"max_hp_gain":0,"max_hp_loss":0,"event_name":"betterThird:BetterSerpent","floor":12,"gold_loss":0}],"is_beta":false,"boss_relics":[],"items_purged_floors":[],"is_endless":false,"potions_floor_spawned":[1,5,7,8,11],"killed_by":"The Guardian","ascension_level":0}}