{"host":"takgv9cv6xf64vhq","time":1611765176,"event":{"mods":["BaseMod","Colored Powertips","Hubris","LagranYue(拉格朗・月)","Marisa（F雨　魔理沙）","Minty Spire (QoL Compilation)","Replay The Spire","StSLib","The Animator","The Cursed","The Jungle","TheHeartMod"],"gold_per_floor":[99,99,49,49,49,81,110,110,110],"floor_reached":8,"language":"ZHS","playtime":584,"items_purged":[],"score":141,"play_id":"54f992db-ae65-4356-a643-43c1eeab42d3","local_time":"20210128003256","daily_mods":["Draft","Vintage","Heirloom","Time Dilation","Flight","DeadlyEvents","Elite Swarm"],"is_ascension_mode":true,"campfire_choices":[],"circlet_count":0,"master_deck":["Demon Form","Wraith Form v2","Echo Form","DevaForm","theHeart:CorruptedForm","Leap","ReplayTheSpireMod:Calculation Training","Heatsinks","Darkness","BasicCrystalCard","Panic Button","Static Discharge","White Noise","Loop","Turbo","Auto Shields","Conserve Battery","ReplaySort","Steam Power","Defragment","Consume","Cold Snap","Turbo","Chaos","Ball Lightning","Time Bomb","Leap","White Noise","Leap","Steam","Turbo","Panic Button","Time Bomb","Panic Button","Firewall","Buffer"],"relics":["Mango","Shovel","Iron Core","hubris:ToyBattleship","LagranYue:GuideDeadRelic"],"acts_visited":["Exordium"],"potions_floor_usage":[],"damage_taken":[{"damage":10,"enemies":"Gremlin Nob","floor":6,"turns":3},{"damage":18,"enemies":"Lagavulin","floor":7,"turns":8},{"damage":9,"enemies":"3 Sentries","floor":8,"turns":5}],"seed_played":"8572948847615969156","potions_obtained":[{"floor":7,"key":"FearPotion"}],"is_trial":true,"path_per_floor":["WH","?","?","$","?","E","E","E"],"character_chosen":"DEFECT","items_purchased":[],"campfire_rested":0,"item_purchase_floors":[],"current_hp_per_floor":[89,89,89,89,89,79,61,52,52],"gold":110,"neow_bonus":"","is_daily":false,"chose_seed":false,"campfire_upgraded":0,"win_rate":0.0,"timestamp":1611765176,"path_taken":["WH","?","?","$","?","E","E","E"],"items_purchased_type":[],"build_version":"2020-12-22","purchased_purges":0,"victory":false,"max_hp_per_floor":[89,89,89,89,89,89,89,89,89],"card_choices":[{"not_picked":["Force Field","Redo"],"picked":"Leap","floor":0},{"not_picked":["Beam Cell","BootSequence"],"picked":"ReplayTheSpireMod:Calculation Training","floor":0},{"not_picked":["Reprogram","Rebound"],"picked":"Redo","floor":0},{"not_picked":["Gash","Stack"],"picked":"Heatsinks","floor":0},{"not_picked":["ReplaySolidLightProjector","Barrage"],"picked":"Darkness","floor":0},{"not_picked":["Tempest","Hologram"],"picked":"BasicCrystalCard","floor":0},{"not_picked":["Go for the Eyes","Redo"],"picked":"Panic Button","floor":0},{"not_picked":["Coolheaded","Panic Button"],"picked":"Static Discharge","floor":0},{"not_picked":["Steam","Rebound"],"picked":"White Noise","floor":0},{"not_picked":["White Noise","Rebound"],"picked":"Loop","floor":0},{"not_picked":["Compile Driver","Conserve Battery"],"picked":"Turbo","floor":0},{"not_picked":["Redo","Go for the Eyes"],"picked":"Auto Shields","floor":0},{"not_picked":["Sweeping Beam","Hologram"],"picked":"Conserve Battery","floor":0},{"not_picked":["Streamline","Leap"],"picked":"ReplaySort","floor":0},{"not_picked":["Coolheaded","Steam"],"picked":"Steam Power","floor":0},{"not_picked":["Hologram","Cold Snap"],"picked":"Defragment","floor":1},{"not_picked":["Compile Driver","Conserve Battery"],"picked":"Consume","floor":1},{"not_picked":["Stack","Steam"],"picked":"Cold Snap","floor":1},{"not_picked":["Rebound","Hologram"],"picked":"Turbo","floor":1},{"not_picked":["Rebound","Go for the Eyes"],"picked":"Chaos","floor":1},{"not_picked":["Hologram","Streamline"],"picked":"Ball Lightning","floor":1},{"not_picked":["Streamline","Stack"],"picked":"Time Bomb","floor":1},{"not_picked":["Hologram","Go for the Eyes"],"picked":"Leap","floor":1},{"not_picked":["Darkness","Auto Shields"],"picked":"White Noise","floor":1},{"not_picked":["Go for the Eyes","Barrage"],"picked":"Leap","floor":1},{"not_picked":["Tempest","Compile Driver"],"picked":"Steam","floor":1},{"not_picked":["ReplayTheSpireMod:System Scan","Streamline"],"picked":"Turbo","floor":1},{"not_picked":["Sweeping Beam","Steam"],"picked":"Panic Button","floor":1},{"not_picked":["Stack","Compile Driver"],"picked":"Time Bomb","floor":1},{"not_picked":["Stack","Compile Driver"],"picked":"Panic Button","floor":1},{"not_picked":["Seek","hubris:Prefetch"],"picked":"Firewall","floor":6},{"not_picked":["Juggernaut","Reaper"],"picked":"Buffer","floor":7}],"player_experience":130837,"relics_obtained":[{"floor":6,"key":"hubris:ToyBattleship"},{"floor":7,"key":"LagranYue:GuideDeadRelic"}],"event_choices":[{"cards_removed":["Redo"],"damage_healed":0,"gold_gain":0,"player_choice":"Card Removal","damage_taken":0,"max_hp_gain":0,"max_hp_loss":0,"event_name":"The Cleric","floor":3,"gold_loss":50},{"damage_healed":0,"gold_gain":0,"player_choice":"Ignored","damage_taken":0,"max_hp_gain":0,"max_hp_loss":0,"event_name":"NoteForYourself","floor":5,"gold_loss":0}],"is_beta":false,"boss_relics":[],"items_purged_floors":[],"is_endless":true,"potions_floor_spawned":[7],"killed_by":"3 Sentries","ascension_level":1}}