{"host":"rqwnmhn71fwyjegj","time":1611761617,"event":{"mods":["AchievementEnabler","BaseMod","Minty Spire (QoL Compilation)"],"gold_per_floor":[118,64,81,94,63,94,94,127,150,75,92,92,119,133,133,233,233,206,220,220,135,105,105,105,105,105,105,105],"floor_reached":27,"language":"ENG","playtime":811,"items_purged":["Strike_G"],"score":321,"play_id":"e221ceaf-0f21-4bca-91dd-b26dadd80ff3","local_time":"20210127153337","is_ascension_mode":true,"campfire_choices":[{"floor":7,"key":"REST"},{"floor":12,"key":"REST"},{"floor":15,"key":"REST"},{"floor":23,"key":"REST"},{"data":"Night Terror","floor":25,"key":"SMITH"}],"circlet_count":0,"master_deck":["Defend_G+1","Defend_G+1","Defend_G+1","Defend_G+1","Defend_G+1","Survivor","Neutralize","Poisoned Stab","Quick Slash","Poisoned Stab","Backstab","Backflip","Footwork","Deadly Poison","Night Terror+1","CurseOfTheBell","Deadly Poison","Dodge and Roll","Bite","Bite","Bite","Bite","Bite","Footwork"],"relics":["Ring of the Snake","Potion Belt","Oddly Smooth Stone","Strawberry","Art of War","Calling Bell","Pen Nib","Gremlin Horn","Thread and Needle","The Courier","HornCleat"],"acts_visited":["Exordium","TheCity"],"potions_floor_usage":[6,16],"damage_taken":[{"damage":4,"enemies":"Small Slimes","floor":1,"turns":3},{"damage":2,"enemies":"Jaw Worm","floor":3,"turns":4},{"damage":2,"enemies":"2 Louse","floor":4,"turns":2},{"damage":29,"enemies":"Lagavulin","floor":6,"turns":6},{"damage":27,"enemies":"3 Sentries","floor":8,"turns":9},{"damage":0,"enemies":"Looter","floor":11,"turns":3},{"damage":11,"enemies":"Large Slime","floor":14,"turns":7},{"damage":22,"enemies":"Hexaghost","floor":16,"turns":10},{"damage":19,"enemies":"2 Thieves","floor":18,"turns":5},{"damage":14,"enemies":"Chosen","floor":19,"turns":5},{"damage":66,"enemies":"Book of Stabbing","floor":27,"turns":7}],"seed_played":"4276077628507562966","potions_obtained":[{"floor":4,"key":"Strength Potion"},{"floor":8,"key":"Energy Potion"},{"floor":11,"key":"SneckoOil"}],"is_trial":false,"path_per_floor":["M","$","M","M","?","E","R","E","T","$","M","R","T","M","R","B",null,"M","M","?","?","$","R","?","R","T","E"],"character_chosen":"THE_SILENT","items_purchased":["Poisoned Stab","Footwork"],"campfire_rested":4,"item_purchase_floors":[2,22],"current_hp_per_floor":[59,59,57,55,55,26,47,20,27,27,27,50,50,39,62,40,68,49,35,35,35,35,50,50,50,50,0,0],"gold":105,"neow_bonus":"THREE_CARDS","is_daily":false,"chose_seed":false,"campfire_upgraded":1,"win_rate":0.0,"timestamp":1611761617,"path_taken":["M","$","M","M","?","E","R","E","T","$","M","R","?","M","R","BOSS","M","M","?","?","$","R","?","R","T","E"],"items_purchased_type":["Card","Card"],"build_version":"2020-12-22","purchased_purges":1,"victory":false,"max_hp_per_floor":[70,70,70,70,70,70,70,70,77,77,77,77,77,77,77,77,77,77,77,53,53,53,53,53,53,53,53,53],"card_choices":[{"not_picked":["Bane","Footwork"],"picked":"Poisoned Stab","floor":0},{"not_picked":["Backflip","Caltrops"],"picked":"Quick Slash","floor":1},{"not_picked":["Acrobatics","Slice"],"picked":"Backstab","floor":3},{"not_picked":["Dagger Spray","Dodge and Roll","Dagger Throw"],"picked":"SKIP","floor":4},{"not_picked":["Distraction","Outmaneuver","Prepared"],"picked":"SKIP","floor":6},{"not_picked":["Setup","Prepared"],"picked":"Backflip","floor":8},{"not_picked":["Well Laid Plans","Adrenaline"],"picked":"Footwork","floor":11},{"not_picked":["Sucker Punch","Dodge and Roll"],"picked":"Deadly Poison","floor":14},{"not_picked":["Storm of Steel","Wraith Form v2"],"picked":"Night Terror","floor":16},{"not_picked":["Well Laid Plans","Backflip"],"picked":"Deadly Poison","floor":18},{"not_picked":["Poisoned Stab+1","Acrobatics"],"picked":"Dodge and Roll","floor":19}],"player_experience":335809,"relics_obtained":[{"floor":6,"key":"Potion Belt"},{"floor":8,"key":"Oddly Smooth Stone"},{"floor":9,"key":"Strawberry"},{"floor":13,"key":"Art of War"},{"floor":17,"key":"Pen Nib"},{"floor":17,"key":"Gremlin Horn"},{"floor":17,"key":"Thread and Needle"},{"floor":26,"key":"HornCleat"}],"event_choices":[{"damage_healed":0,"gold_gain":0,"player_choice":"Left Gold","damage_taken":0,"max_hp_gain":0,"max_hp_loss":0,"event_name":"World of Goop","floor":5,"gold_loss":31},{"damage_healed":0,"gold_gain":0,"player_choice":"Became a vampire","damage_taken":0,"max_hp_gain":0,"max_hp_loss":24,"event_name":"Vampires","floor":20,"gold_loss":0,"cards_obtained":["Bite","Bite","Bite","Bite","Bite"]},{"damage_healed":0,"gold_gain":0,"player_choice":"Obtained Relic","damage_taken":0,"relics_obtained":["The Courier"],"max_hp_gain":0,"max_hp_loss":0,"event_name":"Addict","floor":21,"gold_loss":85},{"damage_healed":0,"gold_gain":0,"player_choice":"Simplicity","damage_taken":0,"max_hp_gain":0,"max_hp_loss":0,"event_name":"Back to Basics","floor":24,"gold_loss":0,"cards_upgraded":["Defend_G","Defend_G","Defend_G","Defend_G","Defend_G"]}],"is_beta":false,"boss_relics":[{"not_picked":["Tiny House","Ectoplasm"],"picked":"Calling Bell"}],"items_purged_floors":[10],"is_endless":false,"potions_floor_spawned":[4,8,11],"killed_by":"Book of Stabbing","ascension_level":7}}