{"host":"emut9mh212kd9b86","time":1611754436,"event":{"mods":["ATMod(阿瑾Mod)","Act Like it!","Arknights The Spire","BaseMod","Gensokyo","Minty Spire (QoL Compilation)","MostiFishMod","Shop Mod","Spicy Shops","StSLib","TestMod","noobMod","【遗物卡牌】REMEMod"],"gold_per_floor":[116,128,140,158,171,197,197,230,256,256,288,288,288,302,302,640,640,651,651,991,308,308,308,339,11,11,11,11,26,51,64,64,163,163,181,181,26,26,426,455,455,490,561,574,574,606,606,631,631,641,641,641,325,356,366],"floor_reached":56,"language":"ZHS","playtime":4501,"items_purged":["ats:Strike G","ats:Strike S","ats:Defend","ats:Strike C+1"],"score":2010,"play_id":"35c988b4-b7c4-40ce-8d6d-9a8e02973375","local_time":"20210127213356","is_ascension_mode":true,"campfire_choices":[{"data":"AT_DivineConfetti","floor":7.0,"key":"SMITH"},{"data":"ats:Emotion Absorption","floor":15.0,"key":"SMITH"},{"data":"ats:Armor Crushing Shot","floor":23.0,"key":"SMITH"},{"floor":27,"key":"RECALL"},{"data":"Gensokyo:ManorOfTheDishes","floor":32,"key":"SMITH"},{"data":"ats:Magnetic Hammer","floor":45,"key":"SMITH"},{"data":"ats:Defend","floor":49,"key":"SMITH"},{"floor":52,"key":"REST"}],"circlet_count":1,"master_deck":["ats:Armor Crushing Shot+1","ats:Defend+1","ats:Defend+1","ats:Defend+1","ats:Emotion Absorption+1","AT_DivineConfetti+1","ats:Magnetic Hammer+1","ats:Hammer On+1","Swift Strike+1","Gensokyo:ManorOfTheDishes+1","ats:Closed Bolt Burst Fire+1","ats:Sword Rain+1","ats:Hammer On+1","ats:Sashimi Platter+1","MostiFishMod:KingOfFree+1"],"relics":["ice","DaveBox","AT_ATBox","REME_ComplimentaryCards","Circlet","ArrowTower","testmod-Recursion","BloodWine","SynthV:TestCard","ats:Originium","testmod-ObsoleteBoomerang","Gensokyo:OccultBall","Molten Egg 2","testmod-PortableAltar","MerchantsRug","Incense Burner","Gensokyo:ConquerorOfFear","ImprovedEquipment","REME_OnlineShoppingPlatform","testmod-IndustrialRevolution","Shuriken","ats:Assault","Kunai","Bottled Flame","Prayer Wheel","ats:Tactical Delivery","testmod-BalancedPeriapt","Eternal Feather","MealTicket","AT_RedNoBalance","testmod-ArcanaOfDestiny","Sundial","Bag of Preparation","testmod-Acrobat","AT_SilvercatRing"],"acts_visited":["Exordium","Gensokyo:Gensokyo","Gensokyo:Gensokyoer","TheEnding"],"potions_floor_usage":[],"damage_taken":[{"damage":0.0,"enemies":"Gensokyo:3_Fairies","floor":1.0,"turns":2.0},{"damage":3.0,"enemies":"Gensokyo:Gryphon","floor":2.0,"turns":3.0},{"damage":0.0,"enemies":"Gensokyo:Python","floor":3.0,"turns":2.0},{"damage":0.0,"enemies":"Gensokyo:LivingMonolith","floor":4.0,"turns":2.0},{"damage":0.0,"enemies":"Gensokyo:VengefulSpirit","floor":5.0,"turns":2.0},{"damage":12.0,"enemies":"Gensokyo:Mamizou","floor":6.0,"turns":5.0},{"damage":0.0,"enemies":"Gensokyo:Cirno","floor":8.0,"turns":4.0},{"damage":0.0,"enemies":"Gensokyo:Mamizou","floor":11.0,"turns":2.0},{"damage":20.0,"enemies":"Gensokyo:5_Fairies","floor":14.0,"turns":2.0},{"damage":24.0,"enemies":"Gensokyo:Yukari","floor":16.0,"turns":5.0},{"damage":3.0,"enemies":"Gensokyo:3_Dogs","floor":18.0,"turns":3.0},{"damage":35.0,"enemies":"Gensokyo:CosmicMonolith","floor":20.0,"turns":2.0},{"damage":13.0,"enemies":"Gensokyo:Koishi","floor":24.0,"turns":3.0},{"damage":0,"enemies":"Gensokyo:Slime_Group","floor":29,"turns":2},{"damage":0,"enemies":"Gensokyo:Tenshi","floor":30,"turns":2},{"damage":0,"enemies":"Gensokyo:Wraith","floor":31,"turns":2},{"damage":0,"enemies":"Gensokyo:Eiki","floor":33,"turns":2},{"damage":0,"enemies":"Gensokyo:AncientGuardian","floor":35,"turns":1},{"damage":0,"enemies":"Gensokyo:Doremy","floor":40,"turns":2},{"damage":0,"enemies":"Gensokyo:Marisa","floor":42,"turns":3},{"damage":0,"enemies":"Gensokyo:3_Bats","floor":44,"turns":1},{"damage":0,"enemies":"Gensokyo:Doremy","floor":46,"turns":2},{"damage":0,"enemies":"Gensokyo:Kasen","floor":48,"turns":1},{"damage":0,"enemies":"Gensokyo:Scarlet_Devils","floor":50,"turns":3},{"damage":0,"enemies":"Shield and Spear","floor":54,"turns":1},{"damage":0,"enemies":"The Heart","floor":55,"turns":3}],"seed_played":"8682675348117126973","potions_obtained":[{"floor":1.0,"key":"Block Potion"},{"floor":2.0,"key":"testmod-TestPotion"},{"floor":8.0,"key":"Regen Potion"},{"floor":16.0,"key":"LiquidBronze"},{"floor":20.0,"key":"ats:Top Emergency Sanity Potion"}],"is_trial":false,"path_per_floor":["M","M","M","M","M","E","R","?","T","?","E","?","T","M","R","B",null,"M","?","M","$","?","R","E","$","T","R","?","M","E","M","R","B",null,"M","?","$","?","?","E","T","E","T","M","R","E","T","E","R","B",null,"R","$","E","B",null],"character_chosen":"DOCTOR_CLASS","items_purchased":["MerchantsRug","testmod-Register","Incense Burner","Swift Strike+1","REME_OnlineShoppingPlatform","testmod-IndustrialRevolution","Shuriken","ats:Assault","Kunai","testmod-BalancedPeriapt","MostiFishMod:KingOfFree+1"],"campfire_rested":1,"item_purchase_floors":[21,21,21,21,25,25,25,25,25,37,53],"current_hp_per_floor":[72,69,69,69,69,57,57,57,57,57,57,57,57,37,37,27,72,68,68,33,33,33,33,20,20,20,20,20,20,20,20,20,20,49,48,47,46,45,44,46,45,44,43,23,28,23,22,39,46,46,46,46,46,44,46],"gold":366,"neow_bonus":"BOSS_RELIC","is_daily":false,"chose_seed":false,"campfire_upgraded":6,"win_rate":0.0,"timestamp":1611754436,"path_taken":["M","M","M","M","M","E","R","?","T","?","E","?","?","?","R","BOSS","M","?","?","$","?","R","E","$","T","R","?","M","E","M","R","BOSS","M","?","$","?","?","E","?","E","T","?","R","E","?","E","R","BOSS","R","$","E","BOSS"],"items_purchased_type":["Relic","Relic","Relic","Card","Relic","Relic","Relic","Relic","Relic","Relic","Card"],"build_version":"2020-12-22","purchased_purges":4,"victory":true,"max_hp_per_floor":[72,72,72,72,72,72,72,72,72,72,72,72,72,72,72,72,72,71,70,69,68,67,66,65,64,63,62,55,54,53,52,51,50,49,48,47,46,46,46,46,46,46,46,46,46,46,46,46,46,46,46,46,46,46,46],"card_choices":[{"not_picked":["ats:Apocalypse","ats:Consecutive Shot Auto","ats:Blood Oath"],"picked":"SKIP","floor":1.0},{"not_picked":["ats:Curse Doll","ats:Powerful Strike","ats:Absolute Focus","ats:Very Hot Blade","ats:Ignite"],"picked":"SKIP","floor":2.0},{"not_picked":["ats:Part Time Job","ats:Apocalypse","ats:Assault Order","ats:Defend Order","ats:Shell Defense"],"picked":"SKIP","floor":3.0},{"not_picked":["ats:Curse Doll","ats:Nebulous Foxfire","ats:Cat Scratch","ats:Part Time Job"],"picked":"ats:Magnetic Hammer","floor":4.0},{"not_picked":["ats:Revitalization","ats:Hammer On","ats:Explosion Area Strengthen","ats:Curse Doll","ats:Cat Scratch"],"picked":"SKIP","floor":5.0},{"not_picked":["ats:Guardian Obelisk","ats:Automatic Cover","ats:Ignite","ats:Rapid Magazine","ats:Very Hot Blade"],"picked":"SKIP","floor":6.0},{"not_picked":["ats:Disruption Kick","ats:Blood Oath","ats:Part Time Job","ats:Closed Bolt Burst Fire"],"picked":"ats:Overload","floor":8.0},{"not_picked":["ats:Beaten Up","ats:Soul Rend","ats:Part Time Job","ats:Spore Proliferation","ats:Collapsing Strike"],"picked":"SKIP","floor":11.0},{"not_picked":["ats:Leaping Hammer+1","ats:Shell Defense","ats:Blood Oath+1","ats:Apocalypse","ats:Curse Doll"],"picked":"SKIP","floor":14.0},{"not_picked":["ats:Demon Strength","ats:Absolute Focus","ats:Revitalization+1","ats:Counter Healing Mode","ats:Defend Order"],"picked":"SKIP","floor":18.0},{"not_picked":["ats:Serious Mode","ats:Curse Doll","ats:Phantom","ats:Healing Drone"],"picked":"ats:Hammer On+1","floor":20.0},{"not_picked":["ats:Cat Scratch+1","ats:Poison Spread+1","ats:Soul Absorption","ats:Automatic Cover","ats:Revitalization"],"picked":"SKIP","floor":24.0},{"not_picked":["Gensokyo:Apocalypse+1","Gensokyo:MenInBlack","Gensokyo:MonkeysPaw","Gensokyo:TekeTeke+1"],"picked":"Gensokyo:ManorOfTheDishes","floor":28},{"not_picked":["ats:Spore Proliferation+1","ats:Apocalypse","ats:Consecutive Shot Auto+1","ats:Beaten Up+1"],"picked":"ats:Closed Bolt Burst Fire+1","floor":29},{"not_picked":["ats:Flexible Camouflage","ats:Serious Mode+1","ats:Red Shift+1","ats:Shadow Raid","ats:Rapid Magazine"],"picked":"SKIP","floor":30},{"not_picked":["ats:Support Order","ats:LN2 Cannon+1","ats:Assault Order","ats:Leaping Hammer+1"],"picked":"ats:Sword Rain+1","floor":31},{"not_picked":["ats:Fractured Body","ats:Very Hot Blade+1","ats:Apocalypse","ats:Cat Scratch+1","ats:Beaten Up"],"picked":"SKIP","floor":31},{"not_picked":["ats:Absolute Focus+1","ats:Cat Scratch+1","ats:Closed Bolt Burst Fire+1","ats:Very Hot Blade+1"],"picked":"ats:Hammer On+1","floor":35},{"not_picked":["ats:Encircling Forest","ats:Song Of Battle+1","ats:Closed Bolt Burst Fire+1","ats:Assault Order","ats:Powerful Strike+1"],"picked":"SKIP","floor":35},{"not_picked":["ats:Hook Shot+1","ats:Roar Of Ursus","ats:Assault Order+1","ats:Chain Hook+1","ats:Very Hot Blade+1"],"picked":"SKIP","floor":40},{"not_picked":["ats:Powerful Strike+1","ats:Revitalization","ats:True Silver Slash+1","ats:Thermite Blade+1","ats:Assault Order"],"picked":"SKIP","floor":42},{"not_picked":["ats:Revitalization","ats:Powerful Strike+1","ats:Guard Mode","ats:Automatic Cover","ats:Hammer On+1"],"picked":"SKIP","floor":44},{"not_picked":["ats:Disruption Kick+1","ats:Explosion Area Strengthen+1","ats:Poison Spread+1","ats:Powerful Strike+1","ats:Neurotoxin+1"],"picked":"SKIP","floor":44},{"not_picked":["ats:Blood Oath+1","ats:Neurotoxin","ats:Composite Medical Shells","ats:Roar Of Ursus"],"picked":"ats:Sashimi Platter+1","floor":46},{"not_picked":["ats:Shell Defense","ats:Leaping Hammer+1","ats:Cat Scratch+1","ats:Collapsing Strike+1","ats:Soul Absorption+1"],"picked":"SKIP","floor":48},{"not_picked":["ats:Ignite+1","ats:Revitalization+1","ats:Mental Burst+1","ats:Apocalypse+1","ats:Explosion Area Strengthen+1"],"picked":"SKIP","floor":54}],"player_experience":325165,"relics_obtained":[{"floor":1.0,"key":"SynthV:TestCard"},{"floor":6.0,"key":"ats:Originium"},{"floor":6.0,"key":"War Paint"},{"floor":8.0,"key":"testmod-ObsoleteBoomerang"},{"floor":8.0,"key":"ats:Originium"},{"floor":11.0,"key":"ats:Originium"},{"floor":11.0,"key":"Pen Nib"},{"floor":13.0,"key":"Molten Egg 2"},{"floor":16.0,"key":"Gensokyo:OccultBall"},{"floor":24.0,"key":"ats:Originium"},{"floor":24.0,"key":"Gensokyo:ConquerorOfFear"},{"floor":24.0,"key":"ImprovedEquipment"},{"floor":26,"key":"Bottled Flame"},{"floor":30,"key":"Prayer Wheel"},{"floor":33,"key":"Gensokyo:OccultBall"},{"floor":40,"key":"Eternal Feather"},{"floor":41,"key":"MealTicket"},{"floor":42,"key":"AT_SilverBalance"},{"floor":43,"key":"testmod-ArcanaOfDestiny"},{"floor":46,"key":"Sundial"},{"floor":47,"key":"Bag of Preparation"},{"floor":48,"key":"testmod-Acrobat"},{"floor":54,"key":"Gensokyo:OccultBall"},{"floor":54,"key":"AT_SilvercatRing"}],"event_choices":[{"damage_healed":0.0,"max_hp_gain":0.0,"max_hp_loss":0.0,"gold_gain":0.0,"event_name":"给自己的盒子","player_choice":"Ignored","floor":10.0,"gold_loss":0.0,"damage_taken":0.0},{"damage_healed":0,"gold_gain":400,"player_choice":"Sell","damage_taken":0,"max_hp_gain":0,"max_hp_loss":0,"event_name":"恩洛斯的盘子","floor":39,"relics_lost":["testmod-TestBox"],"gold_loss":0}],"is_beta":false,"boss_relics":[{"not_picked":["TimeKeys","Busted Crown"],"picked":"testmod-PortableAltar"},{"not_picked":["REME_DemonsWealth","testmod-StringDisintegrator"],"picked":"ats:Tactical Delivery"}],"items_purged_floors":[21,25,37,53],"is_endless":false,"potions_floor_spawned":[1,2,8,16,20,31,33,42,44,46,54],"ascension_level":4}}