{"host":"44ptf306keujqm0c","time":1611740411,"event":{"mods":["Aspiration","BaseMod","Marisa（F雨　魔理沙）","Minty Spire (QoL Compilation)","StSLib","The Administrix","The Construct","The Servant 0.9.4","WarShipGirlsR/战舰少女R mod"],"gold_per_floor":[118,131,131,145,35,35,50,66,66,66,66,99,99,112,112,207,207,225,225,241,255,280,280,314,314,341,263,289,317,329,21,21,117,117,131,145,145,200,200,235,255,255,279,279,298,324,324,336,336,336],"floor_reached":51,"language":"ZHS","playtime":6141,"items_purged":["AdministrixMod:Strike_Administrix","AdministrixMod:NewWardrobe"],"score":854,"play_id":"0273f3e5-4acc-41af-a3f0-0f14284a38b0","local_time":"20210127174011","is_ascension_mode":false,"campfire_choices":[{"data":"AdministrixMod:TrickOfTheLight","floor":6.0,"key":"SMITH"},{"data":"AdministrixMod:ReachToHeaven","floor":13.0,"key":"SMITH"},{"data":"AdministrixMod:HarmonicReverence","floor":15.0,"key":"SMITH"},{"data":"AdministrixMod:HarmonicReverence","floor":23.0,"key":"SMITH"},{"data":"AdministrixMod:SyncreticSurge","floor":25.0,"key":"SMITH"},{"data":"AdministrixMod:HaveItAll","floor":32.0,"key":"SMITH"},{"floor":44,"key":"REST"},{"data":"AdministrixMod:StarSwordSoul","floor":49,"key":"SMITH"}],"circlet_count":0,"master_deck":["AdministrixMod:RedCloak","AdministrixMod:Defend_Administrix","AdministrixMod:Defend_Administrix","AdministrixMod:Defend_Administrix","AdministrixMod:Defend_Administrix","AdministrixMod:BlueCloak+1","AdministrixMod:NewWardrobe","AdministrixMod:TrickOfTheLight+1","AdministrixMod:HarmonicReverence+1","AdministrixMod:HarmonicReverence+1","AdministrixMod:ReachToHeaven+1","AdministrixMod:HaveItAll+1","AdministrixMod:LightOfYourLife+1","AdministrixMod:LuminaryPath","construct:AttackMode","AdministrixMod:StarSwordSoul+1"],"relics":["AdministrixMod:ConductorRitualBaton","NeowsBlessing","Turnip","Mercury Hourglass","Philosopher\u0027s Stone","Red Mask","Pantograph","MawBank","Membership Card","aspiration:FrozenJewel","SlaversCollar","Eternal Feather","CatCart","aspiration:HummingbirdHeart","Nunchaku","Happy Flower"],"acts_visited":["Exordium","TheCity","TheBeyond"],"potions_floor_usage":[42,48,50,50],"damage_taken":[{"damage":0.0,"enemies":"Cultist","floor":1.0,"turns":1.0},{"damage":0.0,"enemies":"Small Slimes","floor":2.0,"turns":1.0},{"damage":0.0,"enemies":"Jaw Worm","floor":4.0,"turns":1.0},{"damage":0.0,"enemies":"Red Slaver","floor":7.0,"turns":5.0},{"damage":4.0,"enemies":"3 Louse","floor":8.0,"turns":4.0},{"damage":5.0,"enemies":"3 Sentries","floor":12.0,"turns":4.0},{"damage":0.0,"enemies":"Lots of Slimes","floor":14.0,"turns":1.0},{"damage":9.0,"enemies":"The Guardian","floor":16.0,"turns":11.0},{"damage":0.0,"enemies":"Spheric Guardian","floor":18.0,"turns":5.0},{"damage":4.0,"enemies":"3 Byrds","floor":20.0,"turns":3.0},{"damage":0.0,"enemies":"Centurion and Healer","floor":21.0,"turns":3.0},{"damage":0.0,"enemies":"Masked Bandits","floor":22.0,"turns":2.0},{"damage":10.0,"enemies":"Slavers","floor":24.0,"turns":3.0},{"damage":7.0,"enemies":"Snake Plant","floor":28.0,"turns":3.0},{"damage":10.0,"enemies":"Shelled Parasite and Fungi","floor":29.0,"turns":4.0},{"damage":0.0,"enemies":"Automaton","floor":33.0,"turns":8.0},{"damage":4.0,"enemies":"Orb Walker","floor":35.0,"turns":5.0},{"damage":1.0,"enemies":"3 Shapes","floor":36.0,"turns":3.0},{"damage":25.0,"enemies":"Orin","floor":38.0,"turns":6.0},{"damage":0.0,"enemies":"Reptomancer","floor":40.0,"turns":2.0},{"damage":17.0,"enemies":"Transient","floor":41.0,"turns":5.0},{"damage":0,"enemies":"4 Shapes","floor":42,"turns":1},{"damage":0,"enemies":"Writhing Mass","floor":45,"turns":9},{"damage":5,"enemies":"Nemesis","floor":46,"turns":7},{"damage":0,"enemies":"3 Darklings","floor":48,"turns":3},{"damage":0,"enemies":"Donu and Deca","floor":50,"turns":6}],"seed_played":"-6704405626412197756","potions_obtained":[{"floor":2.0,"key":"LiquidBronze"},{"floor":8.0,"key":"LiquidMemories"},{"floor":12.0,"key":"FearPotion"},{"floor":14.0,"key":"Strength Potion"},{"floor":24.0,"key":"LiquidBronze"},{"floor":35.0,"key":"Energy Potion"},{"floor":40.0,"key":"SmokeBomb"},{"floor":48,"key":"Fruit Juice"}],"is_trial":false,"path_per_floor":["M","M","?","M","$","R","M","M","T","?","$","E","R","M","R","B",null,"M","?","M","M","?","R","E","R","T","?","M","M","?","$","R","B",null,"M","M","T","?","?","E","M","M","T","R","M","E","?","M","R","B",null],"character_chosen":"TheAdministrix","items_purchased":["AdministrixMod:HarmonicReverence","Membership Card","aspiration:FrozenJewel"],"campfire_rested":1,"item_purchase_floors":[5,31,31],"current_hp_per_floor":[65,65,65,65,65,65,65,61,61,61,61,56,56,56,56,47,65,65,65,61,61,61,61,51,51,51,51,44,34,34,34,34,59,65,61,60,60,35,35,35,18,18,18,46,46,41,41,46,55,70],"gold":336,"neow_bonus":"THREE_ENEMY_KILL","is_daily":false,"chose_seed":false,"campfire_upgraded":7,"win_rate":0.0,"timestamp":1611740411,"path_taken":["M","M","?","M","$","R","?","M","T","?","?","E","R","?","R","BOSS","M","?","?","M","?","R","E","R","T","?","?","M","?","$","R","BOSS","M","M","?","?","?","E","M","?","T","R","M","E","?","M","R","BOSS"],"items_purchased_type":["Card","Relic","Relic"],"build_version":"2020-12-22","purchased_purges":2,"victory":true,"max_hp_per_floor":[65,65,65,65,65,65,65,65,65,65,65,65,65,65,65,65,65,65,65,65,65,65,65,65,65,65,65,65,65,65,65,65,65,65,65,65,65,65,65,65,65,65,65,65,65,65,65,70,70,70],"card_choices":[{"not_picked":["AdministrixMod:RebukeDesires","AdministrixMod:CrackingPangu"],"picked":"AdministrixMod:SyncreticSurge","floor":1.0},{"not_picked":["AdministrixMod:DiversionaryTactic","AdministrixMod:PassageOfAges"],"picked":"AdministrixMod:NewWardrobe","floor":2.0},{"not_picked":["AdministrixMod:SealAway","AdministrixMod:Metempsychosis"],"picked":"AdministrixMod:TrickOfTheLight","floor":4.0},{"not_picked":["AdministrixMod:SealAway","AdministrixMod:TouchOfCinnabar"],"picked":"AdministrixMod:HarmonicReverence","floor":7.0},{"not_picked":["AdministrixMod:CenturiesAscent","AdministrixMod:RegentEdict"],"picked":"AdministrixMod:ReachToHeaven","floor":8.0},{"not_picked":["AdministrixMod:PlateOfAntiquity","AdministrixMod:Katabasis","AdministrixMod:TrickOfTheLight"],"picked":"SKIP","floor":12.0},{"not_picked":["AdministrixMod:FuneraryRites","AdministrixMod:PassageOfAges","AdministrixMod:BloodBargain"],"picked":"SKIP","floor":14.0},{"not_picked":["AdministrixMod:DeathByGlamour","AdministrixMod:FaithfulFlames"],"picked":"AdministrixMod:HaveItAll","floor":16.0},{"not_picked":["AdministrixMod:ImmortalGrace","AdministrixMod:Transcension","AdministrixMod:BegetEternity"],"picked":"SKIP","floor":18.0},{"not_picked":["AdministrixMod:NoblePath","AdministrixMod:RebukeDesires"],"picked":"AdministrixMod:LightOfYourLife+1","floor":20.0},{"not_picked":["AdministrixMod:CenturiesAscent","AdministrixMod:FuneraryRites","AdministrixMod:Transcension+1"],"picked":"SKIP","floor":21.0},{"not_picked":["AdministrixMod:UnstableVigor+1","AdministrixMod:SeventeenArticleLaser+1"],"picked":"AdministrixMod:NewWardrobe","floor":24.0},{"not_picked":["AdministrixMod:NoblePath","AdministrixMod:RegentEdict","AdministrixMod:CrackingPangu"],"picked":"SKIP","floor":28.0},{"not_picked":["AdministrixMod:TrickOfTheLight","AdministrixMod:ArmillarySphere","AdministrixMod:Wuji"],"picked":"SKIP","floor":29.0},{"not_picked":["AdministrixMod:FaithfulFlames","AdministrixMod:WifeLightning"],"picked":"AdministrixMod:LuminaryPath","floor":33.0},{"not_picked":["AdministrixMod:CenturiesAscent+1","AdministrixMod:PassageOfAges","AdministrixMod:ArmillarySphere+1"],"picked":"SKIP","floor":35.0},{"not_picked":["AdministrixMod:RebukeDesires","AdministrixMod:NoblePath","AdministrixMod:Wuji+1"],"picked":"SKIP","floor":36.0},{"not_picked":["AdministrixMod:BloodlessSapphire","AdministrixMod:TouchOfCinnabar+1"],"picked":"AdministrixMod:StarSwordSoul","floor":40.0},{"not_picked":["AdministrixMod:Katabasis","AdministrixMod:NoblePath","AdministrixMod:Convergence"],"picked":"SKIP","floor":41},{"not_picked":["AdministrixMod:DreamsMausoleum+1","AdministrixMod:SealAway","AdministrixMod:BloodlessSapphire"],"picked":"SKIP","floor":45},{"not_picked":["AdministrixMod:ChooseYourEnd","AdministrixMod:Transition","AdministrixMod:BishamonBlessing"],"picked":"SKIP","floor":46},{"not_picked":["AdministrixMod:NoblePath","AdministrixMod:TrickOfTheLight+1","AdministrixMod:RegentEdict"],"picked":"SKIP","floor":48}],"player_experience":32317,"relics_obtained":[{"floor":9.0,"key":"Turnip"},{"floor":12.0,"key":"Mercury Hourglass"},{"floor":22.0,"key":"Red Mask"},{"floor":24.0,"key":"Pantograph"},{"floor":26.0,"key":"MawBank"},{"floor":37.0,"key":"Eternal Feather"},{"floor":38.0,"key":"CatCart"},{"floor":40.0,"key":"aspiration:HummingbirdHeart"},{"floor":43,"key":"Nunchaku"},{"floor":46,"key":"Happy Flower"}],"event_choices":[{"damage_healed":0.0,"max_hp_gain":0.0,"max_hp_loss":0.0,"gold_gain":0.0,"event_name":"Upgrade Shrine","player_choice":"Upgraded","floor":3.0,"gold_loss":0.0,"damage_taken":0.0,"cards_upgraded":["AdministrixMod:BlueCloak"]},{"damage_healed":0.0,"max_hp_gain":0.0,"max_hp_loss":0.0,"gold_gain":0.0,"event_name":"WeMeetAgain","player_choice":"Ignored","floor":10.0,"gold_loss":0.0,"damage_taken":0.0},{"cards_removed":["AdministrixMod:Strike_Administrix"],"damage_healed":0.0,"max_hp_gain":0.0,"max_hp_loss":0.0,"gold_gain":0.0,"event_name":"Bonfire Elementals","player_choice":"Offered Basic","floor":19.0,"gold_loss":0.0,"damage_taken":0.0},{"damage_healed":0.0,"max_hp_gain":0.0,"max_hp_loss":0.0,"gold_gain":0.0,"event_name":"Masked Bandits","player_choice":"Fought Bandits","floor":22.0,"gold_loss":0.0,"damage_taken":0.0},{"cards_removed":["AdministrixMod:Strike_Administrix"],"damage_healed":0.0,"max_hp_gain":0.0,"max_hp_loss":0.0,"gold_gain":0.0,"event_name":"Designer","player_choice":"Upgrade and Remove","floor":27.0,"gold_loss":90.0,"damage_taken":0.0,"cards_upgraded":["AdministrixMod:Strike_Administrix"]},{"damage_healed":0.0,"max_hp_gain":0.0,"max_hp_loss":0.0,"gold_gain":0.0,"event_name":"N\u0027loth","player_choice":"Ignored","floor":30.0,"gold_loss":0.0,"damage_taken":0.0},{"damage_healed":0.0,"max_hp_gain":0.0,"max_hp_loss":0.0,"gold_gain":0.0,"event_name":"OrinTheCat","player_choice":"Fight","floor":38.0,"gold_loss":0.0,"damage_taken":0.0},{"cards_removed":["AdministrixMod:SyncreticSurge"],"damage_healed":0.0,"max_hp_gain":0.0,"max_hp_loss":0.0,"gold_gain":0.0,"event_name":"NoteForYourself","player_choice":"Took Card","floor":39.0,"gold_loss":0.0,"damage_taken":0.0,"cards_obtained":["construct:AttackMode"]},{"cards_removed":["AdministrixMod:Strike_Administrix"],"damage_healed":0,"gold_gain":0,"player_choice":"Removed Attack","damage_taken":0,"max_hp_gain":0,"max_hp_loss":0,"event_name":"Falling","floor":47,"gold_loss":0}],"is_beta":false,"boss_relics":[{"not_picked":["Ectoplasm","aspiration:WatcherSkillbook"],"picked":"Philosopher\u0027s Stone"},{"not_picked":["Coffee Dripper","Pandora\u0027s Box"],"picked":"SlaversCollar"}],"items_purged_floors":[5,31],"is_endless":false,"potions_floor_spawned":[2,8,12,14,24,28,29,33,35,40,41,48],"ascension_level":0}}