{"host":"kg61lsvem4dxoat8","time":1611725823,"event":{"mods":["BaseMod","Colored Powertips","Minty Spire (QoL Compilation)","Quick Restart","Rare Cards Sparkle","Relic Stats","slay the spire mod where everything is the same but ironclad has a cowboy hat"],"gold_per_floor":[115,115,115,127,144,172,172,207,275,200,200,223,223,173,173,173,173],"floor_reached":16,"language":"ENG","playtime":215,"items_purged":["Strike_R"],"score":151,"play_id":"8eb4d92a-7b45-42bb-ad57-53f7e0bfca16","local_time":"20210127133703","is_ascension_mode":true,"campfire_choices":[{"data":"Whirlwind","floor":7,"key":"SMITH"},{"data":"Seeing Red","floor":13,"key":"SMITH"},{"data":"Bash","floor":15,"key":"SMITH"}],"circlet_count":0,"master_deck":["Strike_R+1","Strike_R+1","Defend_R","Defend_R","Defend_R","Defend_R","Bash+1","Whirlwind+1","Seeing Red+1"],"relics":["Burning Blood","NeowsBlessing","Prayer Wheel","MealTicket","Letter Opener","Golden Idol"],"acts_visited":["Exordium"],"potions_floor_usage":[16,16,16],"damage_taken":[{"damage":0,"enemies":"2 Louse","floor":1,"turns":1},{"damage":0,"enemies":"Jaw Worm","floor":4,"turns":1},{"damage":0,"enemies":"Cultist","floor":5,"turns":1},{"damage":40,"enemies":"Gremlin Nob","floor":6,"turns":5},{"damage":20,"enemies":"3 Sentries","floor":8,"turns":3},{"damage":18,"enemies":"Red Slaver","floor":12,"turns":5},{"damage":34,"enemies":"Hexaghost","floor":16,"turns":5}],"seed_played":"-2098601760091502061","potions_obtained":[{"floor":1,"key":"DistilledChaos"},{"floor":6,"key":"AttackPotion"},{"floor":12,"key":"Strength Potion"}],"is_trial":false,"path_per_floor":["M","?","?","M","M","E","R","E","T","$","?","M","R","?","R","B"],"character_chosen":"IRONCLAD","items_purchased":[],"campfire_rested":0,"item_purchase_floors":[],"current_hp_per_floor":[78,62,62,68,74,40,40,26,26,41,41,29,29,29,29,0,0],"gold":173,"neow_bonus":"THREE_ENEMY_KILL","is_daily":false,"chose_seed":false,"campfire_upgraded":3,"win_rate":0.0,"timestamp":1611725823,"path_taken":["M","?","?","?","M","E","R","E","T","?","?","M","R","?","R","BOSS"],"items_purchased_type":[],"build_version":"2020-12-22","purchased_purges":1,"victory":false,"max_hp_per_floor":[80,80,80,80,80,80,80,80,80,80,74,74,74,74,74,74,74],"relic_stats":{"counters":[7,21],"Golden Idol":5,"Prayer Wheel":1,"MealTicket":15,"Letter Opener":[0],"obtain_stats":[{"NeowsBlessing":0,"Golden Idol":11,"Prayer Wheel":6,"MealTicket":8,"Letter Opener":9,"Burning Blood":0},{"NeowsBlessing":0,"Golden Idol":5,"Prayer Wheel":4,"MealTicket":5,"Letter Opener":5,"Burning Blood":0},{"NeowsBlessing":0,"Golden Idol":11,"Prayer Wheel":8,"MealTicket":11,"Letter Opener":11,"Burning Blood":0}],"Burning Blood":36},"card_choices":[{"not_picked":["Shockwave","Sword Boomerang"],"picked":"Whirlwind","floor":1},{"not_picked":["Anger","Thunderclap","Clothesline"],"picked":"SKIP","floor":4},{"not_picked":["Havoc","Reckless Charge","Wild Strike"],"picked":"SKIP","floor":5},{"not_picked":["Dropkick","Reckless Charge","Armaments"],"picked":"SKIP","floor":6},{"not_picked":["Sword Boomerang","Havoc"],"picked":"Seeing Red","floor":8},{"not_picked":["Headbutt","Heavy Blade","Twin Strike"],"picked":"SKIP","floor":12},{"not_picked":["Sever Soul","Anger","Feel No Pain"],"picked":"SKIP","floor":12}],"player_experience":1403068,"relics_obtained":[{"floor":6,"key":"Prayer Wheel"},{"floor":8,"key":"MealTicket"},{"floor":9,"key":"Letter Opener"}],"event_choices":[{"damage_healed":0,"gold_gain":0,"player_choice":"Entered Light","damage_taken":16,"max_hp_gain":0,"max_hp_loss":0,"event_name":"Shining Light","floor":2,"gold_loss":0,"cards_upgraded":["Strike_R","Strike_R"]},{"cards_removed":["Strike_R"],"damage_healed":0,"gold_gain":0,"player_choice":"Offered Basic","damage_taken":0,"max_hp_gain":0,"max_hp_loss":0,"event_name":"Bonfire Elementals","floor":3,"gold_loss":0},{"damage_healed":0,"gold_gain":0,"player_choice":"Lose Max HP","damage_taken":0,"relics_obtained":["Golden Idol"],"max_hp_gain":0,"max_hp_loss":6,"event_name":"Golden Idol","floor":11,"gold_loss":0},{"cards_removed":["Strike_R"],"damage_healed":0,"gold_gain":0,"player_choice":"Card Removal","damage_taken":0,"max_hp_gain":0,"max_hp_loss":0,"event_name":"The Cleric","floor":14,"gold_loss":50}],"is_beta":false,"boss_relics":[],"items_purged_floors":[10],"is_endless":false,"potions_floor_spawned":[1,6,12],"killed_by":"Hexaghost","ascension_level":8}}