{"host":"8efry9zhj4tjp5kw","time":1611740386,"event":{"mods":["Act Like it!","Aspiration","Bard","BaseMod","Beaked The Cultist","Colored Map","Colored Powertips","Conspire","Downfall","Glutton Mod","Halation","Hallownest","Hermit","Highlight Path","Hubris","Infinite Spire","Jedi Mod","Jorbs\u0027s Wanderer Trilogy","Koishi","Mad Scientist","Marisa????????","Mimic Mod","Minty Spire (QoL Compilation)","Reworked Bosses","Shop Mod","StSLib","The Administrix","The Construct","The Disciple","The Jungle","The Mystic","The Necromancer","The Servant 0.9.4","Unceasing Turn Reminder"],"gold_per_floor":[99,110,285,161,178,178,178,189,189,204,234,244,244,272,287,287,287,287],"floor_reached":16,"language":"ENG","playtime":954,"items_purged":["Doubt"],"score":171,"play_id":"ea494670-f2ed-4e79-8570-5cbf5745f7ae","local_time":"20210127103946","is_ascension_mode":true,"campfire_choices":[{"data":"bronze:Goto","floor":1,"key":"SMITH"},{"data":"bronze:Branch","floor":6,"key":"SMITH"}],"circlet_count":0,"master_deck":["bronze:Strike","bronze:Strike","bronze:Strike","bronze:Strike","bronze:Defend+1","bronze:Defend+1","bronze:Defend","bronze:Defend","bronze:Replicate","bronze:Goto+1","bronze:Assembly","bronze:Branch","bronze:Branch+1","bronze:DarkDash+1","bronze:DelayedSlice","downfall:Malfunctioning","bronze:Repair","bronze:Flail","bronze:Turbo"],"relics":["bronze:BronzeCore","hubris:CrystalStatue","MealTicket","conspire:TopHat"],"acts_visited":["Exordium"],"potions_floor_usage":[],"damage_taken":[{"damage":2,"enemies":"Jaw Worm","floor":2,"turns":3},{"damage":0,"enemies":"downfall:FleeingMerchant","floor":4,"turns":4},{"damage":3,"enemies":"conspire:RoseBush","floor":5,"turns":3},{"damage":0,"enemies":"Cultist","floor":8,"turns":3},{"damage":0,"enemies":"2 Fungi Beasts","floor":10,"turns":2},{"damage":0,"enemies":"3 Sentries","floor":11,"turns":6},{"damage":0,"enemies":"3 Louse","floor":12,"turns":4},{"damage":14,"enemies":"Gremlin Nob","floor":14,"turns":4},{"damage":3,"enemies":"conspire:2 RoseBushes","floor":15,"turns":7},{"damage":70,"enemies":"SI_SHIV_ARCHETYPE","floor":16,"turns":11}],"seed_played":"7116670855890736288","potions_obtained":[{"floor":2,"key":"CultistPotion"},{"floor":5,"key":"jedi:StrikingPotion"},{"floor":8,"key":"champ:CounterPotion"}],"is_trial":false,"path_per_floor":["R","M","?","$","M","R","T","M","?","M","E","M","?","E","M","B"],"character_chosen":"THE_AUTOMATON","items_purchased":["bronze:DarkDash"],"campfire_rested":0,"item_purchase_floors":[4],"current_hp_per_floor":[70,68,68,68,65,65,65,65,65,65,65,65,70,56,60,0,0,0],"gold":287,"neow_bonus":"ONE_RANDOM_RARE_CARD","is_daily":false,"chose_seed":false,"campfire_upgraded":2,"win_rate":0.0,"timestamp":1611740386,"path_taken":["R","M","?","$","M","R","T","M","?","M","E","M","?","E","M","BOSS"],"items_purchased_type":["Card"],"build_version":"2020-12-22","purchased_purges":1,"victory":false,"max_hp_per_floor":[70,70,70,70,70,70,70,70,70,70,70,70,70,70,70,70,70,70],"card_choices":[{"not_picked":["bronze:Invalidate","bronze:OilSpill"],"picked":"bronze:Branch","floor":2},{"not_picked":["bronze:BitShift","bronze:DigitalCarnage"],"picked":"bronze:Branch","floor":4},{"not_picked":["bronze:BugBarrage","bronze:FineTuning","bronze:Invalidate"],"picked":"SKIP","floor":5},{"not_picked":["bronze:Deprecate","bronze:Turbo"],"picked":"bronze:DelayedSlice","floor":8},{"not_picked":["bronze:BuggyMess","bronze:Return","bronze:Philosophize"],"picked":"SKIP","floor":10},{"not_picked":["bronze:BuggyMess","bronze:Mutator","bronze:Shield"],"picked":"SKIP","floor":11},{"not_picked":["bronze:CutThrough","bronze:FineTuning"],"picked":"bronze:Repair","floor":12},{"not_picked":["bronze:BronzeArmor","bronze:Constructor"],"picked":"bronze:Flail","floor":14},{"not_picked":["bronze:Fortify","bronze:Overheat"],"picked":"bronze:Turbo","floor":15}],"player_experience":1122677,"relics_obtained":[{"floor":7,"key":"hubris:CrystalStatue"},{"floor":11,"key":"MealTicket"},{"floor":14,"key":"conspire:TopHat"}],"event_choices":[],"is_beta":false,"boss_relics":[],"items_purged_floors":[4],"is_endless":false,"potions_floor_spawned":[2,5,8,12],"killed_by":"SI_SHIV_ARCHETYPE","ascension_level":5}}