{"host":"2smcgt1ki1qcud40","time":1611785094,"event":{"mods":["BaseMod","Minty Spire (QoL Compilation)"],"gold_per_floor":[114,189,114,114,127,155,155,181,181,198,230,245,274,294,294,373,373,384,394,405,278,278,305,305,325,404,454,471,500,500,531,531,603,603,620,668,668,472,482,512,523,523,570,585,585,615,615,633,633,633,633],"floor_reached":50,"language":"ENG","playtime":3145,"items_purged":["Strike_G","Strike_G"],"score":1408,"play_id":"1d96d571-9fde-41ba-a84e-e928e998340a","local_time":"20210127230454","is_ascension_mode":true,"campfire_choices":[{"data":"Burst","floor":7.0,"key":"SMITH"},{"data":"Skewer","floor":15.0,"key":"SMITH"},{"floor":24.0,"key":"REST"},{"floor":30.0,"key":"RECALL"},{"floor":32.0,"key":"REST"},{"floor":42.0,"key":"REST"},{"floor":45.0,"key":"REST"},{"floor":47.0,"key":"REST"},{"floor":49,"key":"REST"}],"circlet_count":0,"master_deck":["AscendersBane","Strike_G","Defend_G","Defend_G","Defend_G","Defend_G","Defend_G","Survivor","Neutralize","Dagger Throw","Backstab","Skewer+1","Burst+1","Blade Dance+1","Blade Dance+1","Deflect+1","Blade Dance+1","PiercingWail+1","Cloak And Dagger+1","Night Terror+1","Accuracy","Concentrate+1","Acrobatics+1","Backflip+1","PiercingWail+1","Terror+1","Tactician+1","Calculated Gamble+1","Adrenaline+1","Backflip+1","Deflect+1","Outmaneuver+1","Calculated Gamble+1","Cloak And Dagger+1"],"relics":["Ring of the Snake","NeowsBlessing","Toxic Egg 2","Bottled Lightning","Dead Branch","Kunai","Fusion Hammer","Smiling Mask","Frozen Egg 2","Centennial Puzzle","Anchor","WristBlade","Mango","Chemical X","Pocketwatch","Art of War"],"acts_visited":["Exordium","TheCity","TheBeyond"],"potions_floor_usage":[],"damage_taken":[{"damage":0.0,"enemies":"2 Louse","floor":1.0,"turns":1.0},{"damage":0.0,"enemies":"Cultist","floor":5.0,"turns":1.0},{"damage":0.0,"enemies":"Gremlin Nob","floor":6.0,"turns":1.0},{"damage":22.0,"enemies":"3 Sentries","floor":8.0,"turns":10.0},{"damage":0.0,"enemies":"Small Slimes","floor":10.0,"turns":3.0},{"damage":10.0,"enemies":"Gremlin Nob","floor":11.0,"turns":3.0},{"damage":0.0,"enemies":"Blue Slaver","floor":12.0,"turns":1.0},{"damage":0.0,"enemies":"Lagavulin","floor":13.0,"turns":4.0},{"damage":0.0,"enemies":"2 Fungi Beasts","floor":14.0,"turns":3.0},{"damage":0.0,"enemies":"Slime Boss","floor":16.0,"turns":6.0},{"damage":10.0,"enemies":"2 Thieves","floor":18.0,"turns":2.0},{"damage":0.0,"enemies":"Shell Parasite","floor":19.0,"turns":3.0},{"damage":0.0,"enemies":"Snecko","floor":20.0,"turns":2.0},{"damage":0.0,"enemies":"Book of Stabbing","floor":23.0,"turns":4.0},{"damage":0.0,"enemies":"Sentry and Sphere","floor":25.0,"turns":3.0},{"damage":0.0,"enemies":"Snake Plant","floor":28.0,"turns":3.0},{"damage":0.0,"enemies":"Slavers","floor":29.0,"turns":3.0},{"damage":2.0,"enemies":"Book of Stabbing","floor":31.0,"turns":2.0},{"damage":12.0,"enemies":"Collector","floor":33.0,"turns":8.0},{"damage":0.0,"enemies":"3 Darklings","floor":35.0,"turns":2.0},{"damage":0.0,"enemies":"2 Orb Walkers","floor":36.0,"turns":2.0},{"damage":0.0,"enemies":"Orb Walker","floor":39.0,"turns":1.0},{"damage":0.0,"enemies":"Nemesis","floor":40.0,"turns":3.0},{"damage":0.0,"enemies":"Writhing Mass","floor":41.0,"turns":2.0},{"damage":5.0,"enemies":"4 Shapes","floor":44.0,"turns":2.0},{"damage":1.0,"enemies":"Giant Head","floor":46.0,"turns":6.0},{"damage":0,"enemies":"Transient","floor":48,"turns":5},{"damage":86,"enemies":"Time Eater","floor":50,"turns":9}],"seed_played":"-6634653790014952342","potions_obtained":[{"floor":5.0,"key":"EntropicBrew"},{"floor":8.0,"key":"SteroidPotion"},{"floor":10.0,"key":"Fruit Juice"},{"floor":11.0,"key":"Strength Potion"},{"floor":16.0,"key":"Regen Potion"},{"floor":19.0,"key":"SkillPotion"},{"floor":28.0,"key":"Strength Potion"},{"floor":29.0,"key":"Ancient Potion"},{"floor":39.0,"key":"Energy Potion"},{"floor":46.0,"key":"Strength Potion"},{"floor":48,"key":"Fruit Juice"}],"is_trial":false,"path_per_floor":["M","?","$","?","M","E","R","E","T","M","E","M","E","M","R","B",null,"M","M","M","$","?","E","R","M","T","?","M","E","R","E","R","B",null,"M","?","?","$","M","E","M","R","T","M","R","E","R","M","R","B"],"character_chosen":"THE_SILENT","items_purchased":["Backstab","Acrobatics+1","Chemical X"],"campfire_rested":6,"item_purchase_floors":[3,21,38],"current_hp_per_floor":[59,48,48,48,48,48,48,41,41,41,31,31,31,31,31,31,57,47,52,52,52,52,52,71,71,71,71,71,71,71,69,71,71,71,71,85,85,85,85,85,85,85,85,80,85,84,85,85,85,0,0],"gold":633,"neow_bonus":"THREE_ENEMY_KILL","is_daily":false,"chose_seed":false,"campfire_upgraded":2,"win_rate":0.0,"timestamp":1611785094,"path_taken":["M","?","$","?","M","E","R","E","T","M","E","?","E","M","R","BOSS","M","M","?","$","?","E","R","M","T","?","M","E","R","E","R","BOSS","M","?","?","$","M","E","M","R","T","M","R","E","R","M","R","BOSS"],"items_purchased_type":["Card","Card","Relic"],"build_version":"2020-12-22","purchased_purges":2,"victory":false,"max_hp_per_floor":[66,66,66,66,66,66,66,66,66,66,66,66,66,66,66,66,66,66,71,71,71,71,71,71,71,71,71,71,71,71,71,71,71,71,71,85,85,85,85,85,85,85,85,85,85,85,85,85,85,85,85],"card_choices":[{"not_picked":["Acrobatics","Sucker Punch"],"picked":"Dagger Throw","floor":1.0},{"not_picked":["Outmaneuver","Dodge and Roll"],"picked":"Skewer","floor":5.0},{"not_picked":["Infinite Blades","Terror"],"picked":"Burst","floor":6.0},{"not_picked":["Well Laid Plans","Concentrate+1"],"picked":"Blade Dance+1","floor":8.0},{"not_picked":["Prepared+1","Infinite Blades"],"picked":"Blade Dance+1","floor":10.0},{"not_picked":["Heel Hook","Caltrops"],"picked":"Deflect+1","floor":11.0},{"not_picked":["Catalyst+1","Slice"],"picked":"Blade Dance+1","floor":12.0},{"not_picked":["Reflex+1","Dagger Throw"],"picked":"PiercingWail+1","floor":13.0},{"not_picked":["Dagger Spray","Underhanded Strike"],"picked":"Cloak And Dagger+1","floor":14.0},{"not_picked":["Wraith Form v2","Venomology+1"],"picked":"Night Terror+1","floor":16.0},{"not_picked":["Underhanded Strike","Calculated Gamble+1"],"picked":"Accuracy","floor":18.0},{"not_picked":["Masterful Stab+1","Dagger Spray+1"],"picked":"Concentrate+1","floor":19.0},{"not_picked":["Expertise+1","Poisoned Stab","Sucker Punch"],"picked":"SKIP","floor":20.0},{"not_picked":["Distraction+1","Setup+1"],"picked":"Backflip+1","floor":23.0},{"not_picked":["Eviscerate","Noxious Fumes"],"picked":"PiercingWail+1","floor":25.0},{"not_picked":["PiercingWail+1","Blade Dance+1"],"picked":"Terror+1","floor":28.0},{"not_picked":["Predator","Skewer"],"picked":"Tactician+1","floor":29.0},{"not_picked":["Skewer","Deflect+1"],"picked":"Calculated Gamble+1","floor":31.0},{"not_picked":["Grand Finale","Burst+1"],"picked":"Adrenaline+1","floor":33.0},{"not_picked":["Catalyst+1","Acrobatics+1"],"picked":"Backflip+1","floor":35.0},{"not_picked":["Dodge and Roll+1","Reflex+1"],"picked":"Deflect+1","floor":36.0},{"not_picked":["Dagger Throw","Dodge and Roll+1"],"picked":"Outmaneuver+1","floor":39.0},{"not_picked":["Flying Knee","Heel Hook","Catalyst+1"],"picked":"SKIP","floor":40.0},{"not_picked":["Eviscerate","Quick Slash","Bane"],"picked":"SKIP","floor":41.0},{"not_picked":["Blade Dance+1","Infinite Blades+1"],"picked":"Calculated Gamble+1","floor":44.0},{"not_picked":["Expertise+1","Corpse Explosion+1","Bouncing Flask+1"],"picked":"SKIP","floor":46.0},{"not_picked":["Sucker Punch","Noxious Fumes+1"],"picked":"Cloak And Dagger+1","floor":48}],"player_experience":677149,"relics_obtained":[{"floor":8.0,"key":"Toxic Egg 2"},{"floor":9.0,"key":"Bottled Lightning"},{"floor":11.0,"key":"Dead Branch"},{"floor":13.0,"key":"Kunai"},{"floor":23.0,"key":"Smiling Mask"},{"floor":26.0,"key":"Frozen Egg 2"},{"floor":29.0,"key":"Centennial Puzzle"},{"floor":31.0,"key":"Anchor"},{"floor":36.0,"key":"Mango"},{"floor":40.0,"key":"Pocketwatch"},{"floor":46.0,"key":"Art of War"}],"event_choices":[{"damage_healed":0.0,"max_hp_gain":0.0,"max_hp_loss":0.0,"gold_gain":75.0,"event_name":"World of Goop","player_choice":"Gather Gold","floor":2.0,"gold_loss":0.0,"damage_taken":11.0},{"cards_removed":["Strike_G"],"damage_healed":0.0,"max_hp_gain":0.0,"max_hp_loss":0.0,"gold_gain":0.0,"event_name":"Purifier","player_choice":"Purged","floor":4.0,"gold_loss":0.0,"damage_taken":0.0},{"damage_healed":0.0,"max_hp_gain":0.0,"max_hp_loss":0.0,"gold_gain":0.0,"event_name":"Ghosts","player_choice":"Ignored","floor":22.0,"gold_loss":0.0,"damage_taken":0.0},{"damage_healed":0.0,"max_hp_gain":0.0,"max_hp_loss":0.0,"gold_gain":50.0,"event_name":"Nest","player_choice":"Stole From Cult","floor":27.0,"gold_loss":0.0,"damage_taken":0.0},{"damage_healed":0.0,"max_hp_gain":0.0,"max_hp_loss":0.0,"gold_gain":0.0,"event_name":"Mysterious Sphere","player_choice":"Fight","floor":36.0,"gold_loss":0.0,"damage_taken":0.0},{"cards_removed":["Strike_G"],"damage_healed":0.0,"max_hp_gain":0.0,"max_hp_loss":0.0,"gold_gain":0.0,"event_name":"Falling","player_choice":"Removed Attack","floor":37.0,"gold_loss":0.0,"damage_taken":0.0}],"is_beta":false,"boss_relics":[{"not_picked":["Ectoplasm","Philosopher\u0027s Stone"],"picked":"Fusion Hammer"},{"not_picked":["Sozu","Cursed Key"],"picked":"WristBlade"}],"items_purged_floors":[21,38],"is_endless":false,"potions_floor_spawned":[5,8,10,11,16,19,28,29,39,40,41,46,48],"killed_by":"Time Eater","ascension_level":15}}