{"host":"pe7ycb8t2t906so2","time":1611708916,"event":{"mods":["BaseMod","Colored Map","Highlight Path","Minty Spire (QoL Compilation)"],"gold_per_floor":[116,66,66,78,89,89,101,101,101,118,118,130,130,130,130,130,130],"floor_reached":16,"language":"FRA","playtime":525,"items_purged":[],"score":156,"play_id":"aa5672d1-c14f-47f4-b06f-fef760c47b43","local_time":"20210126195516","is_ascension_mode":true,"campfire_choices":[{"data":"Flame Barrier","floor":6,"key":"SMITH"},{"data":"Pommel Strike","floor":8,"key":"SMITH"},{"data":"Immolate","floor":11,"key":"SMITH"},{"data":"Body Slam","floor":13,"key":"SMITH"},{"data":"Bash","floor":15,"key":"SMITH"}],"circlet_count":0,"master_deck":["AscendersBane","Strike_R","Strike_R","Strike_R","Strike_R","Defend_R","Defend_R","Defend_R","Defend_R","Bash+1","Immolate+1","Flame Barrier+1","Shrug It Off","Pommel Strike+1","Battle Trance","Body Slam+1"],"relics":["Burning Blood","CultistMask","Regal Pillow"],"acts_visited":["Exordium"],"potions_floor_usage":[16,16],"damage_taken":[{"damage":9,"enemies":"Jaw Worm","floor":1,"turns":4},{"damage":1,"enemies":"2 Louse","floor":4,"turns":3},{"damage":0,"enemies":"Cultist","floor":5,"turns":2},{"damage":0,"enemies":"3 Louse","floor":7,"turns":1},{"damage":3,"enemies":"Exordium Thugs","floor":10,"turns":4},{"damage":6,"enemies":"Looter","floor":12,"turns":2},{"damage":54,"enemies":"Hexaghost","floor":16,"turns":9}],"seed_played":"-6382095398359339104","potions_obtained":[{"floor":1,"key":"AttackPotion"},{"floor":7,"key":"BloodPotion"}],"is_trial":false,"path_per_floor":["M","?","?","M","M","R","M","R","T","M","R","M","R","?","R","B"],"character_chosen":"IRONCLAD","items_purchased":[],"campfire_rested":0,"item_purchase_floors":[],"current_hp_per_floor":[47,47,47,52,58,58,64,64,64,67,67,67,67,67,67,28,28],"gold":130,"neow_bonus":"THREE_RARE_CARDS","is_daily":false,"chose_seed":false,"campfire_upgraded":5,"win_rate":0.0,"timestamp":1611708916,"path_taken":["M","?","?","M","M","R","M","R","T","M","R","?","R","?","R","BOSS"],"items_purchased_type":[],"build_version":"2020-12-22","purchased_purges":0,"victory":false,"max_hp_per_floor":[75,75,75,75,75,75,75,75,75,75,75,75,75,75,75,75,75],"card_choices":[{"not_picked":["Offering","Impervious"],"picked":"Immolate","floor":0},{"not_picked":["Wild Strike","Feel No Pain"],"picked":"Flame Barrier","floor":1},{"not_picked":["Anger","Cleave"],"picked":"Shrug It Off","floor":4},{"not_picked":["Wild Strike","Sword Boomerang","Hemokinesis"],"picked":"SKIP","floor":5},{"not_picked":["Burning Pact","Warcry"],"picked":"Pommel Strike","floor":7},{"not_picked":["Havoc","Feel No Pain"],"picked":"Battle Trance","floor":10},{"not_picked":["Twin Strike","Wild Strike"],"picked":"Body Slam","floor":12}],"player_experience":951060,"relics_obtained":[{"floor":9,"key":"Regal Pillow"}],"event_choices":[{"cards_removed":["Strike_R"],"damage_healed":0,"gold_gain":0,"player_choice":"Card Removal","damage_taken":0,"max_hp_gain":0,"max_hp_loss":0,"event_name":"The Cleric","floor":2,"gold_loss":50},{"damage_healed":0,"gold_gain":0,"player_choice":"Trade","damage_taken":0,"relics_obtained":["CultistMask"],"max_hp_gain":0,"max_hp_loss":0,"event_name":"FaceTrader","floor":3,"gold_loss":0},{"damage_healed":0,"gold_gain":0,"player_choice":"Ignored","damage_taken":0,"max_hp_gain":0,"max_hp_loss":0,"event_name":"Liars Game","floor":14,"gold_loss":0}],"is_beta":false,"boss_relics":[],"items_purged_floors":[],"is_endless":false,"potions_floor_spawned":[1,7],"killed_by":"Hexaghost","ascension_level":14}}