{"host":"ljmxc81w1zg7qdd2","time":1611743322,"event":{"mods":["BaseMod","BetterRewards","Colored Map","Hubris","Minty Spire (QoL Compilation)","Replay The Spire","Shop Mod","StSLib","The Animator","The Construct","The Cursed","The Necromancer","The Servant 0.9.4","UnlockEverythingMod"],"gold_per_floor":[110,110,120,120,70,70,70,70,70,90,90,102,102,119,119,134,134,239,239,255,255,35,85,97,138,150,162,197,209,296,408,420,420],"floor_reached":32,"language":"ENG","playtime":1153,"items_purged":[],"score":256,"play_id":"2e8d0416-9a94-4067-a2d0-4c4902a44f46","local_time":"20210127022842","is_ascension_mode":true,"campfire_choices":[{"data":"Consecrate","floor":6,"key":"SMITH"},{"data":"TalkToTheHand","floor":9,"key":"SMITH"},{"data":"FlyingSleeves","floor":15,"key":"SMITH"},{"data":"Replay:DivineShield","floor":17,"key":"SMITH"}],"circlet_count":0,"master_deck":["Strike_P+1","Strike_P+1","Strike_P+1","Defend_P+1","Defend_P+1","Defend_P+1","Eruption+1","Vigilance","Consecrate+1","TalkToTheHand+1","Replay:DivineShield+1","FlyingSleeves+1","InnerPeace+1","ReachHeaven","Devotion","Evaluate+1","FlyingSleeves+1","Clumsy","Devotion","Regret","Replay:Hum+1"],"relics":["PureWater","Snack Pack","TeardropLocket","hubris:Towel","SlaversCollar","Membership Card","War Paint","ReplayTheSpireMod:Ring of Challenge","Ring of Greed","Replay:Wax Seal","MawBank","MutagenicStrength","Juzu Bracelet","Toxic Egg 2","Strawberry","Thread and Needle","Onion Ring"],"acts_visited":["Exordium","TheCity"],"potions_floor_usage":[25,32],"damage_taken":[{"damage":0.0,"enemies":"2 Louse","floor":1.0,"turns":1.0},{"damage":3.0,"enemies":"Jaw Worm","floor":3.0,"turns":4.0},{"damage":0,"enemies":"Cultist","floor":10,"turns":2},{"damage":2,"enemies":"3 Louse","floor":12,"turns":2},{"damage":8,"enemies":"Gremlin Gang","floor":14,"turns":4},{"damage":5,"enemies":"Lots of Slimes","floor":16,"turns":3},{"damage":24,"enemies":"Fading Forest","floor":18,"turns":11},{"damage":7,"enemies":"Chosen","floor":20,"turns":6},{"damage":23,"enemies":"Book of Stabbing","floor":25,"turns":4},{"damage":16,"enemies":"Colosseum Slavers","floor":31,"turns":5},{"damage":0,"enemies":"Colosseum Nobs","floor":31,"turns":3},{"damage":184,"enemies":"Slavers","floor":32,"turns":5}],"seed_played":"2031459759261619962","potions_obtained":[{"floor":12,"key":"LiquidMemories"},{"floor":18,"key":"SmokeBomb"},{"floor":20,"key":"SteroidPotion"},{"floor":31,"key":"Block Potion"}],"is_trial":false,"path_per_floor":["M","?","M","T","?","R","PTL","PTL","R","M","T","M","?","M","R","M","R","B",null,"M","?","$","?","?","E","?","?","T","?","?","?","E"],"character_chosen":"WATCHER","items_purchased":["Membership Card","War Paint"],"campfire_rested":0,"item_purchase_floors":[22,22],"current_hp_per_floor":[72,72,69,69,69,69,69,69,69,71,71,70,70,64,64,61,61,59,72,67,67,67,67,67,46,46,46,53,53,46,34,0,0],"gold":420,"neow_bonus":"RANDOM_EVENT","is_daily":false,"chose_seed":false,"campfire_upgraded":4,"win_rate":0.0,"timestamp":1611743322,"path_taken":["M","?","M","?","?","R","PTL","PTL","R","?","T","M","?","M","R","M","R","BOSS","M","?","$","?","?","E","?","?","T","?","?","?","E"],"items_purchased_type":["Relic","Relic"],"build_version":"2020-12-22","purchased_purges":0,"victory":false,"max_hp_per_floor":[72,72,72,72,72,72,72,72,72,72,72,72,72,72,72,72,72,72,72,72,72,72,72,72,72,72,72,79,79,79,79,79,79],"card_choices":[{"not_picked":["ThirdEye","FlurryOfBlows"],"picked":"Consecrate","floor":1.0},{"not_picked":["Protect","WaveOfTheHand"],"picked":"TalkToTheHand","floor":3.0},{"not_picked":["Replay:AtTheReady","SignatureMove"],"picked":"Replay:DivineShield","floor":10},{"not_picked":["FollowUp","Perseverance"],"picked":"FlyingSleeves","floor":12},{"not_picked":["Swivel","MentalFortress"],"picked":"InnerPeace","floor":14},{"not_picked":["Conclude","Replay:BluntJabs"],"picked":"ReachHeaven","floor":16},{"not_picked":["Vault","Replay:AllIn"],"picked":"Devotion","floor":18},{"not_picked":["Conclude","SashWhip"],"picked":"Evaluate","floor":20},{"not_picked":["Conclude","MasterReality"],"picked":"FlyingSleeves+1","floor":25},{"not_picked":["CutThroughFate","MentalFortress"],"picked":"Replay:Hum+1","floor":31}],"player_experience":108779,"relics_obtained":[{"floor":4.0,"key":"Snack Pack"},{"floor":11,"key":"TeardropLocket"},{"floor":23,"key":"ReplayTheSpireMod:Ring of Challenge"},{"floor":23,"key":"Ring of Greed"},{"floor":23,"key":"Replay:Wax Seal"},{"floor":23,"key":"MawBank"},{"floor":25,"key":"Juzu Bracelet"},{"floor":28,"key":"Strawberry"},{"floor":31,"key":"Thread and Needle"},{"floor":31,"key":"Onion Ring"}],"event_choices":[{"damage_healed":0.0,"max_hp_gain":0.0,"max_hp_loss":0.0,"gold_gain":0.0,"event_name":"Living Wall","player_choice":"Grow","floor":0.0,"gold_loss":0.0,"damage_taken":0.0,"cards_upgraded":["Eruption"]},{"cards_removed":["Defend_P"],"damage_healed":0.0,"max_hp_gain":0.0,"max_hp_loss":0.0,"gold_gain":0.0,"event_name":"The Cleric","player_choice":"Card Removal","floor":5.0,"gold_loss":50.0,"damage_taken":0.0},{"damage_healed":0,"gold_gain":0,"player_choice":"Simplicity","damage_taken":0,"max_hp_gain":0,"max_hp_loss":0,"event_name":"Back to Basics","floor":21,"gold_loss":0,"cards_upgraded":["Strike_P","Strike_P","Strike_P","Defend_P","Defend_P","Defend_P"]},{"damage_healed":0,"gold_gain":0,"player_choice":"Inject Mutagens","damage_taken":0,"relics_obtained":["MutagenicStrength"],"max_hp_gain":0,"max_hp_loss":0,"event_name":"Drug Dealer","floor":24,"gold_loss":0},{"damage_healed":0,"gold_gain":0,"player_choice":"Ignored","damage_taken":0,"max_hp_gain":0,"max_hp_loss":0,"event_name":"Ghosts","floor":27,"gold_loss":0},{"damage_healed":0,"gold_gain":0,"player_choice":"Copied","damage_taken":0,"max_hp_gain":0,"max_hp_loss":0,"event_name":"Duplicator","floor":29,"gold_loss":0,"cards_obtained":["Devotion"]},{"damage_healed":0,"gold_gain":75,"player_choice":"Touch","damage_taken":7,"max_hp_gain":0,"max_hp_loss":0,"event_name":"FaceTrader","floor":30,"gold_loss":0},{"damage_healed":0,"gold_gain":0,"player_choice":"Fight","damage_taken":0,"max_hp_gain":0,"max_hp_loss":0,"event_name":"Colosseum","floor":31,"gold_loss":0},{"damage_healed":0,"gold_gain":0,"player_choice":"Fought Nobs","damage_taken":0,"max_hp_gain":0,"max_hp_loss":0,"event_name":"Colosseum","floor":31,"gold_loss":0}],"is_beta":false,"boss_relics":[{"not_picked":["Calling Bell","hubris:Stopwatch"],"picked":"SlaversCollar"}],"items_purged_floors":[],"is_endless":false,"potions_floor_spawned":[12,18,20,31,31],"killed_by":"Slavers","ascension_level":1}}