{"host":"ezkqjaqywejtjag1","time":1611786273,"event":{"mods":["BaseMod","BetterRewards","Colored Map","Infinite Spire","Minty Spire (QoL Compilation)","Replay The Spire","StSLib"],"gold_per_floor":[116,132,146,158,176,176,176,176,203,183,198,217,217,243,243,338,338,356,382,392,402,402,402],"floor_reached":22,"language":"ENG","playtime":1198,"items_purged":[],"score":200,"play_id":"86527e66-848e-4942-87e5-b418aadfbd6b","local_time":"20210127172433","is_ascension_mode":true,"campfire_choices":[{"data":"Limit Break","floor":6,"key":"SMITH"},{"data":"Demon Form","floor":8,"key":"SMITH"},{"floor":15,"key":"REST"}],"circlet_count":0,"master_deck":["Strike_R","Strike_R","Strike_R","Strike_R","Strike_R","Defend_R","Defend_R","Defend_R","Defend_R","Bash","Strike_R","Defend_R","Strike_P","Vigilance","Survivor","Demon Form+1","Twin Strike","Sword Boomerang","Cleave","Iron Wave","Limit Break+1","Twin Strike","Power Through","Ghostly Armor","Thunderclap"],"relics":["Burning Blood","Lantern","Potion Belt","Velvet Choker","Bronze Scales"],"acts_visited":["Exordium","TheCity"],"potions_floor_usage":[11,16,16,16,21,21],"damage_taken":[{"damage":11,"enemies":"Jaw Worm","floor":1,"turns":4},{"damage":14,"enemies":"2 Louse","floor":2,"turns":3},{"damage":6,"enemies":"Cultist","floor":3,"turns":3},{"damage":0,"enemies":"Exordium Wildlife","floor":4,"turns":3},{"damage":10,"enemies":"Looter","floor":5,"turns":3},{"damage":20,"enemies":"Gremlin Gang","floor":11,"turns":6},{"damage":2,"enemies":"Exordium Wildlife","floor":12,"turns":2},{"damage":43,"enemies":"Lagavulin","floor":14,"turns":7},{"damage":34,"enemies":"Slime Boss","floor":16,"turns":7},{"damage":19,"enemies":"Shell Parasite","floor":18,"turns":4},{"damage":23,"enemies":"Spheric Guardian","floor":20,"turns":5},{"damage":32,"enemies":"3 Cultists","floor":21,"turns":5},{"damage":29,"enemies":"Snake Plant","floor":22,"turns":4}],"seed_played":"-6514247607403106570","potions_obtained":[{"floor":1,"key":"Elixir"},{"floor":2,"key":"Strength Potion"},{"floor":10,"key":"LifebloodPotion"},{"floor":12,"key":"BlessingOfTheForge"},{"floor":14,"key":"Weak Potion"},{"floor":16,"key":"AttackPotion"},{"floor":20,"key":"AttackPotion"},{"floor":21,"key":"Strength Potion"}],"is_trial":false,"path_per_floor":["M","M","M","M","M","R","?","R","T","?","M","M","$","E","R","B",null,"M","T","M","M","M"],"character_chosen":"IRONCLAD","items_purchased":[],"campfire_rested":1,"item_purchase_floors":[],"current_hp_per_floor":[75,67,67,73,69,69,74,74,74,74,60,64,64,27,52,24,85,72,72,55,29,0,0],"gold":402,"neow_bonus":"THREE_RARE_CARDS","is_daily":false,"chose_seed":false,"campfire_upgraded":2,"win_rate":0.0,"timestamp":1611786273,"path_taken":["M","M","M","M","M","R","?","R","T","?","M","M","$","E","R","BOSS","M","?","M","M","M"],"items_purchased_type":[],"build_version":"2020-12-22","purchased_purges":0,"victory":false,"max_hp_per_floor":[80,80,80,80,80,80,85,85,85,85,85,85,85,85,85,85,85,85,85,85,85,85,85],"card_choices":[{"not_picked":["Fiend Fire","Impervious"],"picked":"Demon Form","floor":0},{"not_picked":["Rupture","Flex"],"picked":"Twin Strike","floor":1},{"not_picked":["Headbutt","Warcry"],"picked":"Sword Boomerang","floor":2},{"not_picked":["ReplayTheSpireMod:Muscle Training","Sword Boomerang"],"picked":"Cleave","floor":3},{"not_picked":["Shrug It Off","Havoc"],"picked":"Iron Wave","floor":4},{"not_picked":["Evolve","Armaments"],"picked":"Limit Break","floor":5},{"not_picked":["Warcry","Replay:Undeath\u0027s Touch"],"picked":"Twin Strike","floor":11},{"not_picked":["Wild Strike","ReplayTheSpireMod:Limb From Limb","Armaments"],"picked":"SKIP","floor":12},{"not_picked":["Second Wind","Double Tap"],"picked":"Power Through","floor":14},{"not_picked":["Dropkick","Iron Wave","ReplayTheSpireMod:Corrosion Curse+1"],"picked":"SKIP","floor":18},{"not_picked":["Wild Strike","Replay:Undeath\u0027s Touch"],"picked":"Ghostly Armor","floor":20},{"not_picked":["Run Through+1","Clash"],"picked":"Thunderclap","floor":21}],"player_experience":204707,"relics_obtained":[{"floor":9,"key":"Lantern"},{"floor":14,"key":"Potion Belt"},{"floor":19,"key":"Bronze Scales"}],"event_choices":[{"damage_healed":0,"gold_gain":0,"player_choice":"Donut","damage_taken":0,"max_hp_gain":5,"max_hp_loss":0,"event_name":"Big Fish","floor":7,"gold_loss":0},{"damage_healed":0,"gold_gain":0,"player_choice":"Bought 1 Potion","damage_taken":0,"max_hp_gain":0,"max_hp_loss":0,"event_name":"The Woman in Blue","floor":10,"gold_loss":0}],"is_beta":false,"boss_relics":[{"not_picked":["SlaversCollar","Coffee Dripper"],"picked":"Velvet Choker"}],"items_purged_floors":[],"is_endless":false,"potions_floor_spawned":[1,2,12,14,16,20,21],"killed_by":"Snake Plant","ascension_level":1}}