{"host":"ooe12lh8pgcirntb","time":1611721774,"event":{"mods":["AchievementEnabler","Act Like it!","BaseMod","Beaked The Cultist","ChefMod","Colored Map","Colored Powertips","Downfall","Minty Spire (QoL Compilation)","StSLib","The Animator","The Bug Knight","The Disciple","The Hierophant","The Problem Sleuth"],"gold_per_floor":[131,150,150,150,150,186,186,259,259,15,15,47,67,242,242,370,370,395,395,96,96,120,190,190,214,268,300,314,11,11,31,31,31,31],"floor_reached":33,"language":"ENG","playtime":3138,"items_purged":[],"score":245,"play_id":"6b1f2e2c-e5b5-448a-8004-6138c621c0b5","local_time":"20210126232934","is_ascension_mode":false,"campfire_choices":[{"data":"animator:DwarfShaman","floor":7,"key":"SMITH"},{"floor":15,"key":"REST"},{"data":"animator:Biyorigo","floor":24,"key":"SMITH"},{"floor":32,"key":"REST"}],"circlet_count":0,"master_deck":["animator:Strike_GoblinSlayer","animator:Defend_GoblinSlayer","animator:Strike","animator:Strike","animator:Strike","animator:Defend","animator:Defend","animator:Defend","animator:LizardPriest","animator:DwarfShaman+1","animator:Emonzaemon","animator:CrowleyEusford","animator:Kira","animator:CowGirl","animator:ElricEdward","animator:Spearman","animator:Biyorigo+1","animator:MetalKnight","animator:Priestess","animator:ZankiKiguchi","animator:GazelDwargon+1"],"relics":["animator:LivingPicture","animator:TheMissingPiece","Tiny Chest","Potion Belt","Bloody Idol","Art of War","Gremlin Horn","Thread and Needle","Black Star","animator:ShionDessert","animator:WornHelmet","Frozen Egg 2","Nunchaku","Vajra","Guardian:BottledAnomaly"],"acts_visited":["Exordium","TheCity"],"potions_floor_usage":[27,27,33,33,33],"damage_taken":[{"damage":6,"enemies":"2 Louse","floor":1,"turns":3},{"damage":7,"enemies":"Small Slimes","floor":2,"turns":4},{"damage":19,"enemies":"Lagavulin","floor":6,"turns":7},{"damage":5,"enemies":"Jaw Worm","floor":12,"turns":3},{"damage":2,"enemies":"3 Louse","floor":13,"turns":3},{"damage":35,"enemies":"The Guardian","floor":16,"turns":6},{"damage":0,"enemies":"Spheric Guardian","floor":18,"turns":1},{"damage":14,"enemies":"Shell Parasite","floor":22,"turns":5},{"damage":24,"enemies":"Shelled Parasite and Fungi","floor":25,"turns":4},{"damage":5,"enemies":"Snake Plant","floor":27,"turns":3},{"damage":7,"enemies":"Centurion and Healer","floor":28,"turns":7},{"damage":9,"enemies":"Snecko","floor":31,"turns":5},{"damage":34,"enemies":"Collector","floor":33,"turns":6}],"seed_played":"-4359465824252445521","potions_obtained":[{"floor":1,"key":"Energy Potion"},{"floor":12,"key":"Strength Potion"},{"floor":16,"key":"FearPotion"},{"floor":18,"key":"AttackPotion"},{"floor":22,"key":"SmokeBomb"},{"floor":27,"key":"EssenceOfSteel"}],"is_trial":false,"path_per_floor":["M","M","?","$","?","E","R","?","T","$","T","M","M","?","R","B",null,"M","?","$","?","M","T","R","M","T","M","M","$","?","M","R","B"],"character_chosen":"THE_ANIMATOR","items_purchased":["animator:Kira","animator:CowGirl","animator:ElricEdward","animator:ShionDessert","animator:WornHelmet","Vajra","Guardian:BottledAnomaly"],"campfire_rested":2,"item_purchase_floors":[10,10,10,20,20,29,29],"current_hp_per_floor":[60,53,50,50,50,31,31,31,31,31,31,26,24,24,43,9,67,67,67,67,67,53,53,53,30,30,25,18,18,18,14,34,0,0],"gold":31,"neow_bonus":"RANDOM_COMMON_RELIC","is_daily":false,"chose_seed":false,"campfire_upgraded":2,"win_rate":0.0,"timestamp":1611721774,"path_taken":["M","M","?","$","?","E","R","?","T","$","?","M","M","?","R","BOSS","M","?","$","?","M","?","R","M","T","M","M","$","?","M","R","BOSS"],"items_purchased_type":["Card","Card","Card","Relic","Relic","Relic","Relic"],"build_version":"2020-12-22","purchased_purges":0,"victory":false,"max_hp_per_floor":[66,66,66,66,66,66,66,66,66,66,66,66,66,66,66,67,67,67,67,67,67,67,67,67,68,68,68,68,68,68,68,68,68,68],"card_choices":[{"not_picked":["animator:RoyMustang","animator:Yoichi"],"picked":"animator:Emonzaemon","floor":1},{"not_picked":["animator:Shuna","animator:Emonzaemon","animator:MaesHughes"],"picked":"SKIP","floor":2},{"not_picked":["animator:Guren","animator:Shigure"],"picked":"animator:CrowleyEusford","floor":6},{"not_picked":["animator:Priestess","animator:SwordMaiden"],"picked":"animator:Spearman","floor":12},{"not_picked":["animator:Hakurou","animator:Vesta","animator:Shuna"],"picked":"SKIP","floor":13},{"not_picked":["animator:Envy","animator:Wiz"],"picked":"animator:Biyorigo","floor":16},{"not_picked":["animator:LizardPriest+1","animator:Gluttony+1"],"picked":"animator:MetalKnight","floor":18},{"not_picked":["animator:MaesHughes","animator:Yoichi","animator:UneriGinkaku+1"],"picked":"SKIP","floor":22},{"not_picked":["animator:DwarfShaman","animator:Spearman"],"picked":"animator:Priestess","floor":25},{"not_picked":["animator:MetalKnight","animator:DwarfShaman"],"picked":"animator:ZankiKiguchi","floor":27},{"not_picked":["animator:Togame","animator:Konayuki+1","animator:HiiragiShinya+1"],"picked":"SKIP","floor":28},{"not_picked":["animator:Mitsuba+1","animator:Kazuma+1"],"picked":"animator:GazelDwargon+1","floor":31}],"player_experience":760950,"relics_obtained":[{"floor":6,"key":"Art of War"},{"floor":9,"key":"Gremlin Horn"},{"floor":11,"key":"Thread and Needle"},{"floor":23,"key":"Frozen Egg 2"},{"floor":26,"key":"Nunchaku"}],"event_choices":[{"damage_healed":0,"gold_gain":0,"player_choice":"Success","damage_taken":3,"relics_obtained":["Potion Belt"],"max_hp_gain":0,"max_hp_loss":0,"event_name":"Scrap Ooze","floor":3,"gold_loss":0},{"damage_healed":0,"gold_gain":0,"player_choice":"Take Wound","damage_taken":0,"relics_obtained":["Golden Idol"],"max_hp_gain":0,"max_hp_loss":0,"event_name":"Golden Idol","floor":5,"gold_loss":0,"cards_obtained":["Injury"]},{"damage_healed":0,"gold_gain":73,"player_choice":"Gained Gold","damage_taken":0,"max_hp_gain":0,"max_hp_loss":0,"event_name":"Golden Wing","floor":8,"gold_loss":0},{"damage_healed":0,"gold_gain":175,"player_choice":"AGREE","damage_taken":0,"max_hp_gain":0,"max_hp_loss":0,"event_name":"Liars Game","floor":14,"gold_loss":0,"cards_obtained":["Doubt"]},{"cards_removed":["Doubt"],"damage_healed":0,"gold_gain":0,"player_choice":"Removed","damage_taken":0,"max_hp_gain":0,"max_hp_loss":0,"event_name":"The Cursed Forest","floor":19,"gold_loss":0},{"cards_removed":["Injury"],"damage_healed":0,"gold_gain":0,"player_choice":"Removed","damage_taken":0,"max_hp_gain":0,"max_hp_loss":0,"event_name":"The Cursed Forest","floor":19,"gold_loss":0},{"damage_healed":0,"gold_gain":0,"player_choice":"Bought 0 Potions","damage_taken":0,"max_hp_gain":0,"max_hp_loss":0,"event_name":"The Woman in Blue","floor":21,"gold_loss":0},{"damage_healed":0,"gold_gain":0,"player_choice":"Gave Idol","damage_taken":0,"relics_obtained":["Bloody Idol"],"max_hp_gain":0,"max_hp_loss":0,"event_name":"Forgotten Altar","floor":30,"relics_lost":["Golden Idol"],"gold_loss":0}],"is_beta":false,"boss_relics":[{"not_picked":["beaked:MawFillet","Ectoplasm"],"picked":"Black Star"}],"items_purged_floors":[],"is_endless":false,"potions_floor_spawned":[1,12,16,18,22,27],"killed_by":"Collector","ascension_level":0}}