{"host":"x205naxbihvu3p76","time":1611737103,"event":{"mods":["AchievementEnabler","BaseMod","Minty Spire (QoL Compilation)","StSLib","SuperFastMode"],"gold_per_floor":[116,129,54,68,80,110,110,110,110,110,124,135,151,151,151],"floor_reached":14,"language":"KOR","playtime":201,"items_purged":["Regret"],"score":188,"play_id":"cac010e0-64dc-4e2c-81b9-8107829a180c","local_time":"20210127174503","is_ascension_mode":true,"campfire_choices":[{"floor":8,"key":"REST"},{"data":"Go for the Eyes","floor":10,"key":"SMITH"}],"circlet_count":0,"master_deck":["AscendersBane","Strike_B","Strike_B","Strike_B","Defend_B","Defend_B","Defend_B","Defend_B","Zap","Dualcast","Electrodynamics","Go for the Eyes+1","Auto Shields","FTL"],"relics":["Cracked Core","Smiling Mask","Singing Bowl"],"acts_visited":["Exordium"],"potions_floor_usage":[14,14],"damage_taken":[{"damage":9,"enemies":"Jaw Worm","floor":1,"turns":3},{"damage":0,"enemies":"2 Louse","floor":2,"turns":1},{"damage":12,"enemies":"Small Slimes","floor":4,"turns":2},{"damage":12,"enemies":"Blue Slaver","floor":5,"turns":4},{"damage":10,"enemies":"3 Sentries","floor":6,"turns":4},{"damage":0,"enemies":"3 Louse","floor":11,"turns":2},{"damage":15,"enemies":"Exordium Thugs","floor":12,"turns":3},{"damage":4,"enemies":"2 Fungi Beasts","floor":13,"turns":2},{"damage":44,"enemies":"Gremlin Nob","floor":14,"turns":3}],"seed_played":"7418896486825292167","potions_obtained":[{"floor":1,"key":"AttackPotion"},{"floor":5,"key":"SkillPotion"}],"is_trial":false,"path_per_floor":["M","M","$","M","M","E","?","R","T","R","M","M","M","E"],"character_chosen":"DEFECT","items_purchased":[],"campfire_rested":1,"item_purchase_floors":[],"current_hp_per_floor":[55,55,55,43,31,21,14,35,35,35,37,24,22,0,0],"gold":151,"neow_bonus":"THREE_RARE_CARDS","is_daily":false,"chose_seed":false,"campfire_upgraded":1,"win_rate":0.0,"timestamp":1611737103,"path_taken":["M","M","$","M","M","E","?","R","T","R","M","M","M","E"],"items_purchased_type":[],"build_version":"2020-12-22","purchased_purges":1,"victory":false,"max_hp_per_floor":[71,71,71,71,71,71,71,71,71,71,73,75,77,77,77],"card_choices":[{"not_picked":["Echo Form","Thunder Strike"],"picked":"Electrodynamics","floor":0},{"not_picked":["Streamline","Stack","Recycle"],"picked":"SKIP","floor":1},{"not_picked":["Beam Cell","Coolheaded","Redo"],"picked":"SKIP","floor":2},{"not_picked":["Tempest","Go for the Eyes","Streamline"],"picked":"SKIP","floor":4},{"not_picked":["Tempest","Streamline"],"picked":"Go for the Eyes","floor":4},{"not_picked":["Sweeping Beam","Go for the Eyes"],"picked":"Auto Shields","floor":5},{"not_picked":["Reprogram","Lockon"],"picked":"FTL","floor":6},{"not_picked":["Double Energy","Steam","Fusion"],"picked":"Singing Bowl","floor":11},{"not_picked":["Beam Cell","Consume","Sweeping Beam"],"picked":"Singing Bowl","floor":12},{"not_picked":["Cold Snap","Hologram","Gash"],"picked":"Singing Bowl","floor":13}],"player_experience":1005108,"relics_obtained":[{"floor":6,"key":"Smiling Mask"},{"floor":9,"key":"Singing Bowl"}],"event_choices":[{"cards_removed":["Strike_B"],"damage_healed":0,"gold_gain":0,"player_choice":"Card Removal","damage_taken":7,"max_hp_gain":0,"max_hp_loss":0,"event_name":"Golden Wing","floor":7,"gold_loss":0}],"is_beta":false,"boss_relics":[],"items_purged_floors":[3],"is_endless":false,"potions_floor_spawned":[1,5,6],"killed_by":"Gremlin Nob","ascension_level":20}}