{"host":"wghdsg8ym2wc7ov9","time":1611741786,"event":{"mods":["AchievementEnabler","Astrologer","BaseMod","Beaked The Cultist","Better Altar","Better Note","ChefMod","Colored Map","Evolution","Fox Events","Hermit","Highlight Path","Jorbs\u0027s Wanderer Trilogy","KinomotoSakuraMod(????)","Minty Spire (QoL Compilation)","Random Character Button","Relic Stats","SIMod","Shop Mod","StSLib","The Blackbeard","The Bladedancer","The Construct","The Cursed","The Death Knight","The Gatherer","The Hierophant","The Marked","The Mystic","The Necromancer","The Runesmith","The Senshi","The Servant 0.9.4"],"gold_per_floor":[10,29,41,41,41,41,85,85,85,126,149,163,163,163,163,289,289,302,327,347,361,379,420,420,461,461,502,502,526,539,564,564,684,684,707,728,728,178,194,194,227,227,227,262,276,319,33,51,51,51,51,51,21,21,21],"floor_reached":54,"language":"ENG","playtime":11349,"items_purged":["Injury"],"score":1071,"play_id":"9881b23b-f981-4016-a24f-f69ec7822edd","local_time":"20210127020306","is_ascension_mode":true,"campfire_choices":[{"data":"Solidify","floor":6,"key":"SMITH"},{"floor":8,"key":"REST"},{"data":"Defy","floor":13,"key":"SMITH"},{"floor":15,"key":"REST"},{"data":"SilverBlades","floor":28,"key":"SMITH"},{"floor":32,"key":"REST"},{"floor":40,"key":"RECALL"},{"data":"Embodiment","floor":42,"key":"SMITH"},{"floor":49,"key":"REST"},{"data":"KidneyShot","floor":52,"key":"SMITH"}],"circlet_count":0,"master_deck":["Ricochet","Ricochet+1","Defend_S","Defend_S","Defend_S","Defend_S","KidneyShot+1","Exchange","Defy+1","Defy+1","DoubleEdge","Rearm","Solidify+1","Contraction+1","GearUp+1","Potential+1","FanOfKnives+1","PendulumOfEternity+1","Potential+1","Dilation+1","Foresight+1","Rewind+1","SilverBlades+1","TrueSight","Defy+1","GearUp+1","Unruled+1","SpecialFormula+1","SilverBlades+1","FlawlessForm+1","CurseOfTheBell","FastForward+1","Snipe+1","KillingDoll+1","Defy+1","Jack Of All Trades+1","TimeWarp+1","Embodiment+1","DualDimension+1","Hightail+1","ShatteredReality+1","Blind+1","Misdirection+1","TimeTheft+1","Alleviate+1"],"relics":["Uniform","EVO:Axolotl","Toxic Egg 2","Bronze Scales","Molten Egg 2","StoneMask","Question Card","construct:BoolHorns","Ice Cream","Ornamental Fan","Meat on the Bone","MerchantsRug","Runesmith:Nanobots","Ancient Tea Set","Mercury Hourglass"],"acts_visited":["Exordium","TheCity","TheBeyond","TheEnding"],"potions_floor_usage":[10,10,21,22,23,24,25,29,33,36,44,44,50],"damage_taken":[{"damage":1,"enemies":"Cultist","floor":1,"turns":4},{"damage":0,"enemies":"Small Slimes","floor":2,"turns":2},{"damage":0,"enemies":"2 Louse","floor":3,"turns":2},{"damage":14,"enemies":"Lagavulin","floor":7,"turns":6},{"damage":0,"enemies":"Gremlin Nob","floor":10,"turns":5},{"damage":15,"enemies":"Looter","floor":11,"turns":3},{"damage":0,"enemies":"Red Slaver","floor":12,"turns":2},{"damage":0,"enemies":"Slime Boss","floor":16,"turns":10},{"damage":0,"enemies":"Shell Parasite","floor":18,"turns":7},{"damage":11,"enemies":"2 Thieves","floor":19,"turns":4},{"damage":0,"enemies":"Snecko","floor":20,"turns":6},{"damage":5,"enemies":"Centurion and Healer","floor":21,"turns":6},{"damage":0,"enemies":"Snake Plant","floor":22,"turns":2},{"damage":8,"enemies":"Book of Stabbing","floor":23,"turns":6},{"damage":0,"enemies":"Gremlin Leader","floor":25,"turns":5},{"damage":26,"enemies":"Slavers","floor":27,"turns":5},{"damage":8,"enemies":"3 Cultists","floor":29,"turns":4},{"damage":10,"enemies":"Centurion and Healer","floor":30,"turns":5},{"damage":2,"enemies":"Shelled Parasite and Fungi","floor":31,"turns":3},{"damage":3,"enemies":"Collector","floor":33,"turns":11},{"damage":38,"enemies":"3 Darklings","floor":35,"turns":6},{"damage":5,"enemies":"Orb Walker","floor":36,"turns":7},{"damage":1,"enemies":"Writhing Mass","floor":39,"turns":6},{"damage":0,"enemies":"Nemesis","floor":41,"turns":9},{"damage":58,"enemies":"beaked:SuperParasite","floor":44,"turns":11},{"damage":0,"enemies":"Maw","floor":45,"turns":11},{"damage":39,"enemies":"Nemesis","floor":46,"turns":9},{"damage":40,"enemies":"Transient","floor":48,"turns":5},{"damage":89,"enemies":"Awakened One","floor":50,"turns":24},{"damage":137,"enemies":"Shield and Spear","floor":54,"turns":11}],"seed_played":"-4475825915080674767","potions_obtained":[{"floor":2,"key":"Ancient Potion"},{"floor":7,"key":"DistilledChaos"},{"floor":12,"key":"LiquidBronze"},{"floor":18,"key":"DistilledChaos"},{"floor":20,"key":"SkillPotion"},{"floor":21,"key":"SteroidPotion"},{"floor":22,"key":"LiquidBronze"},{"floor":24,"key":"Fruit Juice"},{"floor":24,"key":"DistilledChaos"},{"floor":24,"key":"EssenceOfSteel"},{"floor":27,"key":"ColorlessPotion"},{"floor":30,"key":"BlessingOfTheForge"},{"floor":35,"key":"Block Potion"},{"floor":41,"key":"Dexterity Potion"},{"floor":44,"key":"FearPotion"},{"floor":46,"key":"construct:ShiftPotion"}],"is_trial":false,"path_per_floor":["M","M","M","?","?","R","E","R","T","E","M","M","R","?","R","B",null,"M","M","M","M","M","E","?","E","T","E","R","M","M","M","R","B",null,"M","M","?","$","M","R","E","R","T","E","M","E","$","M","R","B",null,"R","$","E"],"character_chosen":"THE_SERVANT","items_purchased":["KillingDoll+1","Meat on the Bone","MerchantsRug","Defy+1","Jack Of All Trades+1","Mercury Hourglass","Blind+1","TimeTheft+1","Alleviate+1"],"campfire_rested":4,"item_purchase_floors":[38,38,38,38,38,47,47,53,53],"current_hp_per_floor":[64,64,64,64,52,52,38,57,57,57,42,42,42,29,48,48,65,66,61,64,65,68,63,68,71,71,54,54,55,51,55,81,89,104,69,67,67,67,77,77,80,80,80,55,66,42,57,40,76,19,126,126,126,0,0],"gold":21,"neow_bonus":"TRANSFORM_TWO_CARDS","is_daily":false,"chose_seed":false,"campfire_upgraded":5,"win_rate":0.0,"timestamp":1611741786,"path_taken":["M","M","M","?","?","R","E","R","T","E","M","M","R","?","R","BOSS","M","M","M","M","M","E","?","E","T","E","R","M","?","M","R","BOSS","M","M","?","$","?","R","E","R","T","E","?","E","$","M","R","BOSS","R","$","E"],"items_purchased_type":["Card","Relic","Relic","Card","Card","Relic","Card","Card","Card"],"build_version":"2020-12-22","purchased_purges":1,"victory":false,"max_hp_per_floor":[65,65,65,65,65,65,65,65,65,65,65,65,65,65,65,65,65,66,68,69,71,72,73,78,79,79,82,82,85,87,89,89,90,104,105,106,106,106,107,107,108,108,108,119,120,121,121,122,122,126,126,126,126,126,126],"relic_stats":{"counters":[30,197],"Ornamental Fan":[48],"Bronze Scales":[689],"Question Card":15,"obtain_stats":[{"construct:BoolHorns":26,"Ice Cream":27,"MerchantsRug":38,"Runesmith:Nanobots":41,"Pear":44,"Singing Bowl":25,"Golden Idol":4,"StoneMask":17,"Mango":34,"Uniform":0,"EVO:Axolotl":0,"Question Card":23,"Smiling Mask":34,"Ancient Tea Set":46,"Mercury Hourglass":47,"Calling Bell":34,"Ornamental Fan":34,"Bronze Scales":7,"Molten Egg 2":10,"MealTicket":43,"Toxic Egg 2":5,"Meat on the Bone":38},{"construct:BoolHorns":15,"Ice Cream":16,"MerchantsRug":22,"Runesmith:Nanobots":24,"Pear":25,"Singing Bowl":15,"Golden Idol":3,"StoneMask":8,"Mango":20,"Uniform":0,"EVO:Axolotl":0,"Question Card":14,"Smiling Mask":20,"Ancient Tea Set":27,"Mercury Hourglass":27,"Calling Bell":20,"Ornamental Fan":20,"Bronze Scales":4,"Molten Egg 2":5,"MealTicket":24,"Toxic Egg 2":3,"Meat on the Bone":22},{"construct:BoolHorns":70,"Ice Cream":75,"MerchantsRug":111,"Runesmith:Nanobots":126,"Pear":137,"Singing Bowl":70,"Golden Idol":8,"StoneMask":34,"Mango":98,"Uniform":0,"EVO:Axolotl":0,"Question Card":65,"Smiling Mask":98,"Ancient Tea Set":157,"Mercury Hourglass":157,"Calling Bell":98,"Ornamental Fan":98,"Bronze Scales":14,"Molten Egg 2":19,"MealTicket":126,"Toxic Egg 2":8,"Meat on the Bone":111}],"Meat on the Bone":48,"Mercury Hourglass":[159]},"card_choices":[{"not_picked":["Unruled","Gouge"],"picked":"DoubleEdge","floor":1},{"not_picked":["Unruled","FastForward"],"picked":"Rearm","floor":2},{"not_picked":["Collapse","Sabotage"],"picked":"Solidify","floor":3},{"not_picked":["GearUp+1","InstantArmor+1"],"picked":"Contraction+1","floor":7},{"not_picked":["Deadline+1","Defy+1"],"picked":"GearUp+1","floor":10},{"not_picked":["Revamp+1","Rearm+1"],"picked":"Potential+1","floor":11},{"not_picked":["Spin+1","Manipulate+1"],"picked":"FanOfKnives+1","floor":12},{"not_picked":["Deny+1","KillingDoll+1"],"picked":"PendulumOfEternity+1","floor":16},{"not_picked":["Starlight+1","DoubleEdge+1"],"picked":"Potential+1","floor":18},{"not_picked":["Manipulate+1","Potential+1"],"picked":"Dilation+1","floor":19},{"not_picked":["Rearm+1","Potential+1"],"picked":"Foresight+1","floor":20},{"not_picked":["Alleviate+1","Spin+1"],"picked":"Rewind+1","floor":21},{"not_picked":["Hightail+1","Manipulate+1"],"picked":"SilverBlades","floor":22},{"not_picked":["ShatteredReality+1","Revamp+1"],"picked":"TrueSight","floor":23},{"not_picked":["Starlight+1","DoubleEdge+1","BottledTime+1"],"picked":"Defy+1","floor":25},{"not_picked":["Foresight","SurpressingFire","Rewind+1"],"picked":"GearUp+1","floor":27},{"not_picked":["FanOfKnives+1","BottledTime+1","DoubleEdge+1"],"picked":"Unruled+1","floor":29},{"not_picked":["Snipe+1","Alleviate+1","DoubleEdge+1"],"picked":"SpecialFormula+1","floor":30},{"not_picked":["Ricochet+1","ShatteredReality+1","TimeWarp+1"],"picked":"SilverBlades+1","floor":31},{"not_picked":["Embodiment","Duplication+1","Dilation+1"],"picked":"FlawlessForm","floor":33},{"not_picked":["Desolation+1","Moonlight+1","BottledTime+1"],"picked":"FastForward+1","floor":35},{"not_picked":["Advance+1","FastForward+1","Replace+1"],"picked":"Snipe+1","floor":36},{"not_picked":["Unruled+1","DoubleEdge+1","Moondial+1"],"picked":"TimeWarp+1","floor":39},{"not_picked":["Spin+1","Snipe+1","Advance+1"],"picked":"Embodiment","floor":41},{"not_picked":["Ricochet+1","FastForward+1","Solidify+1"],"picked":"DualDimension+1","floor":44},{"not_picked":["TimeWarp+1","ShatteredReality+1","Replace+1"],"picked":"Hightail+1","floor":45},{"not_picked":["DoubleEdge+1","Defy+1","MoonPhase"],"picked":"ShatteredReality+1","floor":46},{"not_picked":["Defy+1","Spin+1","BestPractice+1"],"picked":"Misdirection+1","floor":48}],"player_experience":789690,"relics_obtained":[{"floor":7,"key":"Bronze Scales"},{"floor":10,"key":"Molten Egg 2"},{"floor":23,"key":"Question Card"},{"floor":25,"key":"Singing Bowl"},{"floor":26,"key":"construct:BoolHorns"},{"floor":27,"key":"Ice Cream"},{"floor":34,"key":"Smiling Mask"},{"floor":34,"key":"Ornamental Fan"},{"floor":34,"key":"Mango"},{"floor":41,"key":"Runesmith:Nanobots"},{"floor":43,"key":"MealTicket"},{"floor":44,"key":"Pear"},{"floor":46,"key":"Ancient Tea Set"}],"event_choices":[{"damage_healed":0,"gold_gain":0,"player_choice":"Take Wound","damage_taken":0,"relics_obtained":["Golden Idol"],"max_hp_gain":0,"max_hp_loss":0,"event_name":"Golden Idol","floor":4,"gold_loss":0,"cards_obtained":["Injury"]},{"damage_healed":0,"gold_gain":0,"player_choice":"Success","damage_taken":12,"relics_obtained":["Toxic Egg 2"],"max_hp_gain":0,"max_hp_loss":0,"event_name":"Scrap Ooze","floor":5,"gold_loss":0},{"damage_healed":0,"gold_gain":0,"player_choice":"Entered Light","damage_taken":13,"max_hp_gain":0,"max_hp_loss":0,"event_name":"Shining Light","floor":14,"gold_loss":0,"cards_upgraded":["Defy","Ricochet"]},{"damage_healed":0,"gold_gain":0,"player_choice":"Got Potions","damage_taken":0,"max_hp_gain":0,"max_hp_loss":0,"event_name":"Lab","floor":24,"gold_loss":0},{"damage_healed":0,"gold_gain":0,"player_choice":"Upgraded","damage_taken":0,"max_hp_gain":0,"max_hp_loss":0,"event_name":"Upgrade Shrine","floor":37,"gold_loss":0,"cards_upgraded":["FlawlessForm"]}],"is_beta":false,"boss_relics":[{"not_picked":["Coffee Dripper","SacredBark"],"picked":"StoneMask"},{"not_picked":["Velvet Choker","Tiny House"],"picked":"Calling Bell"}],"items_purged_floors":[38],"is_endless":false,"potions_floor_spawned":[2,7,12,18,20,21,22,27,30,35,41,44,46],"killed_by":"Shield and Spear","ascension_level":1}}