{"host":"gzk4gkgy3zij1c51","time":1611768556,"event":{"mods":["BaseMod","Colored Map","Downfall","Highlight Path","Marked Mod","Minty Spire (QoL Compilation)","Relic Stats","StSLib","everything is the same but u backflip on backflip"],"gold_per_floor":[99,99,99,99,99,134,134,166,266,282,311,21,21,41,58,58,58,58],"floor_reached":16,"language":"ENG","playtime":941,"items_purged":[],"score":145,"play_id":"e7d25f08-f266-401c-aa0f-2e5c8cfe542a","local_time":"20210127172916","is_ascension_mode":true,"campfire_choices":[{"data":"hexamod:Float","floor":1.0,"key":"SMITH"}],"circlet_count":0,"master_deck":["hexamod:Strike","hexamod:Strike","hexamod:Defend","hexamod:Defend","hexamod:Defend","hexamod:Defend","hexamod:Sear","hexamod:Float+1","hexamod:FastForward","hexamod:HauntingEcho","hexamod:EmpoweredFlame","hexamod:InspiringFlames","hexamod:FifthSeal","hexamod:Incineration","hexamod:GhostflameBarrier+1","hexamod:ThirdSeal","hexamod:NightmareGuise+1","hexamod:SuperheatedStrike","hexamod:SearingWound+1","hexamod:UnlimitedPower+1","hexamod:ForkedFlame","hexamod:GhostOfSpireFuture","hexamod:FirstSeal","hexamod:RecurringNightmare+1"],"relics":["hexamod:SpiritBrand","downfall:HeartsMalice","Bottled Lightning","Vajra","Ancient Tea Set","Toxic Egg 2","Toolbox"],"acts_visited":["Exordium"],"potions_floor_usage":[14,15,16],"damage_taken":[{"damage":0.0,"enemies":"2 Louse","floor":2.0,"turns":1.0},{"damage":0.0,"enemies":"Cultist","floor":3.0,"turns":1.0},{"damage":0.0,"enemies":"Small Slimes","floor":5.0,"turns":1.0},{"damage":20.0,"enemies":"3 Sentries","floor":6.0,"turns":8.0},{"damage":10.0,"enemies":"Lagavulin","floor":8.0,"turns":4.0},{"damage":4.0,"enemies":"Red Slaver","floor":10.0,"turns":3.0},{"damage":28.0,"enemies":"3 Sentries","floor":11.0,"turns":7.0},{"damage":0.0,"enemies":"downfall:FleeingMerchant","floor":12.0,"turns":4.0},{"damage":0,"enemies":"2 Fungi Beasts","floor":14,"turns":4},{"damage":0,"enemies":"3 Louse","floor":15,"turns":2},{"damage":12,"enemies":"IC_STATUS_ARCHETYPE","floor":16,"turns":4}],"seed_played":"-9122077632999856240","potions_obtained":[{"floor":8.0,"key":"DistilledChaos"},{"floor":14,"key":"Energy Potion"},{"floor":15,"key":"FearPotion"}],"is_trial":false,"path_per_floor":["R","M","M","?","M","E","T","E","?","M","E","$","?","M","M","B"],"character_chosen":"THE_SPIRIT","items_purchased":["hexamod:SearingWound+1","Toolbox","Block Potion"],"campfire_rested":0,"item_purchase_floors":[12,12,12],"current_hp_per_floor":[70,70,70,70,70,50,50,40,40,36,8,8,8,8,8,0,0,0],"gold":58,"neow_bonus":"THREE_ENEMY_KILL","is_daily":false,"chose_seed":false,"campfire_upgraded":1,"win_rate":0.0,"timestamp":1611768556,"path_taken":["R","M","M","?","?","E","T","E","?","?","E","$","?","M","M","BOSS"],"items_purchased_type":["Card","Relic","Potion"],"build_version":"2020-12-22","purchased_purges":0,"victory":false,"max_hp_per_floor":[70,70,70,70,70,70,70,70,70,70,70,70,70,70,70,70,70,70],"relic_stats":{"counters":[11,36],"obtain_stats":[{"Vajra":7,"Toolbox":12,"downfall:HeartsMalice":0,"Bottled Lightning":6,"Toxic Egg 2":11,"Ancient Tea Set":8,"hexamod:SpiritBrand":0},{"Vajra":4,"Toolbox":8,"downfall:HeartsMalice":0,"Bottled Lightning":4,"Toxic Egg 2":7,"Ancient Tea Set":5,"hexamod:SpiritBrand":0},{"Vajra":8,"Toolbox":26,"downfall:HeartsMalice":0,"Bottled Lightning":8,"Toxic Egg 2":22,"Ancient Tea Set":12,"hexamod:SpiritBrand":0}]},"card_choices":[{"not_picked":["hexamod:HauntingEcho","hexamod:SpectersWail"],"picked":"hexamod:FastForward","floor":2.0},{"not_picked":["hexamod:SwordOfDarkness","hexamod:Again"],"picked":"hexamod:HauntingEcho","floor":3.0},{"not_picked":["hexamod:GhostflameBarrier","hexamod:BurningTouch"],"picked":"hexamod:EmpoweredFlame","floor":5.0},{"not_picked":["hexamod:GhostOfSpireFuture","hexamod:SwordOfDarkness"],"picked":"hexamod:InspiringFlames","floor":6.0},{"not_picked":["hexamod:ShieldOfDarkness","hexamod:TurnItUp"],"picked":"hexamod:FifthSeal","floor":8.0},{"not_picked":["hexamod:NecessarySacrifice","hexamod:FastForward"],"picked":"hexamod:Incineration","floor":10.0},{"not_picked":["hexamod:HeatMetal","hexamod:FlameSwitch+1"],"picked":"hexamod:GhostflameBarrier+1","floor":11.0},{"not_picked":["hexamod:SixthSeal","hexamod:SecondSeal"],"picked":"hexamod:ThirdSeal","floor":11.0},{"not_picked":["hexamod:Firestarter","hexamod:HeatMetal"],"picked":"hexamod:NightmareGuise+1","floor":12.0},{"not_picked":["hexamod:HeatMetal","hexamod:InspiringFlames+1"],"picked":"hexamod:SuperheatedStrike","floor":12.0},{"not_picked":["hexamod:FastForward+1","hexamod:Haunt+1"],"picked":"hexamod:ForkedFlame","floor":14},{"not_picked":["hexamod:GhostLash","hexamod:HauntingEcho"],"picked":"hexamod:GhostOfSpireFuture","floor":14},{"not_picked":["hexamod:ThirdSeal","hexamod:SixthSeal"],"picked":"hexamod:FirstSeal","floor":14},{"not_picked":["hexamod:SpectersWail","hexamod:PowerFromBeyond+1"],"picked":"hexamod:RecurringNightmare+1","floor":15}],"player_experience":1078817,"relics_obtained":[{"floor":6.0,"key":"Bottled Lightning"},{"floor":7.0,"key":"Vajra"},{"floor":8.0,"key":"Ancient Tea Set"},{"floor":11.0,"key":"Toxic Egg 2"}],"event_choices":[{"cards_removed":["hexamod:Strike"],"damage_healed":0.0,"max_hp_gain":0.0,"max_hp_loss":0.0,"gold_gain":0.0,"event_name":"Bonfire Elementals","player_choice":"Offered Basic","floor":4.0,"gold_loss":0.0,"damage_taken":0.0}],"is_beta":false,"boss_relics":[],"items_purged_floors":[],"is_endless":false,"potions_floor_spawned":[8,14,15],"killed_by":"IC_STATUS_ARCHETYPE","ascension_level":5}}