{"host":"cjhtzh7tp54jdfyv","time":1611726606,"event":{"mods":["AchievementEnabler","BaseMod","Colored Map","Colored Powertips","Curses Come First","DeckTracker","Minty Spire (QoL Compilation)","RNG Fix","Relic Sorter","Relic Stats","StSLib","UnlockEverythingMod","ojb\u0027s Better Paths Mod","ojb\u0027s Info Mod"],"gold_per_floor":[116,41,141,157,172,205,218,249,274,308,320,320,320],"floor_reached":12,"language":"ENG","playtime":911,"items_purged":["Defend_G"],"score":200,"play_id":"92863486-afbf-428c-b929-05603e4416e3","local_time":"20210127005006","is_ascension_mode":true,"campfire_choices":[],"circlet_count":0,"master_deck":["AscendersBane","Strike_G","Strike_G","Strike_G","Strike_G","Strike_G","Defend_G","Defend_G","Defend_G","Defend_G","Survivor","Neutralize","Dagger Throw","Backstab","Infinite Blades","Deadly Poison","Quick Slash","Escape Plan","Cloak And Dagger"],"relics":["Ring of the Snake","NeowsBlessing","Oddly Smooth Stone","Matryoshka","MealTicket","Akabeko","Pantograph"],"acts_visited":["Exordium"],"potions_floor_usage":[6,8,10],"damage_taken":[{"damage":0,"enemies":"Small Slimes","floor":1,"turns":1},{"damage":0,"enemies":"Jaw Worm","floor":4,"turns":1},{"damage":0,"enemies":"2 Louse","floor":5,"turns":1},{"damage":12,"enemies":"3 Sentries","floor":6,"turns":9},{"damage":0,"enemies":"2 Fungi Beasts","floor":7,"turns":3},{"damage":22,"enemies":"Lagavulin","floor":8,"turns":7},{"damage":18,"enemies":"Gremlin Nob","floor":10,"turns":4},{"damage":0,"enemies":"3 Louse","floor":11,"turns":2},{"damage":10,"enemies":"3 Sentries","floor":12,"turns":2}],"seed_played":"-5277451485675351551","potions_obtained":[{"floor":1,"key":"Weak Potion"},{"floor":5,"key":"Block Potion"},{"floor":6,"key":"BlessingOfTheForge"}],"is_trial":false,"path_per_floor":["M","$","?","M","M","E","M","E","T","E","M","E"],"character_chosen":"THE_SILENT","items_purchased":[],"campfire_rested":0,"item_purchase_floors":[],"current_hp_per_floor":[59,59,59,59,59,47,47,25,25,7,7,0,0],"gold":320,"neow_bonus":"THREE_ENEMY_KILL","is_daily":false,"chose_seed":false,"campfire_upgraded":0,"win_rate":0.0,"timestamp":1611726606,"path_taken":["M","?","?","?","M","E","M","E","T","E","M","E"],"items_purchased_type":[],"build_version":"2020-12-22","purchased_purges":1,"victory":false,"max_hp_per_floor":[66,66,66,66,66,66,66,66,66,66,66,66,66],"relic_stats":{"counters":[9,30],"Pantograph":0,"MealTicket":0,"obtain_stats":[{"Matryoshka":8,"NeowsBlessing":0,"Pantograph":10,"Oddly Smooth Stone":6,"MealTicket":9,"Akabeko":9,"Ring of the Snake":0},{"Matryoshka":6,"NeowsBlessing":0,"Pantograph":7,"Oddly Smooth Stone":4,"MealTicket":6,"Akabeko":6,"Ring of the Snake":0},{"Matryoshka":22,"NeowsBlessing":0,"Pantograph":26,"Oddly Smooth Stone":12,"MealTicket":22,"Akabeko":22,"Ring of the Snake":0}],"Ring of the Snake":[18]},"card_choices":[{"not_picked":["Footwork","Bane"],"picked":"Dagger Throw","floor":1},{"not_picked":["Deflect","Finisher"],"picked":"Backstab","floor":4},{"not_picked":["Dodge and Roll","Cloak And Dagger"],"picked":"Infinite Blades","floor":5},{"not_picked":["Deflect","Prepared"],"picked":"Deadly Poison","floor":6},{"not_picked":["Skewer","PiercingWail"],"picked":"Quick Slash","floor":7},{"not_picked":["Dodge and Roll","Deadly Poison","Dagger Throw"],"picked":"SKIP","floor":8},{"not_picked":["Distraction","Masterful Stab"],"picked":"Escape Plan","floor":10},{"not_picked":["Dodge and Roll","All Out Attack"],"picked":"Cloak And Dagger","floor":11}],"player_experience":4535076,"relics_obtained":[{"floor":6,"key":"Oddly Smooth Stone"},{"floor":8,"key":"Matryoshka"},{"floor":9,"key":"MealTicket"},{"floor":9,"key":"Akabeko"},{"floor":10,"key":"Pantograph"}],"event_choices":[{"damage_healed":0,"gold_gain":100,"player_choice":"Gold","damage_taken":0,"max_hp_gain":0,"max_hp_loss":0,"event_name":"Wheel of Change","floor":3,"gold_loss":0}],"is_beta":false,"boss_relics":[],"items_purged_floors":[2],"is_endless":false,"potions_floor_spawned":[1,5,6],"killed_by":"3 Sentries","ascension_level":20}}