{"host":"j4g6ia6asvpyu2b0","time":1611758592,"event":{"mods":["BaseMod","Colored Map","Minty Spire (QoL Compilation)","Permanent Neow","Quick Restart","Relic Stats","StSLib","Unceasing Turn Reminder"],"gold_per_floor":[112,124,138,138,41,67,67,100,100,127,139,168,178,192,192,291,291,304,304,315,315,333,333,368,368,368,368,402,402,418,437,437,540,540,558,568,568,578,597,629,646,646,646,978,791,666,666,694,694,694,694,694,42,68,68],"floor_reached":56,"language":"ENG","playtime":2235,"items_purged":["Strike_R","Writhe","Shame","Strike_R"],"score":1656,"play_id":"b4ef93ae-6caf-46f9-8fe4-3980264cd0bb","local_time":"20210127074312","is_ascension_mode":true,"campfire_choices":[{"data":"Feed","floor":7.0,"key":"SMITH"},{"data":"Demon Form","floor":15.0,"key":"SMITH"},{"data":"Offering","floor":23.0,"key":"SMITH"},{"data":"Pommel Strike","floor":25.0,"key":"SMITH"},{"data":"Bash","floor":29.0,"key":"SMITH"},{"data":"Armaments","floor":32.0,"key":"SMITH"},{"floor":49,"key":"RECALL"},{"data":"Discovery","floor":52,"key":"SMITH"}],"circlet_count":0,"master_deck":["Strike_R","Strike_R","Defend_R","Defend_R","Defend_R","Defend_R","Bash+1","Demon Form+1","Sword Boomerang","Armaments+1","Shrug It Off","Clothesline","Feed+1","Twin Strike","Headbutt","Offering+1","Anger","Battle Trance","Feed","Cleave+1","Carnage+1","Pommel Strike+1","Shrug It Off","Twin Strike+1","Disarm","Thunderclap","Reaper","Metallicize","Whirlwind+1","Seeing Red","Clothesline+1","Uppercut+1","Discovery+1","Madness","Madness","Seeing Red","Metamorphosis"],"relics":["Burning Blood","Bag of Marbles","Paper Frog","Red Skull","Letter Opener","Odd Mushroom","Cursed Key","Nilry\u0027s Codex","Bag of Preparation","Darkstone Periapt","Runic Pyramid","Juzu Bracelet","Turnip","Ornamental Fan","Old Coin","Mummified Hand","Vajra","Anchor","Strawberry"],"acts_visited":["Exordium","TheCity","TheBeyond","TheEnding"],"potions_floor_usage":[55,55,55],"damage_taken":[{"damage":6.0,"enemies":"Cultist","floor":1.0,"turns":4.0},{"damage":1.0,"enemies":"2 Louse","floor":2.0,"turns":2.0},{"damage":0.0,"enemies":"Small Slimes","floor":3.0,"turns":3.0},{"damage":32.0,"enemies":"3 Sentries","floor":6.0,"turns":7.0},{"damage":10.0,"enemies":"Lagavulin","floor":8.0,"turns":5.0},{"damage":27.0,"enemies":"3 Sentries","floor":10.0,"turns":6.0},{"damage":3.0,"enemies":"Looter","floor":11.0,"turns":2.0},{"damage":14.0,"enemies":"The Mushroom Lair","floor":12.0,"turns":3.0},{"damage":1.0,"enemies":"Lots of Slimes","floor":13.0,"turns":3.0},{"damage":0.0,"enemies":"Exordium Wildlife","floor":14.0,"turns":1.0},{"damage":6.0,"enemies":"Slime Boss","floor":16.0,"turns":5.0},{"damage":6.0,"enemies":"Spheric Guardian","floor":18.0,"turns":2.0},{"damage":6.0,"enemies":"Shell Parasite","floor":20.0,"turns":2.0},{"damage":27.0,"enemies":"Snake Plant","floor":22.0,"turns":3.0},{"damage":19.0,"enemies":"Book of Stabbing","floor":24.0,"turns":2.0},{"damage":6.0,"enemies":"Gremlin Leader","floor":28.0,"turns":2.0},{"damage":10.0,"enemies":"Cultist and Chosen","floor":30.0,"turns":2.0},{"damage":0.0,"enemies":"Sentry and Sphere","floor":31.0,"turns":3.0},{"damage":50.0,"enemies":"Champ","floor":33.0,"turns":7.0},{"damage":5.0,"enemies":"3 Shapes","floor":35.0,"turns":3.0},{"damage":25,"enemies":"3 Darklings","floor":36,"turns":5},{"damage":26,"enemies":"Writhing Mass","floor":38,"turns":8},{"damage":29,"enemies":"4 Shapes","floor":39,"turns":5},{"damage":45,"enemies":"Reptomancer","floor":40,"turns":4},{"damage":23,"enemies":"Maw","floor":41,"turns":6},{"damage":48,"enemies":"Nemesis","floor":44,"turns":7},{"damage":8,"enemies":"Reptomancer","floor":48,"turns":5},{"damage":51,"enemies":"Awakened One","floor":50,"turns":9},{"damage":40,"enemies":"Shield and Spear","floor":54,"turns":5},{"damage":153,"enemies":"The Heart","floor":55,"turns":9}],"seed_played":"-2295801466660671059","potions_obtained":[{"floor":2.0,"key":"AttackPotion"},{"floor":6.0,"key":"GamblersBrew"},{"floor":11.0,"key":"DistilledChaos"},{"floor":16.0,"key":"Explosive Potion"},{"floor":18.0,"key":"Strength Potion"},{"floor":20.0,"key":"AttackPotion"},{"floor":24.0,"key":"Explosive Potion"},{"floor":30.0,"key":"BloodPotion"},{"floor":35,"key":"GamblersBrew"},{"floor":39,"key":"LiquidMemories"},{"floor":40,"key":"Strength Potion"}],"is_trial":false,"path_per_floor":["M","M","M","?","$","E","R","E","T","E","M","?","M","M","R","B",null,"M","?","M","?","M","R","E","R","T","?","E","R","M","M","R","B",null,"M","M","?","M","M","E","M","T","T","E","$","$","?","E","R","B",null,"R","$","E","B",null],"character_chosen":"IRONCLAD","items_purchased":["Clothesline","Discovery","Vajra","Anchor","Metamorphosis"],"campfire_rested":0,"item_purchase_floors":[5,45,53,53,53],"current_hp_per_floor":[72,72,72,65,65,39,39,39,39,22,29,25,34,44,44,48,100,100,84,88,67,46,46,36,36,36,36,40,40,39,49,49,29,123,127,120,120,104,88,49,58,64,70,41,41,41,21,53,53,55,162,162,162,142,8],"gold":68,"neow_bonus":"THREE_RARE_CARDS","is_daily":false,"chose_seed":false,"campfire_upgraded":7,"win_rate":0.0,"timestamp":1611758592,"path_taken":["M","M","?","?","$","E","R","E","T","E","M","?","M","M","R","BOSS","M","?","M","?","M","R","E","R","T","?","E","R","?","M","R","BOSS","M","M","?","M","M","E","M","?","T","E","?","$","?","E","R","BOSS","R","$","E","BOSS"],"items_purchased_type":["Card","Card","Relic","Relic","Card"],"build_version":"2020-12-22","purchased_purges":4,"victory":true,"max_hp_per_floor":[72,72,72,72,72,72,72,76,76,80,84,88,92,96,96,100,100,100,100,104,109,109,109,112,112,112,112,116,116,119,123,123,123,123,127,131,131,135,142,142,146,152,158,158,158,158,158,162,162,162,162,162,162,176,176],"relic_stats":{"Darkstone Periapt":12,"counters":[30,130],"Ornamental Fan":[56],"Mummified Hand":[7],"Turnip":[2],"Bag of Preparation":[30],"Juzu Bracelet":1,"Letter Opener":[178],"Cursed Key":3,"obtain_stats":[{"Darkstone Periapt":28,"Nilry\u0027s Codex":19,"Vajra":53,"Bag of Preparation":24,"Juzu Bracelet":40,"Letter Opener":10,"Odd Mushroom":12,"Cursed Key":17,"Burning Blood":0,"Old Coin":44,"Anchor":53,"Ornamental Fan":43,"Mummified Hand":48,"Strawberry":54,"Turnip":42,"Bag of Marbles":6,"Red Skull":9,"Paper Frog":8,"Runic Pyramid":34},{"Darkstone Periapt":16,"Nilry\u0027s Codex":12,"Vajra":28,"Bag of Preparation":15,"Juzu Bracelet":24,"Letter Opener":6,"Odd Mushroom":8,"Cursed Key":11,"Burning Blood":0,"Old Coin":26,"Anchor":28,"Ornamental Fan":25,"Mummified Hand":27,"Strawberry":29,"Turnip":25,"Bag of Marbles":4,"Red Skull":5,"Paper Frog":5,"Runic Pyramid":19},{"Darkstone Periapt":52,"Nilry\u0027s Codex":43,"Vajra":116,"Bag of Preparation":50,"Juzu Bracelet":89,"Letter Opener":27,"Odd Mushroom":32,"Cursed Key":41,"Burning Blood":0,"Old Coin":102,"Anchor":116,"Ornamental Fan":95,"Mummified Hand":107,"Strawberry":121,"Turnip":95,"Bag of Marbles":16,"Red Skull":21,"Paper Frog":21,"Runic Pyramid":64}],"Burning Blood":168},"card_choices":[{"not_picked":["Impervious","Corruption"],"picked":"Demon Form","floor":0.0},{"not_picked":["Body Slam","Headbutt"],"picked":"Sword Boomerang","floor":1.0},{"not_picked":["True Grit","Reckless Charge"],"picked":"Armaments","floor":2.0},{"not_picked":["Infernal Blade","Pommel Strike"],"picked":"Shrug It Off","floor":3.0},{"not_picked":["Feel No Pain","Rampage"],"picked":"Feed","floor":6.0},{"not_picked":["Reckless Charge","Searing Blow"],"picked":"Twin Strike","floor":8.0},{"not_picked":["Carnage","Hemokinesis"],"picked":"Headbutt","floor":10.0},{"not_picked":["Warcry","Body Slam"],"picked":"Offering","floor":11.0},{"not_picked":["Pommel Strike","Searing Blow"],"picked":"Anger","floor":12.0},{"not_picked":["Warcry","Perfected Strike"],"picked":"Battle Trance","floor":13.0},{"not_picked":["Wild Strike","Clothesline","Battle Trance"],"picked":"SKIP","floor":14.0},{"not_picked":["Demon Form","Barricade"],"picked":"Feed","floor":16.0},{"not_picked":["Flex","True Grit"],"picked":"Cleave+1","floor":18.0},{"not_picked":["Dropkick","Bloodletting"],"picked":"Carnage+1","floor":20.0},{"not_picked":["Havoc","Clash"],"picked":"Pommel Strike","floor":22.0},{"not_picked":["Clash+1","Body Slam"],"picked":"Shrug It Off","floor":24.0},{"not_picked":["Second Wind","Power Through"],"picked":"Twin Strike+1","floor":28.0},{"not_picked":["Thunderclap","Wild Strike"],"picked":"Disarm","floor":30.0},{"not_picked":["Dual Wield","Cleave"],"picked":"Thunderclap","floor":31.0},{"not_picked":["Fiend Fire","Barricade"],"picked":"Reaper","floor":33.0},{"not_picked":["Twin Strike+1","Clothesline+1"],"picked":"Metallicize","floor":35},{"not_picked":["Flex","Cleave+1"],"picked":"Whirlwind+1","floor":36},{"not_picked":["Searing Blow","Flex+1","Perfected Strike"],"picked":"SKIP","floor":38},{"not_picked":["Sword Boomerang","Shrug It Off"],"picked":"Seeing Red","floor":39},{"not_picked":["Havoc","Battle Trance"],"picked":"Clothesline+1","floor":40},{"not_picked":["Iron Wave","Exhume"],"picked":"Uppercut+1","floor":41},{"not_picked":["Entrench","Wild Strike","Twin Strike"],"picked":"SKIP","floor":44},{"not_picked":["Perfected Strike","Uppercut"],"picked":"Seeing Red","floor":48},{"not_picked":["Bloodletting","Havoc","Body Slam+1"],"picked":"SKIP","floor":54}],"player_experience":1035763,"relics_obtained":[{"floor":6.0,"key":"Bag of Marbles"},{"floor":8.0,"key":"Paper Frog"},{"floor":9.0,"key":"Red Skull"},{"floor":10.0,"key":"Letter Opener"},{"floor":12.0,"key":"Odd Mushroom"},{"floor":19.0,"key":"Nilry\u0027s Codex"},{"floor":24.0,"key":"Bag of Preparation"},{"floor":28.0,"key":"Darkstone Periapt"},{"floor":40,"key":"Juzu Bracelet"},{"floor":42,"key":"Turnip"},{"floor":43,"key":"Ornamental Fan"},{"floor":44,"key":"Old Coin"},{"floor":48,"key":"Mummified Hand"},{"floor":54,"key":"Strawberry"}],"event_choices":[{"cards_removed":["Strike_R"],"damage_healed":0.0,"max_hp_gain":0.0,"max_hp_loss":0.0,"gold_gain":0.0,"event_name":"Golden Wing","player_choice":"Card Removal","floor":4.0,"gold_loss":0.0,"damage_taken":7.0},{"damage_healed":0.0,"max_hp_gain":0.0,"max_hp_loss":0.0,"gold_gain":0.0,"event_name":"Mushrooms","player_choice":"Fought Mushrooms","floor":12.0,"gold_loss":0.0,"damage_taken":0.0},{"damage_healed":0.0,"max_hp_gain":0.0,"max_hp_loss":0.0,"gold_gain":0.0,"event_name":"Cursed Tome","player_choice":"Obtained Book","floor":19.0,"gold_loss":0.0,"damage_taken":16.0},{"damage_healed":0.0,"max_hp_gain":5.0,"max_hp_loss":0.0,"gold_gain":0.0,"event_name":"Forgotten Altar","player_choice":"Shed Blood","floor":21.0,"gold_loss":0.0,"damage_taken":26.0},{"cards_removed":["Doubt"],"damage_healed":0.0,"max_hp_gain":0.0,"max_hp_loss":0.0,"gold_gain":0.0,"event_name":"Fountain of Cleansing","player_choice":"Removed Curses","floor":27.0,"gold_loss":0.0,"damage_taken":0.0},{"damage_healed":0,"gold_gain":0,"player_choice":"Ignored","damage_taken":0,"max_hp_gain":0,"max_hp_loss":0,"event_name":"Tomb of Lord Red Mask","floor":37,"gold_loss":0},{"damage_healed":0,"gold_gain":0,"player_choice":"Embrace Madness","damage_taken":20,"max_hp_gain":0,"max_hp_loss":0,"event_name":"Winding Halls","floor":47,"gold_loss":0,"cards_obtained":["Madness","Madness"]}],"is_beta":false,"boss_relics":[{"not_picked":["Tiny House","Ectoplasm"],"picked":"Cursed Key"},{"not_picked":["SacredBark","Velvet Choker"],"picked":"Runic Pyramid"}],"items_purged_floors":[5,45,46,53],"is_endless":false,"potions_floor_spawned":[2,6,11,16,18,20,24,30,35,39,40],"ascension_level":4}}