{"host":"v6p2g6darcbso1ds","time":1611777177,"event":{"mods":["BaseMod","Colored Powertips","Downfall","Hermit","Minty Spire (QoL Compilation)","Replay The Spire","StSLib","The Cursed"],"gold_per_floor":[114,124,124,139,153,153,172,202,228,228,243,243,268,268,268,268,268],"floor_reached":16,"language":"ENG","playtime":1528,"items_purged":[],"score":112,"play_id":"d7d465c3-e527-466d-9cb1-5508bf68406e","local_time":"20210127125257","is_ascension_mode":false,"campfire_choices":[{"floor":6,"key":"REST"},{"floor":10,"key":"REST"},{"floor":12,"key":"REST"},{"floor":15,"key":"REST"}],"circlet_count":0,"master_deck":["TheCursedMod:Strike_TheCursed","TheCursedMod:Strike_TheCursed","TheCursedMod:Strike_TheCursed","TheCursedMod:Strike_TheCursed","TheCursedMod:Defend_TheCursed","TheCursedMod:Defend_TheCursed","TheCursedMod:Defend_TheCursed","TheCursedMod:Defend_TheCursed","TheCursedMod:CursedWand","TheCursedMod:CleanUpWorkshop","TheCursedMod:Dregs","Spreading Infection","TheCursedMod:Evocation","TheCursedMod:CursedAmulet","TheCursedMod:CircleOfFocus","TheCursedMod:CircleOfFlame","TheCursedMod:CircleOfCorruption","TheCursedMod:AbyssShockwave","TheCursedMod:OutForBlood","TheCursedMod:SaltUponWound","Regret"],"relics":["TheCursedMod:BlackMagic101","Unceasing Top","PreservedInsect","Pen Nib","Orichalcum","Bronze Scales"],"acts_visited":["Exordium"],"potions_floor_usage":[7,13],"damage_taken":[{"damage":2,"enemies":"Cultist","floor":1,"turns":6},{"damage":2,"enemies":"Jaw Worm","floor":2,"turns":4},{"damage":0,"enemies":"Small Slimes","floor":4,"turns":6},{"damage":34,"enemies":"Exordium Wildlife","floor":5,"turns":7},{"damage":5,"enemies":"Looter","floor":7,"turns":4},{"damage":30,"enemies":"3 Sentries","floor":8,"turns":13},{"damage":8,"enemies":"Red Slaver","floor":11,"turns":3},{"damage":20,"enemies":"Gremlin Nob","floor":13,"turns":4},{"damage":74,"enemies":"Slime Boss","floor":16,"turns":10}],"seed_played":"-8099436269333585579","potions_obtained":[{"floor":1,"key":"sneckomod:MuddlingPotion"},{"floor":5,"key":"Swift Potion"},{"floor":11,"key":"SteroidPotion"}],"is_trial":false,"path_per_floor":["M","M","?","M","M","R","M","E","T","R","M","R","E","?","R","B"],"character_chosen":"THE_CURSED","items_purchased":[],"campfire_rested":4,"item_purchase_floors":[],"current_hp_per_floor":[73,71,71,71,37,59,54,24,24,46,38,60,40,40,62,0,0],"gold":268,"neow_bonus":"ONE_RARE_RELIC","is_daily":false,"chose_seed":false,"campfire_upgraded":0,"win_rate":0.0,"timestamp":1611777177,"path_taken":["M","?","?","?","M","R","M","E","T","R","M","R","E","?","R","BOSS"],"items_purchased_type":[],"build_version":"2020-12-22","purchased_purges":0,"victory":false,"max_hp_per_floor":[75,75,75,75,75,75,75,75,75,75,75,75,75,75,75,75,75],"card_choices":[{"not_picked":["TheCursedMod:Stigma","TheCursedMod:CursedShiv"],"picked":"TheCursedMod:Evocation","floor":1},{"not_picked":["TheCursedMod:Stretching","TheCursedMod:Stigma"],"picked":"TheCursedMod:CursedAmulet","floor":2},{"not_picked":["TheCursedMod:HellsGateOpen","TheCursedMod:CursedBlade"],"picked":"TheCursedMod:CircleOfFocus","floor":4},{"not_picked":["TheCursedMod:SpreadPlague","TheCursedMod:Stretching"],"picked":"TheCursedMod:CircleOfFlame","floor":5},{"not_picked":["TheCursedMod:SpitefulStrike","TheCursedMod:CursedShiv"],"picked":"TheCursedMod:CircleOfCorruption","floor":7},{"not_picked":["TheCursedMod:TroublousMinions","TheCursedMod:VitalStrike"],"picked":"TheCursedMod:AbyssShockwave","floor":8},{"not_picked":["TheCursedMod:CircleOfFlame","TheCursedMod:VitalStrike"],"picked":"TheCursedMod:OutForBlood","floor":11},{"not_picked":["TheCursedMod:CursedAmulet","TheCursedMod:Wield"],"picked":"TheCursedMod:SaltUponWound","floor":13}],"player_experience":108330,"relics_obtained":[{"floor":8,"key":"PreservedInsect"},{"floor":9,"key":"Pen Nib"},{"floor":13,"key":"Orichalcum"}],"event_choices":[{"damage_healed":0,"gold_gain":0,"player_choice":"Ignored","damage_taken":0,"max_hp_gain":0,"max_hp_loss":0,"event_name":"NoteForYourself","floor":3,"gold_loss":0},{"damage_healed":0,"gold_gain":0,"player_choice":"Box","damage_taken":0,"relics_obtained":["Bronze Scales"],"max_hp_gain":0,"max_hp_loss":0,"event_name":"Big Fish","floor":14,"gold_loss":0,"cards_obtained":["Regret"]}],"is_beta":false,"boss_relics":[],"items_purged_floors":[],"is_endless":false,"potions_floor_spawned":[1,5,11],"killed_by":"Slime Boss","ascension_level":0}}