{"host":"d4nr47a59rmbesnz","time":1611755205,"event":{"mods":["A Magickal Journey","BaseMod","Better Third Choice","Hermit","Minty Spire (QoL Compilation)","Quick Restart","Replay The Spire","Shade Mod","StSLib","The Bladedancer","The Cursed","The Death Knight","The Disciple","The Forsaken","The Hierophant","The Necromancer","The Spell Scribe","The Valiant"],"gold_per_floor":[112,129,146,165,165,165,183,183,183,209,226,226,242,275,275,376,376,390,75,91,91,91],"floor_reached":21,"language":"ENG","playtime":1304,"items_purged":[],"score":193,"play_id":"435e620c-cd75-41c1-b453-03094a451358","local_time":"20210127164645","is_ascension_mode":false,"campfire_choices":[{"data":"DeathKnight:RuneTap","floor":6,"key":"SMITH"},{"data":"DeathKnight:RuneStrike","floor":8,"key":"SMITH"},{"data":"DeathKnight:IceboundArmor","floor":12,"key":"SMITH"},{"data":"DeathKnight:Outbreak","floor":15,"key":"SMITH"}],"circlet_count":0,"master_deck":["DeathKnight:Strike_DeathKnight","DeathKnight:Strike_DeathKnight","DeathKnight:Strike_DeathKnight","DeathKnight:Strike_DeathKnight","DeathKnight:Strike_DeathKnight","DeathKnight:Defend_DeathKnight","DeathKnight:Defend_DeathKnight","DeathKnight:Defend_DeathKnight","DeathKnight:Defend_DeathKnight","DeathKnight:Defend_DeathKnight","DeathKnight:RuneTap+1","DeathKnight:RuneStrike+1","DeathKnight:IceboundArmor+1","DeathKnight:GargoyleSkin","DeathKnight:FrostStrike","DeathKnight:DeathAndDecay","DeathKnight:FrostStrike","DeathKnight:Lichborne","DeathKnight:DreadStrike","DeathKnight:Outbreak+1","DeathKnight:Simulacrum","DeathKnight:Parry+1","DeathKnight:BoneShield","DeathKnight:Parry","DeathKnight:Contagion"],"relics":["DeathKnight:BrokenRuneblade","NeowsBlessing","Chameleon Ring","Bottled Flame","Runic Pyramid","Membership Card","DeathKnight:JainasLocket"],"acts_visited":["Exordium","TheCity"],"potions_floor_usage":[14,20],"damage_taken":[{"damage":0,"enemies":"Small Slimes","floor":1,"turns":1},{"damage":0,"enemies":"Jaw Worm","floor":2,"turns":1},{"damage":0,"enemies":"Cultist","floor":3,"turns":1},{"damage":6,"enemies":"2 Fungi Beasts","floor":4,"turns":8},{"damage":6,"enemies":"3 Louse","floor":7,"turns":3},{"damage":27,"enemies":"3 Sentries","floor":10,"turns":9},{"damage":8,"enemies":"Large Slime","floor":11,"turns":7},{"damage":0,"enemies":"2 Fungi Beasts","floor":13,"turns":6},{"damage":34,"enemies":"Gremlin Nob","floor":14,"turns":5},{"damage":16,"enemies":"Hexaghost","floor":16,"turns":9},{"damage":52,"enemies":"3 Byrds","floor":18,"turns":5},{"damage":12,"enemies":"Shell Parasite","floor":20,"turns":7},{"damage":16,"enemies":"Cultist and Chosen","floor":21,"turns":4}],"seed_played":"-9025272702330652712","potions_obtained":[{"floor":11,"key":"FairyPotion"},{"floor":13,"key":"PowerPotion"},{"floor":16,"key":"ColorlessPotion"},{"floor":18,"key":"PowerPotion"}],"is_trial":false,"path_per_floor":["M","M","M","M","?","R","M","R","T","E","M","R","M","E","R","B",null,"M","$","M","M"],"character_chosen":"DEATH_KNIGHT","items_purchased":["Membership Card","DeathKnight:BoneShield","DeathKnight:Parry","SteroidPotion","DeathKnight:JainasLocket"],"campfire_rested":0,"item_purchase_floors":[19,19,19,19,19],"current_hp_per_floor":[75,75,75,69,69,69,63,63,63,36,28,28,28,33,33,17,75,23,23,11,0,0],"gold":91,"neow_bonus":"THREE_ENEMY_KILL","is_daily":false,"chose_seed":false,"campfire_upgraded":4,"win_rate":0.0,"timestamp":1611755205,"path_taken":["M","M","M","M","?","R","M","R","T","E","M","R","M","E","R","BOSS","M","$","M","M"],"items_purchased_type":["Relic","Card","Card","Potion","Relic"],"build_version":"2020-12-22","purchased_purges":0,"victory":false,"max_hp_per_floor":[75,75,75,75,75,75,75,75,75,75,75,75,75,75,75,75,75,75,75,75,75,75],"card_choices":[{"not_picked":["DeathKnight:BludPresence","DeathKnight:RunicCorruption"],"picked":"DeathKnight:IceboundArmor","floor":1},{"not_picked":["DeathKnight:IceboundArmor","DeathKnight:Parry","DeathKnight:ChainsOfIce"],"picked":"SKIP","floor":2},{"not_picked":["DeathKnight:WraithWalk","DeathKnight:RunicCorruption"],"picked":"DeathKnight:GargoyleSkin","floor":3},{"not_picked":["DeathKnight:DeathCoil","DeathKnight:FrosPresence"],"picked":"DeathKnight:FrostStrike","floor":4},{"not_picked":["DeathKnight:Ossuary","DeathKnight:ShatteringStrikes"],"picked":"DeathKnight:DeathAndDecay","floor":7},{"not_picked":["DeathKnight:AntiMagicShell","DeathKnight:ThirstingStrike"],"picked":"DeathKnight:FrostStrike","floor":10},{"not_picked":["DeathKnight:Rot","DeathKnight:DeathsAdvance"],"picked":"DeathKnight:Lichborne","floor":11},{"not_picked":["DeathKnight:RunicCorruption","DeathKnight:Hysteria"],"picked":"DeathKnight:DreadStrike","floor":13},{"not_picked":["DeathKnight:HornOfWinter","DeathKnight:Pestilence"],"picked":"DeathKnight:Outbreak","floor":14},{"not_picked":["DeathKnight:MarkOfBlood","DeathKnight:Defile"],"picked":"DeathKnight:Simulacrum","floor":16},{"not_picked":["DeathKnight:DeathAndDecay","DeathKnight:FrosPresence"],"picked":"DeathKnight:Parry+1","floor":18},{"not_picked":["DeathKnight:UnholyAssault","DeathKnight:UnholyPresence"],"picked":"DeathKnight:Contagion","floor":20}],"player_experience":63002,"relics_obtained":[{"floor":9,"key":"Chameleon Ring"},{"floor":14,"key":"Bottled Flame"}],"event_choices":[],"is_beta":false,"boss_relics":[{"not_picked":["Calling Bell","Honey Jar"],"picked":"Runic Pyramid"}],"items_purged_floors":[],"is_endless":false,"potions_floor_spawned":[11,13,16,18],"killed_by":"Cultist and Chosen","ascension_level":0}}