{"host":"qdfumeom6htv8yxl","time":1611785253,"event":{"mods":["AchievementEnabler","BaseMod","Bestiary","Block Reminder","Minty Spire (QoL Compilation)","Quick Restart","Relic Stats"],"gold_per_floor":[118,393,37,51,61,93,93,127,127,168,11,40,18,44,44,117,189,209,240,240,240,65,65,104,130,155,182,182,97,97,97,97,180,180,180,201,226,238,131,131,152,181,181,181,198,198,225,248,248,248,248],"floor_reached":50,"language":"ENG","playtime":3293,"items_purged":["Regret","Dualcast","Zap","Auto Shields"],"score":1300,"play_id":"a3c34b11-a954-4334-a07a-6bac9c064879","local_time":"20210127160733","is_ascension_mode":true,"campfire_choices":[{"data":"Hologram","floor":7.0,"key":"SMITH"},{"floor":15.0,"key":"REST"},{"data":"Buffer","floor":23.0,"key":"SMITH"},{"floor":28.0,"key":"REST"},{"data":"Violence","floor":30.0,"key":"SMITH"},{"data":"Buffer","floor":32.0,"key":"SMITH"},{"data":"Fusion","floor":40.0,"key":"SMITH"},{"data":"Leap","floor":46.0,"key":"SMITH"},{"data":"Mayhem","floor":49.0,"key":"SMITH"}],"circlet_count":0,"master_deck":["AscendersBane","Cold Snap","Gash","Finesse","Rip and Tear","Gash","Hologram+1","Rebound","FTL+1","Beam Cell+1","Violence+1","Beam Cell+1","Sweeping Beam+1","Rebound+1","FTL+1","Auto Shields","FTL+1","Fusion+1","Rip and Tear+1","Buffer+1","Streamline+1","Gash+1","Skim","Mayhem+1","Scrape+1","Buffer+1","Echo Form","Leap+1","Leap+1","Streamline+1","Rebound+1","Scrape+1","Streamline+1"],"relics":["Cracked Core","Bag of Preparation","Membership Card","Blood Vial","Cables","CeramicFish","Molten Egg 2","Omamori","Pandora\u0027s Box","Red Mask","Ornamental Fan","Orichalcum","HornCleat","DataDisk","Centennial Puzzle","SlaversCollar","MawBank","Question Card","The Courier","Bird Faced Urn","Boot"],"acts_visited":["TheCity","TheBeyond"],"potions_floor_usage":[50,50],"damage_taken":[{"damage":0.0,"enemies":"Cultist","floor":1.0,"turns":3.0},{"damage":0.0,"enemies":"Jaw Worm","floor":4.0,"turns":2.0},{"damage":0.0,"enemies":"2 Louse","floor":5.0,"turns":2.0},{"damage":6.0,"enemies":"Gremlin Nob","floor":6.0,"turns":3.0},{"damage":31.0,"enemies":"Lagavulin","floor":8.0,"turns":4.0},{"damage":16.0,"enemies":"3 Sentries","floor":10.0,"turns":6.0},{"damage":0.0,"enemies":"Large Slime","floor":12.0,"turns":3.0},{"damage":6.0,"enemies":"Red Slaver","floor":14.0,"turns":3.0},{"damage":36.0,"enemies":"The Guardian","floor":16.0,"turns":12.0},{"damage":0.0,"enemies":"Shell Parasite","floor":18.0,"turns":2.0},{"damage":1.0,"enemies":"Masked Bandits","floor":19.0,"turns":2.0},{"damage":25.0,"enemies":"Gremlin Leader","floor":24.0,"turns":5.0},{"damage":0.0,"enemies":"3 Byrds","floor":25.0,"turns":3.0},{"damage":4.0,"enemies":"Slavers","floor":27.0,"turns":3.0},{"damage":0.0,"enemies":"Automaton","floor":33.0,"turns":7.0},{"damage":0.0,"enemies":"3 Darklings","floor":35.0,"turns":2.0},{"damage":0.0,"enemies":"Orb Walker","floor":36.0,"turns":2.0},{"damage":0.0,"enemies":"Sphere and 2 Shapes","floor":41.0,"turns":3.0},{"damage":0.0,"enemies":"Reptomancer","floor":42.0,"turns":5.0},{"damage":0.0,"enemies":"Writhing Mass","floor":45.0,"turns":6.0},{"damage":0.0,"enemies":"Giant Head","floor":47.0,"turns":6.0},{"damage":0.0,"enemies":"Transient","floor":48.0,"turns":6.0},{"damage":93,"enemies":"Time Eater","floor":50,"turns":10}],"seed_played":"-4001597925367534327","potions_obtained":[{"floor":1.0,"key":"Fire Potion"},{"floor":4.0,"key":"Strength Potion"},{"floor":5.0,"key":"Explosive Potion"},{"floor":14.0,"key":"DistilledChaos"},{"floor":18.0,"key":"Fire Potion"},{"floor":19.0,"key":"GamblersBrew"},{"floor":27.0,"key":"FocusPotion"},{"floor":33.0,"key":"SmokeBomb"},{"floor":36.0,"key":"FearPotion"},{"floor":41.0,"key":"SpeedPotion"},{"floor":48.0,"key":"Weak Potion"}],"is_trial":false,"path_per_floor":["M","?","$","M","M","E","R","E","T","E","$","M","$","M","R","B",null,"M","?","?","?","$","R","E","M","T","E","R","?","R","T","R","B",null,"M","M","T","?","$","R","M","E","T","T","M","R","E","M","R","B"],"character_chosen":"DEFECT","items_purchased":["Membership Card","Blood Vial","Gash","Finesse","Beam Cell+1","Violence","Sweeping Beam+1","Rebound+1","Gash+1","Skim","Mayhem","Leap","Streamline+1","Rebound+1"],"campfire_rested":2,"item_purchase_floors":[3,3,3,3,11,11,13,13,22,22,22,39,39,39],"current_hp_per_floor":[64,64,64,66,68,64,64,35,35,21,21,23,23,19,40,6,55,57,58,58,58,58,58,35,37,37,35,56,56,56,56,56,58,68,70,71,71,71,71,71,71,71,71,71,71,71,71,71,71,0,0],"gold":248,"neow_bonus":"RANDOM_COMMON_RELIC","is_daily":false,"chose_seed":false,"campfire_upgraded":7,"win_rate":0.0,"timestamp":1611785253,"path_taken":["M","?","$","M","M","E","R","E","T","E","$","M","?","M","R","BOSS","M","?","?","?","$","R","E","M","T","E","R","?","R","?","R","BOSS","M","M","?","?","$","R","?","E","T","?","M","R","E","M","R","BOSS"],"items_purchased_type":["Relic","Relic","Card","Card","Card","Card","Card","Card","Card","Card","Card","Card","Card","Card"],"build_version":"2020-12-22","purchased_purges":4,"victory":false,"max_hp_per_floor":[71,71,71,71,71,71,71,71,71,71,71,71,71,71,71,71,71,71,71,71,71,71,71,71,71,71,71,71,71,71,71,71,71,71,71,71,71,71,71,71,71,71,71,71,71,71,71,71,71,71,71],"relic_stats":{"counters":[23,100],"CeramicFish":261,"Bag of Preparation":[46],"Orichalcum":[42],"MawBank":24,"Question Card":3,"Boot":[4],"Cables":[72,68,4,0,0],"Blood Vial":31,"Centennial Puzzle":[3],"Ornamental Fan":[196],"Bird Faced Urn":[6],"Pandora\u0027s Box":["Auto Shields","Auto Shields","FTL","Fusion","FTL","Rip and Tear","Buffer","Auto Shields"],"obtain_stats":[{"CeramicFish":8,"The Courier":43,"Bag of Preparation":0,"Omamori":10,"Orichalcum":26,"MawBank":37,"Question Card":42,"Boot":47,"Cables":6,"Blood Vial":3,"SlaversCollar":34,"DataDisk":29,"Centennial Puzzle":31,"HornCleat":27,"Ornamental Fan":24,"Bird Faced Urn":44,"Molten Egg 2":9,"Pandora\u0027s Box":17,"Red Mask":19,"Membership Card":3,"Cracked Core":0},{"CeramicFish":5,"The Courier":19,"Bag of Preparation":0,"Omamori":6,"Orichalcum":13,"MawBank":17,"Question Card":19,"Boot":21,"Cables":4,"Blood Vial":1,"SlaversCollar":15,"DataDisk":14,"Centennial Puzzle":14,"HornCleat":14,"Ornamental Fan":12,"Bird Faced Urn":19,"Molten Egg 2":5,"Pandora\u0027s Box":9,"Red Mask":11,"Membership Card":1,"Cracked Core":0},{"CeramicFish":14,"The Courier":72,"Bag of Preparation":0,"Omamori":20,"Orichalcum":50,"MawBank":64,"Question Card":72,"Boot":84,"Cables":10,"Blood Vial":3,"SlaversCollar":60,"DataDisk":53,"Centennial Puzzle":53,"HornCleat":53,"Ornamental Fan":47,"Bird Faced Urn":72,"Molten Egg 2":14,"Pandora\u0027s Box":38,"Red Mask":42,"Membership Card":3,"Cracked Core":0}]},"card_choices":[{"not_picked":["Recycle","Force Field"],"picked":"Cold Snap","floor":1.0},{"not_picked":["Undo","Redo"],"picked":"Rip and Tear","floor":4.0},{"not_picked":["Go for the Eyes","Compile Driver"],"picked":"Gash","floor":5.0},{"not_picked":["Go for the Eyes","Tempest"],"picked":"Hologram","floor":6.0},{"not_picked":["Capacitor","Hello World"],"picked":"Rebound","floor":8.0},{"not_picked":["Defragment","Biased Cognition"],"picked":"FTL+1","floor":10.0},{"not_picked":["Recycle","Leap"],"picked":"Beam Cell+1","floor":12.0},{"not_picked":["Darkness","Redo"],"picked":"FTL+1","floor":14.0},{"not_picked":["Steam","Rebound+1"],"picked":"Streamline+1","floor":18.0},{"not_picked":["Steam","Sweeping Beam+1"],"picked":"Scrape+1","floor":24.0},{"not_picked":["Ball Lightning+1","Conserve Battery"],"picked":"Buffer","floor":25.0},{"not_picked":["Biased Cognition","Force Field","Redo"],"picked":"SKIP","floor":27.0},{"not_picked":["Seek","Buffer"],"picked":"Echo Form","floor":33.0},{"not_picked":["Stack+1","Static Discharge"],"picked":"Leap+1","floor":36.0},{"not_picked":["Melter+1","Aggregate"],"picked":"Scrape+1","floor":41.0},{"not_picked":["Storm","Barrage+1","Force Field"],"picked":"SKIP","floor":42.0},{"not_picked":["Coolheaded","Compile Driver+1","Ball Lightning+1","Hello World+1"],"picked":"SKIP","floor":45.0},{"not_picked":["Conserve Battery","Meteor Strike+1","Loop+1","Fusion+1"],"picked":"SKIP","floor":47.0},{"not_picked":["Redo","Scrape+1","Capacitor+1"],"picked":"Streamline+1","floor":48.0}],"player_experience":1875466,"relics_obtained":[{"floor":6.0,"key":"Cables"},{"floor":8.0,"key":"CeramicFish"},{"floor":9.0,"key":"Molten Egg 2"},{"floor":10.0,"key":"Omamori"},{"floor":19.0,"key":"Red Mask"},{"floor":24.0,"key":"Ornamental Fan"},{"floor":26.0,"key":"Orichalcum"},{"floor":27.0,"key":"HornCleat"},{"floor":31.0,"key":"Centennial Puzzle"},{"floor":37.0,"key":"MawBank"},{"floor":42.0,"key":"Question Card"},{"floor":43.0,"key":"The Courier"},{"floor":44.0,"key":"Bird Faced Urn"},{"floor":47.0,"key":"Boot"}],"event_choices":[{"damage_healed":0.0,"max_hp_gain":0.0,"max_hp_loss":0.0,"gold_gain":275.0,"event_name":"Golden Shrine","player_choice":"Desecrate","floor":2.0,"gold_loss":0.0,"damage_taken":0.0,"cards_obtained":["Regret"]},{"damage_healed":0.0,"max_hp_gain":0.0,"max_hp_loss":0.0,"gold_gain":0.0,"event_name":"Masked Bandits","player_choice":"Fought Bandits","floor":19.0,"gold_loss":0.0,"damage_taken":0.0},{"damage_healed":0.0,"max_hp_gain":0.0,"max_hp_loss":0.0,"gold_gain":0.0,"event_name":"Ghosts","player_choice":"Ignored","floor":20.0,"gold_loss":0.0,"damage_taken":0.0},{"cards_removed":["Auto Shields"],"damage_healed":0.0,"max_hp_gain":0.0,"max_hp_loss":0.0,"gold_gain":0.0,"event_name":"Back to Basics","player_choice":"Elegance","floor":21.0,"gold_loss":0.0,"damage_taken":0.0},{"damage_healed":0.0,"max_hp_gain":0.0,"max_hp_loss":0.0,"gold_gain":0.0,"event_name":"Addict","player_choice":"Obtained Relic","floor":29.0,"gold_loss":85.0,"damage_taken":0.0,"relics_obtained":["DataDisk"]},{"cards_removed":["FTL"],"damage_healed":0.0,"max_hp_gain":0.0,"max_hp_loss":0.0,"gold_gain":0.0,"event_name":"Falling","player_choice":"Removed Attack","floor":38.0,"gold_loss":0.0,"damage_taken":0.0}],"is_beta":false,"boss_relics":[{"not_picked":["Philosopher\u0027s Stone","Ectoplasm"],"picked":"Pandora\u0027s Box"},{"not_picked":["Runic Pyramid","Velvet Choker"],"picked":"SlaversCollar"}],"items_purged_floors":[3,11,22,39],"is_endless":false,"potions_floor_spawned":[1,4,5,14,18,19,27,33,36,41,48],"killed_by":"Time Eater","ascension_level":19}}