{"host":"eeb412nj2w7f9cz8","time":1611739077,"event":{"mods":["Act Like it!","BaseMod","GungeonMod","Minty Spire (QoL Compilation)","Ryuuou¡˙Õı","StSLib"],"gold_per_floor":[112,112,126,49,73,111,129,129,211,211,227,227,246,284,284,414,414,443,26,26,52,71,110,141,56,83,83,116,1,26,44,44,164,164,235,137,137,153,153,153,1216,2261,2261,3300,3300,4321,66,1089,1089,2089,2089,2089,80,1111,2111],"floor_reached":56,"language":"ZHS","playtime":12496,"items_purged":["DemoMod:Strike_Huntress","DemoMod:Defend_Huntress"],"score":1256,"play_id":"faeba4cb-455c-4e3a-896e-a57b4996c71d","local_time":"20210127171757","is_ascension_mode":false,"campfire_choices":[{"data":"DemoMod:Desperate","floor":10.0,"key":"SMITH"},{"data":"DemoMod:FortunesFavor","floor":12.0,"key":"SMITH"},{"data":"DemoMod:TableSutra","floor":15.0,"key":"SMITH"},{"data":"DemoMod:PotionOfGunFriendShip","floor":27.0,"key":"SMITH"},{"data":"DemoMod:Slinger","floor":32.0,"key":"SMITH"},{"floor":40,"key":"RECALL"},{"data":"DemoMod:Defend_Huntress+1","floor":45,"key":"PURGE"},{"data":"DemoMod:Defend_Huntress+1","floor":49,"key":"PURGE"},{"data":"DemoMod:Defend_Huntress+1","floor":52,"key":"PURGE"}],"circlet_count":0,"master_deck":["DemoMod:Strike_Huntress+1","DemoMod:Strike_Huntress+1","DemoMod:Roll+1","DemoMod:ManualReload+1","DemoMod:RustySidearm+1","DemoMod:CrossBow+1","DemoMod:Desperate+1","DemoMod:HuntsMan+1","DemoMod:AWP+1","DemoMod:ThirdPartyController+1","DemoMod:TableSutra+1","DemoMod:PotionOfGunFriendShip+1","DemoMod:DirectionalPad+1","DemoMod:FortunesFavor+1","DemoMod:GunslingerForm+1","DemoMod:FightSabre+1","DemoMod:ConditionalReflex+1","DemoMod:FinishedGun+1","DemoMod:FeignSurrender+1","DemoMod:PracticeMakesPerfect+1","DemoMod:HungryBullets+1","DemoMod:CursedBullets+1","DemoMod:EasyReloadBullets+1","DemoMod:Slinger+1","DemoMod:SAA+1","Madness+1","Madness+1","DemoMod:ConditionalReflex+1","Ryuuou:NotRegret+1","DemoMod:CursedBullets","DemoMod:ShadowBullets","DemoMod:Spice"],"relics":["DemoMod:Dog","Golden Idol","Peace Pipe","The Courier","DemoMod:ClearGuonStone","Runic Dome","DemoMod:RedGuonStone","DemoMod:RatBoots","Whetstone","DemoMod:Plus1Bullets","Ancient Tea Set","DemoMod:Test1","Bronze Scales","DemoMod:MeltedRock","DemoMod:GlassGuonStoneRelic","DemoMod:RingOfEthereal","DemoMod:JetPack","Toy Ornithopter","DemoMod:Relodestone","PreservedInsect","DemoMod:MonsterBlood","War Paint","Regal Pillow","Lantern","DemoMod:AgedBell","Oddly Smooth Stone","DemoMod:WhiteGuonStone","Blood Vial","DemoMod:BlueGuonStone","Pantograph","StrikeDummy","Mummified Hand","Bottled Flame","DemoMod:SilverBullets","FossilizedHelix","Meat on the Bone","Potion Belt","Strawberry","Dead Branch","Cauldron","Sling","DemoMod:PoisonVial","DemoMod:Metronome","DemoMod:PinkGuonStone","Pen Nib","White Beast Statue","Vajra","Orichalcum","Bag of Preparation","Pocketwatch","DemoMod:HoleyGrail","Bag of Marbles","DemoMod:ChaffGrenade","InkBottle"],"acts_visited":["Exordium","TheCity","TheBeyond","TheEnding"],"potions_floor_usage":[41,41,41,48],"damage_taken":[{"damage":2.0,"enemies":"Small Slimes","floor":1.0,"turns":3.0},{"damage":0.0,"enemies":"2 Louse","floor":3.0,"turns":3.0},{"damage":0.0,"enemies":"Cultist","floor":5.0,"turns":2.0},{"damage":18.0,"enemies":"3 Sentries","floor":6.0,"turns":6.0},{"damage":0.0,"enemies":"Looter","floor":7.0,"turns":2.0},{"damage":0.0,"enemies":"Exordium Wildlife","floor":11.0,"turns":3.0},{"damage":0.0,"enemies":"Large Slime","floor":13.0,"turns":6.0},{"damage":22.0,"enemies":"Lagavulin","floor":14.0,"turns":6.0},{"damage":9.0,"enemies":"Hexaghost","floor":16.0,"turns":9.0},{"damage":5.0,"enemies":"3 Byrds","floor":18.0,"turns":5.0},{"damage":0.0,"enemies":"Shell Parasite","floor":21.0,"turns":5.0},{"damage":0.0,"enemies":"Shelled Parasite and Fungi","floor":22.0,"turns":6.0},{"damage":20.0,"enemies":"Slavers","floor":23.0,"turns":9.0},{"damage":30.0,"enemies":"Snake Plant","floor":24.0,"turns":7.0},{"damage":0.0,"enemies":"Book of Stabbing","floor":28.0,"turns":4.0},{"damage":0.0,"enemies":"3 Cultists","floor":30.0,"turns":3.0},{"damage":0.0,"enemies":"Snecko","floor":31.0,"turns":4.0},{"damage":0,"enemies":"Collector","floor":33,"turns":7},{"damage":0,"enemies":"3 Darklings","floor":35,"turns":5},{"damage":4,"enemies":"Orb Walker","floor":38,"turns":4},{"damage":0,"enemies":"Reptomancer","floor":41,"turns":2},{"damage":0,"enemies":"3 Darklings","floor":42,"turns":3},{"damage":26,"enemies":"4 Shapes","floor":44,"turns":3},{"damage":5,"enemies":"Maw","floor":46,"turns":3},{"damage":0,"enemies":"Jaw Worm Horde","floor":48,"turns":2},{"damage":0,"enemies":"Donu and Deca","floor":50,"turns":1},{"damage":0,"enemies":"Shield and Spear","floor":54,"turns":1},{"damage":7,"enemies":"The Heart","floor":55,"turns":3}],"seed_played":"4949775159253602004","potions_obtained":[{"floor":5.0,"key":"Energy Potion"},{"floor":6.0,"key":"SpeedPotion"},{"floor":7.0,"key":"BlessingOfTheForge"},{"floor":14.0,"key":"PowerPotion"},{"floor":16.0,"key":"SkillPotion"},{"floor":21.0,"key":"SpeedPotion"},{"floor":22.0,"key":"SpeedPotion"},{"floor":33,"key":"Ancient Potion"},{"floor":35,"key":"Weak Potion"},{"floor":38,"key":"EssenceOfSteel"},{"floor":41,"key":"Fruit Juice"},{"floor":47,"key":"LiquidBronze"},{"floor":47,"key":"Dexterity Potion"},{"floor":47,"key":"SmokeBomb"},{"floor":47,"key":"FairyPotion"},{"floor":48,"key":"SkillPotion"}],"is_trial":false,"path_per_floor":["M","?","M","$","M","E","M","?","T","R","M","R","M","E","R","B",null,"M","$","?","M","M","E","M","?","T","R","E","$","M","M","R","B",null,"M","$","?","M","?","R","E","M","T","M","R","M","$","M","R","B",null,"R","$","E","B",null],"character_chosen":"HUNTRESS","items_purchased":["DemoMod:ThirdPartyController","DemoMod:RedGuonStone","DemoMod:RatBoots","DemoMod:HungryBullets","DemoMod:CursedBullets","DemoMod:SAA","DemoMod:RingOfEthereal","DemoMod:JetPack","Toy Ornithopter","DemoMod:Relodestone","PreservedInsect","DemoMod:MonsterBlood","War Paint","Regal Pillow","Lantern","DemoMod:AgedBell","Oddly Smooth Stone","DemoMod:WhiteGuonStone","Blood Vial","DemoMod:BlueGuonStone","Pantograph","StrikeDummy","Mummified Hand","Bottled Flame","DemoMod:SilverBullets","FossilizedHelix","Meat on the Bone","Potion Belt","Strawberry","Dead Branch","Cauldron","Sling","DemoMod:PoisonVial","DemoMod:Metronome","DemoMod:PinkGuonStone","Pen Nib","White Beast Statue","Vajra","Orichalcum","DemoMod:Spice","Bag of Preparation","Pocketwatch","DemoMod:HoleyGrail","Bag of Marbles","DemoMod:ChaffGrenade"],"campfire_rested":0,"item_purchase_floors":[4,19,19,29,29,36,47,47,47,47,47,47,47,47,47,47,47,47,47,47,47,47,47,47,47,47,47,47,47,47,47,53,53,53,53,53,53,53,53,53,53,53,53,53,53],"current_hp_per_floor":[68,51,51,51,51,33,33,38,38,38,38,38,38,16,16,7,75,70,70,70,70,70,50,20,20,20,20,20,20,20,20,20,20,75,75,75,66,62,75,75,80,80,80,54,54,49,63,70,70,94,94,94,101,101,94],"gold":2111,"neow_bonus":"ONE_RANDOM_RARE_CARD","is_daily":false,"chose_seed":false,"campfire_upgraded":5,"win_rate":0.0,"timestamp":1611739077,"path_taken":["M","?","M","$","M","E","M","?","T","R","M","R","M","E","R","BOSS","M","$","?","?","M","E","M","?","T","R","E","?","M","M","R","BOSS","M","$","?","M","?","R","E","M","T","M","R","M","$","M","R","BOSS","R","$","E","BOSS"],"items_purchased_type":["Card","Relic","Relic","Card","Card","Card","Relic","Relic","Relic","Relic","Relic","Relic","Relic","Relic","Relic","Relic","Relic","Relic","Relic","Relic","Relic","Relic","Relic","Relic","Relic","Relic","Relic","Relic","Relic","Relic","Relic","Relic","Relic","Relic","Relic","Relic","Relic","Relic","Relic","Card","Relic","Relic","Relic","Relic","Relic"],"build_version":"2020-12-22","purchased_purges":2,"victory":true,"max_hp_per_floor":[70,70,70,70,70,70,70,75,75,75,75,75,75,75,75,75,75,75,75,75,75,75,75,75,75,75,75,75,75,75,75,75,75,75,75,75,75,75,75,75,80,80,80,80,80,80,94,94,94,94,94,94,101,101,99],"card_choices":[{"not_picked":["DemoMod:ConditionalReflex","DemoMod:BattleInHaste"],"picked":"DemoMod:HuntsMan","floor":1.0},{"not_picked":["DemoMod:HungryBullets","DemoMod:SniperShot"],"picked":"DemoMod:AWP","floor":3.0},{"not_picked":["DemoMod:ChanceBullets","DemoMod:BoxingGlove"],"picked":"DemoMod:TableSutra","floor":5.0},{"not_picked":["DemoMod:Unmoved","DemoMod:BattleInHaste"],"picked":"DemoMod:PotionOfGunFriendShip","floor":6.0},{"not_picked":["DemoMod:CombinedRifle","DemoMod:Unmoved"],"picked":"DemoMod:DirectionalPad","floor":7.0},{"not_picked":["DemoMod:Ejector","DemoMod:Unmoved"],"picked":"DemoMod:FortunesFavor","floor":11.0},{"not_picked":["DemoMod:Unmoved","DemoMod:ConditionalReflex"],"picked":"DemoMod:GunslingerForm","floor":13.0},{"not_picked":["DemoMod:JK47","DemoMod:BoxingGlove","DemoMod:HighKaliber"],"picked":"SKIP","floor":13.0},{"not_picked":["DemoMod:PotionOfGunFriendShip","DemoMod:HungryBullets","DemoMod:BattleInHaste"],"picked":"SKIP","floor":14.0},{"not_picked":["DemoMod:DoubleVision","DemoMod:GunslingerForm"],"picked":"DemoMod:FightSabre","floor":16.0},{"not_picked":["DemoMod:Ejector","DemoMod:FastSwitch","DemoMod:DoubleSwitch"],"picked":"SKIP","floor":18.0},{"not_picked":["DemoMod:ConditionalReflex","DemoMod:FullFirepower","DemoMod:HardPowerCard"],"picked":"SKIP","floor":21.0},{"not_picked":["DemoMod:FullFirepower","DemoMod:HardPowerCard"],"picked":"DemoMod:ConditionalReflex","floor":21.0},{"not_picked":["DemoMod:MachoBrace+1","DemoMod:BoxingGlove","DemoMod:HardPowerCard+1"],"picked":"SKIP","floor":22.0},{"not_picked":["DemoMod:DoubleSwitch+1","DemoMod:HighKaliber"],"picked":"DemoMod:FinishedGun","floor":23.0},{"not_picked":["DemoMod:GunstockTap","DemoMod:Unity"],"picked":"DemoMod:FeignSurrender","floor":24.0},{"not_picked":["DemoMod:DoubleSwitch","DemoMod:JK47"],"picked":"DemoMod:PracticeMakesPerfect","floor":28.0},{"not_picked":["DemoMod:DirectionalPad+1","DemoMod:AbyssalTentacle+1"],"picked":"DemoMod:EasyReloadBullets+1","floor":30.0},{"not_picked":["DemoMod:DirectionalPad","DemoMod:SkilledReload"],"picked":"DemoMod:Slinger","floor":31.0},{"not_picked":["DemoMod:StickyCrossBow+1","DemoMod:DirectionalPad","DemoMod:DoubleSwitch"],"picked":"SKIP","floor":35},{"not_picked":["DemoMod:Purify+1","DemoMod:HardPowerCard"],"picked":"DemoMod:ConditionalReflex+1","floor":38},{"not_picked":["DemoMod:LifeOrb+1","DemoMod:Ejector"],"picked":"DemoMod:CursedBullets","floor":41},{"not_picked":["DemoMod:SkilledReload","DemoMod:JK47+1","DemoMod:Ejector+1"],"picked":"SKIP","floor":42},{"not_picked":["DemoMod:BattleInHaste","DemoMod:ConditionalReflex"],"picked":"DemoMod:ShadowBullets","floor":44},{"not_picked":["DemoMod:PracticeMakesPerfect+1","DemoMod:HardPowerCard","DemoMod:StickyCrossBow+1"],"picked":"SKIP","floor":46},{"not_picked":["DemoMod:EasyReloadBullets","DemoMod:HardPowerCard+1","DemoMod:ShadowBullets+1"],"picked":"SKIP","floor":48},{"not_picked":["DemoMod:FastSwitch+1","DemoMod:HighKaliber+1","DemoMod:MachoBrace"],"picked":"SKIP","floor":54}],"player_experience":88463,"relics_obtained":[{"floor":6.0,"key":"Peace Pipe"},{"floor":9.0,"key":"The Courier"},{"floor":14.0,"key":"DemoMod:ClearGuonStone"},{"floor":23.0,"key":"DemoMod:WeirdEgg"},{"floor":28.0,"key":"Ancient Tea Set"},{"floor":41,"key":"Bronze Scales"},{"floor":43,"key":"DemoMod:MeltedRock"},{"floor":54,"key":"InkBottle"}],"event_choices":[{"damage_healed":0.0,"max_hp_gain":0.0,"max_hp_loss":0.0,"gold_gain":0.0,"event_name":"Golden Idol","player_choice":"Take Damage","floor":2.0,"gold_loss":0.0,"damage_taken":17.0,"relics_obtained":["Golden Idol"]},{"damage_healed":0.0,"max_hp_gain":5.0,"max_hp_loss":0.0,"gold_gain":0.0,"event_name":"Big Fish","player_choice":"Donut","floor":8.0,"gold_loss":0.0,"damage_taken":0.0},{"damage_healed":0.0,"max_hp_gain":0.0,"max_hp_loss":0.0,"gold_gain":0.0,"event_name":"N\u0027loth","player_choice":"Ignored","floor":20.0,"gold_loss":0.0,"damage_taken":0.0},{"damage_healed":0.0,"max_hp_gain":0.0,"max_hp_loss":0.0,"gold_gain":0.0,"event_name":"Addict","player_choice":"Obtained Relic","floor":25.0,"gold_loss":85.0,"damage_taken":0.0,"relics_obtained":["DemoMod:Plus1Bullets"]},{"damage_healed":0,"gold_gain":0,"player_choice":"Embrace Madness","damage_taken":9,"max_hp_gain":0,"max_hp_loss":0,"event_name":"Winding Halls","floor":37,"gold_loss":0,"cards_obtained":["Madness","Madness"]}],"is_beta":false,"boss_relics":[{"not_picked":["Empty Cage","DemoMod:ElasticCartridgeClip"],"picked":"Runic Dome"},{"not_picked":["Cursed Key","Velvet Choker"],"picked":"DemoMod:Test1"}],"items_purged_floors":[19,36],"is_endless":false,"potions_floor_spawned":[5,6,7,14,16,21,22,33,35,38,41,48,54],"ascension_level":0}}