{"host":"0mk07bycsqo1qk03","time":1611764466,"event":{"mods":["BaseMod","Downfall","Hermit","Hubris","Minty Spire (QoL Compilation)","Replay The Spire","StSLib","The Cursed"],"gold_per_floor":[99,117,23,43,56,75,122,122,122,153,153,153,172,198,212,307,307,207,220,50,50,78,121,147,147,147,147,147],"floor_reached":26,"language":"ENG","playtime":1760,"items_purged":["Pain"],"score":287,"play_id":"0aa3b6be-3290-4b3b-b4a6-b027ddae2687","local_time":"20210127172106","is_ascension_mode":true,"campfire_choices":[{"data":"hexamod:Sear","floor":1.0,"key":"SMITH"},{"data":"hexamod:TurnItUp","floor":9.0,"key":"SMITH"},{"floor":12.0,"key":"REST"},{"data":"hexamod:ExtraCrispy","floor":18,"key":"SMITH"}],"circlet_count":0,"master_deck":["hexamod:Strike","hexamod:Strike","hexamod:Strike","hexamod:Strike","hexamod:Defend","hexamod:Defend","hexamod:Defend","hexamod:Sear+1","hexamod:Float","hexamod:GhostflameBarrier","hexamod:ExtraCrispy+1","hexamod:TurnItUp+1","hexamod:SpectralSpark","hexamod:PowerFromBeyond","hexamod:StepThrough","hexamod:GhostOfSpireFuture+1","hexamod:Hexaguard","hexamod:TurnItUp","hexamod:ChargedBarrage","hexamod:FifthSeal","hexamod:SixthSeal","hexamod:RetreatToShadows+1","hexamod:SecondSeal","hexamod:ThermalTransfer","hexamod:SpectralAdrenaline","hexamod:ThirdSeal","hexamod:GhostShield","hexamod:AdvancingGuard"],"relics":["hexamod:SpiritBrand","Anchor","Toy Ornithopter","WarpedTongs","Bag of Marbles","Cursed Key","downfall:HeartBlessingGreen","ReplayTheSpireMod:Ninjato","Replay:Baseball"],"acts_visited":["Exordium","TheCity"],"potions_floor_usage":[13,14,16,23,26],"damage_taken":[{"damage":0.0,"enemies":"Cultist","floor":2.0,"turns":3.0},{"damage":0.0,"enemies":"downfall:FleeingMerchant","floor":3.0,"turns":4.0},{"damage":0.0,"enemies":"2 Louse","floor":4.0,"turns":4.0},{"damage":2.0,"enemies":"Jaw Worm","floor":5.0,"turns":3.0},{"damage":18.0,"enemies":"Exordium Thugs","floor":6.0,"turns":7.0},{"damage":17.0,"enemies":"3 Sentries","floor":10.0,"turns":8.0},{"damage":5,"enemies":"Exordium Wildlife","floor":13,"turns":3},{"damage":12,"enemies":"Lagavulin","floor":14,"turns":8},{"damage":1,"enemies":"2 Fungi Beasts","floor":15,"turns":4},{"damage":31,"enemies":"WA_ARCHETYPE_RETAIN","floor":16,"turns":7},{"damage":37,"enemies":"3 Byrds","floor":19,"turns":4},{"damage":1,"enemies":"downfall:FleeingMerchant","floor":20,"turns":4},{"damage":21,"enemies":"Shelled Parasite and Fungi","floor":22,"turns":6},{"damage":18,"enemies":"Gremlin Leader","floor":23,"turns":7},{"damage":18,"enemies":"Snecko","floor":26,"turns":6}],"seed_played":"900219489674534996","potions_obtained":[{"floor":2.0,"key":"Ancient Potion"},{"floor":4.0,"key":"Explosive Potion"},{"floor":6.0,"key":"Elixir"},{"floor":15,"key":"PowerPotion"},{"floor":16,"key":"sneckomod:MuddlingPotion"},{"floor":22,"key":"DuplicationPotion"}],"is_trial":false,"path_per_floor":["R","M","$","M","M","M","T","?","R","E","?","R","M","E","M","B",null,"R","M","$","?","M","E","T","?","M"],"character_chosen":"THE_SPIRIT","items_purchased":["hexamod:TurnItUp","hexamod:SpectralAdrenaline"],"campfire_rested":1,"item_purchase_floors":[3,20],"current_hp_per_floor":[77,77,77,77,75,57,57,57,57,40,40,63,63,56,55,29,77,77,40,39,39,18,5,5,5,0,0,0],"gold":147,"neow_bonus":"TEN_PERCENT_HP_BONUS","is_daily":false,"chose_seed":false,"campfire_upgraded":3,"win_rate":0.0,"timestamp":1611764466,"path_taken":["R","M","$","M","?","M","T","?","R","E","?","R","?","E","M","BOSS","R","M","$","?","M","E","T","?","M"],"items_purchased_type":["Card","Card"],"build_version":"2020-12-22","purchased_purges":1,"victory":false,"max_hp_per_floor":[77,77,77,77,77,77,77,77,77,77,77,77,77,77,77,77,77,77,77,77,77,77,77,77,77,77,77,77],"card_choices":[{"not_picked":["hexamod:FourthSeal","hexamod:Again"],"picked":"hexamod:GhostflameBarrier","floor":2.0},{"not_picked":["hexamod:NightmareGuise","hexamod:AdvancingGuard"],"picked":"hexamod:ExtraCrispy","floor":3.0},{"not_picked":["hexamod:SpectersWail","hexamod:BacktrackSmack"],"picked":"hexamod:SpectralSpark","floor":4.0},{"not_picked":["hexamod:NightmareGuise","hexamod:HauntingEcho"],"picked":"hexamod:PowerFromBeyond","floor":5.0},{"not_picked":["hexamod:NightmareStrike","hexamod:GhostOfSpirePast"],"picked":"hexamod:StepThrough","floor":6.0},{"not_picked":["hexamod:HeatCrush","hexamod:GhostOfSpirePast"],"picked":"hexamod:GhostOfSpireFuture","floor":10.0},{"not_picked":["hexamod:Incineration","hexamod:InspiringFlames"],"picked":"hexamod:Hexaguard","floor":13},{"not_picked":["hexamod:SpectralAdrenaline","hexamod:GhostOfSpirePast"],"picked":"hexamod:TurnItUp","floor":14},{"not_picked":["hexamod:GhostflameBarrier","hexamod:PhantomCloak"],"picked":"hexamod:ChargedBarrage","floor":15},{"not_picked":["hexamod:Toasty","hexamod:GiftsFromTheDead"],"picked":"hexamod:FifthSeal","floor":16},{"not_picked":["hexamod:FirstSeal","hexamod:FourthSeal"],"picked":"hexamod:SixthSeal","floor":19},{"not_picked":["hexamod:SpectersWail","hexamod:BurningTouch"],"picked":"hexamod:RetreatToShadows","floor":19},{"not_picked":["hexamod:FourthSeal","hexamod:ThirdSeal"],"picked":"hexamod:SecondSeal","floor":20},{"not_picked":["hexamod:Firestarter","hexamod:EmpoweredFlame"],"picked":"hexamod:ThermalTransfer","floor":20},{"not_picked":["hexamod:SixthSeal","hexamod:SecondSeal"],"picked":"hexamod:ThirdSeal","floor":22},{"not_picked":["hexamod:PowerFromBeyond","hexamod:InspiringFlames"],"picked":"hexamod:GhostShield","floor":22},{"not_picked":["hexamod:Haunt","hexamod:GiftsFromTheDead"],"picked":"hexamod:AdvancingGuard","floor":23}],"player_experience":978751,"relics_obtained":[{"floor":7.0,"key":"Anchor"},{"floor":10.0,"key":"Toy Ornithopter"},{"floor":14,"key":"Bag of Marbles"},{"floor":23,"key":"ReplayTheSpireMod:Ninjato"},{"floor":24,"key":"Replay:Baseball"}],"event_choices":[{"cards_removed":["hexamod:Defend"],"damage_healed":0.0,"max_hp_gain":0.0,"max_hp_loss":0.0,"gold_gain":0.0,"event_name":"The Cleric","player_choice":"Card Removal","floor":8.0,"gold_loss":0.0,"damage_taken":0.0},{"damage_healed":0.0,"max_hp_gain":0.0,"max_hp_loss":0.0,"gold_gain":0.0,"event_name":"Accursed Blacksmith","player_choice":"Rummage","floor":11.0,"gold_loss":0.0,"damage_taken":0.0,"relics_obtained":["WarpedTongs"],"cards_obtained":["Pain"]}],"is_beta":false,"boss_relics":[{"not_picked":["SlaversCollar","Coffee Dripper"],"picked":"Cursed Key"}],"items_purged_floors":[20],"is_endless":false,"potions_floor_spawned":[2,4,6,15,16,22],"killed_by":"Snecko","ascension_level":2}}