{"host":"roto7j7840a50pxh","time":1611732785,"event":{"mods":["Act Like it!","BaseMod","Better Altar","Better Note","Better Sensory Stone","Better Skull","Better Third Choice","BetterRewards","Colored Map","Colored Powertips","Downfall","Hermit","Highlight Path","Hubris","Infinite Spire","Minty Spire (QoL Compilation)","Replay The Spire","Robot Space Explorer","Shade Mod","Spicy Shops","StSLib","The Cursed","The Dragon Tamer","The Hierophant","The Necromancer","The Runesmith","The Servant 0.9.4","TheVacant"],"gold_per_floor":[110,130,146,161,161,192,192,207,234,265,265,278,297,327,327,426,426,436,455,465,342,352,380,380,412,439,399,674,674,707,721,721,821,821,840,857,857,907,922,922,947,1150,1195,1195,575,575,624,641,641,641],"floor_reached":51,"language":"ENG","playtime":6823,"items_purged":["hermit:Desperado+1"],"score":1102,"play_id":"4510cff1-6710-4003-97a7-e662fefb2afe","local_time":"20210127023305","is_ascension_mode":true,"campfire_choices":[{"data":"hermit:Maintenance","floor":7,"key":"SMITH"},{"data":"hermit:Midnight","floor":11,"key":"SMITH"},{"data":"hermit:Gestalt","floor":15,"key":"SMITH"},{"floor":24,"key":"REST"},{"floor":32,"key":"REST"},{"data":"hermit:Reprieve","floor":40,"key":"SMITH"},{"data":"hermit:Dissolve","floor":49,"key":"SMITH"}],"circlet_count":0,"master_deck":["hermit:Strike_Hermit","hermit:Strike_Hermit","hermit:Strike_Hermit","hermit:Strike_Hermit","hermit:Defend_Hermit","hermit:Defend_Hermit","hermit:Defend_Hermit","hermit:Defend_Hermit","hermit:Covet","hermit:Quickdraw+1","hermit:PistolWhip","hermit:Ricochet","hermit:Glare","hermit:FlashPowder","hermit:FlashPowder","hermit:Spite","hermit:Quickdraw","hermit:GhostlyPresence","Dark Shackles","Metamorphosis","hermit:Vantage","hermit:Maintenance+1","hermit:Feint","hermit:Dive","hermit:Reprieve+1","hermit:Midnight+1","hermit:Gestalt+1","hermit:Glare","hermit:WideOpen","hermit:SprayPray","hermit:Purgatory","hermit:FatalDesire","hermit:SprayPray+1","hermit:Deadeye","hermit:ShadowCloak+1","hermit:LowProfile","hermit:Combo+1","hermit:Ricochet+1","hermit:Manifest","hermit:Dive+1","hermit:Shortfuse","hermit:LowProfile+1","hermit:Dissolve+1","hermit:Virtue+1","hermit:Feint+1","downfall:Aged","infinitespire:NeuralNetwork","hermit:Manifest","hermit:CalledShot+1","hermit:LoneWolf","hermit:Glare+1","hermit:ShadowCloak","hermit:Gambit","hermit:Virtue+1","hermit:Glare+1"],"relics":["hermit:Momento","Membership Card","BargainBundle","hubris:BundleOfHerbs","Tiny Chest","Replay:Ringing Soul","Omamori","Juzu Bracelet","Whetstone","Simple Rune","Replay:Accelerometer","Akabeko","Coffee Dripper","hubris:MedicalManual","ReplayTheSpireMod:TigerMarble","infinitespire:Lucky Rock","infinitespire:EmpoweringShard","Boot","Cauldron","Potion Belt","hermit:Horseshoe","Molten Egg 2","infinitespire:CursedDice"],"acts_visited":["Exordium","TheCity","TheBeyond"],"potions_floor_usage":[1,6,10,12,14,19,20,23,25,30,33,36,39,41,47,47,48,50,50,50,50,50],"damage_taken":[{"damage":13,"enemies":"infinitespire:Voidling","floor":1,"turns":5},{"damage":0,"enemies":"Jaw Worm","floor":2,"turns":1},{"damage":0,"enemies":"Cultist","floor":3,"turns":3},{"damage":3,"enemies":"Exordium Thugs","floor":4,"turns":6},{"damage":4,"enemies":"Gremlin Nob","floor":6,"turns":4},{"damage":7,"enemies":"3 Louse","floor":8,"turns":3},{"damage":0,"enemies":"Replay:BlueRogue","floor":10,"turns":6},{"damage":8,"enemies":"Large Slime","floor":12,"turns":5},{"damage":0,"enemies":"Looter","floor":13,"turns":2},{"damage":15,"enemies":"3 Sentries","floor":14,"turns":8},{"damage":23,"enemies":"Hexaghost","floor":16,"turns":15},{"damage":0,"enemies":"3 Byrds","floor":18,"turns":6},{"damage":8,"enemies":"Chosen","floor":19,"turns":3},{"damage":4,"enemies":"Snake Plant","floor":20,"turns":5},{"damage":36,"enemies":"Shelled Parasite and Fungi","floor":22,"turns":8},{"damage":37,"enemies":"Slavers","floor":23,"turns":3},{"damage":10,"enemies":"Replay:Snechameleon","floor":25,"turns":15},{"damage":55,"enemies":"Slavers","floor":30,"turns":6},{"damage":3,"enemies":"Centurion and Healer","floor":31,"turns":8},{"damage":23,"enemies":"Champ","floor":33,"turns":14},{"damage":15,"enemies":"3 Shapes","floor":35,"turns":13},{"damage":10,"enemies":"Orb Walker","floor":36,"turns":4},{"damage":5,"enemies":"Mind Bloom Boss Battle","floor":38,"turns":10},{"damage":7,"enemies":"Jaw Worm Horde","floor":39,"turns":7},{"damage":7,"enemies":"Nemesis","floor":41,"turns":9},{"damage":20,"enemies":"2 Orb Walkers","floor":47,"turns":7},{"damage":6,"enemies":"Transient","floor":48,"turns":5},{"damage":68,"enemies":"Replay:Hell Engine","floor":50,"turns":21}],"seed_played":"2934950919354571312","potions_obtained":[{"floor":1,"key":"Fire Potion"},{"floor":2,"key":"Block Potion"},{"floor":8,"key":"hexamod:SoulburnPotion"},{"floor":10,"key":"sneckomod:MuddlingPotion"},{"floor":16,"key":"Elixir"},{"floor":19,"key":"Languid Potion"},{"floor":22,"key":"SpeedPotion"},{"floor":23,"key":"DistilledChaos"},{"floor":31,"key":"EssenceOfSteel"},{"floor":35,"key":"Adrenaline Potion"},{"floor":36,"key":"infinitespire:BlackPotion"},{"floor":39,"key":"Death Potion"},{"floor":45,"key":"hermit:Tonic"},{"floor":45,"key":"bronze:BurnAndBuffPotion"},{"floor":45,"key":"SteroidPotion"},{"floor":48,"key":"BlessingOfTheForge"}],"is_trial":false,"path_per_floor":["M","M","M","M","?","E","R","M","T","E","R","M","M","E","R","B",null,"M","M","M","$","M","E","R","E","T","?","?","T","E","M","R","B",null,"M","M","?","?","M","R","E","?","T","T","$","T","?","M","R","B",null],"character_chosen":"HERMIT","items_purchased":["Membership Card","hermit:Quickdraw+1","hermit:PistolWhip","hermit:Ricochet","hermit:Glare","hermit:FlashPowder","BargainBundle","hermit:Spite","hermit:Quickdraw","hermit:GhostlyPresence","Dark Shackles","Metamorphosis","Swift Potion","SpeedPotion","SteroidPotion","hermit:Determination","sneckomod:MuddlingPotion","hermit:LowProfile","hermit:Combo","hermit:ShadowCloak","Dexterity Potion","hermit:Gambit","Boot","Cauldron","Potion Belt","champ:CounterPotion","Explosive Potion","hermit:Horseshoe"],"campfire_rested":2,"item_purchase_floors":[0,0,0,0,0,0,0,0,0,0,0,0,0,0,0,0,0,21,21,45,45,45,45,45,45,45,45,45],"current_hp_per_floor":[33,33,33,30,75,71,71,64,64,67,67,62,65,61,61,41,78,81,76,75,78,70,40,72,65,65,65,65,65,13,13,48,36,99,87,80,83,81,77,77,73,76,76,76,79,79,89,86,86,22],"gold":641,"neow_bonus":"","is_daily":false,"chose_seed":false,"campfire_upgraded":5,"win_rate":0.0,"timestamp":1611732785,"path_taken":["M","?","M","M","?","E","R","M","T","E","R","?","M","E","R","BOSS","M","M","M","$","M","E","R","E","T","?","?","?","E","M","R","BOSS","M","M","?","?","M","R","E","?","T","?","$","?","?","M","R","BOSS"],"items_purchased_type":["Relic","Card","Card","Card","Card","Card","Relic","Card","Card","Card","Card","Card","Potion","Potion","Potion","Card","Potion","Card","Card","Card","Potion","Card","Relic","Relic","Relic","Potion","Potion","Relic"],"build_version":"2020-12-22","purchased_purges":1,"victory":true,"max_hp_per_floor":[75,75,75,75,75,75,75,75,75,78,78,81,84,87,87,90,90,93,96,99,102,105,108,108,111,111,111,111,111,114,117,117,120,120,123,126,129,132,135,135,138,141,141,141,144,144,147,150,150,150],"card_choices":[{"not_picked":["hermit:Horror","hermit:Midnight"],"picked":"hermit:Maintenance","floor":1},{"not_picked":["hermit:ItchyTrigger","hermit:Ricochet"],"picked":"hermit:Feint","floor":2},{"not_picked":["hermit:HighCaliber","hermit:CursedWeapon"],"picked":"hermit:Dive","floor":3},{"not_picked":["hermit:HoleUp","hermit:Malice"],"picked":"hermit:Reprieve","floor":4},{"not_picked":["hermit:CursedWeapon","hermit:Cheat"],"picked":"hermit:Midnight","floor":6},{"not_picked":["hermit:Glare","hermit:Ricochet"],"picked":"hermit:Gestalt","floor":8},{"not_picked":["hermit:DeadMansHand","hermit:Coalescence"],"picked":"hermit:Glare","floor":10},{"not_picked":["hermit:Ricochet","hermit:HighCaliber"],"picked":"hermit:WideOpen","floor":12},{"not_picked":["hermit:WideOpen","hermit:HoleUp"],"picked":"hermit:SprayPray","floor":13},{"not_picked":["hermit:GhostlyPresence","hermit:FlashPowder"],"picked":"hermit:Purgatory","floor":14},{"not_picked":["hermit:Magnum","hermit:DeadOrAlive"],"picked":"hermit:FatalDesire","floor":16},{"not_picked":["hermit:DeadMansHand+1","hermit:LoneWolf"],"picked":"hermit:SprayPray+1","floor":18},{"not_picked":["hermit:Vantage+1","hermit:PistolWhip+1"],"picked":"hermit:Deadeye","floor":19},{"not_picked":["hermit:CalledShot","hermit:Manifest"],"picked":"hermit:ShadowCloak+1","floor":20},{"not_picked":["hermit:FullyLoaded","hermit:WideOpen+1"],"picked":"hermit:Ricochet","floor":22},{"not_picked":["hermit:Brawl","hermit:HoleUp"],"picked":"hermit:Manifest","floor":23},{"not_picked":["hermit:NoHoldsBarred","hermit:FullyLoaded"],"picked":"hermit:Dive+1","floor":25},{"not_picked":["hermit:Midnight","hermit:Coalescence"],"picked":"hermit:Shortfuse","floor":30},{"not_picked":["hermit:ItchyTrigger+1","hermit:TrackingShot+1"],"picked":"hermit:LowProfile+1","floor":31},{"not_picked":["hermit:RoundhouseKick","hermit:Gambit"],"picked":"hermit:Dissolve","floor":33},{"not_picked":["hermit:DeadMansHand+1","hermit:Headshot+1"],"picked":"hermit:Virtue+1","floor":35},{"not_picked":["hermit:PistolWhip","hermit:Snipe"],"picked":"hermit:Feint+1","floor":36},{"not_picked":["infinitespire:Oblivion","infinitespire:DeathsTouch"],"picked":"infinitespire:NeuralNetwork","floor":37},{"not_picked":["hermit:Brawl","hermit:Snipe"],"picked":"hermit:Manifest","floor":38},{"not_picked":["hermit:WideOpen+1","hermit:Misfire"],"picked":"hermit:CalledShot+1","floor":39},{"not_picked":["hermit:ItchyTrigger+1","hermit:Horror+1"],"picked":"hermit:LoneWolf","floor":41},{"not_picked":["hermit:HoleUp+1","hermit:Coalescence+1"],"picked":"hermit:Glare+1","floor":42},{"not_picked":["hermit:Desperado+1","hermit:CalledShot+1"],"picked":"hermit:Virtue+1","floor":47},{"not_picked":["hermit:CursedWeapon+1","hermit:Coalescence"],"picked":"hermit:Glare+1","floor":48}],"player_experience":1669000,"relics_obtained":[{"floor":6,"key":"hubris:BundleOfHerbs"},{"floor":9,"key":"Tiny Chest"},{"floor":10,"key":"Replay:Ringing Soul"},{"floor":14,"key":"Omamori"},{"floor":23,"key":"Juzu Bracelet"},{"floor":25,"key":"Whetstone"},{"floor":26,"key":"Simple Rune"},{"floor":29,"key":"Replay:Accelerometer"},{"floor":30,"key":"Akabeko"},{"floor":38,"key":"hubris:MedicalManual"},{"floor":41,"key":"ReplayTheSpireMod:TigerMarble"},{"floor":43,"key":"infinitespire:Lucky Rock"},{"floor":44,"key":"infinitespire:EmpoweringShard"},{"floor":46,"key":"Molten Egg 2"},{"floor":47,"key":"infinitespire:CursedDice"}],"event_choices":[{"cards_removed":["hermit:Determination"],"damage_healed":45,"gold_gain":0,"player_choice":"Offered Uncommon","damage_taken":0,"max_hp_gain":0,"max_hp_loss":0,"event_name":"Bonfire Elementals","floor":5,"gold_loss":0},{"damage_healed":0,"gold_gain":0,"player_choice":"Upgrade","damage_taken":0,"max_hp_gain":0,"max_hp_loss":0,"event_name":"Designer","floor":27,"gold_loss":40,"cards_upgraded":["hermit:Combo"]},{"damage_healed":0,"gold_gain":275,"player_choice":"Desecrate","damage_taken":0,"max_hp_gain":0,"max_hp_loss":0,"event_name":"Golden Shrine","floor":28,"gold_loss":0,"cards_obtained":["Regret"]},{"damage_healed":0,"gold_gain":0,"player_choice":"Fight","damage_taken":0,"max_hp_gain":0,"max_hp_loss":0,"event_name":"MindBloom","floor":38,"gold_loss":0},{"damage_healed":0,"gold_gain":0,"player_choice":"Fight","damage_taken":0,"max_hp_gain":0,"max_hp_loss":0,"event_name":"Mysterious Sphere","floor":47,"gold_loss":0}],"is_beta":false,"boss_relics":[{"not_picked":["infinitespire:Cupcake","Runesmith:UraniumAnvil","Runic Dome"]},{"not_picked":["hubris:TerracottaHorce","Pandora\u0027s Box"],"picked":"Coffee Dripper"}],"items_purged_floors":[45],"is_endless":false,"potions_floor_spawned":[1,2,3,8,10,16,19,22,23,31,35,36,39,48],"ascension_level":6}}