{"host":"1rf9pknejqhzkc4o","time":1611785814,"event":{"mods":["A Penny For Your Troubles","Aspiration","BaseMod","Better Altar","Better Match","Better Note","Better Sensory Stone","Better Skull","Better Third Choice","Colored Map","Colored Powertips","Communication Mod","Conspire","Curses Come First","Displayed Cursed Tome","Energized Spire","Hubris","Infinite Spire","Ironclad Rager","Minty Spire (QoL Compilation)","Quick Restart","RNG Fix","Rare Cards Sparkle","Relic Stats","Reliquary","Replay The Spire","Retaliation","Spicy Shops","StS++","StSLib","The Blue Laboratory","Trackpad"],"gold_per_floor":[0,10,10,10,10,10,44,44,44,56,56,67,67,67,67,170,170,185,185,203,227,227,241,318,318,318,330,330,330,412,412,412,595,595,621,621,649,649,649,603,603],"floor_reached":40,"language":"ENG","playtime":1011,"items_purged":[],"score":445,"play_id":"adbfa963-e7a2-44c1-be36-e97e911c96fb","local_time":"20210128011654","daily_mods":["Heirloom","Time Dilation","Diverse","Colorless Cards"],"is_ascension_mode":false,"campfire_choices":[{"data":"Echo Form","floor":6.0,"key":"SMITH"},{"floor":11.0,"key":"REST"},{"floor":15.0,"key":"DIG"},{"floor":25.0,"key":"DIG"},{"floor":29.0,"key":"DIG"},{"floor":32.0,"key":"DIG"}],"circlet_count":0,"master_deck":["Strike_R","Strike_G","Strike_B","hubris:Strike_Merchant","Defend_R","Defend_G","Defend_B","hubris:Defend_Merchant","hubris:MerchantsHand","Demon Form","Wraith Form v2+1","Echo Form+1","DevaForm+1","Replay:Parry+1","StSpp:TimeDodge","Decay","Outmaneuver","StSpp:Sprint","Replay:BluntJabs","Turbo+1","StSpp:Succumb","Poisoned Stab","Ball Lightning","Survey Options","Turbo","Bandage Up+1","Tools of the Trade","Flash of Steel","StSpp:PoisonousPunch","SignatureMove","conspire:Banana","Double Tap","Twin Strike","Swift Strike","Go for the Eyes+1","Endless Agony","Parasite"],"relics":["Smiling Mask","hubris:NiceRug","trackpad:ToughGloves","Shovel","reliquary:PurpleTingedLeaf","NeowsBlessing","NeowsBlessing","hubris:MobiusCoin","trackpad:Coffee","Prayer Wheel","NeowsBlessing","NeowsBlessing","conspire:DeflatedDodgeball","MealTicket","Mercury Hourglass","infinitespire:PuzzleCube","trackpad:Compendium","infinitespire:Satchel","infinitespire:EvilPickle","hubris:CrackedHourglass"],"acts_visited":["Exordium","TheCity","TheBeyond"],"potions_floor_usage":[40,40,40],"damage_taken":[{"damage":16.0,"enemies":"2 Louse","floor":2.0,"turns":4.0},{"damage":21.0,"enemies":"Gremlin Nob","floor":7.0,"turns":6.0},{"damage":12.0,"enemies":"Jaw Worm","floor":10.0,"turns":4.0},{"damage":9.0,"enemies":"Small Slimes","floor":12.0,"turns":5.0},{"damage":26.0,"enemies":"The Guardian","floor":16.0,"turns":3.0},{"damage":0.0,"enemies":"Shell Parasite","floor":18.0,"turns":4.0},{"damage":0.0,"enemies":"3 Byrds","floor":20.0,"turns":2.0},{"damage":0.0,"enemies":"Centurion and Healer","floor":21.0,"turns":1.0},{"damage":0.0,"enemies":"Chosen and Byrds","floor":23.0,"turns":1.0},{"damage":0.0,"enemies":"Nightmare","floor":24.0,"turns":2.0},{"damage":0.0,"enemies":"Snecko","floor":27.0,"turns":1.0},{"damage":0.0,"enemies":"Gremlin Leader","floor":30.0,"turns":1.0},{"damage":0.0,"enemies":"Pondfish","floor":33.0,"turns":1.0},{"damage":45.0,"enemies":"3 Darklings","floor":35.0,"turns":6.0},{"damage":5.0,"enemies":"Orb Walker","floor":37.0,"turns":5.0},{"damage":81,"enemies":"Writhing Mass","floor":40,"turns":7}],"seed_played":"-5194716039196996525","potions_obtained":[{"floor":16.0,"key":"blueLaboratory:CorrosionFlask"},{"floor":18.0,"key":"Languid Potion"},{"floor":20.0,"key":"blueLaboratory:TrueEctoplasm"},{"floor":33.0,"key":"PowerPotion"},{"floor":35.0,"key":"SkillPotion"}],"is_trial":true,"path_per_floor":["?","M","WH","$","?","R","E","?","T","M","R","M","WH","WH","R","B",null,"M","WH","M","M","WH","M","NM","R","T","M","$","R","E","WH","R","B",null,"M","$","M","WH","WH","M"],"character_chosen":"IRONCLAD","items_purchased":[],"campfire_rested":1,"item_purchase_floors":[],"current_hp_per_floor":[75,59,59,59,59,59,38,38,38,27,49,41,41,41,41,15,75,75,75,75,75,75,75,75,75,75,75,75,75,75,75,75,75,75,38,53,61,61,61,0,0],"gold":603,"neow_bonus":"THREE_ENEMY_KILL","is_daily":false,"chose_seed":true,"campfire_upgraded":1,"win_rate":0.0,"timestamp":1611785814,"path_taken":["?","?","WH","$","?","R","E","?","T","M","R","M","WH","WH","R","BOSS","M","WH","M","M","WH","M","NM","R","T","M","$","R","E","WH","R","BOSS","M","$","M","WH","WH","M"],"items_purchased_type":[],"build_version":"2020-12-22","purchased_purges":0,"victory":false,"max_hp_per_floor":[75,75,75,75,75,75,75,75,75,75,75,75,75,75,75,75,75,75,75,75,75,75,75,75,75,75,75,75,75,75,75,75,75,75,76,76,77,77,77,77,77],"relic_stats":{"Shovel":4,"counters":[16,53],"Prayer Wheel":7,"MealTicket":15,"Smiling Mask":0,"obtain_stats":[{"hubris:MobiusCoin":15,"NeowsBlessing":13,"Smiling Mask":0,"Mercury Hourglass":26,"trackpad:Coffee":17,"infinitespire:EvilPickle":33,"trackpad:ToughGloves":0,"Shovel":7,"infinitespire:Satchel":32,"Prayer Wheel":18,"MealTicket":25,"trackpad:Compendium":30,"conspire:DeflatedDodgeball":24,"hubris:CrackedHourglass":34,"reliquary:PurpleTingedLeaf":9,"infinitespire:PuzzleCube":29,"hubris:NiceRug":0},{"hubris:MobiusCoin":4,"NeowsBlessing":4,"Smiling Mask":0,"Mercury Hourglass":10,"trackpad:Coffee":5,"infinitespire:EvilPickle":13,"trackpad:ToughGloves":0,"Shovel":2,"infinitespire:Satchel":12,"Prayer Wheel":6,"MealTicket":10,"trackpad:Compendium":12,"conspire:DeflatedDodgeball":10,"hubris:CrackedHourglass":13,"reliquary:PurpleTingedLeaf":2,"infinitespire:PuzzleCube":11,"hubris:NiceRug":0},{"hubris:MobiusCoin":19,"NeowsBlessing":19,"Smiling Mask":0,"Mercury Hourglass":32,"trackpad:Coffee":22,"infinitespire:EvilPickle":35,"trackpad:ToughGloves":0,"Shovel":10,"infinitespire:Satchel":34,"Prayer Wheel":26,"MealTicket":32,"trackpad:Compendium":34,"conspire:DeflatedDodgeball":32,"hubris:CrackedHourglass":35,"reliquary:PurpleTingedLeaf":10,"infinitespire:PuzzleCube":33,"hubris:NiceRug":0}],"Mercury Hourglass":[69]},"card_choices":[{"not_picked":["Dagger Spray","Clash"],"picked":"StSpp:TimeDodge","floor":2.0},{"not_picked":["Deflect","Havoc"],"picked":"Outmaneuver","floor":7.0},{"not_picked":["Clothesline","Conserve Battery"],"picked":"StSpp:Sprint","floor":10.0},{"not_picked":["Backflip","Thunderclap"],"picked":"Replay:BluntJabs","floor":12.0},{"not_picked":["DeusExMachina","ReplayTheSpireMod:Omega Cannon"],"picked":"ReplayTheSpireMod:Fabricate Wheel","floor":16.0},{"not_picked":["Defragment","Wireheading+1"],"picked":"Turbo+1","floor":18.0},{"not_picked":["Skewer","Halt+1"],"picked":"StSpp:Succumb","floor":18.0},{"not_picked":["conspire:Rain","StSpp:Dive"],"picked":"Poisoned Stab","floor":20.0},{"not_picked":["Armaments","Gash"],"picked":"Ball Lightning","floor":20.0},{"not_picked":["Wild Strike","StSpp:Chanting"],"picked":"Survey Options","floor":21.0},{"not_picked":["Iron Wave","StSpp:Mask+1"],"picked":"Turbo","floor":21.0},{"not_picked":["Underhanded Strike","TalkToTheHand+1"],"picked":"Bandage Up+1","floor":23.0},{"not_picked":["Adaptation","Protect"],"picked":"Tools of the Trade","floor":23.0},{"not_picked":["Rupture+1","Barrage"],"picked":"Flash of Steel","floor":24.0},{"not_picked":["Replay:BasicMightCard+1","Distraction"],"picked":"StSpp:PoisonousPunch","floor":27.0},{"not_picked":["Prostrate+1","Dagger Spray"],"picked":"SignatureMove","floor":27.0},{"not_picked":["Intimidate","Bane"],"picked":"conspire:Banana","floor":30.0},{"not_picked":["StSpp:MemoryLeak","Reboot"],"picked":"Double Tap","floor":33.0},{"not_picked":["Headbutt","SignatureMove"],"picked":"Twin Strike","floor":35.0},{"not_picked":["Pommel Strike","Hidden Blade+1"],"picked":"Swift Strike","floor":35.0},{"not_picked":["Protect","Concentrate+1"],"picked":"Go for the Eyes+1","floor":37.0},{"not_picked":["Evolve+1","Acrobatics+1"],"picked":"Endless Agony","floor":37.0}],"player_experience":150410,"relics_obtained":[{"floor":7.0,"key":"Shovel"},{"floor":9.0,"key":"reliquary:PurpleTingedLeaf"},{"floor":15.0,"key":"hubris:MobiusCoin"},{"floor":24.0,"key":"conspire:DeflatedDodgeball"},{"floor":25.0,"key":"MealTicket"},{"floor":26.0,"key":"Mercury Hourglass"},{"floor":29.0,"key":"infinitespire:PuzzleCube"},{"floor":30.0,"key":"trackpad:Compendium"},{"floor":32.0,"key":"infinitespire:Satchel"}],"event_choices":[{"damage_healed":0.0,"max_hp_gain":0.0,"max_hp_loss":0.0,"gold_gain":0.0,"event_name":"Wheel of Change","player_choice":"Cursed","floor":5.0,"gold_loss":0.0,"damage_taken":0.0,"cards_obtained":["Decay"]},{"damage_healed":0.0,"max_hp_gain":0.0,"max_hp_loss":0.0,"gold_gain":0.0,"event_name":"Living Wall","player_choice":"Grow","floor":8.0,"gold_loss":0.0,"damage_taken":0.0,"cards_upgraded":["Wraith Form v2"]}],"is_beta":false,"boss_relics":[{"not_picked":["StSpp:PileOfSugar","Replay:Bronze Core"],"picked":"trackpad:Coffee"},{"not_picked":["energizedSpire:SpiderWeb","Replay:Drink Me"],"picked":"hubris:CrackedHourglass"}],"items_purged_floors":[],"is_endless":true,"potions_floor_spawned":[16,18,20,33,35],"killed_by":"Writhing Mass","ascension_level":0}}