{"host":"8lvnnmfamkc2d31d","time":1611789434,"event":{"mods":["2.2 Compatiblity","Act Like it!","BaseMod","Colored Map","Downfall","Minty Spire (QoL Compilation)","Relic Stats","StSLib"],"gold_per_floor":[99,109,129,129,129,29,53,117,117,11,11,22,22,35,46,46,46,46],"floor_reached":16,"language":"ENG","playtime":773,"items_purged":[],"score":90,"play_id":"823c7f14-93a1-4397-b998-1f3310d741e7","local_time":"20210127171714","is_ascension_mode":false,"campfire_choices":[{"floor":1.0,"key":"RECALL"},{"floor":6.0,"key":"REST"},{"floor":11,"key":"REST"},{"data":"bronze:Iterate","floor":13,"key":"SMITH"}],"circlet_count":0,"master_deck":["bronze:Strike","bronze:Strike","bronze:Strike","bronze:Strike","bronze:Defend","bronze:Defend","bronze:Defend","bronze:Defend","bronze:Replicate","bronze:Goto","bronze:WhirlingStrike","bronze:Spike","bronze:DazingPulse","bronze:Explode","bronze:FineTuning","bronze:FineTuning","Bandage Up","bronze:Iterate+1","bronze:ItsAFeature"],"relics":["bronze:BronzeCore","downfall:HeartBlessingRed","Art of War","Bottled Flame"],"acts_visited":["Exordium"],"potions_floor_usage":[10],"damage_taken":[{"damage":8.0,"enemies":"Jaw Worm","floor":2.0,"turns":4.0},{"damage":2.0,"enemies":"2 Louse","floor":3.0,"turns":2.0},{"damage":63.0,"enemies":"2 Louse","floor":4.0,"turns":7.0},{"damage":25.0,"enemies":"Gremlin Nob","floor":8.0,"turns":3.0},{"damage":0.0,"enemies":"Cultist","floor":9.0,"turns":1.0},{"damage":0,"enemies":"downfall:FleeingMerchant","floor":10,"turns":4},{"damage":7,"enemies":"3 Louse","floor":12,"turns":2},{"damage":8,"enemies":"Red Slaver","floor":14,"turns":2},{"damage":0,"enemies":"Exordium Wildlife","floor":15,"turns":2},{"damage":17,"enemies":"SI_SHIV_ARCHETYPE","floor":16,"turns":3}],"seed_played":"3038429028773953262","potions_obtained":[{"floor":3.0,"key":"SpeedPotion"},{"floor":4.0,"key":"SteroidPotion"},{"floor":12,"key":"hexamod:SoulburnPotion"},{"floor":15,"key":"Block Potion"}],"is_trial":false,"path_per_floor":["R","M","M","?","?","R","T","?","M","$","R","M","R","M","M","B"],"character_chosen":"THE_AUTOMATON","items_purchased":["Bandage Up"],"campfire_rested":2,"item_purchase_floors":[10],"current_hp_per_floor":[77,69,67,4,4,27,27,2,2,2,25,18,18,10,10,0,0,0],"gold":46,"neow_bonus":"TEN_PERCENT_HP_BONUS","is_daily":false,"chose_seed":false,"campfire_upgraded":1,"win_rate":0.0,"timestamp":1611789434,"path_taken":["R","M","M","?","?","R","T","?","M","$","R","M","R","M","M","BOSS"],"items_purchased_type":["Card"],"build_version":"2020-12-22","purchased_purges":0,"victory":false,"max_hp_per_floor":[77,77,77,77,77,77,77,77,77,77,77,77,77,77,77,77,77,77],"relic_stats":{"counters":[10,30],"Art of War":[1],"obtain_stats":[{"Bottled Flame":8,"bronze:BronzeCore":0,"downfall:BrokenWingStatue":5,"downfall:HeartBlessingRed":6,"Art of War":7},{"Bottled Flame":4,"bronze:BronzeCore":0,"downfall:BrokenWingStatue":3,"downfall:HeartBlessingRed":3,"Art of War":3},{"Bottled Flame":16,"bronze:BronzeCore":0,"downfall:BrokenWingStatue":13,"downfall:HeartBlessingRed":13,"Art of War":13}]},"card_choices":[{"not_picked":["bronze:Shield","bronze:Iterate"],"picked":"bronze:WhirlingStrike","floor":2.0},{"not_picked":["bronze:Shield","bronze:Philosophize","bronze:BitShift"],"picked":"SKIP","floor":3.0},{"not_picked":[],"picked":"bronze:Spike","floor":4.0},{"not_picked":[],"picked":"bronze:DazingPulse","floor":4.0},{"not_picked":[],"picked":"bronze:Explode","floor":4.0},{"not_picked":["bronze:HyperBeam","bronze:Shield"],"picked":"bronze:FineTuning","floor":4.0},{"not_picked":["bronze:OilSpill","bronze:Frontload","bronze:DelayedSlice"],"picked":"SKIP","floor":9.0},{"not_picked":["bronze:Invalidate","bronze:Deprecate"],"picked":"bronze:FineTuning","floor":10},{"not_picked":["bronze:FineTuning","bronze:Deprecate"],"picked":"bronze:Iterate","floor":12},{"not_picked":["bronze:Shell","bronze:DelayedGuard","bronze:Frontload"],"picked":"SKIP","floor":14},{"not_picked":["bronze:BugBarrage","bronze:BuggyMess"],"picked":"bronze:ItsAFeature","floor":15}],"player_experience":491911,"relics_obtained":[{"floor":7.0,"key":"Art of War"},{"floor":8.0,"key":"Bottled Flame"}],"event_choices":[],"is_beta":false,"boss_relics":[],"items_purged_floors":[],"is_endless":false,"potions_floor_spawned":[3,4,12,15],"killed_by":"SI_SHIV_ARCHETYPE","ascension_level":0}}