{"host":"c97twqu0op5dg8i4","time":1611732310,"event":{"mods":["AchievementEnabler","BaseMod","Colored Map","Minty Spire (QoL Compilation)","Permanent Neow"],"gold_per_floor":[112,112,9,27,38,38,64,74,74,74,74,89,89,100,100,205,205,222,222,237,112,131,160,160,48,48,48,148,165,194,194,214,214,317,317,335,349,349,349,368,368,382,394,439,466,358,358,408,408,442,442,442],"floor_reached":53,"language":"ENG","playtime":2128,"items_purged":["Strike_B"],"score":998,"play_id":"09eb4b25-f498-4499-bf42-2b1f22e96156","local_time":"20210127022510","is_ascension_mode":true,"campfire_choices":[{"data":"Echo Form","floor":6,"key":"SMITH"},{"floor":11,"key":"REST"},{"data":"Defragment","floor":13,"key":"SMITH"},{"data":"Conserve Battery","floor":15,"key":"SMITH"},{"floor":24,"key":"REST"},{"floor":31,"key":"REST"},{"data":"Rainbow","floor":33,"key":"SMITH"},{"data":"Chaos","floor":41,"key":"SMITH"},{"data":"Electrodynamics","floor":47,"key":"SMITH"},{"data":"Biased Cognition","floor":49,"key":"SMITH"},{"data":"Fission","floor":51,"key":"SMITH"}],"circlet_count":0,"master_deck":["Defend_B","Defend_B","Defend_B","Zap","Dualcast","Echo Form+1","Beam Cell+1","Defragment+1","Conserve Battery+1","Conserve Battery","Reinforced Body+1","Doom and Gloom+1","Biased Cognition+1","Self Repair","Electrodynamics+1","Static Discharge+1","Rainbow+1","Turbo","Glacier+1","Capacitor","Heatsinks","Electrodynamics","Double Energy+1","Chaos+1","Loop+1","Skim","Undo","Fission+1"],"relics":["Cracked Core","Peace Pipe","Torii","Nuclear Battery","Ginger","Ornamental Fan","Bird Faced Urn","War Paint","Empty Cage","Bag of Preparation","Whetstone","FossilizedHelix","CaptainsWheel"],"acts_visited":["Exordium","TheCity","TheBeyond"],"potions_floor_usage":[23,37,52,52,52],"damage_taken":[{"damage":12,"enemies":"Jaw Worm","floor":1,"turns":3},{"damage":0,"enemies":"Cultist","floor":4,"turns":3},{"damage":4,"enemies":"Small Slimes","floor":5,"turns":3},{"damage":6,"enemies":"Lagavulin","floor":7,"turns":9},{"damage":0,"enemies":"Red Slaver","floor":8,"turns":4},{"damage":8,"enemies":"2 Fungi Beasts","floor":12,"turns":3},{"damage":9,"enemies":"Blue Slaver","floor":14,"turns":4},{"damage":12,"enemies":"Hexaghost","floor":16,"turns":8},{"damage":27,"enemies":"Shell Parasite","floor":18,"turns":7},{"damage":17,"enemies":"Spheric Guardian","floor":20,"turns":5},{"damage":20,"enemies":"Shelled Parasite and Fungi","floor":22,"turns":4},{"damage":20,"enemies":"Slavers","floor":23,"turns":2},{"damage":5,"enemies":"Chosen and Byrds","floor":29,"turns":5},{"damage":38,"enemies":"Book of Stabbing","floor":30,"turns":6},{"damage":9,"enemies":"Snake Plant","floor":32,"turns":3},{"damage":22,"enemies":"Champ","floor":34,"turns":16},{"damage":16,"enemies":"3 Darklings","floor":36,"turns":3},{"damage":16,"enemies":"3 Shapes","floor":37,"turns":4},{"damage":9,"enemies":"Maw","floor":40,"turns":6},{"damage":18,"enemies":"3 Darklings","floor":42,"turns":5},{"damage":24,"enemies":"Writhing Mass","floor":43,"turns":5},{"damage":5,"enemies":"Mind Bloom Boss Battle","floor":48,"turns":7},{"damage":18,"enemies":"Nemesis","floor":50,"turns":9},{"damage":28,"enemies":"Awakened One","floor":52,"turns":11}],"seed_played":"4079233745390616195","potions_obtained":[{"floor":5,"key":"SneckoOil"},{"floor":7,"key":"Strength Potion"},{"floor":14,"key":"Swift Potion"},{"floor":29,"key":"FocusPotion"},{"floor":37,"key":"FocusPotion"},{"floor":42,"key":"DistilledChaos"}],"is_trial":false,"path_per_floor":["M","?","$","M","M","R","E","M","T","$","R","M","R","M","R","B",null,"M","?","M","$","M","E","R","$","T","T","?","M","E","R","M","R","B",null,"M","M","?","?","M","R","M","M","T","T","$","R","?","R","E","R","B",null],"character_chosen":"DEFECT","items_purchased":["Defragment","Conserve Battery","Turbo","Capacitor","Regen Potion","Skim","Undo"],"campfire_rested":3,"item_purchase_floors":[3,3,21,25,25,46,46],"current_hp_per_floor":[38,38,38,38,34,34,28,28,28,28,50,42,42,47,47,42,67,47,47,37,37,31,11,33,33,33,33,33,43,15,37,43,43,44,67,57,72,71,71,70,70,63,66,66,66,66,66,71,71,53,53,56],"gold":442,"neow_bonus":"THREE_RARE_CARDS","is_daily":false,"chose_seed":false,"campfire_upgraded":8,"win_rate":0.0,"timestamp":1611732310,"path_taken":["M","?","$","?","M","R","E","M","T","$","R","M","R","M","R","BOSS","M","?","M","$","?","E","R","$","T","T","?","M","E","R","M","R","BOSS","M","M","?","?","M","R","M","M","T","T","$","R","?","R","E","R","BOSS"],"items_purchased_type":["Card","Card","Card","Card","Potion","Card","Card"],"build_version":"2020-12-22","purchased_purges":1,"victory":true,"max_hp_per_floor":[75,75,75,75,75,75,75,75,75,75,75,75,75,75,75,75,75,75,75,75,75,75,75,75,75,75,75,75,75,75,75,75,75,75,75,75,75,71,71,71,71,71,71,71,71,71,71,71,71,71,71,71],"card_choices":[{"not_picked":["Reboot","Buffer"],"picked":"Echo Form","floor":0},{"not_picked":["Barrage","Steam"],"picked":"Beam Cell","floor":1},{"not_picked":["Redo","Steam"],"picked":"Conserve Battery","floor":4},{"not_picked":["Go for the Eyes","Buffer"],"picked":"Reinforced Body","floor":5},{"not_picked":["Go for the Eyes","Sweeping Beam"],"picked":"Doom and Gloom","floor":7},{"not_picked":["Barrage","Conserve Battery"],"picked":"Biased Cognition","floor":8},{"not_picked":["Skim","Hologram"],"picked":"Self Repair","floor":12},{"not_picked":["Doom and Gloom","Compile Driver","Stack"],"picked":"SKIP","floor":14},{"not_picked":["Thunder Strike","Rainbow"],"picked":"Electrodynamics","floor":16},{"not_picked":["Reprogram","Barrage"],"picked":"Static Discharge+1","floor":18},{"not_picked":["Reinforced Body+1","Turbo","Compile Driver"],"picked":"SKIP","floor":20},{"not_picked":["Genetic Algorithm","Beam Cell","Sweeping Beam"],"picked":"SKIP","floor":22},{"not_picked":["Fusion","Static Discharge+1"],"picked":"Glacier","floor":23},{"not_picked":["Hologram","Thunder Strike","Compile Driver"],"picked":"SKIP","floor":29},{"not_picked":["Auto Shields+1","Sweeping Beam"],"picked":"Heatsinks","floor":30},{"not_picked":["Gash","Scrape","Beam Cell"],"picked":"SKIP","floor":32},{"not_picked":["Creative AI","Fission"],"picked":"Electrodynamics","floor":34},{"not_picked":["Beam Cell+1","Rip and Tear"],"picked":"Double Energy+1","floor":36},{"not_picked":["Steam+1","Streamline+1"],"picked":"Chaos","floor":37},{"not_picked":["Blizzard","Cold Snap"],"picked":"Loop+1","floor":40},{"not_picked":["Redo+1","Auto Shields","BootSequence"],"picked":"SKIP","floor":42},{"not_picked":["Conserve Battery+1","Gash+1","Aggregate+1"],"picked":"SKIP","floor":43},{"not_picked":["Melter","Compile Driver"],"picked":"Fission","floor":50}],"player_experience":312513,"relics_obtained":[{"floor":7,"key":"Peace Pipe"},{"floor":9,"key":"Torii"},{"floor":23,"key":"Ginger"},{"floor":26,"key":"Ornamental Fan"},{"floor":27,"key":"Bird Faced Urn"},{"floor":30,"key":"War Paint"},{"floor":44,"key":"Bag of Preparation"},{"floor":45,"key":"Whetstone"},{"floor":48,"key":"FossilizedHelix"},{"floor":50,"key":"CaptainsWheel"}],"event_choices":[{"cards_removed":["Strike_B"],"damage_healed":0,"gold_gain":0,"player_choice":"Purged","damage_taken":0,"max_hp_gain":0,"max_hp_loss":0,"event_name":"Purifier","floor":2,"gold_loss":0},{"damage_healed":0,"gold_gain":0,"cards_transformed":["Defend_B"],"player_choice":"Transformed","damage_taken":0,"max_hp_gain":0,"max_hp_loss":0,"event_name":"Transmorgrifier","floor":19,"gold_loss":0,"cards_obtained":["Rainbow"]},{"damage_healed":0,"gold_gain":100,"player_choice":"Pray","damage_taken":0,"max_hp_gain":0,"max_hp_loss":0,"event_name":"Golden Shrine","floor":28,"gold_loss":0},{"damage_healed":0,"gold_gain":0,"player_choice":"Max HP","damage_taken":0,"max_hp_gain":0,"max_hp_loss":4,"event_name":"Winding Halls","floor":38,"gold_loss":0},{"damage_healed":0,"gold_gain":0,"player_choice":"Ignored","damage_taken":0,"max_hp_gain":0,"max_hp_loss":0,"event_name":"Tomb of Lord Red Mask","floor":39,"gold_loss":0},{"damage_healed":0,"gold_gain":0,"player_choice":"Fight","damage_taken":0,"max_hp_gain":0,"max_hp_loss":0,"event_name":"MindBloom","floor":48,"gold_loss":0}],"is_beta":false,"boss_relics":[{"not_picked":["SlaversCollar","SacredBark"],"picked":"Nuclear Battery"},{"not_picked":["Runic Dome","Inserter"],"picked":"Empty Cage"}],"items_purged_floors":[21],"is_endless":false,"potions_floor_spawned":[5,7,14,29,30,32,36,37,42,48],"ascension_level":8}}