{"host":"iilsbsc0nnz3b4nr","time":1611779623,"event":{"mods":["BaseMod","Downfall","Hubris","Infinite Spire","Minty Spire (QoL Compilation)","Shade Mod","Shedinja","StSLib","??????REMEMod"],"gold_per_floor":[113,113,113,43,43,75,75,75,98,117,150,150],"floor_reached":11,"language":"ENG","playtime":232,"items_purged":[],"score":94,"play_id":"b61ad346-b2a3-4943-97d5-eeadf09a25a6","local_time":"20210127153343","is_ascension_mode":false,"campfire_choices":[{"data":"Brutality","floor":7,"key":"SMITH"}],"circlet_count":0,"master_deck":["Shedinja:Scratch","Shedinja:Scratch","Shedinja:Scratch","Shedinja:Scratch","Shedinja:Scratch","Shedinja:Endure","Shedinja:Endure","Shedinja:Endure","Shedinja:Endure","Shedinja:Endure","Shedinja:FocusSash+1","Shedinja:FocusSash","Brutality+1","Shedinja:StruggleBug","Shedinja:AerialAce","Shedinja:Thief","Shedinja:WillOWisp","Shedinja:Trick"],"relics":["Shedinja:WonderGuard","REME_ComplimentaryCards","NeowsBlessing","Toy Ornithopter","Shedinja:EnergyLoss","PreservedInsect","Blood Vial"],"acts_visited":["Exordium"],"potions_floor_usage":[11,11],"damage_taken":[{"damage":0,"enemies":"2 Louse","floor":1,"turns":1},{"damage":0,"enemies":"3 Sentries","floor":6,"turns":3},{"damage":0,"enemies":"Jaw Worm","floor":10,"turns":1},{"damage":23,"enemies":"Gremlin Nob","floor":11,"turns":5}],"seed_played":"-3766594261373943711","potions_obtained":[{"floor":6,"key":"champ:CounterPotion"},{"floor":10,"key":"REME_GoldPotion"}],"is_trial":false,"path_per_floor":["M","?","?","$","?","E","R","?","T","M","E"],"character_chosen":"THE_DEFAULT","items_purchased":["Shedinja:Thief"],"campfire_rested":0,"item_purchase_floors":[4],"current_hp_per_floor":[1,1,1,1,1,1,1,1,1,1,0,0],"gold":150,"neow_bonus":"THREE_ENEMY_KILL","is_daily":false,"chose_seed":false,"campfire_upgraded":1,"win_rate":0.0,"timestamp":1611779623,"path_taken":["M","?","?","$","?","E","R","?","T","?","E"],"items_purchased_type":["Card"],"build_version":"2020-12-22","purchased_purges":0,"victory":false,"max_hp_per_floor":[1,1,1,1,1,1,1,1,1,1,1,1],"card_choices":[{"not_picked":["Shedinja:BugBuzz","Shedinja:ShadowBall"],"picked":"Shedinja:StruggleBug","floor":1},{"not_picked":["Shedinja:Thief","Shedinja:ArtifactCard"],"picked":"Shedinja:WillOWisp","floor":6},{"not_picked":["Shedinja:Agility","Shedinja:PowerBracer"],"picked":"Shedinja:Trick","floor":10}],"player_experience":189312,"relics_obtained":[{"floor":6,"key":"PreservedInsect"},{"floor":9,"key":"Blood Vial"}],"event_choices":[{"damage_healed":0,"gold_gain":0,"player_choice":"Upgraded","damage_taken":0,"max_hp_gain":0,"max_hp_loss":0,"event_name":"Upgrade Shrine","floor":8,"gold_loss":0,"cards_upgraded":["Shedinja:FocusSash"]}],"is_beta":false,"boss_relics":[],"items_purged_floors":[],"is_endless":false,"potions_floor_spawned":[6,10],"killed_by":"Gremlin Nob","ascension_level":0}}