{"host":"3a5itcmwo6ddh3id","time":1611760745,"event":{"mods":["BaseMod","Colored Map","Colored Powertips","Minty Spire (QoL Compilation)","Relic Stats"],"gold_per_floor":[113,113,188,19,34,34,34,34,57,92,33,45,78,7,7,79,79,89,109,119,119,201,233,233,233,233],"floor_reached":25,"language":"ENG","playtime":1144,"items_purged":[],"score":679,"play_id":"3046b6bf-a34a-497c-8d52-edc6835e2e95","local_time":"20210127091905","is_ascension_mode":true,"campfire_choices":[{"floor":6.0,"key":"REST"},{"floor":8.0,"key":"REST"},{"floor":15.0,"key":"REST"},{"floor":24,"key":"REST"}],"circlet_count":0,"master_deck":["AscendersBane","Defend_G","Defend_G","Defend_G","Defend_G","Defend_G","Survivor","Neutralize","Underhanded Strike+1","Poisoned Stab","Caltrops","Deadly Poison","Predator","Dagger Throw","Calculated Gamble","Night Terror","Dodge and Roll","Accuracy","Well Laid Plans","Bite","Bite","Bite","Bite","Bite","Burst","Dash"],"relics":["Fusion Hammer","TwistedFunnel","Ancient Tea Set","Dream Catcher","Ninja Scroll","Paper Crane","WristBlade","Bottled Lightning","WingedGreaves"],"acts_visited":["Exordium","TheCity"],"potions_floor_usage":[20,23],"damage_taken":[{"damage":7.0,"enemies":"Cultist","floor":1.0,"turns":5.0},{"damage":0.0,"enemies":"Small Slimes","floor":5.0,"turns":3.0},{"damage":17.0,"enemies":"Gremlin Nob","floor":10.0,"turns":4.0},{"damage":2.0,"enemies":"Jaw Worm","floor":12.0,"turns":3.0},{"damage":15.0,"enemies":"Lagavulin","floor":13.0,"turns":5.0},{"damage":20.0,"enemies":"Hexaghost","floor":16.0,"turns":8.0},{"damage":4.0,"enemies":"3 Byrds","floor":18.0,"turns":3.0},{"damage":0.0,"enemies":"Chosen","floor":19.0,"turns":3.0},{"damage":0,"enemies":"Sentry and Sphere","floor":20,"turns":4},{"damage":48,"enemies":"Slavers","floor":23,"turns":5},{"damage":27,"enemies":"Book of Stabbing","floor":25,"turns":4}],"seed_played":"5070466125338299778","potions_obtained":[{"floor":5.0,"key":"Weak Potion"},{"floor":10.0,"key":"BlessingOfTheForge"},{"floor":18.0,"key":"Fire Potion"},{"floor":19.0,"key":"Explosive Potion"},{"floor":23,"key":"Ancient Potion"}],"is_trial":false,"path_per_floor":["M","?","?","$","M","R","?","R","T","E","$","M","E","?","R","B",null,"M","M","M","?","T","E","R","E"],"character_chosen":"THE_SILENT","items_purchased":["TwistedFunnel","Deadly Poison"],"campfire_rested":4,"item_purchase_floors":[4,11],"current_hp_per_floor":[52,32,21,21,21,40,40,59,59,42,42,40,25,25,44,24,56,52,52,52,46,46,6,19,0,0],"gold":233,"neow_bonus":"BOSS_RELIC","is_daily":false,"chose_seed":false,"campfire_upgraded":0,"win_rate":0.0,"timestamp":1611760745,"path_taken":["M","?","?","$","M","R","?","R","T","E","?","?","E","?","R","BOSS","M","M","?","?","?","E","R","E"],"items_purchased_type":["Relic","Card"],"build_version":"2020-12-22","purchased_purges":0,"victory":false,"max_hp_per_floor":[66,66,66,66,66,66,66,66,66,66,66,66,66,66,66,66,66,66,66,66,46,46,46,46,46,46],"relic_stats":{"Dream Catcher":2,"counters":[11,47],"obtain_stats":[{"TwistedFunnel":4,"Dream Catcher":10,"WristBlade":17,"Ninja Scroll":13,"Fusion Hammer":0,"WingedGreaves":23,"Bottled Lightning":22,"Paper Crane":14,"Ancient Tea Set":9,"Ring of the Snake":0},{"TwistedFunnel":1,"Dream Catcher":3,"WristBlade":6,"Ninja Scroll":5,"Fusion Hammer":0,"WingedGreaves":10,"Bottled Lightning":9,"Paper Crane":5,"Ancient Tea Set":2,"Ring of the Snake":0},{"TwistedFunnel":5,"Dream Catcher":12,"WristBlade":28,"Ninja Scroll":20,"Fusion Hammer":0,"WingedGreaves":43,"Bottled Lightning":38,"Paper Crane":20,"Ancient Tea Set":8,"Ring of the Snake":0}]},"card_choices":[{"not_picked":["PiercingWail","Tactician"],"picked":"Underhanded Strike","floor":1.0},{"not_picked":["All Out Attack","Flying Knee"],"picked":"Poisoned Stab","floor":5.0},{"not_picked":["Sucker Punch","Distraction"],"picked":"Caltrops","floor":10.0},{"not_picked":["Quick Slash","Blade Dance"],"picked":"Predator","floor":12.0},{"not_picked":["Prepared","Slice"],"picked":"Dagger Throw","floor":13.0},{"not_picked":["Deadly Poison","Cloak And Dagger"],"picked":"Calculated Gamble","floor":15.0},{"not_picked":["Envenom","Bullet Time"],"picked":"Night Terror","floor":16.0},{"not_picked":["Endless Agony","Reflex"],"picked":"Dodge and Roll","floor":18.0},{"not_picked":["Outmaneuver","Caltrops"],"picked":"Accuracy","floor":19.0},{"not_picked":["Slice","Flying Knee"],"picked":"Well Laid Plans","floor":20},{"not_picked":["Dagger Throw+1","Underhanded Strike"],"picked":"Burst","floor":23},{"not_picked":["Acrobatics","Sucker Punch"],"picked":"Dash","floor":24}],"player_experience":1097850,"relics_obtained":[{"floor":9.0,"key":"Ancient Tea Set"},{"floor":10.0,"key":"Dream Catcher"},{"floor":13.0,"key":"Ninja Scroll"},{"floor":22,"key":"Bottled Lightning"},{"floor":23,"key":"WingedGreaves"}],"event_choices":[{"damage_healed":0.0,"max_hp_gain":0.0,"max_hp_loss":0.0,"gold_gain":0.0,"event_name":"Shining Light","player_choice":"Entered Light","floor":2.0,"gold_loss":0.0,"damage_taken":20.0,"cards_upgraded":["Underhanded Strike","Strike_G"]},{"damage_healed":0.0,"max_hp_gain":0.0,"max_hp_loss":0.0,"gold_gain":75.0,"event_name":"World of Goop","player_choice":"Gather Gold","floor":3.0,"gold_loss":0.0,"damage_taken":11.0},{"damage_healed":0.0,"max_hp_gain":0.0,"max_hp_loss":0.0,"gold_gain":0.0,"event_name":"Liars Game","player_choice":"Ignored","floor":7.0,"gold_loss":0.0,"damage_taken":0.0},{"damage_healed":0.0,"max_hp_gain":0.0,"max_hp_loss":0.0,"gold_gain":0.0,"event_name":"WeMeetAgain","player_choice":"Paid Gold","floor":14.0,"gold_loss":71.0,"damage_taken":0.0,"relics_obtained":["Paper Crane"]},{"damage_healed":0,"gold_gain":0,"player_choice":"Became a vampire","damage_taken":0,"max_hp_gain":0,"max_hp_loss":20,"event_name":"Vampires","floor":21,"gold_loss":0,"cards_obtained":["Bite","Bite","Bite","Bite","Bite"]}],"is_beta":false,"boss_relics":[{"not_picked":["Cursed Key","Busted Crown"],"picked":"WristBlade"}],"items_purged_floors":[],"is_endless":false,"potions_floor_spawned":[5,10,18,19,23],"killed_by":"Book of Stabbing","ascension_level":20}}