{"host":"0p0n41frih4f9rxw","time":1611722548,"event":{"mods":["Act Like it!","BaseMod","Downfall","Hubris","Minty Spire (QoL Compilation)","Replay The Spire","StSLib","The Animator","The Servant 0.9.4"],"gold_per_floor":[109,109,123,123,123,123,123,150,169,202,229,229,229,259,278,278,278],"floor_reached":16,"language":"ENG","playtime":776,"items_purged":[],"score":143,"play_id":"e23368cc-f31b-4f22-86d4-877541e7f2c2","local_time":"20210127044228","is_ascension_mode":false,"campfire_choices":[{"floor":13,"key":"DIG"}],"circlet_count":0,"master_deck":["Strike_S","Strike_S","Strike_S+1","Strike_S+1","Defend_S","Defend_S+1","Defend_S+1","Defend_S","KidneyShot","Defy","Contraction","Regret","FastForward","Alleviate+1","SpecialFormula","Rewind","GearUp"],"relics":["Uniform","Bronze Scales","hubris:MysteriousPyramids","Shovel","Smiling Mask","GremlinMask","Replay:Kaleidoscope","Simple Rune"],"acts_visited":["Exordium"],"potions_floor_usage":[10,16,16,16],"damage_taken":[{"damage":2,"enemies":"2 Louse","floor":1,"turns":4},{"damage":8,"enemies":"Jaw Worm","floor":3,"turns":5},{"damage":9,"enemies":"Gremlin Nob","floor":8,"turns":7},{"damage":0,"enemies":"Small Slimes","floor":9,"turns":4},{"damage":0,"enemies":"3 Sentries","floor":10,"turns":14},{"damage":4,"enemies":"Lagavulin","floor":14,"turns":12},{"damage":0,"enemies":"3 Louse","floor":15,"turns":4},{"damage":45,"enemies":"Gremlin Nob","floor":16,"turns":7}],"seed_played":"-31621946510732545","potions_obtained":[{"floor":1,"key":"EssenceOfSteel"},{"floor":9,"key":"sneckomod:MuddlingPotion"},{"floor":15,"key":"EntropicBrew"}],"is_trial":false,"path_per_floor":["M","?","M","?","?","PTL","PTL","E","M","E","T","?","R","E","M","E"],"character_chosen":"THE_SERVANT","items_purchased":[],"campfire_rested":0,"item_purchase_floors":[],"current_hp_per_floor":[63,63,55,42,42,42,42,33,33,33,33,33,33,34,39,0,0],"gold":278,"neow_bonus":"THREE_CARDS","is_daily":false,"chose_seed":false,"campfire_upgraded":0,"win_rate":0.0,"timestamp":1611722548,"path_taken":["M","?","M","?","?","PTL","PTL","E","M","E","T","?","R","E","M","E"],"items_purchased_type":[],"build_version":"2020-12-22","purchased_purges":0,"victory":false,"max_hp_per_floor":[65,65,65,65,65,65,65,65,65,65,65,65,65,65,65,65,65],"card_choices":[{"not_picked":["FastForward","Rearm"],"picked":"Defy","floor":0},{"not_picked":["Defy","Rewind"],"picked":"Contraction","floor":1},{"not_picked":["Defy","WasteNot"],"picked":"FastForward","floor":3},{"not_picked":["Barrier","Defy","Read"],"picked":"SKIP","floor":8},{"not_picked":["Potential","ShatteredReality","Defy"],"picked":"SKIP","floor":9},{"not_picked":["DoubleEdge","Contraction"],"picked":"SpecialFormula","floor":10},{"not_picked":["Replace","Shuttle"],"picked":"Rewind","floor":14},{"not_picked":["SoulSculpture","TimeTheft"],"picked":"GearUp","floor":15}],"player_experience":136964,"relics_obtained":[{"floor":8,"key":"hubris:MysteriousPyramids"},{"floor":10,"key":"Shovel"},{"floor":11,"key":"Smiling Mask"},{"floor":13,"key":"Replay:Kaleidoscope"},{"floor":14,"key":"Simple Rune"}],"event_choices":[{"damage_healed":0,"gold_gain":0,"player_choice":"Box","damage_taken":0,"relics_obtained":["Bronze Scales"],"max_hp_gain":0,"max_hp_loss":0,"event_name":"Big Fish","floor":2,"gold_loss":0,"cards_obtained":["Regret"]},{"damage_healed":0,"gold_gain":0,"player_choice":"Entered Light","damage_taken":13,"max_hp_gain":0,"max_hp_loss":0,"event_name":"Shining Light","floor":4,"gold_loss":0,"cards_upgraded":["Defend_S","Strike_S"]},{"damage_healed":0,"gold_gain":0,"player_choice":"Trade","damage_taken":0,"relics_obtained":["GremlinMask"],"max_hp_gain":0,"max_hp_loss":0,"event_name":"FaceTrader","floor":12,"gold_loss":0}],"is_beta":false,"boss_relics":[],"items_purged_floors":[],"is_endless":false,"potions_floor_spawned":[1,9,15],"killed_by":"Gremlin Nob","ascension_level":0}}