{"host":"sav7uxregyirlf69","time":1611750758,"event":{"mods":["AchievementEnabler","BaseMod","Colored Map","DeckTracker","Keyboard Shortcuts","Minty Spire (QoL Compilation)","READ ME - Guardian Mod","StSLib","SuperFastMode"],"gold_per_floor":[111,126,145,145,145,145,156,156,156,169,169,196,215,230,230,307,307,320,334,334,334,40,74,74,108,133,33,45,45,45,75,75,148,148,166,191,191,206,220,254,266,310,322,366,397,421,444,489,501,513,513],"floor_reached":50,"language":"KOR","playtime":1498,"items_purged":["Strike_G","Strike_G"],"score":1494,"play_id":"4eb9ef4e-e0b3-4de4-8380-ac2f5834e435","local_time":"20210127213238","is_ascension_mode":true,"campfire_choices":[{"data":"Crippling Poison","floor":6.0,"key":"SMITH"},{"data":"Neutralize","floor":8.0,"key":"SMITH"},{"data":"Glass Knife","floor":11.0,"key":"SMITH"},{"floor":15.0,"key":"REST"},{"data":"Well Laid Plans","floor":32.0,"key":"SMITH"},{"data":"1","floor":41.0,"key":"LIFT"},{"floor":49.0,"key":"RECALL"}],"circlet_count":0,"master_deck":["AscendersBane","Defend_G","Defend_G","Defend_G","Defend_G","Defend_G","Survivor","Neutralize+1","Noxious Fumes+1","Crippling Poison+1","Dagger Throw","Glass Knife+1","Leg Sweep+1","Well Laid Plans+1","Blur+1","After Image","CurseOfTheBell","Dodge and Roll+1","Ghostly+1","Ghostly+1","Ghostly+1","Blade Dance+1","Footwork+1","Poisoned Stab","Tactician+1","Venomology+1","Adrenaline+1","PiercingWail+1","Tools of the Trade","Blur+1","Catalyst+1","Adrenaline+1","Footwork"],"relics":["Ring of the Snake","Nunchaku","Toxic Egg 2","Calling Bell","Orichalcum","Letter Opener","Thread and Needle","PreservedInsect","Mercury Hourglass","Bag of Preparation","MealTicket","Matryoshka","Snake Skull","SacredBark","Girya","MawBank","White Beast Statue","Akabeko","Pear","Lantern"],"acts_visited":["Exordium","TheCity","TheBeyond"],"potions_floor_usage":[50,50],"damage_taken":[{"damage":4.0,"enemies":"2 Louse","floor":1.0,"turns":3.0},{"damage":4.0,"enemies":"Small Slimes","floor":2.0,"turns":4.0},{"damage":3.0,"enemies":"Cultist","floor":3.0,"turns":4.0},{"damage":6.0,"enemies":"3 Louse","floor":7.0,"turns":2.0},{"damage":0.0,"enemies":"Looter","floor":10.0,"turns":3.0},{"damage":11.0,"enemies":"3 Sentries","floor":12.0,"turns":5.0},{"damage":21.0,"enemies":"Large Slime","floor":13.0,"turns":6.0},{"damage":7.0,"enemies":"Gremlin Gang","floor":14.0,"turns":4.0},{"damage":1.0,"enemies":"The Guardian","floor":16.0,"turns":12.0},{"damage":0.0,"enemies":"Chosen","floor":18.0,"turns":7.0},{"damage":0.0,"enemies":"3 Byrds","floor":19.0,"turns":4.0},{"damage":8.0,"enemies":"Book of Stabbing","floor":23.0,"turns":9.0},{"damage":19.0,"enemies":"Slavers","floor":25.0,"turns":4.0},{"damage":0.0,"enemies":"Shelled Parasite and Fungi","floor":28.0,"turns":6.0},{"damage":0.0,"enemies":"Gremlin Leader","floor":31.0,"turns":5.0},{"damage":12.0,"enemies":"Collector","floor":33.0,"turns":11.0},{"damage":0.0,"enemies":"3 Darklings","floor":35.0,"turns":6.0},{"damage":0.0,"enemies":"Mind Bloom Boss Battle","floor":36.0,"turns":9.0},{"damage":0.0,"enemies":"3 Shapes","floor":38.0,"turns":3.0},{"damage":6.0,"enemies":"Transient","floor":39.0,"turns":6.0},{"damage":0.0,"enemies":"Nemesis","floor":40.0,"turns":9.0},{"damage":0.0,"enemies":"Giant Head","floor":42.0,"turns":9.0},{"damage":0.0,"enemies":"Reptomancer","floor":44.0,"turns":4.0},{"damage":30.0,"enemies":"Jaw Worm Horde","floor":45.0,"turns":7.0},{"damage":0.0,"enemies":"3 Darklings","floor":46.0,"turns":5.0},{"damage":9.0,"enemies":"Transient","floor":47.0,"turns":6.0},{"damage":0.0,"enemies":"Giant Head","floor":48.0,"turns":9.0},{"damage":18,"enemies":"Time Eater","floor":50,"turns":6}],"seed_played":"7343294500495746236","potions_obtained":[{"floor":1.0,"key":"Swift Potion"},{"floor":3.0,"key":"Dexterity Potion"},{"floor":10.0,"key":"Strength Potion"},{"floor":12.0,"key":"ColorlessPotion"},{"floor":16.0,"key":"BlessingOfTheForge"},{"floor":23.0,"key":"Weak Potion"},{"floor":25.0,"key":"SkillPotion"},{"floor":36.0,"key":"PowerPotion"},{"floor":44.0,"key":"Fruit Juice"},{"floor":45.0,"key":"Dexterity Potion"},{"floor":46.0,"key":"PowerPotion"},{"floor":47.0,"key":"CunningPotion"},{"floor":48.0,"key":"Energy Potion"}],"is_trial":false,"path_per_floor":["M","M","M","?","?","R","M","R","T","M","R","E","M","M","R","B",null,"M","M","?","?","$","E","?","E","T","$","M","$","T","E","R","B",null,"M","?","?","M","M","E","R","E","T","E","M","M","M","E","R","B"],"character_chosen":"THE_SILENT","items_purchased":["PreservedInsect","Blade Dance+1"],"campfire_rested":1,"item_purchase_floors":[22,22],"current_hp_per_floor":[55,51,48,53,53,53,47,47,47,47,47,36,15,8,29,28,60,60,60,35,35,35,27,27,8,8,23,23,35,35,35,35,23,32,32,32,32,32,26,26,26,26,26,45,25,25,16,16,16,0,0],"gold":513,"neow_bonus":"REMOVE_CARD","is_daily":false,"chose_seed":false,"campfire_upgraded":4,"win_rate":0.0,"timestamp":1611750758,"path_taken":["M","M","M","?","?","R","?","R","T","M","R","E","M","M","R","BOSS","M","M","?","?","$","E","?","E","T","$","M","?","?","E","R","BOSS","M","?","?","?","M","E","R","E","T","E","M","M","M","E","R","BOSS"],"items_purchased_type":["Relic","Card"],"build_version":"2020-12-22","purchased_purges":2,"victory":false,"max_hp_per_floor":[66,66,66,71,71,71,71,71,71,71,71,71,71,71,71,71,71,71,71,35,35,35,35,35,35,35,35,35,35,35,35,35,35,35,35,35,35,35,35,35,35,35,35,45,55,55,55,55,55,55,55],"card_choices":[{"not_picked":["Choke","PiercingWail"],"picked":"Noxious Fumes","floor":1.0},{"not_picked":["Concentrate","Quick Slash"],"picked":"Crippling Poison","floor":2.0},{"not_picked":["Prepared","Expertise"],"picked":"Dagger Throw","floor":3.0},{"not_picked":["Sucker Punch","Bane","Underhanded Strike"],"picked":"SKIP","floor":7.0},{"not_picked":["Poisoned Stab","Terror"],"picked":"Glass Knife","floor":10.0},{"not_picked":["Backstab","Doppelganger+1"],"picked":"Leg Sweep+1","floor":12.0},{"not_picked":["Dagger Spray","Sucker Punch"],"picked":"Well Laid Plans","floor":13.0},{"not_picked":["Tactician+1","Caltrops"],"picked":"Blur+1","floor":14.0},{"not_picked":["Night Terror+1","Grand Finale"],"picked":"After Image","floor":16.0},{"not_picked":["Dagger Throw","Outmaneuver+1","Quick Slash"],"picked":"SKIP","floor":18.0},{"not_picked":["Outmaneuver+1","Underhanded Strike"],"picked":"Dodge and Roll+1","floor":19.0},{"not_picked":["Predator","Infinite Blades"],"picked":"Footwork+1","floor":23.0},{"not_picked":["Outmaneuver+1","Skewer"],"picked":"Venomology+1","floor":25.0},{"not_picked":["PiercingWail+1","Well Laid Plans","Infinite Blades"],"picked":"SKIP","floor":28.0},{"not_picked":["Predator","Slice+1","Flying Knee"],"picked":"SKIP","floor":31.0},{"not_picked":["Grand Finale","Storm of Steel+1"],"picked":"Adrenaline+1","floor":33.0},{"not_picked":["Quick Slash+1","Underhanded Strike","Bane+1"],"picked":"SKIP","floor":35.0},{"not_picked":["Dodge and Roll+1","Endless Agony"],"picked":"PiercingWail+1","floor":36.0},{"not_picked":["Deflect+1","Dagger Throw","Dagger Spray"],"picked":"SKIP","floor":38.0},{"not_picked":["Setup+1","Bane"],"picked":"Blur+1","floor":39.0},{"not_picked":["Outmaneuver+1","Backstab+1","Doppelganger+1"],"picked":"SKIP","floor":40.0},{"not_picked":["Expertise+1","Flying Knee+1","Underhanded Strike+1"],"picked":"SKIP","floor":42.0},{"not_picked":["Dash","Poisoned Stab+1","Choke"],"picked":"SKIP","floor":44.0},{"not_picked":["Dodge and Roll+1","Bane","Leg Sweep+1"],"picked":"SKIP","floor":45.0},{"not_picked":["Underhanded Strike","Sucker Punch"],"picked":"Catalyst+1","floor":46.0},{"not_picked":["Cloak And Dagger+1","Caltrops"],"picked":"Adrenaline+1","floor":47.0},{"not_picked":["Masterful Stab","Blade Dance+1"],"picked":"Footwork","floor":48.0}],"player_experience":1400039,"relics_obtained":[{"floor":9.0,"key":"Nunchaku"},{"floor":12.0,"key":"Toxic Egg 2"},{"floor":17.0,"key":"Orichalcum"},{"floor":17.0,"key":"Letter Opener"},{"floor":17.0,"key":"Thread and Needle"},{"floor":23.0,"key":"Mercury Hourglass"},{"floor":25.0,"key":"Bag of Preparation"},{"floor":26.0,"key":"MealTicket"},{"floor":30.0,"key":"Matryoshka"},{"floor":31.0,"key":"Snake Skull"},{"floor":36.0,"key":"Girya"},{"floor":40.0,"key":"MawBank"},{"floor":42.0,"key":"White Beast Statue"},{"floor":43.0,"key":"Akabeko"},{"floor":44.0,"key":"Pear"},{"floor":48.0,"key":"Lantern"}],"event_choices":[{"damage_healed":0.0,"max_hp_gain":5.0,"max_hp_loss":0.0,"gold_gain":0.0,"event_name":"Big Fish","player_choice":"Donut","floor":4.0,"gold_loss":0.0,"damage_taken":0.0},{"damage_healed":0.0,"max_hp_gain":0.0,"max_hp_loss":0.0,"gold_gain":0.0,"event_name":"Upgrade Shrine","player_choice":"Upgraded","floor":5.0,"gold_loss":0.0,"damage_taken":0.0,"cards_upgraded":["Noxious Fumes"]},{"damage_healed":0.0,"max_hp_gain":0.0,"max_hp_loss":36.0,"gold_gain":0.0,"event_name":"Ghosts","player_choice":"Became a Ghost","floor":20.0,"gold_loss":0.0,"damage_taken":0.0,"cards_obtained":["Ghostly","Ghostly","Ghostly"]},{"damage_healed":0.0,"max_hp_gain":0.0,"max_hp_loss":0.0,"gold_gain":0.0,"event_name":"Cursed Tome","player_choice":"Ignored","floor":21.0,"gold_loss":0.0,"damage_taken":0.0},{"damage_healed":0.0,"max_hp_gain":0.0,"max_hp_loss":0.0,"gold_gain":0.0,"cards_transformed":["Strike_G","Strike_G"],"event_name":"Drug Dealer","player_choice":"Became Test Subject","floor":24.0,"gold_loss":0.0,"damage_taken":0.0,"cards_obtained":["Poisoned Stab","Tactician"]},{"damage_healed":0.0,"max_hp_gain":0.0,"max_hp_loss":0.0,"gold_gain":0.0,"event_name":"MindBloom","player_choice":"Fight","floor":36.0,"gold_loss":0.0,"damage_taken":0.0},{"damage_healed":0.0,"max_hp_gain":0.0,"max_hp_loss":0.0,"gold_gain":0.0,"event_name":"Match and Keep!","player_choice":"1 cards matched","floor":37.0,"gold_loss":0.0,"damage_taken":0.0,"cards_obtained":["Tools of the Trade"]}],"is_beta":false,"boss_relics":[{"not_picked":["WristBlade","Tiny House"],"picked":"Calling Bell"},{"not_picked":["Empty Cage","Astrolabe"],"picked":"SacredBark"}],"items_purged_floors":[22,27],"is_endless":false,"potions_floor_spawned":[1,3,10,12,16,19,23,25,36,38,39,40,44,45,46,47,48],"killed_by":"Time Eater","ascension_level":20}}