{"host":"vhrbb9mxb8fcxsba","time":1611788644,"event":{"mods":["2.2 Compatiblity","Act Like it!","Aspiration","BaseMod","Downfall","GungeonMod","Hubris","Infinite Spire","Minty Spire (QoL Compilation)","Quick Restart","StSLib","The Disciple","Wandering Minibosses"],"gold_per_floor":[99,112,127,141,221,221,301,311,325,325,325,337,1132,1160,1170,1273,1273,1173,1187,1187,1187,1187,1212,1238,1256,1256,1256,1288,865,880,892,907,1009,1009,1009,972,972,972,992,1020,1044,1056,1097,1109,1021,1061,1073,1101,1129,1141],"floor_reached":51,"language":"ENG","playtime":2184,"items_purged":["bronze:DigitalCarnage","bronze:Defend","bronze:Strike"],"score":884,"play_id":"d6639121-297d-40fb-98c2-d9af3ed6c407","local_time":"20210128120404","is_ascension_mode":false,"campfire_choices":[{"data":"bronze:Overheat","floor":1,"key":"SMITH"},{"data":"infinitespire:Collect","floor":18,"key":"SMITH"},{"floor":35,"key":"RECALL"},{"data":"hubris:Fate","floor":45,"key":"SMITH"},{"data":"bronze:Turbo","floor":47,"key":"SMITH"}],"circlet_count":0,"master_deck":["bronze:Replicate","bronze:Goto+1","bronze:Overheat+1","bronze:DelayedSlice","bronze:Assembly+1","bronze:DarkDash","bronze:NullPointer","infinitespire:Collect+1","bronze:Turbo+1","bronze:ThunderWave","bronze:Iterate","bronze:WildBeam","hubris:Fate+1","bronze:Repair+1","Necronomicurse","expansioncontent:QuickStudy","bronze:MaxOutput","bronze:Turbo+1","infinitespire:SealOfDarkness+"],"relics":["bronze:BronzeCore","Shuriken","downfall:BrokenWingStatue","wanderingMiniBosses:MasterThiefsPresence","Happy Flower","Coffee Dripper","downfall:HeartBlessingGreen","hubris:Icosahedron","Art of War","Pen Nib","infinitespire:Eraser","hubris:Backtick","Ice Cream","Necronomicon","Red Mask","Vajra","Bottled Lightning","bronze:MakeshiftBattery","DemoMod:MonsterBlood","MawBank","White Beast Statue","hubris:Teleporter","Philosopher\u0027s Stone","downfall:HeartBlessingRed","War Paint","DemoMod:GlassGuonStoneRelic"],"acts_visited":["Exordium","TheCity","TheBeyond"],"potions_floor_usage":[5,12,13,16,33,50],"damage_taken":[{"damage":6,"enemies":"Jaw Worm","floor":2,"turns":2},{"damage":7,"enemies":"Small Slimes","floor":3,"turns":3},{"damage":0,"enemies":"2 Louse","floor":4,"turns":3},{"damage":6,"enemies":"downfall:Heads","floor":5,"turns":6},{"damage":3,"enemies":"Blue Slaver","floor":8,"turns":3},{"damage":3,"enemies":"3 Louse","floor":9,"turns":2},{"damage":9,"enemies":"Exordium Wildlife","floor":12,"turns":3},{"damage":0,"enemies":"2 Fungi Beasts","floor":13,"turns":5},{"damage":0,"enemies":"Gremlin Nob","floor":14,"turns":2},{"damage":0,"enemies":"3 Louse","floor":15,"turns":2},{"damage":10,"enemies":"IC_STATUS_ARCHETYPE","floor":16,"turns":3},{"damage":0,"enemies":"Shell Parasite","floor":19,"turns":2},{"damage":6,"enemies":"Nightmare","floor":23,"turns":5},{"damage":0,"enemies":"Spheric Guardian","floor":25,"turns":3},{"damage":0,"enemies":"Masked Bandits","floor":28,"turns":1},{"damage":0,"enemies":"downfall:FleeingMerchant","floor":29,"turns":4},{"damage":10,"enemies":"Snake Plant","floor":30,"turns":2},{"damage":0,"enemies":"Snecko","floor":31,"turns":1},{"damage":0,"enemies":"Shelled Parasite and Fungi","floor":32,"turns":2},{"damage":0,"enemies":"DF_ARCHETYPE_CLAW","floor":33,"turns":1},{"damage":0,"enemies":"Orb Walker","floor":36,"turns":1},{"damage":0,"enemies":"3 Shapes","floor":39,"turns":1},{"damage":29,"enemies":"Nemesis","floor":40,"turns":3},{"damage":0,"enemies":"Nightmare","floor":43,"turns":1},{"damage":0,"enemies":"Nemesis","floor":46,"turns":2},{"damage":0,"enemies":"Spire Growth","floor":48,"turns":1},{"damage":0,"enemies":"Writhing Mass","floor":49,"turns":1},{"damage":0,"enemies":"WA_ARCHETYPE_DIVINITY","floor":50,"turns":1}],"seed_played":"7725690345171883546","potions_obtained":[{"floor":4,"key":"DemoMod:LeadSkinPotion"},{"floor":5,"key":"Energy Potion"},{"floor":8,"key":"DemoMod:LeadSkinPotion"},{"floor":12,"key":"SkillPotion"},{"floor":14,"key":"Fire Potion"},{"floor":23,"key":"sneckomod:MuddlingPotion"},{"floor":25,"key":"Dexterity Potion"},{"floor":30,"key":"Weak Potion"},{"floor":43,"key":"ColorlessPotion"}],"is_trial":false,"path_per_floor":["R","M","M","M","?","?","T","M","M","?","?","M","M","E","M","B",null,"R","M","?","?","?","NM","T","M","AVR","?","?","$","M","M","M","B",null,"R","M","?","?","M","E","T","?","NM","AVR","R","E","R","M","M","B",null],"character_chosen":"THE_AUTOMATON","items_purchased":["Vajra","Bottled Lightning","expansioncontent:QuickStudy","bronze:MaxOutput"],"campfire_rested":0,"item_purchase_floors":[29,29,29,29],"current_hp_per_floor":[70,64,57,57,51,56,56,53,50,50,32,23,23,23,23,13,75,75,75,75,75,75,69,69,75,75,59,59,66,66,66,75,75,75,75,75,75,75,75,53,53,45,45,45,45,55,55,55,55,55],"gold":1153,"neow_bonus":"THREE_CARDS","is_daily":false,"chose_seed":false,"campfire_upgraded":4,"win_rate":0.0,"timestamp":1611788644,"path_taken":["R","M","M","M","?","?","T","M","M","?","?","M","M","E","M","BOSS","R","M","?","?","?","NM","T","?","AVR","?","?","?","?","M","M","BOSS","R","?","?","?","?","E","T","?","NM","AVR","R","E","R","M","M","BOSS"],"items_purchased_type":["Relic","Relic","Card","Card"],"build_version":"2020-12-22","purchased_purges":3,"victory":true,"max_hp_per_floor":[70,70,70,70,70,75,75,75,75,75,75,75,75,75,75,75,75,75,75,75,75,75,75,75,75,75,75,75,75,75,75,75,75,75,75,75,75,75,75,82,82,82,82,82,82,82,82,82,82,82],"card_choices":[{"not_picked":["bronze:Deprecate","bronze:Philosophize"],"picked":"bronze:Overheat","floor":0},{"not_picked":["bronze:BugBarrage","bronze:CutThrough","bronze:Shield"],"picked":"SKIP","floor":2},{"not_picked":["bronze:CutThrough","bronze:Shield","bronze:Overheat"],"picked":"SKIP","floor":3},{"not_picked":["bronze:MaxOutput","bronze:Return"],"picked":"bronze:DelayedSlice","floor":4},{"not_picked":["bronze:ClassDefault","bronze:CutThrough"],"picked":"bronze:DarkDash","floor":5},{"not_picked":["bronze:DarkDash","bronze:ForLoop"],"picked":"bronze:NullPointer","floor":8},{"not_picked":["bronze:Shell","bronze:Shield","bronze:BugBarrage"],"picked":"SKIP","floor":9},{"not_picked":["hubris:InfiniteBlow+12","infinitespire:Starlight"],"picked":"infinitespire:Collect","floor":11},{"not_picked":["bronze:CutThrough","bronze:Optimize"],"picked":"bronze:Turbo","floor":12},{"not_picked":["bronze:ItsAFeature","bronze:Allocate","bronze:NullPointer"],"picked":"SKIP","floor":13},{"not_picked":["bronze:ItsAFeature","bronze:Allocate","bronze:Repair"],"picked":"SKIP","floor":14},{"not_picked":["bronze:ItsAFeature","bronze:ChosenStrike","bronze:CutThrough"],"picked":"SKIP","floor":15},{"not_picked":["bronze:AlphaBuild","bronze:HyperBeam"],"picked":"bronze:ThunderWave","floor":16},{"not_picked":["bronze:FineTuning","bronze:Invalidate+1"],"picked":"bronze:Iterate","floor":19},{"not_picked":["infinitespire:TheBestDefense","hubris:Rewind"],"picked":"hubris:Fate","floor":23},{"not_picked":["bronze:DelayedGuard","bronze:ThunderWave","bronze:Repair"],"picked":"SKIP","floor":23},{"not_picked":["bronze:DelayedGuard","bronze:ThunderWave"],"picked":"bronze:Repair","floor":23},{"not_picked":["bronze:Shell","bronze:OilSpill","bronze:Iterate"],"picked":"SKIP","floor":25},{"not_picked":["bronze:WildBeam","bronze:DelayedSlice+1","bronze:CutThrough"],"picked":"SKIP","floor":29},{"not_picked":["bronze:ClassDefault","bronze:Return+1"],"picked":"bronze:Turbo","floor":30},{"not_picked":["bronze:ItsAFeature","bronze:DigitalCarnage+1","bronze:Frontload"],"picked":"SKIP","floor":31},{"not_picked":["bronze:Branch+1","bronze:Iterate","bronze:Shell"],"picked":"SKIP","floor":32},{"not_picked":["bronze:WhirlingStrike","bronze:Frontload+1","bronze:Philosophize+1"],"picked":"SKIP","floor":36},{"not_picked":["bronze:Branch+1","bronze:WhirlingStrike","bronze:Fortify"],"picked":"SKIP","floor":39},{"not_picked":["bronze:Deprecate","bronze:FollowUp+1","bronze:Allocate+1"],"picked":"SKIP","floor":40},{"not_picked":["bronze:HyperBeam","bronze:WildBeam+1","bronze:FineTuning+1"],"picked":"SKIP","floor":43},{"not_picked":["bronze:HyperBeam","bronze:WildBeam+1","bronze:FineTuning+1"],"picked":"SKIP","floor":43},{"not_picked":["bronze:GetLatest","bronze:CloningBeam","bronze:Fortify"],"picked":"SKIP","floor":46},{"not_picked":["bronze:Fortify","bronze:DelayedGuard","bronze:BuggyMess"],"picked":"SKIP","floor":48},{"not_picked":["bronze:BuggyMess+1","bronze:BugBarrage+1","bronze:Iterate+1"],"picked":"SKIP","floor":49}],"player_experience":174307,"relics_obtained":[{"floor":7,"key":"Shuriken"},{"floor":13,"key":"wanderingMiniBosses:MasterThiefsPresence"},{"floor":14,"key":"Happy Flower"},{"floor":23,"key":"Art of War"},{"floor":24,"key":"Pen Nib"},{"floor":27,"key":"Necronomicon"},{"floor":28,"key":"Red Mask"},{"floor":40,"key":"DemoMod:MonsterBlood"},{"floor":41,"key":"MawBank"},{"floor":43,"key":"White Beast Statue"},{"floor":46,"key":"War Paint"}],"event_choices":[{"damage_healed":0,"gold_gain":0,"player_choice":"Donut","damage_taken":0,"max_hp_gain":5,"max_hp_loss":0,"event_name":"Big Fish","floor":6,"gold_loss":0},{"damage_healed":0,"gold_gain":0,"cards_transformed":["bronze:Strike","bronze:Defend"],"player_choice":"Became Test Subject","damage_taken":0,"max_hp_gain":0,"max_hp_loss":0,"event_name":"Drug Dealer","floor":20,"gold_loss":0,"cards_obtained":["bronze:WildBeam","bronze:DigitalCarnage"]},{"damage_healed":0,"gold_gain":0,"player_choice":"Fought Bandits","damage_taken":0,"max_hp_gain":0,"max_hp_loss":0,"event_name":"Masked Bandits","floor":28,"gold_loss":0}],"is_beta":false,"boss_relics":[{"not_picked":["SacredBark","hubris:VirtuousBlindfold"],"picked":"Coffee Dripper"},{"not_picked":["aspiration:FutureDiary","aspiration:RunicSpoon"],"picked":"bronze:MakeshiftBattery"}],"items_purged_floors":[26,29,44],"is_endless":false,"potions_floor_spawned":[4,5,8,12,14,23,25,28,30,43,46,48,49],"ascension_level":0}}