{"host":"c3lc60y5x60jlt1y","time":1611742115,"event":{"mods":["AchievementEnabler","BaseMod","Bestiary","Colored Map","Minty Spire (QoL Compilation)","Quick Restart","StSLib","ojb\u0027s Info Mod"],"gold_per_floor":[111,131,131,131,150,177,133,133,133],"floor_reached":8,"language":"ENG","playtime":474,"items_purged":[],"score":116,"play_id":"be5b657b-8623-48f3-b10e-36f245b399e5","local_time":"20210127120835","is_ascension_mode":true,"campfire_choices":[],"circlet_count":0,"master_deck":["AscendersBane","Strike_R","Strike_R","Strike_R","Strike_R","Strike_R","Defend_R","Defend_R","Defend_R","Defend_R","Bash","Perfected Strike","Iron Wave","Anger","Barricade","Body Slam"],"relics":["Burning Blood","Mango","Torii","StoneCalendar"],"acts_visited":["Exordium"],"potions_floor_usage":[],"damage_taken":[{"damage":1.0,"enemies":"Cultist","floor":1.0,"turns":3.0},{"damage":2.0,"enemies":"Jaw Worm","floor":2.0,"turns":4.0},{"damage":1.0,"enemies":"2 Louse","floor":5.0,"turns":3.0},{"damage":33.0,"enemies":"3 Sentries","floor":6.0,"turns":10.0},{"damage":32.0,"enemies":"Exordium Thugs","floor":7.0,"turns":5.0},{"damage":32,"enemies":"Gremlin Nob","floor":8,"turns":3}],"seed_played":"1091552433613995899","potions_obtained":[],"is_trial":false,"path_per_floor":["M","M","T","?","M","E","M","E"],"character_chosen":"IRONCLAD","items_purchased":[],"campfire_rested":0,"item_purchase_floors":[],"current_hp_per_floor":[69,73,73,78,83,56,30,0,0],"gold":133,"neow_bonus":"ONE_RARE_RELIC","is_daily":false,"chose_seed":false,"campfire_upgraded":0,"win_rate":0.0,"timestamp":1611742115,"path_taken":["M","M","?","?","M","E","M","E"],"items_purchased_type":[],"build_version":"2020-12-22","purchased_purges":0,"victory":false,"max_hp_per_floor":[89,89,89,94,94,94,94,94,94],"card_choices":[{"not_picked":["Heavy Blade","Havoc"],"picked":"Perfected Strike","floor":1.0},{"not_picked":["Entrench","Hemokinesis"],"picked":"Iron Wave","floor":2.0},{"not_picked":["Sword Boomerang","Heavy Blade"],"picked":"Anger","floor":5.0},{"not_picked":["Fire Breathing","Twin Strike"],"picked":"Barricade","floor":6.0},{"not_picked":["Wild Strike","Pummel"],"picked":"Body Slam","floor":7.0}],"player_experience":8648970,"relics_obtained":[{"floor":3.0,"key":"Torii"},{"floor":6.0,"key":"StoneCalendar"}],"event_choices":[{"damage_healed":0.0,"max_hp_gain":5.0,"max_hp_loss":0.0,"gold_gain":0.0,"event_name":"Big Fish","player_choice":"Donut","floor":4.0,"gold_loss":0.0,"damage_taken":0.0}],"is_beta":false,"boss_relics":[],"items_purged_floors":[],"is_endless":false,"potions_floor_spawned":[],"killed_by":"Gremlin Nob","ascension_level":20}}