{"host":"qxeepl7ydvsgmfdb","time":1611724635,"event":{"mods":["AchievementEnabler","BaseMod","Colored Powertips","Minty Spire (QoL Compilation)","Quick Restart","slay the spire mod where everything is the same but ironclad has a cowboy hat"],"gold_per_floor":[118,30,30,30,30,63,83,113,113,113,113,127,147,163,163,286,286,306,324,49,62,62,62,62,106,129,129,129,149,164,164,164],"floor_reached":31,"language":"ENG","playtime":723,"items_purged":[],"score":450,"play_id":"15629e6f-1bd4-4623-8e69-d7c01e90393e","local_time":"20210127001715","is_ascension_mode":true,"campfire_choices":[{"floor":10.0,"key":"REST"},{"floor":15.0,"key":"REST"},{"floor":23.0,"key":"REST"},{"floor":27,"key":"REST"}],"circlet_count":0,"master_deck":["AscendersBane","Strike_G","Strike_G","Strike_G","Strike_G","Defend_G","Defend_G","Defend_G","Defend_G","Defend_G","Survivor","Neutralize","Cloak And Dagger","Dramatic Entrance","All Out Attack","Noxious Fumes","Backflip","Injury","Deflect","Backstab","Deadly Poison","Cloak And Dagger+1","Accuracy+1","Deadly Poison","Infinite Blades","Backstab"],"relics":["Ring of the Snake","NeowsBlessing","Tough Bandages","Letter Opener","Potion Belt","Mercury Hourglass","Golden Idol","TwistedFunnel","Enchiridion","Smiling Mask","Bronze Scales","Question Card"],"acts_visited":["Exordium","TheCity"],"potions_floor_usage":[25,29,30],"damage_taken":[{"damage":0.0,"enemies":"Jaw Worm","floor":1.0,"turns":1.0},{"damage":0.0,"enemies":"Lagavulin","floor":6.0,"turns":1.0},{"damage":0.0,"enemies":"Small Slimes","floor":7.0,"turns":1.0},{"damage":20.0,"enemies":"3 Sentries","floor":8.0,"turns":5.0},{"damage":0.0,"enemies":"2 Louse","floor":12.0,"turns":1.0},{"damage":0.0,"enemies":"Blue Slaver","floor":13.0,"turns":4.0},{"damage":0.0,"enemies":"3 Louse","floor":14.0,"turns":2.0},{"damage":19.0,"enemies":"The Guardian","floor":16.0,"turns":12.0},{"damage":19.0,"enemies":"2 Thieves","floor":18.0,"turns":4.0},{"damage":28.0,"enemies":"Shell Parasite","floor":19.0,"turns":8.0},{"damage":1.0,"enemies":"3 Cultists","floor":21.0,"turns":4.0},{"damage":23,"enemies":"Gremlin Leader","floor":25,"turns":5},{"damage":3,"enemies":"Cultist and Chosen","floor":29,"turns":3},{"damage":13,"enemies":"Snake Plant","floor":30,"turns":3},{"damage":18,"enemies":"Colosseum Slavers","floor":31,"turns":1}],"seed_played":"-8581038020121248987","potions_obtained":[{"floor":6.0,"key":"LiquidBronze"},{"floor":7.0,"key":"Poison Potion"},{"floor":21.0,"key":"SteroidPotion"},{"floor":25,"key":"CunningPotion"},{"floor":29,"key":"ColorlessPotion"}],"is_trial":false,"path_per_floor":["M","$","?","?","$","E","M","E","T","R","?","M","M","M","R","B",null,"M","M","$","M","?","R","?","E","T","R","T","M","M","?"],"character_chosen":"THE_SILENT","items_purchased":["Dramatic Entrance","TwistedFunnel","Regen Potion","Explosive Potion"],"campfire_rested":4,"item_purchase_floors":[2,20,20,20],"current_hp_per_floor":[63,63,30,23,23,23,23,3,3,24,24,24,24,24,45,26,59,40,12,12,23,23,44,28,5,5,26,26,23,10,0,0],"gold":164,"neow_bonus":"THREE_ENEMY_KILL","is_daily":false,"chose_seed":false,"campfire_upgraded":0,"win_rate":0.0,"timestamp":1611724635,"path_taken":["M","$","?","?","$","E","M","E","T","R","?","M","M","M","R","BOSS","M","M","$","M","?","R","?","E","T","R","?","M","M","?"],"items_purchased_type":["Card","Relic","Potion","Potion"],"build_version":"2020-12-22","purchased_purges":0,"victory":false,"max_hp_per_floor":[70,70,70,70,70,70,70,70,70,70,70,70,70,70,70,70,70,70,70,70,70,70,70,70,70,70,70,70,70,70,70,70],"card_choices":[{"not_picked":["Outmaneuver","Dodge and Roll"],"picked":"Cloak And Dagger","floor":1.0},{"not_picked":["Distraction","Blur"],"picked":"All Out Attack","floor":6.0},{"not_picked":["Outmaneuver","Underhanded Strike"],"picked":"Noxious Fumes","floor":7.0},{"not_picked":["Flying Knee","Reflex"],"picked":"Backflip","floor":8.0},{"not_picked":["Venomology","Concentrate"],"picked":"Deflect","floor":12.0},{"not_picked":["Quick Slash","PiercingWail"],"picked":"Backstab","floor":13.0},{"not_picked":["Accuracy","Outmaneuver"],"picked":"Deadly Poison","floor":14.0},{"not_picked":["Prepared+1","Caltrops"],"picked":"Cloak And Dagger+1","floor":18.0},{"not_picked":["Slice","Sucker Punch"],"picked":"Accuracy+1","floor":19.0},{"not_picked":["Noxious Fumes+1","Masterful Stab+1"],"picked":"Deadly Poison","floor":21.0},{"not_picked":["Dagger Throw+1","A Thousand Cuts"],"picked":"Infinite Blades","floor":25},{"not_picked":["Concentrate","Dodge and Roll","Noxious Fumes","Backflip+1"],"picked":"SKIP","floor":29},{"not_picked":["Flying Knee","Bane","Dagger Spray"],"picked":"Backstab","floor":30}],"player_experience":227543,"relics_obtained":[{"floor":6.0,"key":"Letter Opener"},{"floor":8.0,"key":"Potion Belt"},{"floor":9.0,"key":"Mercury Hourglass"},{"floor":24.0,"key":"Enchiridion"},{"floor":25,"key":"Smiling Mask"},{"floor":26,"key":"Bronze Scales"},{"floor":28,"key":"Question Card"}],"event_choices":[{"damage_healed":0.0,"max_hp_gain":0.0,"max_hp_loss":0.0,"gold_gain":0.0,"event_name":"Scrap Ooze","player_choice":"Success","floor":3.0,"gold_loss":0.0,"damage_taken":33.0,"relics_obtained":["Tough Bandages"]},{"cards_removed":["Strike_G"],"damage_healed":0.0,"max_hp_gain":0.0,"max_hp_loss":0.0,"gold_gain":0.0,"event_name":"Golden Wing","player_choice":"Card Removal","floor":4.0,"gold_loss":0.0,"damage_taken":7.0},{"damage_healed":0.0,"max_hp_gain":0.0,"max_hp_loss":0.0,"gold_gain":0.0,"event_name":"Golden Idol","player_choice":"Take Wound","floor":11.0,"gold_loss":0.0,"damage_taken":0.0,"relics_obtained":["Golden Idol"],"cards_obtained":["Injury"]},{"damage_healed":0.0,"max_hp_gain":0.0,"max_hp_loss":0.0,"gold_gain":0.0,"event_name":"Ghosts","player_choice":"Ignored","floor":22.0,"gold_loss":0.0,"damage_taken":0.0},{"damage_healed":0.0,"max_hp_gain":0.0,"max_hp_loss":0.0,"gold_gain":0.0,"event_name":"Cursed Tome","player_choice":"Obtained Book","floor":24.0,"gold_loss":0.0,"damage_taken":16.0},{"damage_healed":0,"gold_gain":0,"player_choice":"Fight","damage_taken":0,"max_hp_gain":0,"max_hp_loss":0,"event_name":"Colosseum","floor":31,"gold_loss":0}],"is_beta":false,"boss_relics":[{"not_picked":["Snecko Eye","Sozu","Velvet Choker"]}],"items_purged_floors":[],"is_endless":false,"potions_floor_spawned":[6,7,21,25,29],"killed_by":"Colosseum Slavers","ascension_level":11}}