{"host":"kdt6w7ix8lwe69i9","time":1611719463,"event":{"mods":["BaseMod","Minty Spire (QoL Compilation)","Shade Mod","StSLib","TheSurvivalist"],"gold_per_floor":[114,289,289,300,300,332,332,355,355,372,384,395,414,56,56,157,157,177,4,4,103,103,129,55,55,55,55,55],"floor_reached":27,"language":"ENG","playtime":1995,"items_purged":[],"score":229,"play_id":"928c1a6d-f5b9-4a65-b47f-93923767260a","local_time":"20210126225103","is_ascension_mode":false,"campfire_choices":[{"floor":7,"key":"REST"},{"data":"survmod:MarkTrap","floor":15,"key":"SMITH"},{"floor":25,"key":"REST"}],"circlet_count":0,"master_deck":["survmod:Strike","survmod:Defend","survmod:Defend","survmod:Defend","survmod:Defend","survmod:VersatileOffense","survmod:Sprint","survmod:SwiftKick","survmod:GoForFace+1","survmod:WalledOffTraps","survmod:MarkedShot+1","survmod:FlashbangShot+1","survmod:BearTrap","survmod:RejectWeakness","survmod:MarkTrap+1","survmod:TrapTrap","survmod:BearTrap+1","survmod:MutantEnergy+1","survmod:VersatilePower+1","survmod:GoForFace","survmod:TwinShot+1","survmod:QuickDash","survmod:MarkedShot+1","survmod:GoForFace","survmod:AcidTrap+1","survmod:FenceTrap","survmod:TwinShot+1"],"relics":["Runic Dome","Sundial","Molten Egg 2","Bird Faced Urn","Astrolabe","White Beast Statue","Art of War"],"acts_visited":["Exordium","TheCity"],"potions_floor_usage":[16,16,23,27,27],"damage_taken":[{"damage":3,"enemies":"Small Slimes","floor":1,"turns":3},{"damage":0,"enemies":"2 Louse","floor":4,"turns":3},{"damage":12,"enemies":"Lagavulin","floor":6,"turns":7},{"damage":0,"enemies":"Cultist","floor":10,"turns":3},{"damage":0,"enemies":"Lots of Slimes","floor":11,"turns":4},{"damage":0,"enemies":"Looter","floor":12,"turns":4},{"damage":2,"enemies":"3 Louse","floor":13,"turns":2},{"damage":31,"enemies":"The Guardian","floor":16,"turns":11},{"damage":10,"enemies":"Chosen","floor":18,"turns":8},{"damage":33,"enemies":"Gremlin Leader","floor":23,"turns":6},{"damage":43,"enemies":"Slavers","floor":27,"turns":3}],"seed_played":"-4553980059666027198","potions_obtained":[{"floor":10,"key":"Weak Potion"},{"floor":12,"key":"Explosive Potion"},{"floor":13,"key":"DuplicationPotion"},{"floor":16,"key":"DuplicationPotion"},{"floor":18,"key":"BlessingOfTheForge"}],"is_trial":false,"path_per_floor":["M","?","?","M","?","E","R","T","T","M","M","M","M","$","R","B",null,"M","$","$","?","?","E","$","R","T","E"],"character_chosen":"THE_SURVIVOR","items_purchased":["Bird Faced Urn","survmod:MarkTrap","survmod:TwinShot+1","survmod:QuickDash","survmod:MarkedShot+1","survmod:GoForFace","survmod:FenceTrap","survmod:TwinShot+1"],"campfire_rested":2,"item_purchase_floors":[14,14,19,19,19,19,24,24],"current_hp_per_floor":[47,47,40,40,40,28,43,43,43,43,43,43,41,41,41,16,50,46,46,46,46,46,17,17,32,32,0,0],"gold":55,"neow_bonus":"BOSS_RELIC","is_daily":false,"chose_seed":false,"campfire_upgraded":1,"win_rate":0.0,"timestamp":1611719463,"path_taken":["M","?","?","M","?","E","R","?","T","?","M","M","M","$","R","BOSS","M","?","$","?","?","E","$","R","T","E"],"items_purchased_type":["Relic","Card","Card","Card","Card","Card","Card","Card"],"build_version":"2020-12-22","purchased_purges":0,"victory":false,"max_hp_per_floor":[50,50,50,50,50,50,50,50,50,50,50,50,50,50,50,50,50,50,50,50,50,50,50,50,50,50,50,50],"card_choices":[{"not_picked":["survmod:SimpleMutation","survmod:Hawkeye"],"picked":"survmod:SwiftKick","floor":1},{"not_picked":["survmod:UnfortunateEscape","survmod:ComplexMutation"],"picked":"survmod:GoForFace","floor":4},{"not_picked":["survmod:NockAnArrow","survmod:FindCover"],"picked":"survmod:WalledOffTraps","floor":6},{"not_picked":["survmod:FindCover","survmod:QuickDash"],"picked":"survmod:MarkedShot+1","floor":10},{"not_picked":["survmod:UnfortunateEscape","survmod:FlashbangTrap"],"picked":"survmod:FlashbangShot+1","floor":11},{"not_picked":["survmod:Decoy","survmod:PiercingShot+1"],"picked":"survmod:BearTrap","floor":12},{"not_picked":["survmod:FindCover","survmod:TakeAim"],"picked":"survmod:RejectWeakness","floor":13},{"not_picked":["survmod:ConcussiveShot+1","survmod:MutantForm"],"picked":"survmod:TrapTrap","floor":16},{"not_picked":["survmod:MarkTrap","survmod:KnowThyEnemy"],"picked":"survmod:GoForFace","floor":18},{"not_picked":["survmod:TrickShot+1","survmod:Hawkeye"],"picked":"survmod:AcidTrap+1","floor":23}],"player_experience":586976,"relics_obtained":[{"floor":6,"key":"Sundial"},{"floor":9,"key":"Molten Egg 2"},{"floor":23,"key":"White Beast Statue"},{"floor":26,"key":"Art of War"}],"event_choices":[{"damage_healed":0,"gold_gain":175,"player_choice":"AGREE","damage_taken":0,"max_hp_gain":0,"max_hp_loss":0,"event_name":"Liars Game","floor":2,"gold_loss":0,"cards_obtained":["Doubt"]},{"cards_removed":["Doubt"],"damage_healed":0,"gold_gain":0,"player_choice":"Card Removal","damage_taken":7,"max_hp_gain":0,"max_hp_loss":0,"event_name":"Golden Wing","floor":3,"gold_loss":0},{"damage_healed":0,"gold_gain":0,"player_choice":"Grow","damage_taken":0,"max_hp_gain":0,"max_hp_loss":0,"event_name":"Living Wall","floor":5,"gold_loss":0,"cards_upgraded":["survmod:GoForFace"]},{"damage_healed":0,"gold_gain":99,"player_choice":"Stole From Cult","damage_taken":0,"max_hp_gain":0,"max_hp_loss":0,"event_name":"Nest","floor":21,"gold_loss":0},{"damage_healed":0,"gold_gain":0,"player_choice":"Ignored","damage_taken":0,"max_hp_gain":0,"max_hp_loss":0,"event_name":"Beggar","floor":22,"gold_loss":0}],"is_beta":false,"boss_relics":[{"not_picked":["Black Star","Philosopher\u0027s Stone"],"picked":"Astrolabe"}],"items_purged_floors":[],"is_endless":false,"potions_floor_spawned":[10,12,13,16,18],"killed_by":"Slavers","ascension_level":0}}