{"host":"hw9lt6p3yhr90vz0","time":1611773459,"event":{"mods":["BaseMod","DeckTracker","Minty Spire (QoL Compilation)","Relic Stats"],"gold_per_floor":[14,14,14,24,39,74,37,37,61,73,98,98,98,98,98,228,291,312,328,346,346,359,359,359],"floor_reached":23,"language":"ENG","playtime":1727,"items_purged":[],"score":261,"play_id":"eae53454-5f7d-49e4-a010-224265a185d4","local_time":"20210127135059","is_ascension_mode":true,"campfire_choices":[{"floor":8.0,"key":"REST"},{"floor":12.0,"key":"REST"},{"floor":15.0,"key":"RECALL"}],"circlet_count":0,"master_deck":["Strike_R+1","Strike_R+1","Strike_R+1","Defend_R+1","Defend_R+1","Defend_R+1","Defend_R+1","Bash","Rupture","Inflame","Body Slam","Headbutt","Flex+1","Blood for Blood","Seeing Red","Twin Strike","Hemokinesis","Demon Form","Pommel Strike","Whirlwind","Hemokinesis","Flex","Rage+1"],"relics":["Burning Blood","Potion Belt","Mercury Hourglass","Golden Idol","Tiny House"],"acts_visited":["Exordium","TheCity"],"potions_floor_usage":[],"damage_taken":[{"damage":6.0,"enemies":"Jaw Worm","floor":1.0,"turns":5.0},{"damage":6.0,"enemies":"Cultist","floor":4.0,"turns":4.0},{"damage":0.0,"enemies":"2 Louse","floor":5.0,"turns":2.0},{"damage":26.0,"enemies":"Gremlin Nob","floor":6.0,"turns":4.0},{"damage":12.0,"enemies":"Looter","floor":10.0,"turns":3.0},{"damage":50.0,"enemies":"3 Sentries","floor":11.0,"turns":10.0},{"damage":20.0,"enemies":"Slime Boss","floor":16.0,"turns":8.0},{"damage":14.0,"enemies":"Chosen","floor":18.0,"turns":4.0},{"damage":21.0,"enemies":"2 Thieves","floor":19.0,"turns":4.0},{"damage":29.0,"enemies":"Centurion and Healer","floor":20.0,"turns":6.0},{"damage":34.0,"enemies":"Snake Plant","floor":22.0,"turns":3.0},{"damage":24,"enemies":"Sentry and Sphere","floor":23,"turns":3}],"seed_played":"-4314828352952566750","potions_obtained":[{"floor":4.0,"key":"SneckoOil"},{"floor":6.0,"key":"Regen Potion"},{"floor":10.0,"key":"LiquidMemories"},{"floor":11.0,"key":"LiquidMemories"},{"floor":17.0,"key":"LiquidBronze"},{"floor":18.0,"key":"PowerPotion"},{"floor":22.0,"key":"SteroidPotion"}],"is_trial":false,"path_per_floor":["M","?","$","M","M","E","$","R","T","M","E","R","?","?","R","B",null,"M","M","M","?","M","M"],"character_chosen":"IRONCLAD","items_purchased":["Seeing Red"],"campfire_rested":2,"item_purchase_floors":[7],"current_hp_per_floor":[72,64,64,64,70,50,50,74,74,68,24,48,48,48,48,34,74,66,51,42,42,14,0,0],"gold":359,"neow_bonus":"TRANSFORM_TWO_CARDS","is_daily":false,"chose_seed":false,"campfire_upgraded":0,"win_rate":0.0,"timestamp":1611773459,"path_taken":["M","?","$","?","M","E","$","R","T","M","E","R","?","?","R","BOSS","M","M","?","?","M","M"],"items_purchased_type":["Card"],"build_version":"2020-12-22","purchased_purges":0,"victory":false,"max_hp_per_floor":[80,80,80,80,80,80,80,80,80,80,80,80,80,80,80,80,85,85,85,85,85,85,85,85],"relic_stats":{"counters":[12,55],"Golden Idol":57,"obtain_stats":[{"Potion Belt":6,"Tiny House":17,"Golden Idol":13,"Burning Blood":0,"Mercury Hourglass":11},{"Potion Belt":4,"Tiny House":7,"Golden Idol":6,"Burning Blood":0,"Mercury Hourglass":6},{"Potion Belt":15,"Tiny House":35,"Golden Idol":28,"Burning Blood":0,"Mercury Hourglass":28}],"Burning Blood":66,"Mercury Hourglass":[97]},"card_choices":[{"not_picked":["Havoc","Second Wind"],"picked":"Body Slam","floor":1.0},{"not_picked":["Sentinel","Iron Wave"],"picked":"Headbutt","floor":4.0},{"not_picked":["Havoc","Corruption"],"picked":"Flex","floor":5.0},{"not_picked":["Shrug It Off","Headbutt"],"picked":"Blood for Blood","floor":6.0},{"not_picked":["Clash","Shrug It Off"],"picked":"Twin Strike","floor":10.0},{"not_picked":["Shrug It Off","Dropkick"],"picked":"Hemokinesis","floor":11.0},{"not_picked":["Impervious","Exhume"],"picked":"Demon Form","floor":16.0},{"not_picked":["Fire Breathing","Body Slam"],"picked":"Pommel Strike","floor":17.0},{"not_picked":["Warcry","Disarm"],"picked":"Whirlwind","floor":18.0},{"not_picked":["Pommel Strike","Seeing Red"],"picked":"Hemokinesis","floor":19.0},{"not_picked":["Havoc","Cleave+1"],"picked":"Flex","floor":20.0},{"not_picked":["Hemokinesis","Disarm"],"picked":"Rage+1","floor":22.0}],"player_experience":1292190,"relics_obtained":[{"floor":6.0,"key":"Potion Belt"},{"floor":11.0,"key":"Mercury Hourglass"}],"event_choices":[{"damage_healed":0.0,"max_hp_gain":0.0,"max_hp_loss":0.0,"gold_gain":0.0,"event_name":"Wheel of Change","player_choice":"Damaged","floor":2.0,"gold_loss":0.0,"damage_taken":8.0},{"damage_healed":0.0,"max_hp_gain":0.0,"max_hp_loss":0.0,"gold_gain":0.0,"event_name":"Golden Idol","player_choice":"Take Wound","floor":13.0,"gold_loss":0.0,"damage_taken":0.0,"relics_obtained":["Golden Idol"],"cards_obtained":["Injury"]},{"cards_removed":["Injury"],"damage_healed":0.0,"max_hp_gain":0.0,"max_hp_loss":0.0,"gold_gain":0.0,"event_name":"Purifier","player_choice":"Purged","floor":14.0,"gold_loss":0.0,"damage_taken":0.0},{"damage_healed":0.0,"max_hp_gain":0.0,"max_hp_loss":0.0,"gold_gain":0.0,"event_name":"Back to Basics","player_choice":"Simplicity","floor":21.0,"gold_loss":0.0,"damage_taken":0.0,"cards_upgraded":["Strike_R","Strike_R","Strike_R","Defend_R","Defend_R","Defend_R","Defend_R"]}],"is_beta":false,"boss_relics":[{"not_picked":["Philosopher\u0027s Stone","Busted Crown"],"picked":"Tiny House"}],"items_purged_floors":[],"is_endless":false,"potions_floor_spawned":[4,6,10,11,18,22],"killed_by":"Sentry and Sphere","ascension_level":6}}