{"host":"2pkirg8lp2j2yw4c","time":1611775934,"event":{"mods":["AchievementEnabler","BaseMod","BetterRewards","Colored Map","Colored Powertips","Googly Eyes","Hubris","Minty Spire (QoL Compilation)","Quick Restart","StSLib","slay the spire mod where everything is the same but ironclad has a cowboy hat"],"gold_per_floor":[135,171,205,54,54,106,148,191,191,191,229,229,229,272,272,404,404,404],"floor_reached":17,"language":"ENG","playtime":823,"items_purged":[],"score":303,"play_id":"74cf7d8e-6e2d-4fa0-8123-d4da6a0c19ea","local_time":"20210127143214","is_ascension_mode":true,"campfire_choices":[{"floor":12,"key":"REST"},{"floor":15,"key":"REST"}],"circlet_count":0,"master_deck":["Strike_R","Strike_R","Strike_R","Strike_R","Strike_R","Defend_R","Defend_R","Defend_R","Defend_R","Bash","Spot Weakness","Burning Pact","Warcry+1","Armaments","Demon Form+1","Heavy Blade","Ghostly Armor","Twin Strike","Sword Boomerang","Corruption","Havoc","Spot Weakness","Shrug It Off","Feel No Pain","Feed"],"relics":["Burning Blood","Prayer Wheel","Ornamental Fan","Strange Spoon","CeramicFish","hubris:EmptyBottle","Golden Idol","Centennial Puzzle","Bottled Flame","Tiny Chest","hubris:ScarierMask"],"acts_visited":["Exordium","TheCity"],"potions_floor_usage":[6,6,8,8,8,11,11,16],"damage_taken":[{"damage":3.0,"enemies":"Small Slimes","floor":1.0,"turns":4.0},{"damage":4.0,"enemies":"2 Louse","floor":2.0,"turns":3.0},{"damage":5.0,"enemies":"Jaw Worm","floor":3.0,"turns":4.0},{"damage":16,"enemies":"Gremlin Nob","floor":6,"turns":3},{"damage":1,"enemies":"Exordium Wildlife","floor":7,"turns":3},{"damage":30,"enemies":"3 Sentries","floor":8,"turns":5},{"damage":0,"enemies":"Large Slime","floor":11,"turns":4},{"damage":32,"enemies":"Gremlin Nob","floor":14,"turns":5},{"damage":14,"enemies":"The Guardian","floor":16,"turns":9}],"seed_played":"43773579015395125","potions_obtained":[{"floor":2.0,"key":"DuplicationPotion"},{"floor":3.0,"key":"CultistPotion"},{"floor":6,"key":"BloodPotion"},{"floor":8,"key":"Fire Potion"},{"floor":14,"key":"HeartOfIron"}],"is_trial":false,"path_per_floor":["M","M","M","$","?","E","M","E","T","?","M","R","?","E","R","B",null],"character_chosen":"IRONCLAD","items_purchased":["Spot Weakness","Burning Pact","Ornamental Fan","Strange Spoon","CeramicFish","Ancient Potion","hubris:EmptyBottle"],"campfire_rested":2,"item_purchase_floors":[0,0,0,0,0,0,4],"current_hp_per_floor":[35,37,38,38,38,28,33,37,37,22,28,50,43,17,39,31,74,74],"gold":404,"neow_bonus":"","is_daily":false,"chose_seed":false,"campfire_upgraded":0,"win_rate":0.0,"timestamp":1611775934,"path_taken":["M","M","M","$","?","E","M","E","T","?","M","R","?","E","R","BOSS"],"items_purchased_type":["Card","Card","Relic","Relic","Relic","Potion","Relic"],"build_version":"2020-12-22","purchased_purges":0,"victory":false,"max_hp_per_floor":[80,80,80,80,74,74,74,74,74,74,74,74,74,74,74,74,74,74],"card_choices":[{"not_picked":["Evolve","True Grit"],"picked":"Clothesline","floor":1.0},{"not_picked":["Evolve","Anger"],"picked":"Warcry","floor":1.0},{"not_picked":["Pommel Strike","Seeing Red"],"picked":"Armaments","floor":2.0},{"not_picked":["Power Through","hubris:ReadiedAction"],"picked":"Demon Form","floor":2.0},{"not_picked":["Iron Wave","Wild Strike"],"picked":"Heavy Blade","floor":3.0},{"not_picked":["Cleave","Thunderclap"],"picked":"Ghostly Armor","floor":3.0},{"not_picked":["Anger","Warcry"],"picked":"Twin Strike","floor":6},{"not_picked":["Anger","Spot Weakness"],"picked":"Sword Boomerang","floor":7},{"not_picked":["True Grit","Clash"],"picked":"Corruption","floor":7},{"not_picked":["Sword Boomerang","Immolate"],"picked":"Havoc","floor":8},{"not_picked":["Clash","Iron Wave"],"picked":"Spot Weakness","floor":11},{"not_picked":["Headbutt","Pummel"],"picked":"Shrug It Off","floor":11},{"not_picked":["Hemokinesis","Uppercut"],"picked":"Feel No Pain","floor":14},{"not_picked":["Offering","Immolate"],"picked":"Feed","floor":16}],"player_experience":154159,"relics_obtained":[{"floor":6,"key":"Centennial Puzzle"},{"floor":8,"key":"Bottled Flame"},{"floor":14,"key":"Tiny Chest"}],"event_choices":[{"damage_healed":0,"gold_gain":0,"player_choice":"Lose Max HP","damage_taken":0,"relics_obtained":["Golden Idol"],"max_hp_gain":0,"max_hp_loss":6,"event_name":"Golden Idol","floor":5,"gold_loss":0},{"damage_healed":0,"gold_gain":0,"player_choice":"Entered Light","damage_taken":15,"max_hp_gain":0,"max_hp_loss":0,"event_name":"Shining Light","floor":10,"gold_loss":0,"cards_upgraded":["Warcry","Demon Form"]},{"cards_removed":["Clothesline"],"damage_healed":0,"gold_gain":0,"player_choice":"Card Removal","damage_taken":7,"max_hp_gain":0,"max_hp_loss":0,"event_name":"Golden Wing","floor":13,"gold_loss":0}],"is_beta":false,"boss_relics":[{"not_picked":["Runic Pyramid","Runic Cube"],"picked":"hubris:ScarierMask"}],"items_purged_floors":[],"is_endless":false,"potions_floor_spawned":[2,3,6,8,14],"ascension_level":2}}