{"host":"vyjryxuuuxkt43k4","time":1611717893,"event":{"mods":["AchievementEnabler","BaseMod","Colored Map","DeckTracker","Keyboard Shortcuts","Minty Spire (QoL Compilation)","Permanent Neow","Quick Restart","Rare Cards Sparkle","StSLib","SuperFastMode","everything is the same but u backflip on backflip"],"gold_per_floor":[110,110,130,150,225,225,240,266,319,319,343,370,56,75,75,153,153,163,25,45,58,76,76,76,76],"floor_reached":24,"language":"KOR","playtime":1797,"items_purged":["Strike_G","Strike_G"],"score":354,"play_id":"8b2bc00c-1460-4ffb-b79f-84351acce05f","local_time":"20210127122453","is_ascension_mode":true,"campfire_choices":[{"data":"Quick Slash","floor":6.0,"key":"SMITH"},{"floor":10.0,"key":"REST"},{"data":"Prepared","floor":15.0,"key":"SMITH"},{"floor":23,"key":"REST"}],"circlet_count":0,"master_deck":["AscendersBane","Strike_G","Defend_G","Defend_G","Defend_G","Defend_G","Defend_G","Survivor","Neutralize","Quick Slash+1","Underhanded Strike","Reflex","Prepared+1","Blade Dance","Acrobatics","Reflex","Well Laid Plans","Crippling Poison","Accuracy","Burst","Endless Agony+1","Escape Plan","Endless Agony","Calculated Gamble","Blur"],"relics":["Ring of the Snake","PreservedInsect","Kunai","Smiling Mask","Toy Ornithopter","Odd Mushroom","Anchor","Sling","Empty Cage"],"acts_visited":["Exordium","TheCity"],"potions_floor_usage":[21,21],"damage_taken":[{"damage":0.0,"enemies":"2 Louse","floor":1.0,"turns":5.0},{"damage":4.0,"enemies":"Cultist","floor":3.0,"turns":3.0},{"damage":0.0,"enemies":"Small Slimes","floor":4.0,"turns":4.0},{"damage":0.0,"enemies":"2 Fungi Beasts","floor":7.0,"turns":3.0},{"damage":16.0,"enemies":"Lagavulin","floor":8.0,"turns":6.0},{"damage":4.0,"enemies":"The Mushroom Lair","floor":11.0,"turns":4.0},{"damage":5.0,"enemies":"Gremlin Nob","floor":12.0,"turns":3.0},{"damage":3.0,"enemies":"Large Slime","floor":14.0,"turns":5.0},{"damage":22.0,"enemies":"Slime Boss","floor":16.0,"turns":8.0},{"damage":9.0,"enemies":"3 Byrds","floor":18.0,"turns":5.0},{"damage":10.0,"enemies":"Shell Parasite","floor":20.0,"turns":8.0},{"damage":5,"enemies":"3 Cultists","floor":21,"turns":6},{"damage":37,"enemies":"Sentry and Sphere","floor":22,"turns":8},{"damage":33,"enemies":"Snecko","floor":24,"turns":12}],"seed_played":"1625619971138457346","potions_obtained":[{"floor":4.0,"key":"CunningPotion"},{"floor":8.0,"key":"Swift Potion"},{"floor":11.0,"key":"EntropicBrew"},{"floor":12.0,"key":"SneckoOil"},{"floor":14.0,"key":"PowerPotion"},{"floor":18.0,"key":"Fire Potion"}],"is_trial":false,"path_per_floor":["M","?","M","M","?","R","M","E","T","R","?","E","$","M","R","B",null,"M","$","M","M","M","R","M"],"character_chosen":"THE_SILENT","items_purchased":["Well Laid Plans","Crippling Poison","Sling","Escape Plan","PowerPotion"],"campfire_rested":2,"item_purchase_floors":[13,13,13,19,19],"current_hp_per_floor":[59,56,52,52,41,41,41,25,25,44,45,50,50,47,47,35,58,49,49,39,44,7,26,0,0],"gold":76,"neow_bonus":"RANDOM_COMMON_RELIC","is_daily":false,"chose_seed":false,"campfire_upgraded":2,"win_rate":0.0,"timestamp":1611717893,"path_taken":["M","?","M","M","?","R","M","E","T","R","?","E","$","M","R","BOSS","M","$","M","M","M","R","M"],"items_purchased_type":["Card","Card","Relic","Card","Potion"],"build_version":"2020-12-22","purchased_purges":2,"victory":false,"max_hp_per_floor":[66,66,66,66,66,66,66,66,66,66,66,66,66,66,66,66,66,66,66,66,66,66,66,66,66],"card_choices":[{"not_picked":["Underhanded Strike","Acrobatics"],"picked":"Quick Slash","floor":1.0},{"not_picked":["Bane","Deflect"],"picked":"Underhanded Strike","floor":3.0},{"not_picked":["Slice","Dagger Throw"],"picked":"Reflex","floor":4.0},{"not_picked":["Quick Slash","Reflex"],"picked":"Prepared","floor":7.0},{"not_picked":["Corpse Explosion","Bane"],"picked":"Blade Dance","floor":8.0},{"not_picked":["Choke","Finisher"],"picked":"Acrobatics","floor":11.0},{"not_picked":["Doppelganger","All Out Attack"],"picked":"Reflex","floor":12.0},{"not_picked":["Poisoned Stab","Dagger Throw"],"picked":"Accuracy","floor":14.0},{"not_picked":["Phantasmal Killer","Envenom"],"picked":"Burst","floor":16.0},{"not_picked":["Calculated Gamble","All Out Attack"],"picked":"Endless Agony+1","floor":18.0},{"not_picked":["Riddle With Holes","Cloak And Dagger"],"picked":"Endless Agony","floor":20.0},{"not_picked":["Catalyst","Prepared"],"picked":"Calculated Gamble","floor":21},{"not_picked":["Expertise","Underhanded Strike"],"picked":"Blur","floor":22}],"player_experience":394030,"relics_obtained":[{"floor":8.0,"key":"Smiling Mask"},{"floor":9.0,"key":"Toy Ornithopter"},{"floor":11.0,"key":"Odd Mushroom"},{"floor":12.0,"key":"Anchor"}],"event_choices":[{"damage_healed":0.0,"max_hp_gain":0.0,"max_hp_loss":0.0,"gold_gain":0.0,"event_name":"Scrap Ooze","player_choice":"Success","floor":2.0,"gold_loss":0.0,"damage_taken":3.0,"relics_obtained":["Kunai"]},{"damage_healed":0.0,"max_hp_gain":0.0,"max_hp_loss":0.0,"gold_gain":75.0,"event_name":"World of Goop","player_choice":"Gather Gold","floor":5.0,"gold_loss":0.0,"damage_taken":11.0},{"damage_healed":0.0,"max_hp_gain":0.0,"max_hp_loss":0.0,"gold_gain":0.0,"event_name":"Mushrooms","player_choice":"Fought Mushrooms","floor":11.0,"gold_loss":0.0,"damage_taken":0.0}],"is_beta":false,"boss_relics":[{"not_picked":["Snecko Eye","Tiny House"],"picked":"Empty Cage"}],"items_purged_floors":[13,19],"is_endless":false,"potions_floor_spawned":[4,8,11,12,14,18],"killed_by":"Snecko","ascension_level":14}}