{"host":"ovxa65d68iy9l57e","time":1611759321,"event":{"mods":["AchievementEnabler","BaseMod","Better Altar","Better Skull","Better Vampires","Colored Map","Curses Come First","Minty Spire (QoL Compilation)","Relic Stats","StSLib"],"gold_per_floor":[119,119,119,135,153,153,188,36,88,119,119,132,132,152,152,282,282,295,123,48,68,84,84,158,158,158,158,158],"floor_reached":27,"language":"SPA","playtime":1599,"items_purged":["Strike_R","Strike_R"],"score":276,"play_id":"2ed4fe08-8e4d-4606-b502-e3d75815b684","local_time":"20210127155521","is_ascension_mode":true,"campfire_choices":[{"data":"Bludgeon","floor":6.0,"key":"SMITH"},{"data":"Double Tap","floor":13.0,"key":"SMITH"},{"data":"Bloodletting","floor":15.0,"key":"SMITH"},{"floor":23.0,"key":"REST"}],"circlet_count":0,"master_deck":["Strike_R","Defend_R","Defend_R","Defend_R","Bash","Bludgeon+1","Shrug It Off","Burning Pact","Clothesline","Double Tap+1","Bloodletting+1","Brutality","Shrug It Off+1","Fiend Fire","True Grit","Shrug It Off+1","Entrench","Exhume+1"],"relics":["Black Blood","Golden Idol","Dream Catcher","Vajra","Self Forming Clay","Toxic Egg 2","Singing Bowl"],"acts_visited":["Exordium","TheCity"],"potions_floor_usage":[27],"damage_taken":[{"damage":0.0,"enemies":"2 Louse","floor":1.0,"turns":3.0},{"damage":0.0,"enemies":"Small Slimes","floor":4.0,"turns":3.0},{"damage":0.0,"enemies":"Cultist","floor":5.0,"turns":2.0},{"damage":6.0,"enemies":"Gremlin Nob","floor":7.0,"turns":3.0},{"damage":7.0,"enemies":"Lagavulin","floor":10.0,"turns":3.0},{"damage":7.0,"enemies":"Large Slime","floor":12.0,"turns":4.0},{"damage":0.0,"enemies":"2 Fungi Beasts","floor":14.0,"turns":4.0},{"damage":39.0,"enemies":"Slime Boss","floor":16.0,"turns":9.0},{"damage":40.0,"enemies":"Spheric Guardian","floor":18.0,"turns":9.0},{"damage":26.0,"enemies":"3 Byrds","floor":21.0,"turns":8.0},{"damage":24.0,"enemies":"Snake Plant","floor":22.0,"turns":7.0},{"damage":0,"enemies":"Slavers","floor":27,"turns":1}],"seed_played":"-8706622019663134840","potions_obtained":[{"floor":3.0,"key":"Energy Potion"},{"floor":3.0,"key":"Strength Potion"},{"floor":3.0,"key":"Regen Potion"},{"floor":14.0,"key":"SteroidPotion"},{"floor":16.0,"key":"HeartOfIron"},{"floor":21.0,"key":"Dexterity Potion"}],"is_trial":false,"path_per_floor":["M","?","?","M","M","R","E","$","T","E","?","M","R","M","R","B",null,"M","$","?","M","M","R","T","?","T","E"],"character_chosen":"IRONCLAD","items_purchased":["Double Tap","Fiend Fire"],"campfire_rested":1,"item_purchase_floors":[8,19],"current_hp_per_floor":[80,60,60,66,72,72,72,72,72,71,64,63,63,69,69,36,69,56,56,56,42,30,54,54,54,54,54,54],"gold":158,"neow_bonus":"ONE_RANDOM_RARE_CARD","is_daily":false,"chose_seed":false,"campfire_upgraded":3,"win_rate":0.0,"timestamp":1611759321,"path_taken":["M","?","?","?","M","R","E","$","T","E","?","M","R","M","R","BOSS","M","$","?","M","M","R","?","?","T","E"],"items_purchased_type":["Card","Card"],"build_version":"2020-12-22","purchased_purges":2,"victory":false,"max_hp_per_floor":[80,80,80,80,80,80,80,80,80,80,80,80,80,80,80,80,80,80,80,80,80,80,80,80,80,80,80,80],"relic_stats":{"Dream Catcher":1,"Singing Bowl":0,"counters":[12,56],"Golden Idol":63,"Self Forming Clay":[135],"Black Blood":78,"obtain_stats":[{"Dream Catcher":7,"Singing Bowl":26,"Golden Idol":2,"Self Forming Clay":10,"Vajra":9,"Black Blood":17,"Toxic Egg 2":24,"Burning Blood":0},{"Dream Catcher":4,"Singing Bowl":11,"Golden Idol":1,"Self Forming Clay":5,"Vajra":4,"Black Blood":8,"Toxic Egg 2":11,"Burning Blood":0},{"Dream Catcher":11,"Singing Bowl":55,"Golden Idol":3,"Self Forming Clay":14,"Vajra":11,"Black Blood":31,"Toxic Egg 2":55,"Burning Blood":0}]},"card_choices":[{"not_picked":["Combust","Armaments"],"picked":"Shrug It Off","floor":1.0},{"not_picked":["Havoc","Headbutt"],"picked":"Burning Pact","floor":4.0},{"not_picked":["Thunderclap","Dropkick"],"picked":"Clothesline","floor":5.0},{"not_picked":["Evolve","Armaments","Clothesline"],"picked":"SKIP","floor":7.0},{"not_picked":["Iron Wave","Evolve"],"picked":"Bloodletting","floor":10.0},{"not_picked":["Clash","Sword Boomerang","Thunderclap"],"picked":"SKIP","floor":12.0},{"not_picked":["Body Slam","Dropkick","Thunderclap"],"picked":"SKIP","floor":14.0},{"not_picked":["Berserk","Impervious"],"picked":"Brutality","floor":16.0},{"not_picked":["Searing Blow+1","Combust"],"picked":"Shrug It Off+1","floor":18.0},{"not_picked":["Anger","Flex"],"picked":"True Grit","floor":21.0},{"not_picked":["Body Slam","Demon Form"],"picked":"Shrug It Off+1","floor":22.0},{"not_picked":["Sword Boomerang","Bloodletting+1"],"picked":"Entrench","floor":23.0}],"player_experience":294615,"relics_obtained":[{"floor":7.0,"key":"Dream Catcher"},{"floor":9.0,"key":"Vajra"},{"floor":10.0,"key":"Self Forming Clay"},{"floor":24.0,"key":"Toxic Egg 2"},{"floor":26.0,"key":"Singing Bowl"}],"event_choices":[{"damage_healed":0.0,"max_hp_gain":0.0,"max_hp_loss":0.0,"gold_gain":0.0,"event_name":"Golden Idol","player_choice":"Take Damage","floor":2.0,"gold_loss":0.0,"damage_taken":20.0,"relics_obtained":["Golden Idol"]},{"damage_healed":0.0,"max_hp_gain":0.0,"max_hp_loss":0.0,"gold_gain":0.0,"event_name":"Lab","player_choice":"Got Potions","floor":3.0,"gold_loss":0.0,"damage_taken":0.0},{"cards_removed":["Strike_R"],"damage_healed":0.0,"max_hp_gain":0.0,"max_hp_loss":0.0,"gold_gain":0.0,"event_name":"Golden Wing","player_choice":"Card Removal","floor":11.0,"gold_loss":0.0,"damage_taken":7.0},{"cards_removed":["Strike_R"],"damage_healed":0.0,"max_hp_gain":0.0,"max_hp_loss":0.0,"gold_gain":0.0,"event_name":"Beggar","player_choice":"Gave Gold","floor":20.0,"gold_loss":75.0,"damage_taken":0.0},{"damage_healed":0.0,"max_hp_gain":0.0,"max_hp_loss":0.0,"gold_gain":0.0,"cards_transformed":["Defend_R"],"event_name":"Transmorgrifier","player_choice":"Transformed","floor":25.0,"gold_loss":0.0,"damage_taken":0.0,"cards_obtained":["Exhume"]}],"is_beta":false,"boss_relics":[{"not_picked":["Pandora\u0027s Box","Runic Dome"],"picked":"Black Blood"}],"items_purged_floors":[8,19],"is_endless":false,"potions_floor_spawned":[5,7,14,16,21],"killed_by":"Slavers","ascension_level":5}}