{"host":"vzkpoqyw8ea6g4k2","time":1611717080,"event":{"mods":["2.2 Compatiblity","AchievementEnabler","BaseMod","Colored Map","Colored Powertips","Dark Map","Infinite Spire","Minty Spire (QoL Compilation)","Permanent Neow","Quick Restart","Replay The Spire","StSLib","SuperFastMode"],"gold_per_floor":[115,40,40,40,65,103,103,103,103,3,33,33,68,87,87,207,207,200,215,215,215,236,236,279,279,279,279,279,303,303,303],"floor_reached":30,"language":"KOR","playtime":524,"items_purged":["Strike_P","Defend_P"],"score":335,"play_id":"d61484e3-3b76-41f6-8198-cccbf3db1596","local_time":"20210127121120","is_ascension_mode":true,"campfire_choices":[{"data":"Adaptation","floor":7,"key":"SMITH"},{"data":"Eruption","floor":15,"key":"SMITH"},{"data":"1","floor":23,"key":"LIFT"},{"data":"2","floor":25,"key":"LIFT"},{"data":"3","floor":27,"key":"LIFT"}],"circlet_count":0,"master_deck":["Strike_P","Strike_P+1","Strike_P","Defend_P","Defend_P","Eruption+1","Vigilance+1","Adaptation+1","EmptyFist+1","BowlingBash","Wish","CurseOfTheBell","Protect","InnerPeace+1","Necronomicurse","ThirdEye+1","Omniscience"],"relics":["PureWater","NeowsBlessing","Golden Idol","Happy Flower","Whetstone","Divine Protection","Calling Bell","Potion Belt","Frozen Egg 2","Girya","Necronomicon","Bird Faced Urn","infinitespire:PuzzleCube"],"acts_visited":["Exordium","TheCity"],"potions_floor_usage":[24,24,24,24],"damage_taken":[{"damage":0,"enemies":"Jaw Worm","floor":1,"turns":1},{"damage":0,"enemies":"2 Louse","floor":5,"turns":1},{"damage":0,"enemies":"Gremlin Nob","floor":6,"turns":1},{"damage":10,"enemies":"3 Sentries","floor":13,"turns":7},{"damage":0,"enemies":"Small Slimes","floor":14,"turns":2},{"damage":26,"enemies":"The Guardian","floor":16,"turns":12},{"damage":13,"enemies":"2 Thieves","floor":18,"turns":4},{"damage":0,"enemies":"Chosen","floor":19,"turns":4},{"damage":28,"enemies":"Snake Plant","floor":22,"turns":6},{"damage":14,"enemies":"Slavers","floor":24,"turns":9},{"damage":0,"enemies":"Chosen and Byrds","floor":29,"turns":4},{"damage":32,"enemies":"Gremlin Leader","floor":30,"turns":5}],"seed_played":"-8719689142204281281","potions_obtained":[{"floor":6,"key":"Energy Potion"},{"floor":13,"key":"SpeedPotion"},{"floor":19,"key":"Regen Potion"},{"floor":22,"key":"Block Potion"},{"floor":24,"key":"SpeedPotion"}],"is_trial":false,"path_per_floor":["M","$","?","?","M","E","R","?","T","$","?","$","E","M","R","B",null,"M","M","?","?","M","R","E","R","T","R","?","M","E"],"character_chosen":"WATCHER","items_purchased":[],"campfire_rested":0,"item_purchase_floors":[],"current_hp_per_floor":[72,72,54,59,59,59,59,59,59,59,59,59,49,49,49,23,77,64,64,48,48,20,20,21,21,21,21,21,23,0,0],"gold":303,"neow_bonus":"THREE_ENEMY_KILL","is_daily":false,"chose_seed":false,"campfire_upgraded":2,"win_rate":0.0,"timestamp":1611717080,"path_taken":["M","$","?","?","M","E","R","?","T","?","?","$","E","M","R","BOSS","M","M","?","?","M","R","E","R","T","R","?","M","E"],"items_purchased_type":[],"build_version":"2020-12-22","purchased_purges":2,"victory":false,"max_hp_per_floor":[72,72,72,77,77,77,77,77,77,77,77,77,77,77,77,77,77,77,77,77,77,77,77,77,77,77,77,77,77,77,77],"card_choices":[{"not_picked":["FollowUp","WindmillStrike"],"picked":"Adaptation","floor":1},{"not_picked":["ForeignInfluence","Nirvana"],"picked":"EmptyFist","floor":5},{"not_picked":["WindmillStrike","PathToVictory","Perseverance"],"picked":"SKIP","floor":6},{"not_picked":["Wallop","EmptyFist","Replay:AtTheReady"],"picked":"SKIP","floor":13},{"not_picked":["WaveOfTheHand","Wallop"],"picked":"BowlingBash","floor":14},{"not_picked":["DevaForm","Blasphemy"],"picked":"Wish","floor":16},{"not_picked":["BowlingBash+1","Replay:DivineShield"],"picked":"Protect","floor":18},{"not_picked":["JustLucky+1","Evaluate"],"picked":"InnerPeace+1","floor":19},{"not_picked":["Perseverance+1","Sanctity"],"picked":"ThirdEye+1","floor":22},{"not_picked":["Replay:Anticipation","EmptyBody"],"picked":"Omniscience","floor":24},{"not_picked":["CrushJoints","EmptyBody","PathToVictory"],"picked":"SKIP","floor":29}],"player_experience":23781,"relics_obtained":[{"floor":6,"key":"Happy Flower"},{"floor":9,"key":"Whetstone"},{"floor":13,"key":"Divine Protection"},{"floor":17,"key":"Potion Belt"},{"floor":17,"key":"Frozen Egg 2"},{"floor":17,"key":"Girya"},{"floor":20,"key":"Necronomicon"},{"floor":24,"key":"Bird Faced Urn"},{"floor":26,"key":"infinitespire:PuzzleCube"}],"event_choices":[{"damage_healed":0,"gold_gain":0,"player_choice":"Take Damage","damage_taken":18,"relics_obtained":["Golden Idol"],"max_hp_gain":0,"max_hp_loss":0,"event_name":"Golden Idol","floor":3,"gold_loss":0},{"damage_healed":0,"gold_gain":0,"player_choice":"Donut","damage_taken":0,"max_hp_gain":5,"max_hp_loss":0,"event_name":"Big Fish","floor":4,"gold_loss":0},{"damage_healed":0,"gold_gain":30,"player_choice":"Searched \u00271\u0027 times","damage_taken":0,"max_hp_gain":0,"max_hp_loss":0,"event_name":"Dead Adventurer","floor":11,"gold_loss":0},{"damage_healed":0,"gold_gain":0,"player_choice":"Obtained Book","damage_taken":16,"max_hp_gain":0,"max_hp_loss":0,"event_name":"Cursed Tome","floor":20,"gold_loss":0},{"damage_healed":0,"gold_gain":0,"player_choice":"Ignored","damage_taken":0,"max_hp_gain":0,"max_hp_loss":0,"event_name":"Ghosts","floor":21,"gold_loss":0},{"cards_removed":["Defend_P"],"damage_healed":0,"gold_gain":0,"player_choice":"Offered Basic","damage_taken":0,"max_hp_gain":0,"max_hp_loss":0,"event_name":"Bonfire Elementals","floor":28,"gold_loss":0}],"is_beta":false,"boss_relics":[{"not_picked":["Empty Cage","SacredBark"],"picked":"Calling Bell"}],"items_purged_floors":[2,10],"is_endless":false,"potions_floor_spawned":[6,13,19,22,24],"killed_by":"Gremlin Leader","ascension_level":4}}