{"host":"ds28d883r3sz42zs","time":1611714249,"event":{"mods":["2.2 Compatiblity","AchievementEnabler","Act Like it!","BaseMod","Bestiary","Better Match","Better Sensory Stone","Better Third Choice","Better-Laid Plans","BetterRewards","Block Reminder","Challenge The Spire","Colored Map","Colored Powertips","DeckTracker","Defuse TimeMaze Blight","Disable Question Mark Monsters","Displayed Cursed Tome","Emptier Cage","GifTheSpireLib","Gold Saver","Hallownest","Infinite Spire","Minty Spire (QoL Compilation)","Permanent Neow","Practice Mode","Quick Restart","Random Character Button","Rare Cards Sparkle","Relic Filter","Relic Sorter","Relic Stats","Reliquary","SacredBarkPlus","Shop Mod","Spire Arcade","StSLib","SuperFastMode","The Bug Knight","Uncapped","Unknown Chances","Wide Potions"],"gold_per_floor":[1099,1109,1128,1148,1168,1168,1193,1193,1193,1193,1193],"floor_reached":10,"language":"ENG","playtime":819,"items_purged":[],"score":102,"play_id":"b8e3eb50-88bd-4347-a734-ba9d5f32211d","local_time":"20210126212409","is_ascension_mode":true,"campfire_choices":[{"data":"Uppercut","floor":6,"key":"SMITH"}],"circlet_count":0,"master_deck":["Strike_R","Strike_R","Strike_R","Strike_R","Defend_R","Defend_R","Defend_R","Defend_R","Bash","Limit Break","Pummel","Rampage","Rupture","Uppercut+1","Reaper","Infernal Blade"],"relics":["Burning Blood","Charon\u0027s Ashes","Mummified Hand"],"acts_visited":["Exordium"],"potions_floor_usage":[7],"damage_taken":[{"damage":17,"enemies":"Jaw Worm","floor":1,"turns":5},{"damage":6,"enemies":"2 Louse","floor":2,"turns":5},{"damage":1,"enemies":"Cultist","floor":3,"turns":3},{"damage":6,"enemies":"Exordium Wildlife","floor":4,"turns":5},{"damage":14,"enemies":"3 Louse","floor":5,"turns":5},{"damage":60,"enemies":"3 Sentries","floor":7,"turns":10},{"damage":15,"enemies":"Lagavulin","floor":10,"turns":3}],"seed_played":"-6483175690012006195","potions_obtained":[{"floor":3,"key":"FearPotion"},{"floor":5,"key":"BlessingOfTheForge"},{"floor":7,"key":"FearPotion"}],"is_trial":false,"path_per_floor":["M","M","M","M","M","R","E","?","T","E"],"character_chosen":"IRONCLAD","items_purchased":[],"campfire_rested":0,"item_purchase_floors":[],"current_hp_per_floor":[61,61,66,66,58,58,19,12,12,0,0],"gold":1193,"neow_bonus":"ONE_RANDOM_RARE_CARD","is_daily":false,"chose_seed":false,"campfire_upgraded":1,"win_rate":0.0,"timestamp":1611714249,"path_taken":["M","M","M","M","M","R","E","?","T","E"],"items_purchased_type":[],"build_version":"2020-12-22","purchased_purges":0,"victory":false,"max_hp_per_floor":[80,80,80,80,80,80,80,80,80,80,80],"relic_stats":{"counters":[7,36],"Mummified Hand":[2],"Charon\u0027s Ashes":[3],"obtain_stats":[{"Mummified Hand":9,"Charon\u0027s Ashes":7,"Burning Blood":0},{"Mummified Hand":6,"Charon\u0027s Ashes":6,"Burning Blood":0},{"Mummified Hand":33,"Charon\u0027s Ashes":33,"Burning Blood":0}],"Burning Blood":36},"card_choices":[{"not_picked":["Ghostly Armor","Clothesline"],"picked":"Pummel","floor":1},{"not_picked":["Pommel Strike","Intimidate"],"picked":"Rampage","floor":2},{"not_picked":["Body Slam","Thunderclap"],"picked":"Rupture","floor":3},{"not_picked":["Ghostly Armor","Shockwave"],"picked":"Uppercut","floor":4},{"not_picked":["Hemokinesis","Carnage"],"picked":"Reaper","floor":5},{"not_picked":["Sword Boomerang","Reckless Charge"],"picked":"Infernal Blade","floor":7}],"player_experience":772700,"relics_obtained":[{"floor":7,"key":"Charon\u0027s Ashes"},{"floor":9,"key":"Mummified Hand"}],"event_choices":[{"cards_removed":["Strike_R"],"damage_healed":0,"gold_gain":0,"player_choice":"Card Removal","damage_taken":7,"max_hp_gain":0,"max_hp_loss":0,"event_name":"Golden Wing","floor":8,"gold_loss":0}],"is_beta":false,"boss_relics":[],"items_purged_floors":[],"is_endless":false,"potions_floor_spawned":[3,5,7],"killed_by":"Lagavulin","ascension_level":9}}