{"host":"7wibw175hth9njsf","time":1611787492,"event":{"mods":["100% Spire Juice","2.2 Compatiblity","Act Like it!","BaseMod","Chen","Friendly Minions","Gensokyo","GifTheSpireLib","Highlight Path","HololiveMod","Koishi","Marisa（霧雨　魔理沙）","Minty Spire (QoL Compilation)","Onozuka Komachi Mod","Random Character Button","Reimu（博??梦）","Remilia（蕾米莉?）","StSLib","The Administrix","The Alterego","The Animator","The Blue Laboratory","The Fake Hero","TheSwordswoman","Waifu the Spire","Yakumo Yukari mod"],"gold_per_floor":[119,119,139,139,150,150,175,195,195,195,91,91,111,111,111,208,208,227,227,242,202,212,212,241,260,285,295,295,312,328,328,328,426,426,442,461,461,476,476,476,504,504,504,504,504,285,300,317,317,317,317,317,29,60,60],"floor_reached":56,"language":"ENG","playtime":8847,"items_purged":[],"score":1349,"play_id":"1ca42d8a-3efc-414d-993b-d7b5e5214f4d","local_time":"20210127174452","is_ascension_mode":false,"campfire_choices":[{"floor":6,"key":"RECALL"},{"floor":15,"key":"REST"},{"data":"MysteriousBeam","floor":23,"key":"SMITH"},{"data":"MachineGunSpark","floor":28,"key":"SMITH"},{"floor":32,"key":"REST"},{"data":"MaximisePower","floor":40,"key":"SMITH"},{"data":"StarDustReverie","floor":42,"key":"SMITH"},{"data":"StarlightTyphoon","floor":44,"key":"SMITH"},{"data":"PropBag","floor":49,"key":"SMITH"},{"data":"UltimateShortwave","floor":52,"key":"SMITH"}],"circlet_count":0,"master_deck":["Strike_MRS+1","Defend_MRS","Defend_MRS","Defend_MRS","Defend_MRS+1","UpSweep+1","IllusionStar","Clumsy","MysteriousBeam+1","MagicAbsorber+1","UltimateShortwave+1","NonDirectionalLaser+1","MaximisePower+1","MysteriousBeam+1","DoubleSpark+1","MachineGunSpark+1","PowerUp+1","UltimateShortwave","IllusionStar+1","StarlightTyphoon+1","StarDustReverie+1","PropBag+1","BlazeAway+1"],"relics":["BewitchedHakkero","CaptainsWheel","Mango","Gensokyo:NagashiBinaDoll","AntiCross","InkBottle","Happy Flower","ExperimentalFamiliar","Gensokyo:Companionship","HandmadeGrimoire","White Beast Statue","Hololive_LightStick","Whetstone","War Paint","Medical Kit","Gremlin Horn"],"acts_visited":["Exordium","Gensokyo:Gensokyo","Gensokyo:Gensokyoer","TheEnding"],"potions_floor_usage":[7,55,55,55],"damage_taken":[{"damage":0,"enemies":"Gensokyo:3_Fairies","floor":1,"turns":4},{"damage":6,"enemies":"Gensokyo:Python","floor":3,"turns":3},{"damage":0,"enemies":"Gensokyo:2_Kodama","floor":5,"turns":3},{"damage":19,"enemies":"Gensokyo:Cirno","floor":7,"turns":8},{"damage":6,"enemies":"Gensokyo:Kitsune","floor":8,"turns":2},{"damage":8,"enemies":"Gensokyo:Python_and_Kodama","floor":13,"turns":3},{"damage":14,"enemies":"Gensokyo:Kokoro","floor":16,"turns":5},{"damage":10,"enemies":"Gensokyo:AngelMirror","floor":18,"turns":1},{"damage":1,"enemies":"Gensokyo:Chomper","floor":20,"turns":4},{"damage":0,"enemies":"Gensokyo:Mirror_and_Dog","floor":22,"turns":2},{"damage":0,"enemies":"Gensokyo:Tenshi","floor":24,"turns":1},{"damage":0,"enemies":"Gensokyo:3_Gloops","floor":25,"turns":2},{"damage":9,"enemies":"Gensokyo:Wraith","floor":27,"turns":2},{"damage":0,"enemies":"Gensokyo:Slime_Group","floor":29,"turns":2},{"damage":13,"enemies":"Gensokyo:Swordslinger","floor":30,"turns":2},{"damage":0,"enemies":"Gensokyo:Eternal_Rivals","floor":33,"turns":5},{"damage":0,"enemies":"Gensokyo:AncientGuardian","floor":35,"turns":1},{"damage":0,"enemies":"Gensokyo:3_Boulders","floor":36,"turns":1},{"damage":0,"enemies":"Gensokyo:Dusk_and_Dawn","floor":38,"turns":2},{"damage":1,"enemies":"Gensokyo:Marisa","floor":41,"turns":2},{"damage":0,"enemies":"Gensokyo:AtlasGolem","floor":47,"turns":2},{"damage":0,"enemies":"Gensokyo:3_Boulders","floor":48,"turns":2},{"damage":0,"enemies":"Gensokyo:Shinki","floor":50,"turns":4},{"damage":0,"enemies":"Shield and Spear","floor":54,"turns":2},{"damage":72,"enemies":"The Heart","floor":55,"turns":6}],"seed_played":"-4074609364419441393","potions_obtained":[{"floor":1,"key":"DistilledChaos"},{"floor":7,"key":"blueLaboratory:HummingbirdPotion"},{"floor":16,"key":"Strength Potion"},{"floor":18,"key":"PowerPotion"},{"floor":20,"key":"CultistPotion"},{"floor":38,"key":"blueLaboratory:BubblePotion"}],"is_trial":false,"path_per_floor":["M","?","M","?","M","R","E","M","T","?","COS","$","M","?","R","B",null,"M","?","M","?","M","R","E","M","T","M","R","M","M","?","R","B",null,"M","M","?","M","COS","R","E","R","T","R","?","$","M","M","R","B",null,"R","$","E","B",null],"character_chosen":"MARISA","items_purchased":["Whetstone","PropBag","War Paint","Medical Kit"],"campfire_rested":2,"item_purchase_floors":[46,46,53,53],"current_hp_per_floor":[54,47,41,41,41,41,22,16,16,16,16,16,8,8,34,20,89,79,79,78,78,78,78,78,78,78,69,69,69,56,61,89,89,94,94,94,94,94,94,94,93,93,93,93,93,93,93,93,93,93,94,94,94,94,22],"gold":60,"neow_bonus":"ONE_RARE_RELIC","is_daily":false,"chose_seed":false,"campfire_upgraded":7,"win_rate":0.0,"timestamp":1611787492,"path_taken":["M","?","M","?","?","R","E","M","T","?","COS","?","?","?","R","BOSS","M","?","M","?","M","R","E","M","T","M","R","M","M","?","R","BOSS","M","?","?","M","COS","R","E","R","T","R","?","?","?","M","R","BOSS","R","$","E","BOSS"],"items_purchased_type":["Relic","Card","Relic","Relic"],"build_version":"2020-12-22","purchased_purges":0,"victory":true,"max_hp_per_floor":[75,89,89,89,89,89,89,89,89,89,89,89,89,89,89,89,89,89,89,89,89,89,89,89,89,89,89,89,89,89,94,94,94,94,94,94,94,94,94,94,94,94,94,94,94,94,94,94,94,94,94,94,94,94,94],"card_choices":[{"not_picked":["StarBarrage","BlazeAway"],"picked":"IllusionStar","floor":1},{"not_picked":["AsteroidBelt","MeteoricShower","GalacticHalo"],"picked":"SKIP","floor":3},{"not_picked":["LuminesStrike","DC"],"picked":"MysteriousBeam","floor":5},{"not_picked":["NonDirectionalLaser","BlazingStar"],"picked":"MysteriousBeam","floor":7},{"not_picked":["MilkyWay","GalacticHalo","ShootTheMoon"],"picked":"SKIP","floor":8},{"not_picked":["DarkSpark","AsteroidBelt"],"picked":"MagicAbsorber","floor":13},{"not_picked":["SuperNova","CollectingQuirk"],"picked":"UltimateShortwave","floor":16},{"not_picked":["StarlightTyphoon","Occultation"],"picked":"NonDirectionalLaser+1","floor":18},{"not_picked":["MagicChant","LuminesStrike"],"picked":"MysteriousBeam","floor":20},{"not_picked":["GasGiant","AsteroidBelt","Occultation"],"picked":"SKIP","floor":22},{"not_picked":["ShootingEcho","ChargeUpSpray"],"picked":"DoubleSpark+1","floor":24},{"not_picked":["LuminesStrike","GalacticHalo","OneTimeOff"],"picked":"SKIP","floor":25},{"not_picked":["GalacticHalo","AsteroidBelt+1"],"picked":"MachineGunSpark","floor":27},{"not_picked":["MagicAbsorber","DarkSpark","AsteroidBelt+1"],"picked":"SKIP","floor":29},{"not_picked":["SporeBomb","ChargeUpSpray"],"picked":"PowerUp+1","floor":30},{"not_picked":["CollectingQuirk","TreasureHunter"],"picked":"UltimateShortwave","floor":33},{"not_picked":["GrandCross+1","RefractionSpark+1"],"picked":"IllusionStar+1","floor":35},{"not_picked":["6A+1","LuminesStrike","IllusionStar+1"],"picked":"SKIP","floor":36},{"not_picked":["UnstableBomb+1","DarkMatter+1"],"picked":"StarlightTyphoon","floor":38},{"not_picked":["MagicChant","BlazeAway"],"picked":"StarDustReverie","floor":41},{"not_picked":["EnergyRecoil+1","StarBarrage+1","Robbery+1"],"picked":"SKIP","floor":47},{"not_picked":["DoubleSpark","WitchOfGreed+1","UnstableBomb"],"picked":"SKIP","floor":48},{"not_picked":["SuperPerseids+1","StarBarrage+1"],"picked":"BlazeAway+1","floor":54}],"player_experience":261434,"relics_obtained":[{"floor":7,"key":"AntiCross"},{"floor":9,"key":"InkBottle"},{"floor":24,"key":"HandmadeGrimoire"},{"floor":41,"key":"White Beast Statue"},{"floor":43,"key":"Hololive_LightStick"},{"floor":54,"key":"Gremlin Horn"}],"event_choices":[],"is_beta":false,"boss_relics":[{"not_picked":["Fusion Hammer","Hololive_ChaosS"],"picked":"ExperimentalFamiliar"},{"not_picked":["SacredBark","RedLine:ReiMu"],"picked":"BewitchedHakkero"}],"items_purged_floors":[],"is_endless":false,"potions_floor_spawned":[1,7,16,18,20,25,29,33,36,38,47,48,54],"ascension_level":0}}