{"host":"yvb207ks1sg3cxef","time":1611747748,"event":{"mods":["2.2 Compatiblity","BaseMod","Bestiary","Colored Powertips","Minty Spire (QoL Compilation)","Permanent Neow","Quick Restart","Relic Stats","StSLib"],"gold_per_floor":[12,23,23,23,23,63,82,117,117,117,87,162,162,162,162,162,162],"floor_reached":16,"language":"ENG","playtime":570,"items_purged":[],"score":122,"play_id":"6a9cc582-2ef8-4a8e-b83c-900e7a5a1442","local_time":"20210127171228","is_ascension_mode":true,"campfire_choices":[{"floor":10.0,"key":"REST"},{"data":"Wild Strike","floor":15,"key":"SMITH"}],"circlet_count":0,"master_deck":["Strike_R","Strike_R","Strike_R","Defend_R","Defend_R","Defend_R","Bash","Armaments+1","Thunderclap","Burning Pact","Shrug It Off","Wild Strike+1"],"relics":["Burning Blood","Golden Idol","PreservedInsect","Ice Cream","The Courier"],"acts_visited":["Exordium"],"potions_floor_usage":[],"damage_taken":[{"damage":6.0,"enemies":"Small Slimes","floor":1.0,"turns":3.0},{"damage":3.0,"enemies":"Jaw Worm","floor":2.0,"turns":4.0},{"damage":39.0,"enemies":"3 Sentries","floor":6.0,"turns":8.0},{"damage":9.0,"enemies":"Cultist","floor":7.0,"turns":6.0},{"damage":7.0,"enemies":"Gremlin Nob","floor":8.0,"turns":4.0},{"damage":0.0,"enemies":"Looter","floor":11.0,"turns":4.0},{"damage":42,"enemies":"Hexaghost","floor":16,"turns":13}],"seed_played":"-5363198942486204574","potions_obtained":[{"floor":2.0,"key":"SteroidPotion"}],"is_trial":false,"path_per_floor":["M","M","$","?","?","E","M","E","T","R","M","?","?","?","R","B"],"character_chosen":"IRONCLAD","items_purchased":[],"campfire_rested":1,"item_purchase_floors":[],"current_hp_per_floor":[80,80,80,60,53,20,17,16,16,40,46,35,35,40,40,0,0],"gold":162,"neow_bonus":"REMOVE_TWO","is_daily":false,"chose_seed":false,"campfire_upgraded":1,"win_rate":0.0,"timestamp":1611747748,"path_taken":["M","M","$","?","?","E","M","E","T","R","M","?","?","?","R","BOSS"],"items_purchased_type":[],"build_version":"2020-12-22","purchased_purges":0,"victory":false,"max_hp_per_floor":[80,80,80,80,80,80,80,80,80,80,80,80,80,85,85,85,85],"relic_stats":{"counters":[7,42],"Golden Idol":19,"PreservedInsect":22,"obtain_stats":[{"Ice Cream":8,"Golden Idol":4,"PreservedInsect":6,"The Courier":9,"Burning Blood":0},{"Ice Cream":5,"Golden Idol":2,"PreservedInsect":3,"The Courier":5,"Burning Blood":0},{"Ice Cream":25,"Golden Idol":7,"PreservedInsect":15,"The Courier":25,"Burning Blood":0}],"Burning Blood":33},"card_choices":[{"not_picked":["Heavy Blade","Anger"],"picked":"Armaments","floor":1.0},{"not_picked":["Reckless Charge","Perfected Strike"],"picked":"Thunderclap","floor":2.0},{"not_picked":["Thunderclap","Shrug It Off"],"picked":"Burning Pact","floor":6.0},{"not_picked":["Anger","Demon Form"],"picked":"Shrug It Off","floor":7.0},{"not_picked":["Cleave","Feel No Pain","Heavy Blade"],"picked":"SKIP","floor":8.0},{"not_picked":["Sword Boomerang","Intimidate"],"picked":"Wild Strike","floor":11}],"player_experience":483632,"relics_obtained":[{"floor":6.0,"key":"PreservedInsect"},{"floor":8.0,"key":"Ice Cream"},{"floor":9.0,"key":"The Courier"}],"event_choices":[{"damage_healed":0.0,"max_hp_gain":0.0,"max_hp_loss":0.0,"gold_gain":0.0,"event_name":"Golden Idol","player_choice":"Take Damage","floor":4.0,"gold_loss":0.0,"damage_taken":20.0,"relics_obtained":["Golden Idol"]},{"cards_removed":["Strike_R"],"damage_healed":0.0,"max_hp_gain":0.0,"max_hp_loss":0.0,"gold_gain":0.0,"event_name":"Golden Wing","player_choice":"Card Removal","floor":5.0,"gold_loss":0.0,"damage_taken":7.0},{"damage_healed":0,"gold_gain":75,"player_choice":"Gather Gold","damage_taken":11,"max_hp_gain":0,"max_hp_loss":0,"event_name":"World of Goop","floor":12,"gold_loss":0},{"damage_healed":0,"gold_gain":0,"player_choice":"Grow","damage_taken":0,"max_hp_gain":0,"max_hp_loss":0,"event_name":"Living Wall","floor":13,"gold_loss":0,"cards_upgraded":["Armaments"]},{"damage_healed":0,"gold_gain":0,"player_choice":"Donut","damage_taken":0,"max_hp_gain":5,"max_hp_loss":0,"event_name":"Big Fish","floor":14,"gold_loss":0}],"is_beta":false,"boss_relics":[],"items_purged_floors":[],"is_endless":false,"potions_floor_spawned":[2],"killed_by":"Hexaghost","ascension_level":3}}