{"host":"ztarza7ngc7blzpo","time":1611728677,"event":{"mods":["Act Like it!","BaseMod","Colored Map","Colored Powertips","Downfall","Duelist Mod","Elementarium","Gensokyo","Hallownest","Hero for Fun","Highlight Path","Infinite Spire","Jedi Mod","Kratos Character Expansion","Marisa????????","Melee Mod","Minty Spire (QoL Compilation)","Prisma Mod","Rare Cards Sparkle","Replay The Spire","Shedinja","StSLib","The Alterego","The Blackbeard","The Blue Laboratory","The Disciple","The Exalted","The Jungle","The Necromancer","The Runesmith","The Servant 0.9.4","TheHero","Yuri Mod"],"gold_per_floor":[113,128,303,303,315,69,82,82,82,92,92,110,123,140,140,140,140],"floor_reached":16,"language":"ENG","playtime":1008,"items_purged":[],"score":96,"play_id":"c112cee9-bf1e-4eb3-8f02-72362c0895f2","local_time":"20210127012437","is_ascension_mode":false,"campfire_choices":[{"floor":11,"key":"REST"},{"floor":15,"key":"REST"}],"circlet_count":0,"master_deck":["animeID:Deku","animeID:Bakugo","animeID:Smash","animeID:Smash","animeID:Smash","animeID:Smash","animeID:DefendMH","animeID:DefendMH","animeID:DefendMH","animeID:DefendMH","animeID:Deku","animeID:Tsuyu","Doubt","Voices","animeID:AllMight","animeID:TodorokiShoto","animeID:FatGum","animeID:AllMight","animeID:DelawareSmash","animeID:Kirishima","animeID:Iida"],"relics":["animeID:HeroCostume","NeowsBlessing","Ring of Searing","Ring of Peace","Runesmith:AutoHammer","KratosMod:chalice","jedi:hotpepper","MealTicket"],"acts_visited":["Exordium"],"potions_floor_usage":[7,16,16,16],"damage_taken":[{"damage":0,"enemies":"Cultist","floor":1,"turns":1},{"damage":0,"enemies":"Small Slimes","floor":2,"turns":1},{"damage":0,"enemies":"2 Louse","floor":5,"turns":1},{"damage":35,"enemies":"Exordium Wildlife","floor":7,"turns":5},{"damage":7,"enemies":"2 Fungi Beasts","floor":10,"turns":3},{"damage":30,"enemies":"Large Slime","floor":12,"turns":6},{"damage":29,"enemies":"Exordium Wildlife","floor":13,"turns":4},{"damage":9,"enemies":"3 Louse","floor":14,"turns":3},{"damage":29,"enemies":"Hexaghost","floor":16,"turns":5}],"seed_played":"-5684550207187087639","potions_obtained":[{"floor":5,"key":"blueLaboratory:BottleOfRum"},{"floor":7,"key":"blueLaboratory:NullPotion"},{"floor":13,"key":"Energy Potion"}],"is_trial":false,"path_per_floor":["M","M","?","?","M","$","M","?","T","M","R","M","M","M","R","B"],"character_chosen":"THE_HERO","items_purchased":["Runesmith:AutoHammer","animeID:TodorokiShoto","Energy Potion"],"campfire_rested":2,"item_purchase_floors":[6,6,6],"current_hp_per_floor":[75,75,75,75,75,75,42,42,42,37,53,32,11,4,20,0,0],"gold":140,"neow_bonus":"THREE_ENEMY_KILL","is_daily":false,"chose_seed":false,"campfire_upgraded":0,"win_rate":0.0,"timestamp":1611728677,"path_taken":["M","?","?","?","M","$","M","?","T","?","R","M","M","M","R","BOSS"],"items_purchased_type":["Relic","Card","Potion"],"build_version":"2020-12-22","purchased_purges":0,"victory":false,"max_hp_per_floor":[75,75,75,75,75,75,75,56,56,56,56,56,56,56,56,56,56],"card_choices":[{"not_picked":["animeID:ToruHagakure","animeID:MtLady"],"picked":"animeID:Deku","floor":1},{"not_picked":["animeID:Aoyama","animeID:EraserHead"],"picked":"animeID:Tsuyu","floor":2},{"not_picked":["animeID:NightEye","animeID:GentleCriminal"],"picked":"animeID:AllMight","floor":5},{"not_picked":["animeID:DetroitDelaware","animeID:Tsuyu"],"picked":"animeID:FatGum","floor":7},{"not_picked":["animeID:Aoyama","animeID:Tomura"],"picked":"animeID:AllMight","floor":10},{"not_picked":["animeID:Mezo","animeID:Deku"],"picked":"animeID:DelawareSmash","floor":12},{"not_picked":["animeID:Kendo","animeID:Uraraka"],"picked":"animeID:Kirishima","floor":13},{"not_picked":["animeID:Bakugo","animeID:Uraraka"],"picked":"animeID:Iida","floor":14}],"player_experience":205443,"relics_obtained":[{"floor":4,"key":"Ring of Searing"},{"floor":4,"key":"Ring of Peace"},{"floor":9,"key":"MealTicket"}],"event_choices":[{"damage_healed":0,"gold_gain":175,"player_choice":"AGREE","damage_taken":0,"max_hp_gain":0,"max_hp_loss":0,"event_name":"Liars Game","floor":3,"gold_loss":0,"cards_obtained":["Doubt"]}],"is_beta":false,"boss_relics":[],"items_purged_floors":[],"is_endless":false,"potions_floor_spawned":[5,7,13],"killed_by":"Hexaghost","ascension_level":0}}