{"host":"b4vwm7jq6jdk6nca","time":1611739442,"event":{"mods":["Act Like it!","BaseMod","Conspire","Downfall","Hermit","Minty Spire (QoL Compilation)","Pale of the Ancients","Quick Restart","Relic Filter Mod","Spicy Shops","StSLib","TestMod","Wide Potions","[IsaacMod]以撒尖塔"],"gold_per_floor":[117,117,130,147,112,112,112,146,146,146,157,157,168,183,183,282,282,295,295,323,336,351,351,362,362,441,205,205,239,239,154,154,251,251,262,279,298,348,1347,1347,1380,1480,1556,1587,1587,1587,202,202,213,225,1224,1224,1274,1274,1306,579,579,592,602,56,56,70,70,70,70,70,7,42,42,42],"floor_reached":55,"language":"ZHS","playtime":2388,"items_purged":["Strike_G","Strike_G","Regret"],"score":1154,"play_id":"0270f185-644d-458e-8120-4205557f1a93","local_time":"20210127172402","is_ascension_mode":true,"campfire_choices":[{"data":"Neutralize","floor":6.0,"key":"SMITH"},{"data":"Glass Knife","floor":15.0,"key":"SMITH"},{"data":"DoctorFetus","floor":23.0,"key":"SMITH"},{"data":"Adrenaline","floor":25.0,"key":"SMITH"},{"data":"Envenom","floor":32.0,"key":"SMITH"},{"floor":40.0,"key":"RECALL"},{"data":"1","floor":46.0,"key":"LIFT"},{"data":"2","floor":40.0,"key":"LIFT"},{"data":"3","floor":47.0,"key":"LIFT"},{"data":"A Thousand Cuts","floor":49.0,"key":"SMITH"},{"data":"Burst","floor":52.0,"key":"SMITH"}],"circlet_count":0,"master_deck":["Strike_G","Defend_G","Survivor","Neutralize+1","DoctorFetus+1","Escape Plan","Escape Plan","Glass Knife+1","Backstab","Cloak And Dagger","Footwork","Adrenaline+1","Acrobatics","Predator","Backflip+1","Envenom+1","Quick Slash","Burst+1","Underhanded Strike+1","Skewer","conspire:PoisonWeapons","Masterful Stab","Prepared+1","Choke","Backflip+1","Acrobatics","A Thousand Cuts+1","Underhanded Strike+1","Venomology"],"relics":["Ring of the Snake","testmod-TestBox","HushsDoor","Chaos","testmod-Temperance","conspire:RoyalGoblet","testmod-Nyarlathotep","Bottled Lightning","GuppysPaw","GuppysHairball","GuppysTail","Blue Candle","testmod-Déjàvu","Art of War","testmod-EnergyCheck","Leech","ClockworkSouvenir","Runic Capacitor","Girya","Omamori","BookofShadows","DeadEye","testmod-CasingShield","Paper Frog","Calipers","HoveringKite","testmod-BatchProcessingSystem","MegaBlast","Ginger","Turnip","MomsKnife","Juzu Bracelet","SteamSale","TheBible","AnarchistCookbook","testmod-CrystalShield","Eternal Feather"],"acts_visited":["Exordium","TheCity","TheBeyond","TheEnding"],"potions_floor_usage":[],"damage_taken":[{"damage":0.0,"enemies":"Small Slimes","floor":1.0,"turns":1.0},{"damage":0.0,"enemies":"Cultist","floor":3.0,"turns":1.0},{"damage":0.0,"enemies":"Jaw Worm","floor":4.0,"turns":1.0},{"damage":24.0,"enemies":"3 Sentries","floor":8.0,"turns":11.0},{"damage":9.0,"enemies":"Exordium Thugs","floor":11.0,"turns":7.0},{"damage":2.0,"enemies":"Looter","floor":13.0,"turns":3.0},{"damage":0.0,"enemies":"2 Fungi Beasts","floor":14.0,"turns":4.0},{"damage":13.0,"enemies":"Hexaghost","floor":16.0,"turns":7.0},{"damage":0.0,"enemies":"3 Byrds","floor":18.0,"turns":3.0},{"damage":0.0,"enemies":"conspire:MimicChest","floor":20.0,"turns":3.0},{"damage":0.0,"enemies":"Spheric Guardian","floor":21.0,"turns":1.0},{"damage":0.0,"enemies":"Cultist and Chosen","floor":22.0,"turns":3.0},{"damage":0.0,"enemies":"Centurion and Healer","floor":24.0,"turns":2.0},{"damage":26.0,"enemies":"Slavers","floor":29.0,"turns":3.0},{"damage":0.0,"enemies":"Collector","floor":33.0,"turns":4.0},{"damage":0.0,"enemies":"Orb Walker","floor":35.0,"turns":2.0},{"damage":0.0,"enemies":"3 Darklings","floor":36.0,"turns":3.0},{"damage":0.0,"enemies":"Jaw Worm Horde","floor":37.0,"turns":1.0},{"damage":0.0,"enemies":"2 Orb Walkers","floor":38.0,"turns":2.0},{"damage":0.0,"enemies":"Reptomancer","floor":41.0,"turns":3.0},{"damage":0.0,"enemies":"Giant Head","floor":44.0,"turns":4.0},{"damage":0.0,"enemies":"3 Darklings","floor":35.0,"turns":2.0},{"damage":0.0,"enemies":"Orb Walker","floor":36.0,"turns":1.0},{"damage":0.0,"enemies":"Hiden Room Battle","floor":39.0,"turns":3.0},{"damage":9.0,"enemies":"Nemesis","floor":41.0,"turns":3.0},{"damage":0.0,"enemies":"Writhing Mass","floor":44.0,"turns":1.0},{"damage":0.0,"enemies":"Spire Growth","floor":45.0,"turns":1.0},{"damage":0.0,"enemies":"Jaw Worm Horde","floor":48.0,"turns":1.0},{"damage":1.0,"enemies":"Donu and Deca","floor":50.0,"turns":2.0},{"damage":0.0,"enemies":"Shield and Spear","floor":54.0,"turns":2.0},{"damage":0,"enemies":"LittleHush","floor":55,"turns":1}],"seed_played":"-4656230340663728999","potions_obtained":[{"floor":8.0,"key":"champ:CounterPotion"},{"floor":16.0,"key":"Fire Potion"},{"floor":21.0,"key":"Strength Potion"},{"floor":36.0,"key":"AttackPotion"},{"floor":37.0,"key":"champ:CounterPotion"},{"floor":38.0,"key":"Strength Potion"},{"floor":35.0,"key":"CultistPotion"}],"is_trial":false,"path_per_floor":["M","?","M","M","$","R","?","E","T","$","M","?","M","M","R","B",null,"M","?","?","M","M","R","M","R","T","$","?","E","$","?","R","B",null,"M","M","M","?","?","R","E","?","T","E","T","R","$","$","M","M","?","?","?","R","E","$","T","M","M","$","R","M","R","B",null,"R","$","E","B"],"character_chosen":"THE_SILENT","items_purchased":["Backstab","GuppysPaw","GuppysHairball","GuppysTail","Envenom","ForgetMeNow","DeadEye","testmod-CasingShield","Paper Frog","Calipers","Ginger","Turnip","MomsKnife","SteamSale","TheBible","AnarchistCookbook","testmod-CrystalShield"],"campfire_rested":0,"item_purchase_floors":[5,17,17,17,27,47,47,47,47,47,42,42,42,46,46,46,46],"current_hp_per_floor":[70,70,70,70,70,70,70,46,46,46,37,37,35,35,35,22,40,40,35,35,35,35,35,35,35,35,35,35,9,9,9,9,9,40,40,40,40,40,40,40,40,40,40,40,40,40,40,40,40,40,40,40,40,40,32,32,32,33,34,34,34,34,34,35,40,40,40,40,40,40],"gold":42,"neow_bonus":"THREE_ENEMY_KILL","is_daily":false,"chose_seed":false,"campfire_upgraded":7,"win_rate":0.0,"timestamp":1611739442,"path_taken":["M","?","M","?","?","R","?","E","T","$","M","?","M","M","R","BOSS","M","?","?","?","M","R","M","R","T","$","?","E","$","?","R","BOSS","M","?","M","?","?","R","E","?","T","E","?","R","?","$","M","M","?","?","?","R","E","$","T","M","M","$","R","M","R","BOSS","R","$","E","BOSS"],"items_purchased_type":["Card","Relic","Relic","Relic","Card","Relic","Relic","Relic","Relic","Relic","Relic","Relic","Relic","Relic","Relic","Relic","Relic"],"build_version":"2020-12-22","purchased_purges":3,"victory":false,"max_hp_per_floor":[70,70,70,70,70,70,70,70,70,70,70,70,70,70,70,70,40,40,40,40,40,40,40,40,40,40,40,40,40,40,40,40,40,40,40,40,40,40,40,40,40,40,40,40,40,40,40,40,40,40,40,40,40,40,40,40,40,40,40,40,40,40,40,40,40,40,40,40,40,40],"card_choices":[{"not_picked":[],"picked":"DoctorFetus","floor":0.0},{"not_picked":["Dodge and Roll","Dagger Throw"],"picked":"Escape Plan","floor":1.0},{"not_picked":["Flying Knee","Quick Slash"],"picked":"Escape Plan","floor":3.0},{"not_picked":["PiercingWail","Acrobatics"],"picked":"Glass Knife","floor":4.0},{"not_picked":["Tactician","Outmaneuver","Slice"],"picked":"SKIP","floor":8.0},{"not_picked":["Setup","Quick Slash"],"picked":"Cloak And Dagger","floor":11.0},{"not_picked":["Flying Knee","Slice","Concentrate"],"picked":"SKIP","floor":13.0},{"not_picked":["Deadly Poison","Flechettes"],"picked":"Footwork","floor":14.0},{"not_picked":["Venomology","Glass Knife"],"picked":"Adrenaline","floor":16.0},{"not_picked":["All Out Attack","Concentrate"],"picked":"Acrobatics","floor":18.0},{"not_picked":["Poisoned Stab","Sucker Punch"],"picked":"Predator","floor":20.0},{"not_picked":["Expertise","Acrobatics+1"],"picked":"Backflip+1","floor":21.0},{"not_picked":["Prepared","Catalyst+1","Outmaneuver"],"picked":"SKIP","floor":22.0},{"not_picked":["Flying Knee","Deflect","Sucker Punch"],"picked":"SKIP","floor":24.0},{"not_picked":["Dagger Spray","Footwork"],"picked":"Quick Slash","floor":29.0},{"not_picked":["Night Terror","Envenom"],"picked":"Burst","floor":33.0},{"not_picked":["Deflect+1","Dodge and Roll"],"picked":"Underhanded Strike+1","floor":35.0},{"not_picked":["Slice+1","PiercingWail","Dodge and Roll"],"picked":"SKIP","floor":36.0},{"not_picked":["Footwork","Bane+1"],"picked":"Skewer","floor":37.0},{"not_picked":["Distraction+1","Blade Dance+1"],"picked":"conspire:PoisonWeapons","floor":38.0},{"not_picked":["Caltrops+1","Sucker Punch+1"],"picked":"Masterful Stab","floor":41.0},{"not_picked":["Dash+1","Bane"],"picked":"Prepared+1","floor":42.0},{"not_picked":["Backstab+1","Tactician"],"picked":"Choke","floor":44.0},{"not_picked":["Flechettes","Finisher","Heel Hook+1"],"picked":"SKIP","floor":35.0},{"not_picked":["Blur+1","Sucker Punch"],"picked":"Backflip+1","floor":36.0},{"not_picked":["Poisoned Stab+1","Sucker Punch+1"],"picked":"Acrobatics","floor":39.0},{"not_picked":["Masterful Stab+1","Poisoned Stab+1","Noxious Fumes"],"picked":"SKIP","floor":41.0},{"not_picked":["Bane","Cloak And Dagger"],"picked":"A Thousand Cuts","floor":44.0},{"not_picked":["Heel Hook+1","Flying Knee+1"],"picked":"Underhanded Strike+1","floor":45.0},{"not_picked":["Well Laid Plans","Flying Knee"],"picked":"Venomology","floor":48.0},{"not_picked":["All Out Attack","Deadly Poison","Dodge and Roll"],"picked":"SKIP","floor":54.0}],"player_experience":324221,"relics_obtained":[{"floor":8.0,"key":"conspire:RoyalGoblet"},{"floor":20.0,"key":"testmod-Déjàvu"},{"floor":26.0,"key":"Art of War"},{"floor":38.0,"key":"ClockworkSouvenir"},{"floor":41.0,"key":"Runic Capacitor"},{"floor":43.0,"key":"Girya"},{"floor":44.0,"key":"Omamori"},{"floor":45.0,"key":"BookofShadows"},{"floor":39.0,"key":"HoveringKite"},{"floor":39.0,"key":"testmod-BatchProcessingSystem"},{"floor":41.0,"key":"MegaBlast"},{"floor":43.0,"key":"Juzu Bracelet"},{"floor":54.0,"key":"Eternal Feather"}],"event_choices":[{"damage_healed":0.0,"max_hp_gain":0.0,"max_hp_loss":0.0,"gold_gain":0.0,"event_name":"Wheel of Change","player_choice":"Cursed","floor":2.0,"gold_loss":0.0,"damage_taken":0.0,"cards_obtained":["Decay"]},{"damage_healed":0.0,"max_hp_gain":0.0,"max_hp_loss":0.0,"gold_gain":0.0,"event_name":"给自己的盒子","player_choice":"Swap Relic","floor":12.0,"relics_lost":["NeowsBlessing"],"gold_loss":0.0,"damage_taken":0.0,"relics_obtained":["testmod-Nyarlathotep"]},{"damage_healed":0.0,"max_hp_gain":0.0,"max_hp_loss":0.0,"gold_gain":0.0,"event_name":"Vampires","player_choice":"Ignored","floor":28.0,"gold_loss":0.0,"damage_taken":0.0},{"damage_healed":0.0,"max_hp_gain":0.0,"max_hp_loss":0.0,"gold_gain":0.0,"event_name":"Addict","player_choice":"Obtained Relic","floor":31.0,"gold_loss":85.0,"damage_taken":0.0,"relics_obtained":["testmod-EnergyCheck"]},{"damage_healed":0.0,"max_hp_gain":0.0,"max_hp_loss":0.0,"gold_gain":0.0,"event_name":"Mysterious Sphere","player_choice":"Fight","floor":38.0,"gold_loss":0.0,"damage_taken":0.0},{"damage_healed":0.0,"max_hp_gain":0.0,"max_hp_loss":0.0,"gold_gain":999.0,"event_name":"MindBloom","player_choice":"Gold","floor":39.0,"gold_loss":0.0,"damage_taken":0.0,"cards_obtained":["Normality","Normality"]},{"damage_healed":0.0,"max_hp_gain":0.0,"max_hp_loss":0.0,"gold_gain":999.0,"event_name":"MindBloom","player_choice":"Gold","floor":37.0,"gold_loss":0.0,"damage_taken":0.0,"cards_obtained":["Normality","Normality"]},{"cards_removed":["Strike_G"],"damage_healed":0.0,"max_hp_gain":0.0,"max_hp_loss":0.0,"gold_gain":0.0,"event_name":"Falling","player_choice":"Removed Attack","floor":38.0,"gold_loss":0.0,"damage_taken":0.0},{"damage_healed":0.0,"max_hp_gain":0.0,"max_hp_loss":0.0,"gold_gain":0.0,"event_name":"HidenRoomEvent","player_choice":"Fight","floor":39.0,"gold_loss":0.0,"damage_taken":0.0}],"is_beta":false,"boss_relics":[{"not_picked":["testmod-Recursion","Vajra"],"picked":"Bottled Lightning"},{"not_picked":[]},{"not_picked":["GuppysHead","conspire:GiftBox"],"picked":"Leech"},{"not_picked":[]}],"items_purged_floors":[27,42,53],"is_endless":false,"potions_floor_spawned":[8,11,14,16,21,24,36,37,38,41,35,41,44,45,48,54],"killed_by":"LittleHush","ascension_level":1}}