{"host":"yq854828l1wg20je","time":1611774706,"event":{"mods":["AchievementEnabler","BaseMod","Colored Powertips","Downfall","Hubris","Minty Spire (QoL Compilation)","Quick Restart","READ ME - Snecko Mod","Replay The Spire","StSLib","The Construct","The Cursed","The Disciple","The Senshi","The Servant 0.9.4"],"gold_per_floor":[109,121,139,139,139,139,151,151,177,177,227,227,257,270,327,345,345,449,449,463,497,412,31,41,41,41,54,54,69,88,108,126,155,155,251,251,264,264,275,295,295,295,39,39],"floor_reached":43,"language":"ENG","playtime":4022,"items_purged":["Strike_R","Parasite"],"score":437,"play_id":"f839640b-7d1f-4281-a448-349d326e8528","local_time":"20210127141146","is_ascension_mode":false,"campfire_choices":[{"data":"Carnage","floor":8.0,"key":"SMITH"},{"data":"Second Wind","floor":10.0,"key":"SMITH"},{"data":"ReplayTheSpireMod:Limb From Limb","floor":12.0,"key":"SMITH"},{"floor":17.0,"key":"REST"},{"data":"True Grit","floor":25.0,"key":"SMITH"},{"floor":34,"key":"REST"},{"floor":42,"key":"REST"}],"circlet_count":0,"master_deck":["Strike_R","Strike_R","Defend_R","Defend_R","Defend_R","Defend_R","Bash","Shrug It Off","Clash","Anger","Carnage+1","ReplayTheSpireMod:Limb From Limb+1","Second Wind+1","Hemokinesis","Heavy Blade","Clothesline","True Grit+1","Fiend Fire+1","Ghostly Armor","Dark Embrace+1","Flex+1","Thunderclap","Perfected Strike","Armaments+1","ReplayTheSpireMod:Strike From Hell","Flame Barrier+1","hubris:DuctTapeCard","Clash","Barricade+1","hubris:SharpeningStone","Cleave+1","ReplayTheSpireMod:Limb From Limb+1","Madness","Madness"],"relics":["Burning Blood","hubris:Icosahedron","Golden Egg","ReplayTheSpireMod:Spearhead","Mercury Hourglass","hubris:DuctTape","hubris:VirtuousBlindfold","Red Mask","Gambling Chip","Bottled Lightning","Girya","hubris:SphereOfDissonance","Honey Jar","Regal Pillow"],"acts_visited":["Exordium","TheCity","TheBeyond"],"potions_floor_usage":[35,35,43,43],"damage_taken":[{"damage":10.0,"enemies":"Small Slimes","floor":1.0,"turns":5.0},{"damage":3.0,"enemies":"Jaw Worm","floor":2.0,"turns":4.0},{"damage":5.0,"enemies":"2 Louse","floor":3.0,"turns":3.0},{"damage":11.0,"enemies":"Gremlin Gang","floor":7.0,"turns":5.0},{"damage":14.0,"enemies":"3 Sentries","floor":9.0,"turns":4.0},{"damage":8.0,"enemies":"Gremlin Nob","floor":13.0,"turns":3.0},{"damage":0.0,"enemies":"Large Slime","floor":14.0,"turns":3.0},{"damage":18.0,"enemies":"3 Sentries","floor":15.0,"turns":3.0},{"damage":2.0,"enemies":"Blue Slaver","floor":16.0,"turns":1.0},{"damage":39.0,"enemies":"Hexaghost","floor":18.0,"turns":8.0},{"damage":12.0,"enemies":"Shell Parasite","floor":20.0,"turns":4.0},{"damage":0.0,"enemies":"Masked Bandits","floor":21.0,"turns":3.0},{"damage":1.0,"enemies":"Chosen","floor":24.0,"turns":3.0},{"damage":14.0,"enemies":"Shelled Parasite and Fungi","floor":27.0,"turns":4.0},{"damage":3.0,"enemies":"Cultist and Chosen","floor":29.0,"turns":4.0},{"damage":0.0,"enemies":"Sentry and Sphere","floor":30.0,"turns":2.0},{"damage":20.0,"enemies":"3 Cultists","floor":31.0,"turns":5.0},{"damage":0.0,"enemies":"Snake Plant","floor":32.0,"turns":2.0},{"damage":34.0,"enemies":"Gremlin Leader","floor":33.0,"turns":5.0},{"damage":53,"enemies":"Collector","floor":35,"turns":8},{"damage":15,"enemies":"3 Shapes","floor":37,"turns":2},{"damage":7,"enemies":"3 Darklings","floor":39,"turns":5},{"damage":7,"enemies":"Writhing Mass","floor":40,"turns":4},{"damage":92,"enemies":"hubris:Merchant","floor":43,"turns":7}],"seed_played":"1081669961716924317","potions_obtained":[{"floor":9.0,"key":"Energy Potion"},{"floor":13.0,"key":"ColorlessPotion"},{"floor":14.0,"key":"Dexterity Potion"},{"floor":20.0,"key":"Guardian:BlockOnCardUsePotion"},{"floor":24.0,"key":"Explosive Potion"},{"floor":30.0,"key":"champ:CounterPotion"},{"floor":32.0,"key":"Block Potion"},{"floor":33,"key":"bronze:BurnAndBuffPotion"},{"floor":39,"key":"FearPotion"},{"floor":40,"key":"Regen Potion"}],"is_trial":false,"path_per_floor":["M","M","M","PTL","PTL","?","M","R","E","R","T","R","E","M","?","M","R","B",null,"M","?","?","$","M","R","$","M","T","M","M","M","M","E","R","B",null,"M","?","M","M","?","R","$"],"character_chosen":"IRONCLAD","items_purchased":["Flex","Bottled Lightning","Regal Pillow"],"campfire_rested":3,"item_purchase_floors":[23,23,43],"current_hp_per_floor":[76,79,80,80,80,80,75,75,67,67,67,67,65,71,59,63,80,47,80,74,80,80,80,80,80,80,72,72,75,80,66,72,44,68,21,80,71,71,70,69,59,80,0,0],"gold":39,"neow_bonus":"THREE_CARDS","is_daily":false,"chose_seed":false,"campfire_upgraded":4,"win_rate":0.0,"timestamp":1611774706,"path_taken":["M","M","M","PTL","PTL","?","M","R","E","R","T","R","E","M","?","M","R","BOSS","M","?","?","$","M","R","$","M","T","M","M","M","M","E","R","BOSS","M","?","M","?","?","R","$"],"items_purchased_type":["Card","Relic","Relic"],"build_version":"2020-12-22","purchased_purges":2,"victory":false,"max_hp_per_floor":[80,80,80,80,80,80,80,80,80,80,80,80,80,80,80,80,80,80,80,80,80,80,80,80,80,80,80,80,80,80,80,80,80,80,80,80,80,80,80,80,80,80,77,77],"card_choices":[{"not_picked":["Life Link","Run Through"],"picked":"Shrug It Off","floor":0.0},{"not_picked":["Replay:Undeath\u0027s Touch","True Grit"],"picked":"Clash","floor":1.0},{"not_picked":["Shrug It Off","Spot Weakness"],"picked":"Anger","floor":2.0},{"not_picked":["Ghostly Armor","Warcry"],"picked":"Carnage","floor":3.0},{"not_picked":["Sword Boomerang","Twin Strike"],"picked":"ReplayTheSpireMod:Limb From Limb","floor":7.0},{"not_picked":["ReplayTheSpireMod:Strike From Hell","Clash"],"picked":"Second Wind","floor":9.0},{"not_picked":["Demon Form","True Grit"],"picked":"Hemokinesis","floor":13.0},{"not_picked":["Fire Breathing","Pommel Strike"],"picked":"Heavy Blade","floor":14.0},{"not_picked":["ReplayTheSpireMod:Muscle Training","Anger"],"picked":"Clothesline","floor":15.0},{"not_picked":["Anger","Dark Embrace"],"picked":"True Grit","floor":16.0},{"not_picked":["Replay:Many Hands","Demonic Infusion"],"picked":"Fiend Fire","floor":18.0},{"not_picked":["Hemokinesis","Body Slam"],"picked":"Ghostly Armor","floor":20.0},{"not_picked":["Combust+1","Metallicize"],"picked":"Dark Embrace+1","floor":21.0},{"not_picked":["Twin Strike","Flex"],"picked":"Thunderclap","floor":24.0},{"not_picked":["Shrug It Off","Carnage"],"picked":"Perfected Strike","floor":27.0},{"not_picked":["Sword Boomerang","Pommel Strike","Headbutt"],"picked":"SKIP","floor":29.0},{"not_picked":["Disarm+1","Dropkick"],"picked":"Armaments+1","floor":30.0},{"not_picked":["Thunderclap+1","Armaments"],"picked":"ReplayTheSpireMod:Strike From Hell","floor":31.0},{"not_picked":["Pummel","Entrench"],"picked":"Flame Barrier+1","floor":32.0},{"not_picked":["True Grit","Thunderclap"],"picked":"Clash","floor":33},{"not_picked":["Berserk","hubris:StunningStrike"],"picked":"Barricade","floor":35},{"not_picked":["Cleave","ReplayTheSpireMod:Stacked","Run Through+1"],"picked":"hubris:SharpeningStone","floor":37},{"not_picked":["hubris:CleavingFinish+1","Thunderclap+1","Pommel Strike"],"picked":"Cleave+1","floor":39},{"not_picked":["Iron Wave+1","Shockwave","Spot Weakness+1"],"picked":"ReplayTheSpireMod:Limb From Limb+1","floor":40}],"player_experience":12265,"relics_obtained":[{"floor":9.0,"key":"Golden Egg"},{"floor":11.0,"key":"ReplayTheSpireMod:Spearhead"},{"floor":13.0,"key":"Mercury Hourglass"},{"floor":15.0,"key":"hubris:DuctTape"},{"floor":21.0,"key":"Red Mask"},{"floor":28.0,"key":"Girya"},{"floor":33,"key":"hubris:SphereOfDissonance"}],"event_choices":[{"damage_healed":0.0,"max_hp_gain":0.0,"max_hp_loss":0.0,"gold_gain":0.0,"event_name":"Dead Adventurer","player_choice":"Searched \u00272\u0027 times","floor":15.0,"gold_loss":0.0,"damage_taken":0.0},{"damage_healed":0.0,"max_hp_gain":0.0,"max_hp_loss":0.0,"gold_gain":0.0,"event_name":"Masked Bandits","player_choice":"Fought Bandits","floor":21.0,"gold_loss":0.0,"damage_taken":0.0},{"damage_healed":0.0,"max_hp_gain":0.0,"max_hp_loss":0.0,"gold_gain":0.0,"event_name":"Addict","player_choice":"Obtained Relic","floor":22.0,"gold_loss":85.0,"damage_taken":0.0,"relics_obtained":["Gambling Chip"]},{"damage_healed":0,"gold_gain":0,"player_choice":"Ignored","damage_taken":0,"max_hp_gain":0,"max_hp_loss":0,"event_name":"SecretPortal","floor":38,"gold_loss":0},{"damage_healed":0,"gold_gain":0,"player_choice":"Embrace Madness","damage_taken":10,"max_hp_gain":0,"max_hp_loss":0,"event_name":"Winding Halls","floor":41,"gold_loss":0,"cards_obtained":["Madness","Madness"]}],"is_beta":false,"boss_relics":[{"not_picked":["Runic Dome","Replay:Bronze Core"],"picked":"hubris:VirtuousBlindfold"},{"not_picked":["Coffee Dripper","Velvet Choker"],"picked":"Honey Jar"}],"items_purged_floors":[23,43],"is_endless":false,"potions_floor_spawned":[9,13,14,20,24,30,32,33,39,40],"killed_by":"hubris:Merchant","ascension_level":0}}