{"host":"Sylvia","time":1611727907,"event":{"mods":["Act Like it!","BaseMod","Better Match","Better Note","Better Sensory Stone","Better Skull","Better Third Choice","Better Vampires","BetterRewards","Block Reminder","Colored Map","Colored Powertips","Curses Come First","Elementarium","GifTheSpireLib","Hallownest","Hermit","Highlight Path","Minty Spire (QoL Compilation)","Quick Restart","Random Character Button","Relic Stats","Shade Mod","Spicy Shops","StSLib","The Bug Knight","The Marked"],"gold_per_floor":[56,69,89,107,127,127,77,110,136,162,162,180,33,65,65,164,164,177,452,77,94,94,94,107,107,185,185,185,220,88,102,102,197,197,212,231,231,249,269,303,303,322,349,361,377,389,389,64,64,64,64],"floor_reached":50,"language":"ENG","playtime":3549,"items_purged":["theMarked:Strike","theMarked:Strike","theMarked:Strike","theMarked:Strike","theMarked:Defend"],"score":766,"play_id":"73b701fe-3348-4634-8252-970fa193c048","local_time":"20210127011147","is_ascension_mode":false,"campfire_choices":[{"floor":6.0,"key":"REST"},{"data":"theMarked:Generate","floor":11.0,"key":"SMITH"},{"floor":15.0,"key":"REST"},{"data":"theMarked:SoldierOfQuellstein","floor":23.0,"key":"SMITH"},{"data":"theMarked:TakeCover","floor":25.0,"key":"SMITH"},{"floor":28.0,"key":"RECALL"},{"floor":32.0,"key":"REST"},{"floor":41,"key":"REST"},{"floor":47,"key":"REST"},{"data":"theMarked:ParalyzingBlade","floor":49,"key":"SMITH"}],"circlet_count":0,"master_deck":["theMarked:Defend","theMarked:Defend","theMarked:Defend","theMarked:SoldierOfQuellstein+1","theMarked:Generate+1","theMarked:ElectricStrings+1","theMarked:SelfDefenseTraining+1","theMarked:Electrify+1","theMarked:SwordAndMagic+1","theMarked:Defy+1","theMarked:ElectricStrings+1","theMarked:ElectricStrings+1","theMarked:ElectricStrings+1","theMarked:FavorableWinds","theMarked:RepellingDischarge+1","theMarked:Electrify+1","theMarked:TakeCover+1","theMarked:EmpowerWeapon","theMarked:EmpowerWeapon","theMarked:Snap+1","theMarked:Overcharge+1","theMarked:ParalyzingBlade+1","theMarked:RepellingDischarge+1","theMarked:TwofoldDefense+1","theMarked:EmpowerWeapon+1","theMarked:OneWithTheBlade+1","theMarked:RepellingDischarge"],"relics":["theMarked:ArtifactOfAir","Molten Egg 2","Pear","Bag of Preparation","Blood Vial","theMarked:SpiritSword","Pen Nib","Nloth\u0027s Gift","Vajra","SlaversCollar","Lantern","Ancient Tea Set"],"acts_visited":["Exordium","TheCity","TheBeyond"],"potions_floor_usage":[42,50,50,50],"damage_taken":[{"damage":5.0,"enemies":"Jaw Worm","floor":1.0,"turns":4.0},{"damage":0.0,"enemies":"2 Louse","floor":2.0,"turns":3.0},{"damage":0.0,"enemies":"Small Slimes","floor":3.0,"turns":3.0},{"damage":4.0,"enemies":"Blue Slaver","floor":4.0,"turns":4.0},{"damage":1.0,"enemies":"3 Louse","floor":5.0,"turns":2.0},{"damage":4.0,"enemies":"3 Sentries","floor":8.0,"turns":5.0},{"damage":15.0,"enemies":"HollowMod:MossKnight","floor":10.0,"turns":11.0},{"damage":0.0,"enemies":"Red Slaver","floor":12.0,"turns":2.0},{"damage":4.0,"enemies":"Gremlin Nob","floor":14.0,"turns":4.0},{"damage":53.0,"enemies":"Hexaghost","floor":16.0,"turns":10.0},{"damage":5.0,"enemies":"3 Byrds","floor":18.0,"turns":3.0},{"damage":0.0,"enemies":"Chosen","floor":21.0,"turns":3.0},{"damage":13.0,"enemies":"Snecko","floor":24.0,"turns":6.0},{"damage":0.0,"enemies":"Gremlin Leader","floor":29.0,"turns":6.0},{"damage":7.0,"enemies":"Snake Plant","floor":31.0,"turns":3.0},{"damage":72.0,"enemies":"Champ","floor":33.0,"turns":10.0},{"damage":24.0,"enemies":"3 Shapes","floor":35.0,"turns":2.0},{"damage":0.0,"enemies":"Orb Walker","floor":36.0,"turns":1.0},{"damage":13.0,"enemies":"Sphere and 2 Shapes","floor":38.0,"turns":3.0},{"damage":12,"enemies":"Writhing Mass","floor":39,"turns":4},{"damage":0,"enemies":"Reptomancer","floor":40,"turns":4},{"damage":30,"enemies":"Maw","floor":42,"turns":9},{"damage":0,"enemies":"Jaw Worm Horde","floor":44,"turns":2},{"damage":0,"enemies":"Spire Growth","floor":45,"turns":3},{"damage":0,"enemies":"3 Darklings","floor":46,"turns":2},{"damage":72,"enemies":"Awakened One","floor":50,"turns":12}],"seed_played":"4983046718500602926","potions_obtained":[{"floor":2.0,"key":"FearPotion"},{"floor":4.0,"key":"PowerPotion"},{"floor":5.0,"key":"PowerPotion"},{"floor":10.0,"key":"SkillPotion"},{"floor":16.0,"key":"Fire Potion"},{"floor":18.0,"key":"Weak Potion"},{"floor":24.0,"key":"LiquidMemories"},{"floor":31.0,"key":"Strength Potion"},{"floor":44,"key":"LiquidBronze"},{"floor":45,"key":"LiquidMemories"},{"floor":46,"key":"FearPotion"}],"is_trial":false,"path_per_floor":["M","M","M","M","M","R","?","E","T","E","R","M","$","E","R","B",null,"M","?","$","M","?","R","M","R","T","?","R","E","$","M","R","B",null,"M","M","?","M","M","E","R","M","T","M","M","M","R","$","R","B"],"character_chosen":"THE_DEFAULT","items_purchased":["Molten Egg 2","theMarked:ElectricStrings+1","Pen Nib","theMarked:EmpowerWeapon","Energy Potion"],"campfire_rested":5,"item_purchase_floors":[0,13,20,30,30],"current_hp_per_floor":[53,53,53,49,48,69,69,75,75,60,60,60,60,56,80,27,80,75,75,75,77,77,77,66,66,66,66,66,68,68,63,80,8,80,56,58,58,47,37,39,63,35,35,37,39,41,65,65,65,0,0],"gold":64,"neow_bonus":"","is_daily":false,"chose_seed":false,"campfire_upgraded":4,"win_rate":0.0,"timestamp":1611727907,"path_taken":["M","M","M","M","M","R","?","E","T","E","R","M","$","E","R","BOSS","M","?","$","M","?","R","M","R","T","?","R","E","?","M","R","BOSS","M","M","?","?","M","E","R","M","T","?","M","M","R","?","R","BOSS"],"items_purchased_type":["Relic","Card","Relic","Card","Potion"],"build_version":"2020-12-18","purchased_purges":5,"victory":false,"max_hp_per_floor":[70,70,70,70,70,70,70,80,80,80,80,80,80,80,80,80,80,80,80,80,80,80,80,80,80,80,80,80,80,80,80,80,80,80,80,80,80,80,80,80,80,80,80,80,80,80,80,80,80,80,80],"relic_stats":{"Blood Vial":26,"counters":[65,280],"Pen Nib":[24],"Bag of Preparation":[40],"Nloth\u0027s Gift":2,"obtain_stats":[{"Lantern":40,"Vajra":29,"theMarked:SpiritSword":17,"Hallownest:DreamNailRelic":11,"Bag of Preparation":9,"Whetstone":26,"Ancient Tea Set":43,"Sozu":17,"Blood Vial":14,"DollysMirror":20,"Mummified Hand":26,"Pantograph":9,"MealTicket":4,"HollowMod:QueensCombRelic":24,"Pear":8,"NeowsBlessing":0,"Golden Idol":12,"Astrolabe":17,"Eternal Feather":7,"Pen Nib":14,"Omamori":10,"Orichalcum":11,"Akabeko":0,"White Beast Statue":31,"theMarked:ArtifactOfAir":0,"SlaversCollar":34,"Pandora\u0027s Box":17,"Molten Egg 2":0,"Nloth\u0027s Gift":21},{"Lantern":60,"Vajra":53,"theMarked:SpiritSword":49,"Hallownest:DreamNailRelic":29,"Bag of Preparation":45,"Whetstone":22,"Ancient Tea Set":61,"Sozu":31,"Blood Vial":48,"DollysMirror":9,"Mummified Hand":36,"Pantograph":5,"MealTicket":12,"HollowMod:QueensCombRelic":35,"Pear":45,"NeowsBlessing":0,"Golden Idol":5,"Astrolabe":16,"Eternal Feather":5,"Pen Nib":30,"Omamori":46,"Orichalcum":13,"Akabeko":24,"White Beast Statue":38,"theMarked:ArtifactOfAir":0,"SlaversCollar":55,"Pandora\u0027s Box":8,"Molten Egg 2":39,"Nloth\u0027s Gift":19},{"Lantern":252,"Vajra":225,"theMarked:SpiritSword":207,"Hallownest:DreamNailRelic":115,"Bag of Preparation":180,"Whetstone":90,"Ancient Tea Set":261,"Sozu":127,"Blood Vial":197,"DollysMirror":32,"Mummified Hand":147,"Pantograph":13,"MealTicket":43,"HollowMod:QueensCombRelic":141,"Pear":180,"NeowsBlessing":0,"Golden Idol":13,"Astrolabe":62,"Eternal Feather":13,"Pen Nib":119,"Omamori":191,"Orichalcum":47,"Akabeko":96,"White Beast Statue":153,"theMarked:ArtifactOfAir":0,"SlaversCollar":238,"Pandora\u0027s Box":28,"Molten Egg 2":159,"Nloth\u0027s Gift":76}]},"card_choices":[{"not_picked":["theMarked:Electrocute+1","theMarked:BanishingStrike+1"],"picked":"theMarked:Generate","floor":1.0},{"not_picked":["theMarked:WardOff","theMarked:Parkour+1","theMarked:Improvise"],"picked":"SKIP","floor":2.0},{"not_picked":["theMarked:Electrify","theMarked:ChainLightning+1"],"picked":"theMarked:ElectricStrings+1","floor":3.0},{"not_picked":["theMarked:StartUp+1","theMarked:TwofoldDefense"],"picked":"theMarked:SelfDefenseTraining+1","floor":4.0},{"not_picked":["theMarked:KeepCalmAndFight+1","theMarked:Standoff"],"picked":"theMarked:Electrify","floor":5.0},{"not_picked":["theMarked:FavorableWinds","theMarked:Opportunist"],"picked":"theMarked:SwordAndMagic+1","floor":8.0},{"not_picked":["theMarked:AttractMetal","theMarked:RepellingDischarge"],"picked":"theMarked:Defy+1","floor":10.0},{"not_picked":["theMarked:TwofoldDefense","theMarked:TakeCover"],"picked":"theMarked:ElectricStrings+1","floor":12.0},{"not_picked":["theMarked:BanishingStrike+1","theMarked:Indomitable"],"picked":"theMarked:ElectricStrings+1","floor":14.0},{"not_picked":["theMarked:Vacuum+1","theMarked:TakeOffHeels"],"picked":"theMarked:FavorableWinds","floor":16.0},{"not_picked":["theMarked:Parkour+1","theMarked:KeepCalmAndFight+1"],"picked":"theMarked:RepellingDischarge+1","floor":18.0},{"not_picked":["theMarked:TheMission","theMarked:Memento"],"picked":"theMarked:Electrify+1","floor":21.0},{"not_picked":["theMarked:Indomitable","theMarked:Memento"],"picked":"theMarked:TakeCover","floor":24.0},{"not_picked":["theMarked:TwofoldDefense","theMarked:TheMission","theMarked:Convert"],"picked":"SKIP","floor":29.0},{"not_picked":["theMarked:Memento","theMarked:ElectricStrings+1"],"picked":"theMarked:EmpowerWeapon","floor":31.0},{"not_picked":["theMarked:ThrowWeapon+1","theMarked:DispelDoubt+1"],"picked":"theMarked:Snap+1","floor":33.0},{"not_picked":["theMarked:Aftermath","theMarked:Generate+1"],"picked":"theMarked:Overcharge+1","floor":35.0},{"not_picked":["theMarked:KeepCalmAndFight+1","theMarked:Frustration+1"],"picked":"theMarked:ParalyzingBlade","floor":36.0},{"not_picked":["theMarked:ChainLightning+1","theMarked:ElectricStrings+1"],"picked":"theMarked:TwofoldDefense+1","floor":38.0},{"not_picked":["theMarked:WastefulAttack+1","theMarked:ChainLightning+1","theMarked:UnarmedFury+1"],"picked":"SKIP","floor":39},{"not_picked":["theMarked:SwordAndMagic+1","theMarked:Snap+1","theMarked:ResourceFulStrike+1"],"picked":"SKIP","floor":40},{"not_picked":["theMarked:Aftermath","theMarked:Panic"],"picked":"theMarked:EmpowerWeapon+1","floor":42},{"not_picked":["theMarked:EmpowerWeapon","theMarked:Aftermath"],"picked":"theMarked:OneWithTheBlade+1","floor":44},{"not_picked":["theMarked:UnarmedFury+1","theMarked:HeightenedSenses","theMarked:ResourceFulStrike+1"],"picked":"SKIP","floor":45},{"not_picked":["theMarked:Electrify+1","theMarked:RepellingDischarge","theMarked:Improvise+1"],"picked":"SKIP","floor":46},{"not_picked":["theMarked:Electrify+1","theMarked:Improvise+1"],"picked":"theMarked:RepellingDischarge","floor":46}],"player_experience":887822,"relics_obtained":[{"floor":8.0,"key":"Pear"},{"floor":9.0,"key":"Bag of Preparation"},{"floor":10.0,"key":"Omamori"},{"floor":14.0,"key":"Blood Vial"},{"floor":29.0,"key":"Vajra"},{"floor":40,"key":"Lantern"},{"floor":43,"key":"Ancient Tea Set"}],"event_choices":[{"cards_removed":["theMarked:Strike"],"damage_healed":0.0,"max_hp_gain":0.0,"max_hp_loss":0.0,"gold_gain":0.0,"event_name":"The Cleric","player_choice":"Card Removal","floor":7.0,"gold_loss":50.0,"damage_taken":0.0},{"damage_healed":0.0,"max_hp_gain":0.0,"max_hp_loss":0.0,"gold_gain":275.0,"event_name":"Golden Shrine","player_choice":"Desecrate","floor":19.0,"gold_loss":0.0,"damage_taken":0.0,"cards_obtained":["Regret"]},{"damage_healed":0.0,"max_hp_gain":0.0,"max_hp_loss":0.0,"gold_gain":0.0,"event_name":"N\u0027loth","player_choice":"Traded Relic","floor":22.0,"relics_lost":["Omamori"],"gold_loss":0.0,"damage_taken":0.0,"relics_obtained":["Nloth\u0027s Gift"]},{"damage_healed":0.0,"max_hp_gain":0.0,"max_hp_loss":0.0,"gold_gain":0.0,"event_name":"Accursed Blacksmith","player_choice":"Forge","floor":27.0,"gold_loss":0.0,"damage_taken":0.0,"cards_upgraded":["theMarked:Electrify"]},{"damage_healed":0.0,"max_hp_gain":0.0,"max_hp_loss":0.0,"gold_gain":0.0,"event_name":"Duplicator","player_choice":"Copied","floor":37.0,"gold_loss":0.0,"damage_taken":0.0,"cards_obtained":["theMarked:RepellingDischarge"]}],"is_beta":true,"boss_relics":[{"not_picked":["Runic Pyramid","SacredBark"],"picked":"theMarked:SpiritSword"},{"not_picked":["Pandora\u0027s Box","Black Star"],"picked":"SlaversCollar"}],"items_purged_floors":[0,20,20,48,48],"is_endless":false,"potions_floor_spawned":[2,4,5,10,16,18,24,31,44,45,46],"killed_by":"Awakened One","ascension_level":0}}