{"host":"bxn2em57qlx5u4i0","time":1611723715,"event":{"mods":["BaseMod","Colored Map","Colored Powertips","Highlight Path","Minty Spire (QoL Compilation)","Random Character Button","Relic Sorter","Relic Stats","StSLib","SuperFastMode"],"gold_per_floor":[119,99,115,115,115,147,147,162,189,208,218,100,130,280,280,354,354,372,55,67,80,3,3,38,38,38,38,38,38],"floor_reached":28,"language":"ENG","playtime":581,"items_purged":["Regret"],"score":542,"play_id":"944b56ce-a6dc-41af-b42e-fb50afda4521","local_time":"20210127000155","is_ascension_mode":true,"campfire_choices":[{"data":"Calculated Gamble","floor":7.0,"key":"SMITH"},{"data":"Dagger Spray","floor":15.0,"key":"SMITH"},{"data":"Noxious Fumes","floor":23.0,"key":"SMITH"},{"data":"Catalyst","floor":25,"key":"SMITH"},{"floor":27,"key":"REST"}],"circlet_count":0,"master_deck":["AscendersBane","Strike_G","Strike_G","Strike_G","Strike_G","Strike_G","Defend_G","Defend_G","Defend_G","Defend_G","Defend_G","Survivor","Neutralize","Leg Sweep","Poisoned Stab+1","Calculated Gamble+1","Dagger Spray+1","Deadly Poison","Leg Sweep","Glass Knife","Doubt","Bullet Time","Footwork","Catalyst+1","Noxious Fumes+1","Catalyst+1"],"relics":["Ring of the Snake","NeowsBlessing","Anchor","Centennial Puzzle","Oddly Smooth Stone","Darkstone Periapt","SacredBark","The Specimen","InkBottle","Question Card"],"acts_visited":["Exordium","TheCity"],"potions_floor_usage":[24,24,24],"damage_taken":[{"damage":0.0,"enemies":"Jaw Worm","floor":1.0,"turns":1.0},{"damage":0.0,"enemies":"Cultist","floor":3.0,"turns":1.0},{"damage":0.0,"enemies":"Lagavulin","floor":6.0,"turns":1.0},{"damage":9.0,"enemies":"Small Slimes","floor":8.0,"turns":4.0},{"damage":1.0,"enemies":"Blue Slaver","floor":10.0,"turns":3.0},{"damage":6.0,"enemies":"Looter","floor":11.0,"turns":4.0},{"damage":25.0,"enemies":"3 Sentries","floor":13.0,"turns":8.0},{"damage":23.0,"enemies":"Slime Boss","floor":16.0,"turns":9.0},{"damage":6.0,"enemies":"Spheric Guardian","floor":18.0,"turns":4.0},{"damage":0.0,"enemies":"2 Thieves","floor":20.0,"turns":2.0},{"damage":10.0,"enemies":"Shelled Parasite and Fungi","floor":21.0,"turns":10.0},{"damage":23,"enemies":"Slavers","floor":24,"turns":4},{"damage":42,"enemies":"Book of Stabbing","floor":28,"turns":4}],"seed_played":"9114893372900796577","potions_obtained":[{"floor":1.0,"key":"SneckoOil"},{"floor":2.0,"key":"CultistPotion"},{"floor":3.0,"key":"Swift Potion"},{"floor":16.0,"key":"EntropicBrew"},{"floor":18.0,"key":"DuplicationPotion"}],"is_trial":false,"path_per_floor":["M","?","M","?","?","E","R","M","T","M","M","$","E","?","R","B",null,"M","$","M","M","$","R","E","R","T","R","E"],"character_chosen":"THE_SILENT","items_purchased":["Leg Sweep","The Specimen","Noxious Fumes"],"campfire_rested":1,"item_purchase_floors":[12,19,22],"current_hp_per_floor":[59,59,59,59,59,59,59,50,50,49,43,43,18,24,24,1,54,48,48,48,38,38,38,15,15,15,36,0,0],"gold":38,"neow_bonus":"THREE_ENEMY_KILL","is_daily":false,"chose_seed":false,"campfire_upgraded":4,"win_rate":0.0,"timestamp":1611723715,"path_taken":["M","?","?","?","?","E","R","M","T","M","M","$","E","?","R","BOSS","M","$","M","M","$","R","E","R","T","R","E"],"items_purchased_type":["Card","Relic","Card"],"build_version":"2020-12-22","purchased_purges":1,"victory":false,"max_hp_per_floor":[66,66,66,66,66,66,66,66,66,66,66,66,66,72,72,72,72,72,72,72,72,72,72,72,72,72,72,72,72],"relic_stats":{"Darkstone Periapt":6,"Centennial Puzzle":[27],"counters":[13,55],"Question Card":0,"obtain_stats":[{"Darkstone Periapt":13,"Anchor":5,"Centennial Puzzle":6,"NeowsBlessing":0,"The Specimen":19,"SacredBark":17,"Oddly Smooth Stone":9,"Question Card":26,"InkBottle":24,"Ring of the Snake":0},{"Darkstone Periapt":7,"Anchor":2,"Centennial Puzzle":3,"NeowsBlessing":0,"The Specimen":9,"SacredBark":8,"Oddly Smooth Stone":4,"Question Card":12,"InkBottle":12,"Ring of the Snake":0},{"Darkstone Periapt":22,"Anchor":2,"Centennial Puzzle":3,"NeowsBlessing":0,"The Specimen":35,"SacredBark":31,"Oddly Smooth Stone":7,"Question Card":51,"InkBottle":51,"Ring of the Snake":0}],"InkBottle":[1],"Ring of the Snake":[26]},"card_choices":[{"not_picked":["Caltrops","Masterful Stab"],"picked":"Leg Sweep","floor":1.0},{"not_picked":["Flying Knee","Blade Dance"],"picked":"Poisoned Stab","floor":3.0},{"not_picked":["Setup","Dash"],"picked":"Calculated Gamble","floor":6.0},{"not_picked":["Caltrops","Prepared"],"picked":"Dagger Spray","floor":8.0},{"not_picked":["Sucker Punch","Backflip"],"picked":"Deadly Poison","floor":10.0},{"not_picked":["Blade Dance","Setup","Dodge and Roll"],"picked":"SKIP","floor":11.0},{"not_picked":["Cloak And Dagger","Dodge and Roll"],"picked":"Glass Knife","floor":13.0},{"not_picked":["Malaise","Wraith Form v2"],"picked":"Bullet Time","floor":16.0},{"not_picked":["Quick Slash","Flying Knee"],"picked":"Footwork","floor":18.0},{"not_picked":["Cloak And Dagger","Prepared+1","Eviscerate"],"picked":"SKIP","floor":20.0},{"not_picked":["Blur","Slice"],"picked":"Catalyst+1","floor":21.0},{"not_picked":["Blade Dance","Caltrops"],"picked":"Catalyst","floor":24}],"player_experience":2947802,"relics_obtained":[{"floor":6.0,"key":"Centennial Puzzle"},{"floor":9.0,"key":"Oddly Smooth Stone"},{"floor":13.0,"key":"Darkstone Periapt"},{"floor":24,"key":"InkBottle"},{"floor":26,"key":"Question Card"}],"event_choices":[{"damage_healed":0.0,"max_hp_gain":0.0,"max_hp_loss":0.0,"gold_gain":0.0,"event_name":"The Woman in Blue","player_choice":"Bought 1 Potion","floor":2.0,"gold_loss":0.0,"damage_taken":0.0},{"damage_healed":0.0,"max_hp_gain":0.0,"max_hp_loss":0.0,"gold_gain":0.0,"event_name":"Living Wall","player_choice":"Grow","floor":4.0,"gold_loss":0.0,"damage_taken":0.0,"cards_upgraded":["Poisoned Stab"]},{"damage_healed":0.0,"max_hp_gain":0.0,"max_hp_loss":0.0,"gold_gain":0.0,"event_name":"Big Fish","player_choice":"Box","floor":5.0,"gold_loss":0.0,"damage_taken":0.0,"relics_obtained":["Anchor"],"cards_obtained":["Regret"]},{"damage_healed":0.0,"max_hp_gain":0.0,"max_hp_loss":0.0,"gold_gain":150.0,"event_name":"Liars Game","player_choice":"AGREE","floor":14.0,"gold_loss":0.0,"damage_taken":0.0,"cards_obtained":["Doubt"]}],"is_beta":false,"boss_relics":[{"not_picked":["Velvet Choker","WristBlade"],"picked":"SacredBark"}],"items_purged_floors":[12],"is_endless":false,"potions_floor_spawned":[1,3,13,16,18],"killed_by":"Book of Stabbing","ascension_level":20}}