{"host":"ddnlm33rmqyizb8g","time":1611707774,"event":{"mods":["BaseMod","Colored Map","Colored Powertips","Minty Spire (QoL Compilation)"],"gold_per_floor":[113,126,126,136,211,245,245,276,276,276,49,69,69,69,69,172,172,184,196,196,196,96,96,125,125,176,176,176],"floor_reached":27,"language":"ENG","playtime":1152,"items_purged":["Strike_B","Strike_B"],"score":237,"play_id":"6e79eb13-0a27-47e6-be0f-f69a97803277","local_time":"20210126193614","is_ascension_mode":false,"campfire_choices":[{"data":"Echo Form","floor":7,"key":"SMITH"},{"floor":10,"key":"REST"},{"data":"Fusion","floor":15,"key":"SMITH"},{"data":"Machine Learning","floor":23,"key":"SMITH"},{"data":"Loop","floor":25,"key":"SMITH"}],"circlet_count":0,"master_deck":["Defend_B","Defend_B+1","Defend_B","Defend_B+1","Zap","Dualcast","Beam Cell","Gash","Reboot","Gash","Echo Form+1","Fusion+1","Loop+1","Machine Learning+1","Cold Snap"],"relics":["Cracked Core","War Paint","Pantograph","Regal Pillow","Question Card","Orichalcum","Nuclear Battery","Prayer Wheel","Oddly Smooth Stone"],"acts_visited":["Exordium","TheCity"],"potions_floor_usage":[],"damage_taken":[{"damage":0,"enemies":"Jaw Worm","floor":1,"turns":4},{"damage":0,"enemies":"Small Slimes","floor":2,"turns":3},{"damage":1,"enemies":"Cultist","floor":4,"turns":3},{"damage":30,"enemies":"3 Sentries","floor":6,"turns":8},{"damage":23,"enemies":"Lagavulin","floor":8,"turns":5},{"damage":7,"enemies":"3 Louse","floor":12,"turns":4},{"damage":46,"enemies":"Slime Boss","floor":16,"turns":9},{"damage":6,"enemies":"Shell Parasite","floor":18,"turns":7},{"damage":1,"enemies":"3 Byrds","floor":19,"turns":6},{"damage":37,"enemies":"Book of Stabbing","floor":24,"turns":7},{"damage":42,"enemies":"Gremlin Leader","floor":27,"turns":4}],"seed_played":"-761319119423219714","potions_obtained":[{"floor":8,"key":"Dexterity Potion"},{"floor":12,"key":"Weak Potion"},{"floor":18,"key":"FocusPotion"}],"is_trial":false,"path_per_floor":["M","M","?","M","?","E","R","E","T","R","$","M","?","$","R","B",null,"M","M","?","?","$","R","E","R","T","E"],"character_chosen":"DEFECT","items_purchased":["Orichalcum"],"campfire_rested":1,"item_purchase_floors":[11],"current_hp_per_floor":[75,75,75,74,63,33,33,10,10,47,47,40,40,40,40,19,75,69,68,68,68,68,68,31,31,31,0,0],"gold":176,"neow_bonus":"RANDOM_COMMON_RELIC","is_daily":false,"chose_seed":false,"campfire_upgraded":4,"win_rate":0.0,"timestamp":1611707774,"path_taken":["M","M","?","M","?","E","R","E","T","R","$","M","?","$","R","BOSS","M","?","?","?","$","R","E","R","T","E"],"items_purchased_type":["Relic"],"build_version":"2020-12-22","purchased_purges":2,"victory":false,"max_hp_per_floor":[75,75,75,75,75,75,75,75,75,75,75,75,75,75,75,75,75,75,75,75,75,75,75,75,75,75,75,75],"card_choices":[{"not_picked":["Compile Driver","Go for the Eyes"],"picked":"Beam Cell","floor":1},{"not_picked":["Compile Driver","Go for the Eyes"],"picked":"Gash","floor":2},{"not_picked":["Capacitor","Coolheaded"],"picked":"Gash","floor":4},{"not_picked":["Self Repair","Force Field"],"picked":"Echo Form","floor":6},{"not_picked":["Steam","Hologram"],"picked":"Fusion","floor":8},{"not_picked":["Aggregate","Darkness","Undo"],"picked":"Loop","floor":12},{"not_picked":["Creative AI","Multi-Cast","Biased Cognition"],"picked":"Machine Learning","floor":16},{"not_picked":["Steam+1","Beam Cell","Turbo"],"picked":"Cold Snap","floor":18},{"not_picked":["Redo","Static Discharge","Sweeping Beam","Streamline"],"picked":"SKIP","floor":19},{"not_picked":["Undo+1","Double Energy+1","Hologram","Beam Cell"],"picked":"SKIP","floor":24}],"player_experience":141925,"relics_obtained":[{"floor":6,"key":"Pantograph"},{"floor":8,"key":"Regal Pillow"},{"floor":9,"key":"Question Card"},{"floor":24,"key":"Oddly Smooth Stone"}],"event_choices":[{"damage_healed":0,"gold_gain":0,"cards_transformed":["Strike_B"],"player_choice":"Change","damage_taken":0,"max_hp_gain":0,"max_hp_loss":0,"event_name":"Living Wall","floor":3,"gold_loss":0,"cards_obtained":["Reboot"]},{"damage_healed":0,"gold_gain":75,"player_choice":"Gather Gold","damage_taken":11,"max_hp_gain":0,"max_hp_loss":0,"event_name":"World of Goop","floor":5,"gold_loss":0},{"cards_removed":["Strike_B"],"damage_healed":0,"gold_gain":0,"player_choice":"Offered Basic","damage_taken":0,"max_hp_gain":0,"max_hp_loss":0,"event_name":"Bonfire Elementals","floor":13,"gold_loss":0},{"damage_healed":0,"gold_gain":0,"player_choice":"Opened","damage_taken":0,"relics_obtained":["Prayer Wheel"],"max_hp_gain":0,"max_hp_loss":0,"event_name":"The Mausoleum","floor":20,"gold_loss":0,"cards_obtained":["Writhe"]},{"cards_removed":["Writhe"],"damage_healed":0,"gold_gain":0,"player_choice":"Purged","damage_taken":0,"max_hp_gain":0,"max_hp_loss":0,"event_name":"Purifier","floor":21,"gold_loss":0}],"is_beta":false,"boss_relics":[{"not_picked":["Fusion Hammer","Runic Pyramid"],"picked":"Nuclear Battery"}],"items_purged_floors":[11,22],"is_endless":false,"potions_floor_spawned":[8,12,18],"killed_by":"Gremlin Leader","ascension_level":0}}