{"host":"k010f1crm27ngy21","time":1611721145,"event":{"mods":["Arknights The Spire","Aspiration","Bard","BaseMod","Conspire","Dota2Spire","Hermit","Minty Spire (QoL Compilation)","Quick Restart","Red Circlet Mod","Relic Stats","Replay The Spire","Shop Mod","Spicy Shops","StSLib","The Cursed","The Disciple","The Hierophant","The Runesmith","The Servant 0.9.4","¡¾ÒÅÎï¿¨ÅÆ¡¿REMEMod"],"gold_per_floor":[132,407,38,80,30,114,114,150,150,180,180,180,180,234,234,564,664,706,513,513,513],"floor_reached":20,"language":"ZHS","playtime":1534,"items_purged":["Regret","Decay"],"score":296,"play_id":"9b83f302-21ac-4699-834b-5ec1e6c89e6c","local_time":"20210127121905","daily_mods":["SealedDeck","Vintage","Heirloom","Flight","Midas"],"is_ascension_mode":false,"campfire_choices":[{"floor":13,"key":"REST"},{"floor":15,"key":"DIG"}],"circlet_count":0,"master_deck":["Deny","Burning Pact","Sever Soul","REME_SingleHolding","True Grit","Defy Death","Dark Embrace","Infernal Blade","ReplayTheSpireMod:Strike From Hell","ReplayTheSpireMod:Strike From Hell","Warcry","Havoc","Hemogenesis","Pot Of Greed","Pot Of Greed","REME_Flogging+1","Feel No Pain+1"],"relics":["Burning Blood","Ring of Chaos","replay:Trail_Library","REME_ComplimentaryCards","Ginger","Lantern","MerchantsRug","Counterbalance","Paper Frog","Anchor","Frozen Egg 2","King of Hearts","REME_HandOfSuture","Spirit Poop","Dota2Spire:HandOfMidas","Bottled Flame","Replay:Wanted Poster","Eternal Feather","Grinning Jar","ReplayTheSpireMod:CursedCoin"],"acts_visited":["Exordium","TheCity"],"potions_floor_usage":[],"damage_taken":[{"damage":8,"enemies":"Small Slimes","floor":1,"turns":2},{"damage":6,"enemies":"Cultist","floor":4,"turns":3},{"damage":19,"enemies":"Lagavulin","floor":6,"turns":5},{"damage":0,"enemies":"2 Louse","floor":8,"turns":1},{"damage":0,"enemies":"Blue Slaver","floor":10,"turns":2},{"damage":15,"enemies":"Lots of Slimes","floor":14,"turns":3},{"damage":44,"enemies":"Hexaghost","floor":16,"turns":7},{"damage":22,"enemies":"Shell Parasite","floor":18,"turns":4}],"seed_played":"1705403669813313718","potions_obtained":[{"floor":1,"key":"PowerPotion"},{"floor":4,"key":"conspire:TimeTravelPotion"},{"floor":6,"key":"SteroidPotion"},{"floor":16,"key":"REME_GoldPotion"},{"floor":18,"key":"LifebloodPotion"}],"is_trial":true,"path_per_floor":["M","?","$","M","?","E","?","M","T","M","?","?","R","M","R","B",null,"M","$","?"],"character_chosen":"IRONCLAD","items_purchased":["MerchantsRug","Counterbalance","Grinning Jar","REME_Flogging+1","ReplayTheSpireMod:CursedCoin","Feel No Pain+1"],"campfire_rested":1,"item_purchase_floors":[3,3,19,19,19,19],"current_hp_per_floor":[78,78,78,78,78,65,73,79,79,80,80,80,80,71,71,33,80,64,64,48,48],"gold":513,"neow_bonus":"","is_daily":false,"chose_seed":false,"campfire_upgraded":0,"win_rate":0.0,"timestamp":1611721145,"path_taken":["M","?","?","?","?","E","?","?","T","M","?","?","R","M","R","BOSS","M","$","?"],"items_purchased_type":["Relic","Relic","Relic","Card","Relic","Card"],"build_version":"2020-12-22","purchased_purges":2,"victory":false,"max_hp_per_floor":[80,80,80,80,80,80,80,80,80,80,80,80,80,80,80,80,80,80,80,80,80],"relic_stats":{"counters":[8,27],"Eternal Feather":0,"Ginger":[2],"obtain_stats":[{"MerchantsRug":3,"Dota2Spire:HandOfMidas":14,"Lantern":1,"ReplayTheSpireMod:CursedCoin":19,"Counterbalance":3,"Spirit Poop":12,"Eternal Feather":18,"Ring of Chaos":0,"King of Hearts":9,"Ginger":0,"Frozen Egg 2":8,"aspiration:HiddenCompartment":10,"Burning Blood":0,"Replay:Wanted Poster":17,"Anchor":6,"Bottled Flame":15,"REME_HandOfSuture":11,"Grinning Jar":19,"replay:Trail_Library":0,"REME_ComplimentaryCards":0,"Paper Frog":4},{"MerchantsRug":1,"Dota2Spire:HandOfMidas":6,"Lantern":1,"ReplayTheSpireMod:CursedCoin":8,"Counterbalance":1,"Spirit Poop":5,"Eternal Feather":8,"Ring of Chaos":0,"King of Hearts":4,"Ginger":0,"Frozen Egg 2":4,"aspiration:HiddenCompartment":5,"Burning Blood":0,"Replay:Wanted Poster":7,"Anchor":3,"Bottled Flame":6,"REME_HandOfSuture":5,"Grinning Jar":8,"replay:Trail_Library":0,"REME_ComplimentaryCards":0,"Paper Frog":2},{"MerchantsRug":2,"Dota2Spire:HandOfMidas":16,"Lantern":2,"ReplayTheSpireMod:CursedCoin":27,"Counterbalance":2,"Spirit Poop":13,"Eternal Feather":27,"Ring of Chaos":0,"King of Hearts":11,"Ginger":0,"Frozen Egg 2":11,"aspiration:HiddenCompartment":13,"Burning Blood":0,"Replay:Wanted Poster":23,"Anchor":10,"Bottled Flame":16,"REME_HandOfSuture":13,"Grinning Jar":27,"replay:Trail_Library":0,"REME_ComplimentaryCards":0,"Paper Frog":5}],"Burning Blood":43},"card_choices":[{"not_picked":["Entrench","Combust"],"picked":"Warcry","floor":6},{"not_picked":["Brutality+1","Limit Break"],"picked":"Hemogenesis","floor":16}],"player_experience":155243,"relics_obtained":[{"floor":1,"key":"Lantern"},{"floor":4,"key":"Paper Frog"},{"floor":6,"key":"Anchor"},{"floor":8,"key":"Frozen Egg 2"},{"floor":9,"key":"King of Hearts"},{"floor":10,"key":"aspiration:HiddenCompartment"},{"floor":14,"key":"Dota2Spire:HandOfMidas"},{"floor":15,"key":"Bottled Flame"},{"floor":18,"key":"Eternal Feather"}],"event_choices":[{"damage_healed":0,"gold_gain":275,"player_choice":"Desecrate","damage_taken":0,"max_hp_gain":0,"max_hp_loss":0,"event_name":"Golden Shrine","floor":2,"gold_loss":0,"cards_obtained":["Regret"]},{"cards_removed":["Anger"],"damage_healed":0,"gold_gain":0,"player_choice":"Card Removal","damage_taken":0,"max_hp_gain":0,"max_hp_loss":0,"event_name":"The Cleric","floor":5,"gold_loss":50},{"damage_healed":0,"gold_gain":0,"player_choice":"Box","damage_taken":0,"relics_obtained":["REME_HandOfSuture"],"max_hp_gain":0,"max_hp_loss":0,"event_name":"Big Fish","floor":11,"gold_loss":0,"cards_obtained":["Regret"]},{"cards_removed":["Regret"],"damage_healed":0,"gold_gain":0,"player_choice":"Offered Curse","damage_taken":0,"relics_obtained":["Spirit Poop"],"max_hp_gain":0,"max_hp_loss":0,"event_name":"Bonfire Elementals","floor":12,"gold_loss":0},{"damage_healed":0,"gold_gain":0,"player_choice":"Obtained Book","damage_taken":16,"max_hp_gain":0,"max_hp_loss":0,"event_name":"Cursed Tome","floor":20,"gold_loss":0}],"is_beta":false,"boss_relics":[{"not_picked":["SlaversCollar","REME_DemonsWealth"],"picked":"Replay:Wanted Poster"}],"items_purged_floors":[3,19],"is_endless":true,"potions_floor_spawned":[1,4,6,14,16,18],"ascension_level":0}}