{"host":"nozk9xg7ssf2drdi","time":1611724085,"event":{"mods":["BaseMod","Colored Map","Minty Spire (QoL Compilation)","Relic Stats","Slay the Relics Exporter","StSLib","everything is the same but u backflip on backflip"],"gold_per_floor":[117,137,154,172,172,200,200,227,303,335,335,355,355,372,372,443,443,459,349,2,2,17,51,51,63,136,162,174,174,200,213,213,291,291,306,306,316,100,115,143,156,189,189,224,234,244,244,262,262,262,262,262,262,28,53,53],"floor_reached":57,"language":"ENG","playtime":6629,"items_purged":["Strike_G","Strike_G","Strike_G"],"score":3002,"play_id":"6538ae1c-128d-4479-a425-d518e4b0d716","local_time":"20210126230805","is_ascension_mode":true,"campfire_choices":[{"data":"Blade Dance","floor":7,"key":"SMITH"},{"data":"1","floor":11,"key":"LIFT"},{"data":"2","floor":15,"key":"LIFT"},{"data":"3","floor":24,"key":"LIFT"},{"data":"Blade Dance","floor":32,"key":"SMITH"},{"floor":47,"key":"RECALL"},{"data":"PanicButton","floor":49,"key":"SMITH"},{"data":"Well Laid Plans","floor":53,"key":"SMITH"}],"circlet_count":0,"master_deck":["AscendersBane","Strike_G+1","Defend_G","Defend_G","Defend_G","Defend_G","Defend_G","Survivor","Neutralize","Blade Dance+1","Footwork","Dash","Finisher+1","Well Laid Plans+1","Blade Dance+1","Blade Dance","Cloak And Dagger","Die Die Die+1","Backflip","PanicButton+1","Prepared","PiercingWail","Deflect+1","Acrobatics","Backflip","Terror+1","Venomology","Backflip","Riddle With Holes+1","Blade Dance","Leg Sweep+1","Adrenaline","Sucker Punch","Acrobatics","PiercingWail","Acrobatics","Infinite Blades","Deflect","Malaise"],"relics":["Ring of the Snake","NeowsBlessing","Bronze Scales","Girya","Shuriken","Bag of Marbles","WristBlade","OrangePellets","Pen Nib","Eternal Feather","Meat on the Bone","MutagenicStrength","Potion Belt","Coffee Dripper","Centennial Puzzle","Vajra","Dream Catcher","Whetstone","Gambling Chip"],"acts_visited":["Exordium","TheCity","TheBeyond","TheEnding"],"potions_floor_usage":[6,8,23,39,40,42,44,46,48,50,55,56,56,56,56,56,56,56],"damage_taken":[{"damage":0,"enemies":"Cultist","floor":1,"turns":1},{"damage":0,"enemies":"Jaw Worm","floor":2,"turns":1},{"damage":0,"enemies":"2 Louse","floor":3,"turns":1},{"damage":2,"enemies":"Exordium Thugs","floor":4,"turns":5},{"damage":8,"enemies":"Lagavulin","floor":6,"turns":8},{"damage":9,"enemies":"3 Sentries","floor":8,"turns":7},{"damage":13,"enemies":"Lagavulin","floor":10,"turns":5},{"damage":0,"enemies":"Large Slime","floor":12,"turns":2},{"damage":0,"enemies":"Exordium Wildlife","floor":14,"turns":1},{"damage":2,"enemies":"The Guardian","floor":16,"turns":8},{"damage":0,"enemies":"Spheric Guardian","floor":18,"turns":3},{"damage":0,"enemies":"Shell Parasite","floor":22,"turns":2},{"damage":21,"enemies":"Slavers","floor":23,"turns":3},{"damage":0,"enemies":"Snake Plant","floor":25,"turns":1},{"damage":8,"enemies":"Gremlin Leader","floor":27,"turns":3},{"damage":0,"enemies":"Snecko","floor":28,"turns":1},{"damage":0,"enemies":"Book of Stabbing","floor":30,"turns":1},{"damage":0,"enemies":"Shelled Parasite and Fungi","floor":31,"turns":1},{"damage":0,"enemies":"Automaton","floor":33,"turns":3},{"damage":0,"enemies":"3 Shapes","floor":35,"turns":4},{"damage":0,"enemies":"Orb Walker","floor":37,"turns":1},{"damage":0,"enemies":"Maw","floor":39,"turns":3},{"damage":5,"enemies":"Giant Head","floor":40,"turns":3},{"damage":0,"enemies":"3 Darklings","floor":41,"turns":1},{"damage":0,"enemies":"Reptomancer","floor":42,"turns":1},{"damage":12,"enemies":"Giant Head","floor":44,"turns":5},{"damage":0,"enemies":"Jaw Worm Horde","floor":45,"turns":1},{"damage":0,"enemies":"Transient","floor":46,"turns":6},{"damage":0,"enemies":"Spire Growth","floor":48,"turns":2},{"damage":33,"enemies":"Time Eater","floor":50,"turns":5},{"damage":30,"enemies":"Donu and Deca","floor":51,"turns":6},{"damage":8,"enemies":"Shield and Spear","floor":55,"turns":3},{"damage":26,"enemies":"The Heart","floor":56,"turns":5}],"seed_played":"-7486023704420248991","potions_obtained":[{"floor":2,"key":"Strength Potion"},{"floor":4,"key":"SneckoOil"},{"floor":6,"key":"Block Potion"},{"floor":12,"key":"CultistPotion"},{"floor":16,"key":"CunningPotion"},{"floor":27,"key":"ColorlessPotion"},{"floor":28,"key":"SteroidPotion"},{"floor":39,"key":"Dexterity Potion"},{"floor":45,"key":"Dexterity Potion"},{"floor":48,"key":"CultistPotion"}],"is_trial":false,"path_per_floor":["M","M","M","M","?","E","R","E","T","E","R","M","?","M","R","B",null,"M","?","$","T","M","E","R","M","T","E","M","?","E","M","R","B",null,"M","?","M","$","M","E","M","E","T","E","M","M","R","M","R","B","B",null,"R","$","E","B",null],"character_chosen":"THE_SILENT","items_purchased":["OrangePellets","PanicButton","GhostInAJar","Infinite Blades","Deflect"],"campfire_rested":0,"item_purchase_floors":[20,20,38,54,54],"current_hp_per_floor":[59,59,59,57,57,49,49,40,40,27,27,27,49,49,49,47,61,61,61,61,61,61,40,40,40,40,32,44,44,44,44,59,59,64,64,64,64,64,64,59,59,59,59,47,47,47,66,66,66,45,27,56,66,66,58,44],"gold":53,"neow_bonus":"THREE_ENEMY_KILL","is_daily":false,"chose_seed":false,"campfire_upgraded":4,"win_rate":0.0,"timestamp":1611724085,"path_taken":["M","M","?","M","?","E","R","E","T","E","R","M","?","M","R","BOSS","M","?","$","?","M","E","R","M","T","E","M","?","E","M","R","BOSS","M","?","M","$","M","E","M","E","T","E","M","M","R","M","R","BOSS","BOSS","R","$","E","BOSS"],"items_purchased_type":["Relic","Card","Potion","Card","Card"],"build_version":"2020-12-22","purchased_purges":3,"victory":true,"max_hp_per_floor":[66,66,66,66,66,66,66,66,66,66,66,66,66,66,66,66,66,66,66,66,66,66,66,66,66,66,66,66,66,66,66,66,66,66,66,66,66,66,66,66,66,66,66,66,66,66,66,66,66,66,66,66,66,66,66,66],"relic_stats":{"counters":[33,103],"Eternal Feather":44,"Pen Nib":[23],"Whetstone":["Die Die Die","Finisher"],"OrangePellets":[15],"Centennial Puzzle":[15],"Dream Catcher":0,"Shuriken":[77],"Bronze Scales":[201],"Gambling Chip":[5],"obtain_stats":[{"Potion Belt":30,"Girya":8,"NeowsBlessing":0,"Vajra":42,"Eternal Feather":26,"Pen Nib":23,"Whetstone":44,"OrangePellets":20,"Centennial Puzzle":40,"Dream Catcher":43,"WristBlade":17,"Shuriken":9,"Bronze Scales":6,"MutagenicStrength":29,"Gambling Chip":55,"Bag of Marbles":10,"Coffee Dripper":34,"Ring of the Snake":0,"Meat on the Bone":27},{"Potion Belt":17,"Girya":6,"NeowsBlessing":0,"Vajra":25,"Eternal Feather":14,"Pen Nib":13,"Whetstone":26,"OrangePellets":11,"Centennial Puzzle":23,"Dream Catcher":25,"WristBlade":10,"Shuriken":6,"Bronze Scales":5,"MutagenicStrength":16,"Gambling Chip":32,"Bag of Marbles":7,"Coffee Dripper":19,"Ring of the Snake":0,"Meat on the Bone":15},{"Potion Belt":53,"Girya":23,"NeowsBlessing":0,"Vajra":70,"Eternal Feather":48,"Pen Nib":47,"Whetstone":75,"OrangePellets":42,"Centennial Puzzle":68,"Dream Catcher":70,"WristBlade":39,"Shuriken":23,"Bronze Scales":16,"MutagenicStrength":52,"Gambling Chip":98,"Bag of Marbles":28,"Coffee Dripper":57,"Ring of the Snake":0,"Meat on the Bone":51}],"Ring of the Snake":[66],"Meat on the Bone":48},"card_choices":[{"not_picked":["Bane","Dodge and Roll"],"picked":"Blade Dance","floor":1},{"not_picked":["Crippling Poison","Deflect"],"picked":"Footwork","floor":2},{"not_picked":["Unload","Underhanded Strike"],"picked":"Dash","floor":3},{"not_picked":["Setup","Endless Agony"],"picked":"Finisher","floor":4},{"not_picked":["Blade Dance","Phantasmal Killer"],"picked":"Well Laid Plans","floor":6},{"not_picked":["Quick Slash","Backflip"],"picked":"Blade Dance","floor":8},{"not_picked":["Reflex","Acrobatics"],"picked":"Blade Dance","floor":10},{"not_picked":["Accuracy","Backstab"],"picked":"Cloak And Dagger","floor":12},{"not_picked":["Deadly Poison","Dagger Throw","Poisoned Stab"],"picked":"SKIP","floor":14},{"not_picked":["Unload","A Thousand Cuts"],"picked":"Die Die Die","floor":16},{"not_picked":["Flechettes","Dagger Throw"],"picked":"Backflip","floor":18},{"not_picked":["Choke","Deadly Poison"],"picked":"Prepared","floor":22},{"not_picked":["Finisher","Flying Knee"],"picked":"PiercingWail","floor":23},{"not_picked":["Dagger Throw+1","Slice"],"picked":"Deflect+1","floor":25},{"not_picked":["Unload","Setup"],"picked":"Acrobatics","floor":27},{"not_picked":["Quick Slash","Prepared"],"picked":"Backflip","floor":28},{"not_picked":["Catalyst","Dagger Throw","Choke"],"picked":"SKIP","floor":30},{"not_picked":["Terror+1","Dagger Throw","Poisoned Stab"],"picked":"SKIP","floor":31},{"not_picked":["Dagger Throw","Poisoned Stab"],"picked":"Terror+1","floor":31},{"not_picked":["Corpse Explosion","Grand Finale"],"picked":"Venomology","floor":33},{"not_picked":["Bane","Caltrops"],"picked":"Backflip","floor":35},{"not_picked":["Backstab","Catalyst"],"picked":"Riddle With Holes+1","floor":37},{"not_picked":["Tactician","Outmaneuver+1"],"picked":"Blade Dance","floor":39},{"not_picked":["Flying Knee","Escape Plan"],"picked":"Leg Sweep+1","floor":40},{"not_picked":["Prepared+1","Flying Knee"],"picked":"Adrenaline","floor":41},{"not_picked":["Bane","Dodge and Roll"],"picked":"Sucker Punch","floor":42},{"not_picked":["Cloak And Dagger","Dagger Spray"],"picked":"Acrobatics","floor":44},{"not_picked":["Catalyst","Concentrate"],"picked":"PiercingWail","floor":45},{"not_picked":["Masterful Stab","Slice","Dagger Spray"],"picked":"SKIP","floor":46},{"not_picked":["Poisoned Stab+1","Distraction"],"picked":"Acrobatics","floor":48},{"not_picked":["Deflect","Grand Finale"],"picked":"Malaise","floor":55}],"player_experience":5998650,"relics_obtained":[{"floor":6,"key":"Bronze Scales"},{"floor":8,"key":"Girya"},{"floor":9,"key":"Shuriken"},{"floor":10,"key":"Bag of Marbles"},{"floor":23,"key":"Pen Nib"},{"floor":26,"key":"Eternal Feather"},{"floor":27,"key":"Meat on the Bone"},{"floor":30,"key":"Potion Belt"},{"floor":40,"key":"Centennial Puzzle"},{"floor":42,"key":"Vajra"},{"floor":43,"key":"Dream Catcher"},{"floor":44,"key":"Whetstone"},{"floor":55,"key":"Gambling Chip"}],"event_choices":[{"damage_healed":0,"gold_gain":0,"player_choice":"Ignored","damage_taken":0,"max_hp_gain":0,"max_hp_loss":0,"event_name":"Liars Game","floor":5,"gold_loss":0},{"damage_healed":22,"gold_gain":0,"player_choice":"Banana","damage_taken":0,"max_hp_gain":0,"max_hp_loss":0,"event_name":"Big Fish","floor":13,"gold_loss":0},{"cards_removed":["Strike_G"],"damage_healed":0,"gold_gain":0,"player_choice":"Upgrade and Remove","damage_taken":0,"max_hp_gain":0,"max_hp_loss":0,"event_name":"Designer","floor":19,"gold_loss":110,"cards_upgraded":["Strike_G"]},{"damage_healed":0,"gold_gain":0,"player_choice":"Inject Mutagens","damage_taken":0,"relics_obtained":["MutagenicStrength"],"max_hp_gain":0,"max_hp_loss":0,"event_name":"Drug Dealer","floor":29,"gold_loss":0},{"damage_healed":0,"gold_gain":0,"player_choice":"Ignored","damage_taken":0,"max_hp_gain":0,"max_hp_loss":0,"event_name":"Tomb of Lord Red Mask","floor":36,"gold_loss":0}],"is_beta":false,"boss_relics":[{"not_picked":["Sozu","Runic Dome"],"picked":"WristBlade"},{"not_picked":["Empty Cage","SacredBark"],"picked":"Coffee Dripper"}],"items_purged_floors":[20,38,54],"is_endless":false,"potions_floor_spawned":[2,4,6,12,16,18,27,28,39,45,46,48],"ascension_level":20}}