{"host":"ezkqjaqywejtjag1","time":1611726342,"event":{"mods":["BaseMod","BetterRewards","Colored Map","Infinite Spire","Minty Spire (QoL Compilation)","Replay The Spire","StSLib"],"gold_per_floor":[111,57,86,37,54,54,79,90,90,125,125,136,146,159,159,256,256,272,299,299,398,381,409,409,458,458,458,458,493,517,533,533,664,664,683,685,685,707,713,713],"floor_reached":39,"language":"ENG","playtime":3905,"items_purged":[],"score":655,"play_id":"6c0149d2-1c3d-4c67-a07d-4cdc28017884","local_time":"20210127004542","is_ascension_mode":true,"campfire_choices":[{"data":"Inflame","floor":6,"key":"SMITH"},{"data":"Armaments","floor":11,"key":"SMITH"},{"data":"Inflame","floor":15,"key":"SMITH"},{"data":"Demon Form","floor":24,"key":"SMITH"},{"floor":28,"key":"REST"},{"floor":32,"key":"REST"}],"circlet_count":0,"master_deck":["Strike_R","Strike_R","Strike_R","Strike_R","Strike_R","Defend_R","Defend_R","Defend_R","Defend_R","Bash","Iron Wave","Armaments+1","Iron Wave","Inflame+1","Inflame+1","Headbutt","Spot Weakness+1","Shrug It Off+1","Ghostly Armor+1","Cleave","Seeing Red+1","Double Tap+1","Whirlwind","Anger","Demon Form+1","ReplayReversal+1","Headbutt","Life Link","Disarm+1","Battle Trance+1","Sword Boomerang+1","infinitespire:DeathsTouch","Decay","Disarm+1"],"relics":["Black Blood","NeowsBlessing","TungstenRod","Toxic Egg 2","Orichalcum","Anchor","Red Mask","infinitespire:Midas Blood","Boot","Pocketwatch","ReplayTheSpireMod:Ninjato","White Beast Statue","SacredBark"],"acts_visited":["Exordium","TheCity","TheBeyond"],"potions_floor_usage":[16,16,23,23,23,33,33,33,39],"damage_taken":[{"damage":0,"enemies":"Cultist","floor":1,"turns":1},{"damage":0,"enemies":"Small Slimes","floor":5,"turns":1},{"damage":0,"enemies":"Gremlin Nob","floor":7,"turns":1},{"damage":5,"enemies":"2 Louse","floor":8,"turns":2},{"damage":19,"enemies":"Lagavulin","floor":10,"turns":6},{"damage":0,"enemies":"Exordium Wildlife","floor":12,"turns":5},{"damage":0,"enemies":"Looter","floor":13,"turns":4},{"damage":6,"enemies":"3 Louse","floor":14,"turns":4},{"damage":14,"enemies":"The Guardian","floor":16,"turns":10},{"damage":9,"enemies":"Shell Parasite","floor":18,"turns":5},{"damage":27,"enemies":"Masked Bandits","floor":19,"turns":4},{"damage":8,"enemies":"2 Thieves","floor":22,"turns":4},{"damage":75,"enemies":"Gremlin Leader","floor":23,"turns":9},{"damage":31,"enemies":"Replay:Snechameleon","floor":25,"turns":7},{"damage":30,"enemies":"Book of Stabbing","floor":29,"turns":6},{"damage":8,"enemies":"Cultist and Chosen","floor":30,"turns":4},{"damage":22,"enemies":"Shelled Parasite and Fungi","floor":31,"turns":5},{"damage":33,"enemies":"Pondfish","floor":33,"turns":9},{"damage":25,"enemies":"Orb Walker","floor":35,"turns":5},{"damage":33,"enemies":"3 Darklings","floor":38,"turns":4},{"damage":38,"enemies":"2 Orb Walkers","floor":39,"turns":3}],"seed_played":"-5343236833724743864","potions_obtained":[{"floor":1,"key":"BloodPotion"},{"floor":8,"key":"Block Potion"},{"floor":10,"key":"DuplicationPotion"},{"floor":19,"key":"LifebloodPotion"},{"floor":22,"key":"BloodPotion"},{"floor":29,"key":"FearPotion"},{"floor":30,"key":"Dexterity Potion"},{"floor":31,"key":"BlessingOfTheForge"},{"floor":33,"key":"PowerPotion"},{"floor":35,"key":"BlessingOfTheForge"},{"floor":38,"key":"BlessingOfTheForge"}],"is_trial":false,"path_per_floor":["M","$","?","$","M","R","E","M","T","E","R","M","M","M","R","B",null,"M","?","?","?","M","E","R","E","T","?","R","E","M","M","R","B",null,"M","?","?","M","?"],"character_chosen":"IRONCLAD","items_purchased":["Armaments","Inflame"],"campfire_rested":2,"item_purchase_floors":[2,4],"current_hp_per_floor":[80,80,48,48,54,54,60,61,61,48,48,54,60,60,60,52,80,80,65,65,65,69,38,38,19,19,19,43,25,29,19,43,22,80,67,48,48,27,0,0],"gold":713,"neow_bonus":"THREE_ENEMY_KILL","is_daily":false,"chose_seed":false,"campfire_upgraded":4,"win_rate":0.0,"timestamp":1611726342,"path_taken":["M","?","?","$","M","R","E","M","T","E","R","M","M","M","R","BOSS","M","?","?","?","M","E","R","E","T","?","R","E","?","?","R","BOSS","M","?","?","?","?"],"items_purchased_type":["Card","Card"],"build_version":"2020-12-22","purchased_purges":0,"victory":false,"max_hp_per_floor":[80,80,80,80,80,80,80,80,80,80,80,80,80,80,80,80,80,80,80,80,80,80,80,80,80,80,80,80,80,80,80,80,80,80,80,80,80,80,80,80],"card_choices":[{"not_picked":["Clash","Thunderclap"],"picked":"Iron Wave","floor":1},{"not_picked":["Pommel Strike","Havoc"],"picked":"Iron Wave","floor":3},{"not_picked":["Bloodletting","Pommel Strike"],"picked":"Headbutt","floor":5},{"not_picked":["Impervious+1","ReplayTheSpireMod:Corrosion Curse+1"],"picked":"Spot Weakness+1","floor":7},{"not_picked":["Iron Wave","Sever Soul"],"picked":"Shrug It Off+1","floor":8},{"not_picked":["Headbutt","Pummel"],"picked":"Ghostly Armor+1","floor":10},{"not_picked":["True Grit+1","Shrug It Off+1"],"picked":"Cleave","floor":12},{"not_picked":["Wild Strike","ReplayTheSpireMod:Corrosion Curse+1"],"picked":"Seeing Red+1","floor":13},{"not_picked":["Hemokinesis","Defy Death+1","ReplayTheSpireMod:Strike From Hell"],"picked":"SKIP","floor":14},{"not_picked":["Juggernaut","Bludgeon"],"picked":"Double Tap+1","floor":16},{"not_picked":["Shrug It Off+1","Pommel Strike"],"picked":"Whirlwind","floor":18},{"not_picked":["Cleave","Sever Soul+1"],"picked":"Anger","floor":19},{"not_picked":["ReplayTheSpireMod:Corrosion Curse+1","Anger"],"picked":"Demon Form","floor":22},{"not_picked":["Anger","ReplayTheSpireMod:Strike From Hell"],"picked":"ReplayReversal+1","floor":23},{"not_picked":["Evolve","ReplayTheSpireMod:Corrosion Curse+1"],"picked":"Headbutt","floor":25},{"not_picked":["Headbutt+1","Havoc+1"],"picked":"Life Link","floor":29},{"not_picked":["Feed","Bloodletting+1"],"picked":"Disarm+1","floor":30},{"not_picked":["Hemokinesis","Warcry+1"],"picked":"Battle Trance+1","floor":31},{"not_picked":["Shockwave+1","Ghostly Armor+1"],"picked":"Sword Boomerang+1","floor":35},{"not_picked":["infinitespire:Gouge","ReplayTheSpireMod:Haul"],"picked":"infinitespire:DeathsTouch","floor":36},{"not_picked":["Blood for Blood+1","ReplayTheSpireMod:Strike From Hell"],"picked":"Disarm+1","floor":38}],"player_experience":196047,"relics_obtained":[{"floor":3,"key":"TungstenRod"},{"floor":7,"key":"Toxic Egg 2"},{"floor":9,"key":"Orichalcum"},{"floor":10,"key":"Anchor"},{"floor":19,"key":"Red Mask"},{"floor":23,"key":"infinitespire:Midas Blood"},{"floor":25,"key":"Boot"},{"floor":26,"key":"Pocketwatch"},{"floor":29,"key":"White Beast Statue"}],"event_choices":[{"damage_healed":0,"gold_gain":0,"player_choice":"Fought Bandits","damage_taken":0,"max_hp_gain":0,"max_hp_loss":0,"event_name":"Masked Bandits","floor":19,"gold_loss":0},{"damage_healed":0,"gold_gain":0,"player_choice":"Ignored","damage_taken":0,"max_hp_gain":0,"max_hp_loss":0,"event_name":"Ghosts","floor":20,"gold_loss":0},{"damage_healed":0,"gold_gain":99,"player_choice":"Stole From Cult","damage_taken":0,"max_hp_gain":0,"max_hp_loss":0,"event_name":"Nest","floor":21,"gold_loss":0},{"damage_healed":0,"gold_gain":0,"player_choice":"Cursed","damage_taken":0,"max_hp_gain":0,"max_hp_loss":0,"event_name":"Wheel of Change","floor":37,"gold_loss":0,"cards_obtained":["Decay"]},{"damage_healed":0,"gold_gain":0,"player_choice":"Fight","damage_taken":0,"max_hp_gain":0,"max_hp_loss":0,"event_name":"Mysterious Sphere","floor":39,"gold_loss":0}],"is_beta":false,"boss_relics":[{"not_picked":["Painkiller Herb","Empty Cage"],"picked":"Black Blood"},{"not_picked":["Tiny House","Sozu"],"picked":"SacredBark"}],"items_purged_floors":[],"is_endless":false,"potions_floor_spawned":[1,8,10,14,19,22,29,30,31,33,35,38],"killed_by":"2 Orb Walkers","ascension_level":1}}