{"host":"vrsxkkch9ccrec7k","time":1611751885,"event":{"mods":["Act Like it!","BaseMod","Bestiary","Better Altar","Better Match","Better Note","Better Sensory Stone","Better Skull","Better Third Choice","Better Vampires","Downfall","Minty Spire (QoL Compilation)","Permanent Neow","Relic Stats","Spicy Shops","StSLib"],"gold_per_floor":[199,216,233,250,400,400,427,427,52,52,79,92,17,51,61,157,157,57,74,87,37,37,52,52,68,83,83,96,129,129,75,90,194,194,194,211,211,222,30,45,45,45,65,96,109,109,109,109,125,125],"floor_reached":51,"language":"ENG","playtime":4700,"items_purged":["downfall:Icky","champ:Strike","champ:Strike"],"score":1154,"play_id":"e5f780ab-1c7b-4e9f-ae18-afb980b99d86","local_time":"20210127075125","is_ascension_mode":true,"campfire_choices":[{"data":"champ:Execute","floor":1,"key":"SMITH"},{"data":"champ:FlashCut","floor":6,"key":"SMITH"},{"data":"champ:DeathBlow","floor":8,"key":"SMITH"},{"data":"champ:StrikeOfGenius","floor":18,"key":"SMITH"},{"floor":30,"key":"REST"},{"data":"champ:UltimateStance","floor":35,"key":"SMITH"},{"floor":42,"key":"REST"},{"floor":47,"key":"REST"}],"circlet_count":0,"master_deck":["AscendersBane","champ:Strike","champ:Strike","champ:Defend","champ:Defend","champ:Defend","champ:Defend","champ:Execute+1","champ:Taunt","champ:PreciseThrust","champ:DeathBlow+1","champ:FlashCut+1","champ:TripleStrike","Adrenaline+1","champ:DefensiveShout","champ:ViciousMockery","Good Instincts+1","champ:SteelEdge","champ:PreemptiveStrike","champ:StrikeOfGenius+1","champ:ShieldSlam+1","champ:EnGarde","champ:RapidStrikes","champ:DefensiveShout","champ:Backstep+1","champ:Devastate","champ:ShieldWall","champ:UltimateStance+1","champ:ShieldSlam","champ:RageSigil+1","champ:ShieldThrow","champ:DefensiveStyle","champ:UltimateStance","champ:FancyFootwork+1","champ:FalseCounter+1","AscendersBane","champ:TripleStrike","champ:Circumvent+1"],"relics":["champ:ChampionCrown","champ:FightingForDummies","Blood Vial","Ancient Tea Set","Cursed Key","downfall:HeartBlessingGreen","Turnip","expansioncontent:StudyCardRelic","OrangePellets","Darkstone Periapt"],"acts_visited":["Exordium","TheCity","TheBeyond"],"potions_floor_usage":[11,11,14,15,16,16,25,28,29,29,31,38,40,45,45,47],"damage_taken":[{"damage":15,"enemies":"Small Slimes","floor":2,"turns":4},{"damage":10,"enemies":"2 Louse","floor":3,"turns":2},{"damage":23,"enemies":"Cultist","floor":4,"turns":4},{"damage":10,"enemies":"downfall:FleeingMerchant","floor":9,"turns":4},{"damage":35,"enemies":"Lagavulin","floor":11,"turns":7},{"damage":15,"enemies":"3 Louse","floor":12,"turns":3},{"damage":10,"enemies":"Gremlin Nob","floor":14,"turns":3},{"damage":0,"enemies":"Lots of Slimes","floor":15,"turns":4},{"damage":76,"enemies":"IC_STATUS_ARCHETYPE","floor":16,"turns":9},{"damage":41,"enemies":"Spheric Guardian","floor":19,"turns":3},{"damage":30,"enemies":"3 Byrds","floor":20,"turns":4},{"damage":10,"enemies":"Centurion and Healer","floor":23,"turns":6},{"damage":52,"enemies":"3 Cultists","floor":25,"turns":5},{"damage":16,"enemies":"Snecko","floor":26,"turns":5},{"damage":36,"enemies":"Centurion and Healer","floor":28,"turns":6},{"damage":40,"enemies":"Slavers","floor":29,"turns":4},{"damage":25,"enemies":"downfall:FleeingMerchant","floor":31,"turns":4},{"damage":28,"enemies":"Cultist and Chosen","floor":32,"turns":5},{"damage":47,"enemies":"WA_ARCHETYPE_CALM","floor":33,"turns":11},{"damage":0,"enemies":"3 Darklings","floor":36,"turns":3},{"damage":15,"enemies":"Orb Walker","floor":38,"turns":3},{"damage":40,"enemies":"downfall:FleeingMerchant","floor":39,"turns":4},{"damage":74,"enemies":"Transient","floor":40,"turns":5},{"damage":14,"enemies":"Jaw Worm Horde","floor":43,"turns":5},{"damage":72,"enemies":"Nemesis","floor":44,"turns":9},{"damage":13,"enemies":"Sphere and 2 Shapes","floor":45,"turns":4},{"damage":43,"enemies":"4 Shapes","floor":49,"turns":3},{"damage":124,"enemies":"SI_POISON_ARCHETYPE","floor":50,"turns":12}],"seed_played":"6139718778123334078","potions_obtained":[{"floor":4,"key":"Explosive Potion"},{"floor":11,"key":"Dexterity Potion"},{"floor":14,"key":"ColorlessPotion"},{"floor":20,"key":"PowerPotion"},{"floor":27,"key":"PowerPotion"},{"floor":27,"key":"Fruit Juice"},{"floor":27,"key":"Regen Potion"},{"floor":28,"key":"DistilledChaos"},{"floor":29,"key":"Swift Potion"},{"floor":32,"key":"Explosive Potion"},{"floor":36,"key":"EssenceOfSteel"},{"floor":40,"key":"DuplicationPotion"},{"floor":44,"key":"SkillPotion"},{"floor":49,"key":"DuplicationPotion"}],"is_trial":false,"path_per_floor":["R","M","M","M","?","R","T","R","$","?","E","M","?","E","M","B",null,"R","M","M","?","?","M","T","M","M","?","M","E","R","$","M","B",null,"R","M","?","M","$","M","T","R","M","E","M","?","R","?","M","B",null],"character_chosen":"THE_CHAMP","items_purchased":["Fruit Juice","champ:TechniquePotion","champ:ShieldWall","champ:ShieldThrow","OrangePellets","champ:DefensiveStyle"],"campfire_rested":3,"item_purchase_floors":[9,9,31,39,39,39],"current_hp_per_floor":[81,76,76,73,73,73,73,73,73,59,34,36,36,43,50,31,83,83,74,76,100,70,72,72,52,38,38,44,31,61,63,47,42,86,86,88,87,89,91,29,29,59,52,12,12,18,54,97,89,47],"gold":125,"neow_bonus":"HUNDRED_GOLD","is_daily":false,"chose_seed":false,"campfire_upgraded":5,"win_rate":0.0,"timestamp":1611751885,"path_taken":["R","M","M","M","?","R","T","R","$","?","E","M","?","E","M","BOSS","R","M","M","?","?","M","T","M","?","?","M","E","R","?","M","BOSS","R","M","?","M","$","M","T","R","M","E","?","?","R","?","M","BOSS"],"items_purchased_type":["Potion","Potion","Card","Card","Relic","Card"],"build_version":"2020-12-22","purchased_purges":3,"victory":true,"max_hp_per_floor":[90,90,90,90,90,90,90,90,90,90,90,90,90,95,100,100,100,100,100,100,100,100,100,100,100,100,100,100,100,100,100,100,100,100,100,100,100,100,100,100,100,100,100,100,100,106,111,97,97,97],"relic_stats":{"Blood Vial":44,"Darkstone Periapt":6,"OrangePellets":[12],"counters":[2,15],"Turnip":[5],"Cursed Key":0,"obtain_stats":[{"champ:ChampionCrown":0},{"champ:ChampionCrown":0},{"champ:ChampionCrown":0}]},"card_choices":[{"not_picked":["champ:Endure","champ:CrownThrow"],"picked":"champ:PreciseThrust","floor":2},{"not_picked":["champ:EnragedBash","champ:RageSigil"],"picked":"champ:DeathBlow","floor":3},{"not_picked":["champ:EndlessRage","champ:BladeFlurry"],"picked":"champ:FlashCut","floor":4},{"not_picked":["champ:RisingSlash","champ:FocusedBerserking"],"picked":"champ:TripleStrike","floor":9},{"not_picked":["champ:DeathBlow","champ:Backstep"],"picked":"champ:DefensiveShout","floor":11},{"not_picked":["champ:FanOfKnives","champ:EnGarde"],"picked":"champ:ViciousMockery","floor":12},{"not_picked":["Impatience+1","Discovery+1"],"picked":"Good Instincts+1","floor":13},{"not_picked":["champ:StrikeOfGenius","champ:BladeFlurry"],"picked":"champ:SteelEdge","floor":14},{"not_picked":["champ:StanceDance","champ:FlashCut"],"picked":"champ:PreemptiveStrike","floor":15},{"not_picked":["champ:UltimateStance","champ:TripleStrike"],"picked":"champ:StrikeOfGenius","floor":16},{"not_picked":["champ:AdrenalArmor","champ:StanceDance"],"picked":"champ:ShieldSlam+1","floor":19},{"not_picked":["champ:SkillfulDodge+1","champ:BerserkersShout"],"picked":"champ:EnGarde","floor":20},{"not_picked":["champ:DeathBlow","champ:ShieldSlam","champ:ViciousMockery"],"picked":"SKIP","floor":23},{"not_picked":["champ:Parry","champ:CrownThrow"],"picked":"champ:RapidStrikes","floor":25},{"not_picked":["champ:RecklessLeap+1","champ:BerserkersShout"],"picked":"champ:DefensiveShout","floor":26},{"not_picked":["champ:DeathBlow","champ:BladeFlurry","champ:ViciousMockery"],"picked":"SKIP","floor":28},{"not_picked":["champ:FocusedBerserking","champ:PerfectedStrike"],"picked":"champ:Backstep+1","floor":29},{"not_picked":["champ:FanOfKnives","champ:CrownThrow+1"],"picked":"champ:Devastate","floor":31},{"not_picked":["champ:PreciseThrust","champ:TornadoPunch","champ:Encircle"],"picked":"SKIP","floor":32},{"not_picked":["champ:StrikeOfGenius","champ:EnchantShield"],"picked":"champ:UltimateStance","floor":33},{"not_picked":["champ:PreciseThrust","champ:EnragedBash"],"picked":"champ:ShieldSlam","floor":36},{"not_picked":["champ:FlashCut","champ:PreciseThrust+1","champ:BerserkersShout+1"],"picked":"SKIP","floor":38},{"not_picked":["champ:BringItOn","champ:Shatter+1"],"picked":"champ:RageSigil+1","floor":39},{"not_picked":["champ:TornadoPunch+1","champ:ShieldSigil"],"picked":"champ:UltimateStance","floor":40},{"not_picked":["champ:PerfectedStrike+1","champ:StanceDance"],"picked":"champ:FancyFootwork+1","floor":43},{"not_picked":["champ:UltimateStance","champ:FaceSlap+1","champ:ShieldSlam+1"],"picked":"SKIP","floor":44},{"not_picked":["champ:EnragedBash+1","champ:BladeFlurry+1"],"picked":"champ:FalseCounter+1","floor":45},{"not_picked":["champ:AdrenalArmor","champ:FlashCut"],"picked":"champ:Circumvent+1","floor":49}],"player_experience":1761053,"relics_obtained":[{"floor":7,"key":"champ:FightingForDummies"},{"floor":11,"key":"Blood Vial"},{"floor":14,"key":"Ancient Tea Set"},{"floor":29,"key":"Turnip"},{"floor":44,"key":"Darkstone Periapt"}],"event_choices":[{"damage_healed":0,"gold_gain":0,"player_choice":"Card ","damage_taken":14,"max_hp_gain":0,"max_hp_loss":0,"event_name":"betterThird:BetterScrap","floor":10,"gold_loss":0,"cards_obtained":["Adrenaline"]},{"damage_healed":0,"gold_gain":0,"player_choice":"2","damage_taken":0,"max_hp_gain":0,"max_hp_loss":0,"event_name":"betterMatch:BetterMatch","floor":13,"gold_loss":0,"cards_obtained":["betterMatch:ColorlessUncommonCard"]},{"damage_healed":0,"gold_gain":0,"player_choice":"Got Potions","damage_taken":0,"max_hp_gain":0,"max_hp_loss":0,"event_name":"Lab","floor":27,"gold_loss":0},{"damage_healed":0,"gold_gain":0,"player_choice":"","damage_taken":1,"relics_obtained":[],"max_hp_gain":0,"max_hp_loss":0,"event_name":"betterSkull:BetterSkull","floor":37,"gold_loss":0,"cards_upgraded":[]},{"damage_healed":0,"gold_gain":3,"player_choice":"3","damage_taken":0,"max_hp_gain":0,"max_hp_loss":0,"event_name":"betterStone:BetterStone","floor":46,"gold_loss":0,"cards_obtained":["champ:TripleStrike"]}],"is_beta":false,"boss_relics":[{"not_picked":["Philosopher\u0027s Stone","SacredBark"],"picked":"Cursed Key"},{"not_picked":["Tiny House","Calling Bell"],"picked":"expansioncontent:StudyCardRelic"}],"items_purged_floors":[9,39,39],"is_endless":false,"potions_floor_spawned":[4,11,14,20,28,29,32,36,40,44,49],"ascension_level":10}}