{"host":"d744ndivyohnro60","time":1611715305,"event":{"mods":["BaseMod","Bestiary","Colored Powertips","Minty Spire (QoL Compilation)","Relic Stats"],"gold_per_floor":[110,285,285,183,198,230,240,240,240,240,273,292,292,369,369,465,465,481,481,481,481,481,481,491,518,541,114,114,114],"floor_reached":28,"language":"ENG","playtime":828,"items_purged":["Doubt","Defend_B"],"score":319,"play_id":"8e21aa64-2c86-4daf-9fe0-c9dc1651329a","local_time":"20210126214145","is_ascension_mode":true,"campfire_choices":[{"data":"Creative AI","floor":8,"key":"SMITH"},{"floor":13,"key":"REST"},{"floor":15,"key":"REST"},{"floor":23,"key":"REST"}],"circlet_count":0,"master_deck":["Defend_B","Defend_B+1","Defend_B+1","Zap+1","Dualcast","Stack","Coolheaded","Redo","Doom and Gloom","Creative AI+1","Undo","Cold Snap+1","Core Surge+1","Conserve Battery","Bite+1","Bite+1","Bite+1","Bite+1","Bite+1","Necronomicurse","Beam Cell+1","Hello World+1","Defragment"],"relics":["Cracked Core","NeowsBlessing","Kunai","Molten Egg 2","Boot","Inserter","Necronomicon","War Paint","Dream Catcher","Nunchaku"],"acts_visited":["Exordium","TheCity"],"potions_floor_usage":[12,16,25],"damage_taken":[{"damage":0,"enemies":"2 Louse","floor":1,"turns":1},{"damage":0,"enemies":"Small Slimes","floor":5,"turns":1},{"damage":0,"enemies":"3 Sentries","floor":6,"turns":1},{"damage":11,"enemies":"Jaw Worm","floor":7,"turns":5},{"damage":36,"enemies":"Gremlin Nob","floor":11,"turns":5},{"damage":31,"enemies":"Large Slime","floor":12,"turns":6},{"damage":19,"enemies":"Slime Boss","floor":16,"turns":12},{"damage":56,"enemies":"3 Byrds","floor":18,"turns":5},{"damage":11,"enemies":"Spheric Guardian","floor":24,"turns":3},{"damage":48,"enemies":"Slavers","floor":25,"turns":8},{"damage":16,"enemies":"Snake Plant","floor":28,"turns":1}],"seed_played":"3361389527010097759","potions_obtained":[{"floor":7,"key":"Dexterity Potion"},{"floor":11,"key":"Dexterity Potion"},{"floor":12,"key":"Dexterity Potion"}],"is_trial":false,"path_per_floor":["M","?","?","$","M","E","M","R","T","?","E","M","R","?","R","B",null,"M","?","?","?","?","R","M","E","T","$","M"],"character_chosen":"DEFECT","items_purchased":["Coolheaded","Defragment","Nunchaku","CultistPotion"],"campfire_rested":3,"item_purchase_floors":[4,27,27,27],"current_hp_per_floor":[75,75,80,80,80,80,69,69,69,69,33,2,26,26,50,31,80,24,24,42,33,17,35,39,9,9,9,0,0],"gold":114,"neow_bonus":"THREE_ENEMY_KILL","is_daily":false,"chose_seed":false,"campfire_upgraded":1,"win_rate":0.0,"timestamp":1611715305,"path_taken":["M","?","?","$","M","E","M","R","T","?","E","M","R","?","R","BOSS","M","?","?","?","?","R","M","E","T","$","M"],"items_purchased_type":["Card","Card","Relic","Potion"],"build_version":"2020-12-22","purchased_purges":2,"victory":false,"max_hp_per_floor":[75,75,80,80,80,80,80,80,80,80,80,80,80,80,80,80,80,80,56,56,61,61,61,61,61,61,61,61,61],"relic_stats":{"Dream Catcher":0,"Nunchaku":[0],"Inserter":[8],"counters":[11,48],"Necronomicon":[1],"Kunai":[4],"War Paint":["Defend_B","Defend_B"],"Boot":[11],"obtain_stats":[{"Dream Catcher":26,"Nunchaku":27,"Inserter":17,"NeowsBlessing":0,"Molten Egg 2":9,"Necronomicon":22,"Kunai":6,"War Paint":25,"Cracked Core":0,"Boot":11},{"Dream Catcher":10,"Nunchaku":10,"Inserter":7,"NeowsBlessing":0,"Molten Egg 2":4,"Necronomicon":8,"Kunai":3,"War Paint":10,"Cracked Core":0,"Boot":5},{"Dream Catcher":47,"Nunchaku":47,"Inserter":31,"NeowsBlessing":0,"Molten Egg 2":8,"Necronomicon":36,"Kunai":3,"War Paint":47,"Cracked Core":0,"Boot":13}]},"card_choices":[{"not_picked":["Compile Driver","Reprogram"],"picked":"Stack","floor":1},{"not_picked":["Gash","Go for the Eyes"],"picked":"Redo","floor":5},{"not_picked":["Chaos","Force Field"],"picked":"Doom and Gloom","floor":6},{"not_picked":["Fusion","Hologram"],"picked":"Creative AI","floor":7},{"not_picked":["Streamline+1","Sweeping Beam+1"],"picked":"Undo","floor":11},{"not_picked":["Rip and Tear+1","Leap"],"picked":"Cold Snap+1","floor":12},{"not_picked":["Hyperbeam+1","Echo Form"],"picked":"Core Surge+1","floor":16},{"not_picked":["Steam Power","Gash+1"],"picked":"Conserve Battery","floor":18},{"not_picked":["Steam Power","Go for the Eyes+1"],"picked":"Beam Cell+1","floor":24},{"not_picked":["Steam","Chill"],"picked":"Hello World+1","floor":25}],"player_experience":146068,"relics_obtained":[{"floor":6,"key":"Kunai"},{"floor":9,"key":"Molten Egg 2"},{"floor":11,"key":"Boot"},{"floor":22,"key":"Necronomicon"},{"floor":25,"key":"War Paint"},{"floor":26,"key":"Dream Catcher"}],"event_choices":[{"damage_healed":0,"gold_gain":175,"player_choice":"AGREE","damage_taken":0,"max_hp_gain":0,"max_hp_loss":0,"event_name":"Liars Game","floor":2,"gold_loss":0,"cards_obtained":["Doubt"]},{"damage_healed":0,"gold_gain":0,"player_choice":"Donut","damage_taken":0,"max_hp_gain":5,"max_hp_loss":0,"event_name":"Big Fish","floor":3,"gold_loss":0},{"damage_healed":0,"gold_gain":0,"player_choice":"Grow","damage_taken":0,"max_hp_gain":0,"max_hp_loss":0,"event_name":"Living Wall","floor":10,"gold_loss":0,"cards_upgraded":["Zap"]},{"damage_healed":0,"gold_gain":77,"player_choice":"Gained Gold","damage_taken":0,"max_hp_gain":0,"max_hp_loss":0,"event_name":"Golden Wing","floor":14,"gold_loss":0},{"damage_healed":0,"gold_gain":0,"player_choice":"Became a vampire","damage_taken":0,"max_hp_gain":0,"max_hp_loss":24,"event_name":"Vampires","floor":19,"gold_loss":0,"cards_obtained":["Bite","Bite","Bite","Bite","Bite"]},{"damage_healed":18,"gold_gain":0,"player_choice":"Heal","damage_taken":0,"max_hp_gain":0,"max_hp_loss":0,"event_name":"The Library","floor":20,"gold_loss":0},{"damage_healed":0,"gold_gain":0,"player_choice":"Shed Blood","damage_taken":14,"max_hp_gain":5,"max_hp_loss":0,"event_name":"Forgotten Altar","floor":21,"gold_loss":0},{"damage_healed":0,"gold_gain":0,"player_choice":"Obtained Book","damage_taken":16,"max_hp_gain":0,"max_hp_loss":0,"event_name":"Cursed Tome","floor":22,"gold_loss":0}],"is_beta":false,"boss_relics":[{"not_picked":["SacredBark","Coffee Dripper"],"picked":"Inserter"}],"items_purged_floors":[4,27],"is_endless":false,"potions_floor_spawned":[7,11,12],"killed_by":"Snake Plant","ascension_level":2}}