{"host":"qrt7o4dq2qslzw13","time":1611720601,"event":{"mods":["AchievementEnabler","BaseMod","Colored Map","Colored Powertips","Minty Spire (QoL Compilation)","Quick Restart","StSLib","SuperFastMode"],"gold_per_floor":[113,188,188,204,204,204,214,214,240,240,240,240,240,257,257,361,361,377,377,391,391,64,75,75,3,28,28,28,28,48,63,63,160,160,170,14,31,49,49,49,68,79,105,136,166,195,230,253,265,277],"floor_reached":51,"language":"ENG","playtime":1331,"items_purged":[],"score":666,"play_id":"59e7d15d-2c04-4229-bb7e-0cd0b2a94ca3","local_time":"20210126231001","is_ascension_mode":false,"campfire_choices":[{"data":"Crippling Poison","floor":6.0,"key":"SMITH"},{"floor":8.0,"key":"REST"},{"data":"Noxious Fumes","floor":11.0,"key":"SMITH"},{"floor":15.0,"key":"REST"},{"data":"Calculated Gamble","floor":24.0,"key":"SMITH"},{"data":"Bane","floor":27.0,"key":"SMITH"},{"data":"Adrenaline","floor":32.0,"key":"SMITH"},{"data":"Catalyst","floor":40,"key":"SMITH"},{"floor":49,"key":"REST"}],"circlet_count":0,"master_deck":["Strike_G+1","Defend_G+1","Defend_G+1","Defend_G+1","Defend_G+1","Defend_G+1","Survivor+1","Neutralize","Backflip+1","Crippling Poison+1","Infinite Blades","Noxious Fumes+1","Deadly Poison","Adrenaline+1","Deadly Poison+1","PiercingWail","Decay","Calculated Gamble+1","Bane+1","Deadly Poison","Bane","Deflect+1","Reflex+1","Night Terror","Catalyst+1","Underhanded Strike+1","Prepared+1"],"relics":["Ring of the Serpent","Anchor","Bag of Preparation","PreservedInsect","Bottled Lightning","Busted Crown","Lantern","MawBank","Vajra"],"acts_visited":["Exordium","TheCity","TheBeyond"],"potions_floor_usage":[44,46,50],"damage_taken":[{"damage":0.0,"enemies":"2 Louse","floor":1.0,"turns":5.0},{"damage":1.0,"enemies":"Cultist","floor":4.0,"turns":6.0},{"damage":0.0,"enemies":"Jaw Worm","floor":7.0,"turns":5.0},{"damage":0.0,"enemies":"Large Slime","floor":14.0,"turns":5.0},{"damage":4.0,"enemies":"Hexaghost","floor":16.0,"turns":8.0},{"damage":2.0,"enemies":"Chosen","floor":18.0,"turns":5.0},{"damage":0.0,"enemies":"Spheric Guardian","floor":20.0,"turns":5.0},{"damage":4.0,"enemies":"Shelled Parasite and Fungi","floor":23.0,"turns":5.0},{"damage":4.0,"enemies":"Centurion and Healer","floor":30.0,"turns":5.0},{"damage":0.0,"enemies":"Snake Plant","floor":31.0,"turns":4.0},{"damage":44.0,"enemies":"Automaton","floor":33.0,"turns":10.0},{"damage":1,"enemies":"3 Darklings","floor":35,"turns":8},{"damage":0,"enemies":"3 Shapes","floor":37,"turns":4},{"damage":4,"enemies":"Jaw Worm Horde","floor":38,"turns":4},{"damage":12,"enemies":"Spire Growth","floor":41,"turns":3},{"damage":2,"enemies":"Maw","floor":42,"turns":6},{"damage":6,"enemies":"3 Darklings","floor":44,"turns":6},{"damage":0,"enemies":"Transient","floor":45,"turns":4},{"damage":18,"enemies":"Sphere and 2 Shapes","floor":46,"turns":4},{"damage":11,"enemies":"3 Darklings","floor":48,"turns":4},{"damage":39,"enemies":"Time Eater","floor":50,"turns":6}],"seed_played":"3853343203565111803","potions_obtained":[{"floor":4.0,"key":"DistilledChaos"},{"floor":7.0,"key":"SpeedPotion"},{"floor":18.0,"key":"Poison Potion"},{"floor":20.0,"key":"Regen Potion"},{"floor":33.0,"key":"DistilledChaos"},{"floor":38,"key":"SkillPotion"},{"floor":42,"key":"FairyPotion"},{"floor":44,"key":"FearPotion"},{"floor":46,"key":"Weak Potion"}],"is_trial":false,"path_per_floor":["M","?","?","M","?","R","M","R","T","?","R","?","T","M","R","B",null,"M","?","M","?","$","M","R","$","T","R","?","?","M","M","R","B",null,"M","$","M","M","?","R","M","M","T","M","M","M","T","M","R","B",null],"character_chosen":"THE_SILENT","items_purchased":["Calculated Gamble","Bottled Lightning","Deadly Poison","Bane","Lantern"],"campfire_rested":3,"item_purchase_floors":[22,22,25,25,36],"current_hp_per_floor":[63,52,39,38,38,38,38,56,56,44,44,37,37,37,55,51,63,61,61,61,61,61,57,57,57,57,57,57,57,53,53,53,24,63,62,62,62,58,58,58,46,44,44,38,38,20,20,9,27,8],"gold":289,"neow_bonus":"REMOVE_TWO","is_daily":false,"chose_seed":false,"campfire_upgraded":6,"win_rate":0.0,"timestamp":1611720601,"path_taken":["M","?","?","M","?","R","?","R","T","?","R","?","?","M","R","BOSS","M","?","M","?","$","M","R","$","T","R","?","?","?","M","R","BOSS","M","$","M","M","?","R","M","M","T","M","M","M","?","M","R","BOSS"],"items_purchased_type":["Card","Relic","Card","Card","Relic"],"build_version":"2020-12-22","purchased_purges":0,"victory":true,"max_hp_per_floor":[63,63,63,63,63,63,63,63,63,63,63,63,63,63,63,63,63,63,63,63,63,63,63,63,63,63,63,63,63,63,63,63,63,63,63,63,63,63,63,63,63,63,63,63,63,63,63,63,63,63],"card_choices":[{"not_picked":["Prepared","Eviscerate"],"picked":"Backflip","floor":1.0},{"not_picked":["Deadly Poison","Bane"],"picked":"Crippling Poison","floor":4.0},{"not_picked":["Eviscerate","Acrobatics"],"picked":"Noxious Fumes","floor":7.0},{"not_picked":["Dodge and Roll","Heel Hook"],"picked":"Deadly Poison","floor":14.0},{"not_picked":["A Thousand Cuts","Tools of the Trade"],"picked":"Adrenaline","floor":16.0},{"not_picked":["Footwork","Quick Slash+1"],"picked":"Deadly Poison+1","floor":18.0},{"not_picked":["All Out Attack","Dash"],"picked":"PiercingWail","floor":20.0},{"not_picked":["Acrobatics","Choke"],"picked":"Bane","floor":23.0},{"not_picked":["Dagger Spray","Cloak And Dagger"],"picked":"Deflect+1","floor":30.0},{"not_picked":["Quick Slash","Dagger Throw"],"picked":"Reflex+1","floor":31.0},{"not_picked":["A Thousand Cuts","Tools of the Trade"],"picked":"Night Terror","floor":33.0},{"not_picked":["Expertise+1"],"picked":"SKIP","floor":35},{"not_picked":[],"picked":"Catalyst","floor":37},{"not_picked":["Deadly Poison"],"picked":"SKIP","floor":38},{"not_picked":["Quick Slash"],"picked":"SKIP","floor":41},{"not_picked":["Underhanded Strike+1"],"picked":"SKIP","floor":42},{"not_picked":[],"picked":"Underhanded Strike+1","floor":42},{"not_picked":["Dagger Throw+1"],"picked":"SKIP","floor":44},{"not_picked":["Prepared+1"],"picked":"SKIP","floor":45},{"not_picked":[],"picked":"Prepared+1","floor":45},{"not_picked":["Backflip"],"picked":"SKIP","floor":46},{"not_picked":["Deflect"],"picked":"SKIP","floor":48},{"not_picked":["Deflect"],"picked":"SKIP","floor":48}],"player_experience":591202,"relics_obtained":[{"floor":9.0,"key":"Anchor"},{"floor":13.0,"key":"PreservedInsect"},{"floor":43,"key":"MawBank"},{"floor":47,"key":"Vajra"}],"event_choices":[{"damage_healed":0.0,"max_hp_gain":0.0,"max_hp_loss":0.0,"gold_gain":75.0,"event_name":"World of Goop","player_choice":"Gather Gold","floor":2.0,"gold_loss":0.0,"damage_taken":11.0},{"damage_healed":0.0,"max_hp_gain":0.0,"max_hp_loss":0.0,"gold_gain":0.0,"event_name":"Shining Light","player_choice":"Entered Light","floor":3.0,"gold_loss":0.0,"damage_taken":13.0,"cards_upgraded":["Backflip","Survivor"]},{"damage_healed":0.0,"max_hp_gain":0.0,"max_hp_loss":0.0,"gold_gain":0.0,"event_name":"Match and Keep!","player_choice":"1 cards matched","floor":5.0,"gold_loss":0.0,"damage_taken":0.0,"cards_obtained":["Infinite Blades"]},{"damage_healed":0.0,"max_hp_gain":0.0,"max_hp_loss":0.0,"gold_gain":0.0,"event_name":"Scrap Ooze","player_choice":"Success","floor":10.0,"gold_loss":0.0,"damage_taken":12.0,"relics_obtained":["Bag of Preparation"]},{"cards_removed":["Strike_G"],"damage_healed":0.0,"max_hp_gain":0.0,"max_hp_loss":0.0,"gold_gain":0.0,"event_name":"Golden Wing","player_choice":"Card Removal","floor":12.0,"gold_loss":0.0,"damage_taken":7.0},{"damage_healed":0.0,"max_hp_gain":0.0,"max_hp_loss":0.0,"gold_gain":0.0,"event_name":"Back to Basics","player_choice":"Simplicity","floor":19.0,"gold_loss":0.0,"damage_taken":0.0,"cards_upgraded":["Strike_G","Strike_G","Defend_G","Defend_G","Defend_G","Defend_G","Defend_G"]},{"damage_healed":0.0,"max_hp_gain":0.0,"max_hp_loss":0.0,"gold_gain":0.0,"event_name":"Forgotten Altar","player_choice":"Smashed Altar","floor":21.0,"gold_loss":0.0,"damage_taken":0.0,"cards_obtained":["Decay"]},{"damage_healed":0.0,"max_hp_gain":0.0,"max_hp_loss":0.0,"gold_gain":0.0,"event_name":"Vampires","player_choice":"Ignored","floor":28.0,"gold_loss":0.0,"damage_taken":0.0},{"damage_healed":0.0,"max_hp_gain":0.0,"max_hp_loss":0.0,"gold_gain":0.0,"event_name":"Lab","player_choice":"Got Potions","floor":29.0,"gold_loss":0.0,"damage_taken":0.0},{"cards_removed":["Strike_G"],"damage_healed":0,"gold_gain":0,"player_choice":"Removed Attack","damage_taken":0,"max_hp_gain":0,"max_hp_loss":0,"event_name":"Falling","floor":39,"gold_loss":0}],"is_beta":false,"boss_relics":[{"not_picked":["SacredBark","Snecko Eye"],"picked":"Ring of the Serpent"},{"not_picked":["Black Star","Coffee Dripper"],"picked":"Busted Crown"}],"items_purged_floors":[],"is_endless":false,"potions_floor_spawned":[4,7,18,20,33,38,42,44,46,48],"ascension_level":0}}