{"host":"ws1rigs6jhqnf67d","time":1611737780,"event":{"mods":["BaseMod","Downfall","Friendly Minions","KinomotoSakuraMod(ƒæ÷Æ±æ”£)","Kiyohime£®«Âºß£©","Lobotomy","LobotomyExtend","Marisa£®ÏF”Í°°ƒß¿Ì…≥£©","Minty Spire (QoL Compilation)","Remilia£®¿Ÿ√◊¿Ú—«£©","StSLib","The Bug Knight","The Senshi","Youmu£®ªÍ∆«—˝√Œ£©","[IsaacMod]“‘»ˆº‚À˛"],"gold_per_floor":[368,382,394,394,408,408,419,445,445,477,477,516,516,529,529,658,658,658,658,676,692,705,744,763,1281,1281,1281,1315,1315,1349,1374,1374,1499,1999,2023,2039,2064,2127,2127,2127,2170,2185,2234,2268,2282,2303,2303,2317,2317,2817,2817],"floor_reached":52,"language":"ZHS","playtime":1913,"items_purged":[],"score":1033,"play_id":"405e038c-86cf-40e2-be36-80d0d37a469a","local_time":"20210127165620","is_ascension_mode":true,"campfire_choices":[{"data":"theSenshi:JupitersPower","floor":6,"key":"SMITH"},{"data":"theSenshi:MoonPrismPowerMakeUp","floor":13,"key":"SMITH"},{"data":"theSenshi:RoseThrow","floor":15,"key":"SMITH"},{"floor":27,"key":"REST"},{"floor":29,"key":"REST"},{"data":"theSenshi:IWillPunishYou","floor":32,"key":"SMITH"},{"data":"theSenshi:SailorSaturnAssists","floor":40,"key":"SMITH"},{"data":"theSenshi:SailorJupiterAssists","floor":47,"key":"SMITH"},{"data":"theSenshi:SailorJupiterAssists","floor":49,"key":"SMITH"}],"circlet_count":0,"master_deck":["theSenshi:SailorKick","theSenshi:SailorKick","theSenshi:SailorKick","theSenshi:SailorKick","theSenshi:SailorBlock","theSenshi:SailorBlock","theSenshi:SailorBlock","theSenshi:SailorBlock","theSenshi:RoseThrow+1","theSenshi:MoonPrismPowerMakeUp+1","theSenshi:SailorJupiterAssists+1","theSenshi:JupitersPower+1","theSenshi:ChibiMoonsLove","theSenshi:IWillPunishYou+1","theSenshi:SailorJupiterAssists+1","theSenshi:SailorSaturnAssists+1","theSenshi:SailorJupiterAssists+1"],"relics":["theSenshi:TransformationBroochRelic","HushsDoor","MoneyPower","LetterFromLob","TheBean","theSenshi:TiaraRelic","MealTicket","Golden Idol","theSenshi:CrystalStarRelic","theSenshi:EternalSailorFukuRelic","MaYiHuaBei","theSenshi:TransformationPenRelic","Omamori","Boot","Cursed Key","GuppysHead","Slimebound:PreparedRelic","Bag of Marbles","BookOfRevelations"],"acts_visited":["Exordium","TheCity","TheBeyond"],"potions_floor_usage":[7,23,24,24,33,50],"damage_taken":[{"damage":0,"enemies":"Jaw Worm","floor":1,"turns":4},{"damage":7,"enemies":"2 Louse","floor":2,"turns":2},{"damage":0,"enemies":"Cultist","floor":3,"turns":3},{"damage":0,"enemies":"Exordium Wildlife","floor":5,"turns":3},{"damage":0,"enemies":"3 Louse","floor":7,"turns":1},{"damage":8,"enemies":"Gremlin Nob","floor":8,"turns":3},{"damage":6,"enemies":"Lagavulin","floor":10,"turns":5},{"damage":0,"enemies":"Gremlin Nob","floor":12,"turns":2},{"damage":0,"enemies":"Gremlin Gang","floor":14,"turns":6},{"damage":10,"enemies":"Hexaghost","floor":16,"turns":8},{"damage":21,"enemies":"3 Byrds","floor":20,"turns":6},{"damage":0,"enemies":"Cultist and Chosen","floor":21,"turns":4},{"damage":31,"enemies":"Centurion and Healer","floor":22,"turns":4},{"damage":14,"enemies":"Slavers","floor":23,"turns":3},{"damage":10,"enemies":"3 Cultists","floor":24,"turns":3},{"damage":39,"enemies":"Shelled Parasite and Fungi","floor":25,"turns":5},{"damage":4,"enemies":"HollowMod:Nosk","floor":28,"turns":4},{"damage":21,"enemies":"Book of Stabbing","floor":30,"turns":4},{"damage":12,"enemies":"Cultist and Chosen","floor":31,"turns":4},{"damage":38,"enemies":"Automaton","floor":33,"turns":7},{"damage":0,"enemies":"3 Shapes","floor":35,"turns":3},{"damage":0,"enemies":"Orb Walker","floor":36,"turns":2},{"damage":0,"enemies":"Spire Growth","floor":37,"turns":2},{"damage":0,"enemies":"Mind Bloom Boss Battle","floor":38,"turns":4},{"damage":13,"enemies":"Giant Head","floor":41,"turns":6},{"damage":0,"enemies":"Writhing Mass","floor":42,"turns":3},{"damage":0,"enemies":"HollowMod:StalkingDevout","floor":44,"turns":2},{"damage":0,"enemies":"4 Shapes","floor":45,"turns":2},{"damage":0,"enemies":"3 Darklings","floor":46,"turns":2},{"damage":0,"enemies":"Transient","floor":48,"turns":5},{"damage":0,"enemies":"Donu and Deca","floor":50,"turns":5}],"seed_played":"2094492128570647023","potions_obtained":[{"floor":2,"key":"Energy Potion"},{"floor":3,"key":"Explosive Potion"},{"floor":10,"key":"SkillPotion"},{"floor":16,"key":"AttackPotion"},{"floor":21,"key":"Fire Potion"},{"floor":24,"key":"SteroidPotion"},{"floor":30,"key":"Block Potion"},{"floor":31,"key":"SteroidPotion"},{"floor":38,"key":"ColorlessPotion"}],"is_trial":false,"path_per_floor":["M","M","M","$","M","R","M","E","T","E","?","E","R","M","R","B",null,"M","$","M","M","M","E","M","M","T","R","E","R","E","M","R","B",null,"M","M","M","?","?","R","E","M","T","E","M","M","R","M","R","B",null,null],"character_chosen":"THE_SENSHI","items_purchased":[],"campfire_rested":2,"item_purchase_floors":[],"current_hp_per_floor":[54,47,47,47,47,47,47,39,39,33,33,43,43,55,55,57,69,69,69,58,60,41,29,21,11,11,31,29,49,40,40,40,14,69,69,69,69,69,69,69,69,69,69,69,69,69,69,69,69,69,69],"gold":2817,"neow_bonus":"TWO_FIFTY_GOLD","is_daily":false,"chose_seed":false,"campfire_upgraded":7,"win_rate":0.0,"timestamp":1611737780,"path_taken":["M","M","M","$","M","R","M","E","T","E","?","E","R","M","R","BOSS","M","$","M","M","M","E","M","M","T","R","E","R","E","M","R","BOSS","M","M","M","?","?","R","E","M","T","E","M","M","R","M","R","BOSS"],"items_purchased_type":[],"build_version":"2020-12-22","purchased_purges":0,"victory":true,"max_hp_per_floor":[75,75,75,75,75,75,75,75,75,75,69,69,69,69,69,69,69,69,69,69,69,69,69,69,69,69,69,69,69,69,69,69,69,69,69,69,69,69,69,69,69,69,69,69,69,69,69,69,69,69,69],"card_choices":[{"not_picked":[],"picked":"Bomb","floor":0},{"not_picked":["theSenshi:SailorVenusAssists","theSenshi:MoonKick","theSenshi:MoonPrincessHalation"],"picked":"SKIP","floor":1},{"not_picked":["theSenshi:LateForSchool","theSenshi:SailorNeptuneAssists"],"picked":"theSenshi:SailorJupiterAssists","floor":2},{"not_picked":["theSenshi:MoonlightKnight","theSenshi:SailorChibiMoonAssists"],"picked":"theSenshi:JupitersPower","floor":3},{"not_picked":["theSenshi:MoonsReflection","theSenshi:MoonKick","theSenshi:VenusGlamour"],"picked":"SKIP","floor":5},{"not_picked":["theSenshi:TallSilhouette","theSenshi:MoonPunch","theSenshi:SailorJupiterAssists"],"picked":"SKIP","floor":7},{"not_picked":["theSenshi:MoonPrincessHalation","theSenshi:FatedKiss","theSenshi:SailorPlanetAttack"],"picked":"SKIP","floor":8},{"not_picked":["theSenshi:LunasBite","theSenshi:SailorVenusAssists"],"picked":"theSenshi:ChibiMoonsLove","floor":10},{"not_picked":["theSenshi:MoonPrincessHalation","theSenshi:SailorV","theSenshi:SteeledNerves"],"picked":"SKIP","floor":12},{"not_picked":["theSenshi:MoonPunch","theSenshi:TuxedoSmokingBomber"],"picked":"Bomb","floor":14},{"not_picked":["theSenshi:SilverCrystal","theSenshi:FatedKiss"],"picked":"theSenshi:IWillPunishYou","floor":16},{"not_picked":["theSenshi:YouCanTalk+1","theSenshi:SupersonicWaves","theSenshi:LateForSchool"],"picked":"SKIP","floor":20},{"not_picked":["theSenshi:OdangoHead","theSenshi:SailorUranusAssists","theSenshi:NeptunesGrace"],"picked":"SKIP","floor":21},{"not_picked":["theSenshi:SailorVenusAssists","theSenshi:MoonCrystalPowerMakeUp","theSenshi:MoonTiaraMagic"],"picked":"SKIP","floor":22},{"not_picked":["theSenshi:VenusGlamour","theSenshi:MoonTwilightFlash","theSenshi:TuxedoSmokingBomber"],"picked":"SKIP","floor":23},{"not_picked":["theSenshi:Sidestep","theSenshi:MoonKick","theSenshi:SailorV"],"picked":"SKIP","floor":24},{"not_picked":["theSenshi:VenusGlamour","theSenshi:EncouragingSpeech","theSenshi:MoonSpiralHeartAttack"],"picked":"SKIP","floor":25},{"not_picked":["theSenshi:InTheNickOfTime","theSenshi:SailorChibiMoonAssists","theSenshi:MoonEternalMakeUp"],"picked":"SKIP","floor":28},{"not_picked":["theSenshi:MoonTiaraMagic+1","theSenshi:MoonsReflection"],"picked":"theSenshi:SailorJupiterAssists","floor":30},{"not_picked":["theSenshi:NeptunesGrace","theSenshi:MoonPrincessHalation","theSenshi:MoonTwilightFlash+1"],"picked":"SKIP","floor":31},{"not_picked":["theSenshi:FatedKiss","theSenshi:MoonEternalMakeUp"],"picked":"theSenshi:SailorSaturnAssists","floor":33},{"not_picked":["theSenshi:LateForSchool+1","theSenshi:SupersonicWaves+1","theSenshi:MoonlightKnight"],"picked":"SKIP","floor":35},{"not_picked":["theSenshi:MoonKick","theSenshi:LunasBite","theSenshi:SailorMercuryAssists"],"picked":"SKIP","floor":36},{"not_picked":["theSenshi:SailorVenusAssists","theSenshi:LateForSchool","theSenshi:PlutosSolemnity"],"picked":"SKIP","floor":37},{"not_picked":["theSenshi:LunaSensingAllies","theSenshi:VenusGlamour","theSenshi:MoonEternalMakeUp"],"picked":"SKIP","floor":41},{"not_picked":["theSenshi:MoonKick","theSenshi:GatheringStrength+1"],"picked":"theSenshi:SailorJupiterAssists+1","floor":42},{"not_picked":["theSenshi:EncouragingSpeech+1","theSenshi:SailorVenusAssists+1","theSenshi:CrisisMakeUp"],"picked":"SKIP","floor":44},{"not_picked":["theSenshi:MoonEternalMakeUp","theSenshi:MoonPrincessHalation","theSenshi:InTheNickOfTime+1"],"picked":"SKIP","floor":45},{"not_picked":["theSenshi:SailorStarFighterAssists","theSenshi:SailorPlanetAttack+1","theSenshi:MoonHealingEscalation+1"],"picked":"SKIP","floor":46},{"not_picked":["theSenshi:MoonKick+1","theSenshi:InTheNickOfTime","theSenshi:SteeledNerves+1"],"picked":"SKIP","floor":48}],"player_experience":932182,"relics_obtained":[{"floor":1,"key":"LetterFromLob"},{"floor":8,"key":"TheBean"},{"floor":9,"key":"theSenshi:TiaraRelic"},{"floor":10,"key":"MealTicket"},{"floor":12,"key":"theSenshi:CrystalStarRelic"},{"floor":23,"key":"MaYiHuaBei"},{"floor":26,"key":"theSenshi:TransformationPenRelic"},{"floor":28,"key":"Omamori"},{"floor":30,"key":"Boot"},{"floor":38,"key":"GuppysHead"},{"floor":41,"key":"Slimebound:PreparedRelic"},{"floor":43,"key":"Bag of Marbles"},{"floor":44,"key":"BookOfRevelations"}],"event_choices":[{"damage_healed":0,"gold_gain":0,"player_choice":"Lose Max HP","damage_taken":0,"relics_obtained":["Golden Idol"],"max_hp_gain":0,"max_hp_loss":6,"event_name":"Golden Idol","floor":11,"gold_loss":0},{"damage_healed":0,"gold_gain":0,"player_choice":"Fight","damage_taken":0,"max_hp_gain":0,"max_hp_loss":0,"event_name":"MindBloom","floor":38,"gold_loss":0}],"is_beta":false,"boss_relics":[{"not_picked":["Snecko Eye","Philosopher\u0027s Stone"],"picked":"theSenshi:EternalSailorFukuRelic"},{"not_picked":[]},{"not_picked":["Fusion Hammer","Coffee Dripper"],"picked":"Cursed Key"},{"not_picked":[]}],"items_purged_floors":[],"is_endless":false,"potions_floor_spawned":[2,3,10,16,21,24,30,31,38,42,45,46],"ascension_level":2}}