{"host":"hpn0uxah5qjr7pa6","time":1611729752,"event":{"mods":["Act Like it!","BaseMod","BetterRewards","Colored Powertips","Conspire","Downfall","Hallownest","Hermit","Hubris","Infinite Spire","Minty Spire (QoL Compilation)","Quick Restart","Replay The Spire","StSLib","The Cursed","The Disciple","The Jungle","The Servant 0.9.4"],"gold_per_floor":[0,12,0,15,56,70,70,85,96,96,96,96,96,96,115,217,217,217,232,248,248,248,248,272,289,351,363,398,398,408,424,442,544,544,544,559,559,559,659,675,360,360,360,375,375,375,375,394,426,439,457,457],"floor_reached":53,"language":"ENG","playtime":2974,"items_purged":[],"score":811,"play_id":"0bb15412-349a-463e-bcef-b8a3c0c0017e","local_time":"20210126224232","is_ascension_mode":true,"campfire_choices":[{"data":"bronze:Replicate","floor":1,"key":"SMITH"},{"floor":11,"key":"REST"},{"floor":13,"key":"REST"},{"floor":18,"key":"DIG"},{"floor":23,"key":"REST"},{"data":"infinitespire:SevenWalls","floor":35,"key":"SMITH"},{"data":"bronze:WhirlingStrike","floor":42,"key":"SMITH"},{"data":"bronze:BronzeOrb","floor":45,"key":"SMITH"}],"circlet_count":0,"master_deck":["bronze:Strike","bronze:Strike","bronze:Strike","bronze:Strike","bronze:Defend","bronze:Defend","bronze:Defend","bronze:Defend","bronze:Replicate+1","bronze:Goto","bronze:Separator","bronze:BronzeOrb+1","bronze:Constructor","bronze:Repair","Discovery","infinitespire:SevenWalls+1","bronze:ShipIt","bronze:WhirlingStrike+1","bronze:OilSpill+1"],"relics":["bronze:BronzeCore","Unceasing Top","Eternal Feather","Busted Crown","conspire:TopHat","hubris:Metronome","Toy Ornithopter","hubris:Metronome","Mango","Cursed Key","Golden Egg","Omamori","Blood Vial"],"acts_visited":["Hallownest:Greenpath","TheCity","TheBeyond"],"potions_floor_usage":[9,16,16,25,28,33,33,49,51,52,52],"damage_taken":[{"damage":0,"enemies":"2_ Uuma","floor":2,"turns":5},{"damage":0,"enemies":"downfall:FleeingMerchant","floor":3,"turns":4},{"damage":0,"enemies":"Hallownest:monsterHuskGuard","floor":4,"turns":4},{"damage":0,"enemies":"Hallownest:monsterHuskWarrior","floor":6,"turns":3},{"damage":18,"enemies":"Hallownest:MossCreep_and_Mosskin","floor":8,"turns":4},{"damage":0,"enemies":"Hallownest:monsterMossCharger","floor":9,"turns":3},{"damage":5,"enemies":"Hallownest:1_Ooma_and_2_Uuma","floor":15,"turns":5},{"damage":57,"enemies":"SI_SHIV_ARCHETYPE","floor":16,"turns":13},{"damage":0,"enemies":"Chosen","floor":19,"turns":4},{"damage":25,"enemies":"Snake Plant","floor":20,"turns":5},{"damage":0,"enemies":"3 Cultists","floor":25,"turns":5},{"damage":0,"enemies":"Sentry and Sphere","floor":27,"turns":3},{"damage":20,"enemies":"Book of Stabbing","floor":28,"turns":4},{"damage":2,"enemies":"Centurion and Healer","floor":30,"turns":5},{"damage":10,"enemies":"conspire:HollyBat","floor":31,"turns":7},{"damage":0,"enemies":"Chosen and Byrds","floor":32,"turns":2},{"damage":3,"enemies":"IC_MUSHROOM_ARCHETYPE","floor":33,"turns":3},{"damage":0,"enemies":"3 Shapes","floor":36,"turns":2},{"damage":0,"enemies":"3 Darklings","floor":40,"turns":3},{"damage":0,"enemies":"downfall:FleeingMerchant","floor":41,"turns":4},{"damage":0,"enemies":"Spire Growth","floor":44,"turns":2},{"damage":9,"enemies":"4 Shapes","floor":48,"turns":1},{"damage":14,"enemies":"Reptomancer","floor":49,"turns":4},{"damage":0,"enemies":"Transient","floor":50,"turns":5},{"damage":0,"enemies":"Writhing Mass","floor":51,"turns":2},{"damage":73,"enemies":"DF_ARCHETYPE_ORBS","floor":52,"turns":10}],"seed_played":"6904080976033894019","potions_obtained":[{"floor":2,"key":"Toxic Potion"},{"floor":4,"key":"Energy Potion"},{"floor":6,"key":"Energy Potion"},{"floor":20,"key":"bronze:BuildAFunctionPotion"},{"floor":25,"key":"LiquidBronze"},{"floor":26,"key":"Dexterity Potion"},{"floor":31,"key":"AttackPotion"},{"floor":33,"key":"Strength Potion"},{"floor":36,"key":"Elixir"},{"floor":49,"key":"Languid Potion"},{"floor":51,"key":"LifebloodPotion"}],"is_trial":false,"path_per_floor":["R","M","$","M","?","M","T","M","M","?","R","?","R","?","M","B",null,"R","M","M","?","AVR","R","T","M","?","M","E","?","M","M","M","B",null,"R","M","PTL","PTL","?","M","$","R","T","M","R","AVR","?","M","E","M","M","B",null],"character_chosen":"THE_AUTOMATON","items_purchased":["Golden Egg","bronze:OilSpill"],"campfire_rested":3,"item_purchase_floors":[41,41],"current_hp_per_floor":[70,70,70,70,70,70,70,52,52,52,70,53,70,70,70,13,70,70,70,45,12,12,42,42,54,37,44,50,78,82,75,75,84,84,84,84,84,84,84,84,84,84,84,84,84,84,84,75,66,68,75,21],"gold":457,"neow_bonus":"ONE_RARE_RELIC","is_daily":false,"chose_seed":false,"campfire_upgraded":4,"win_rate":0.0,"timestamp":1611729752,"path_taken":["R","M","$","M","?","M","T","M","M","?","R","?","R","?","M","BOSS","R","M","M","?","AVR","R","T","M","?","M","E","?","M","M","M","BOSS","R","M","PTL","PTL","?","M","$","R","T","?","R","AVR","?","M","E","M","M","BOSS"],"items_purchased_type":["Relic","Card"],"build_version":"2020-12-22","purchased_purges":0,"victory":true,"max_hp_per_floor":[70,70,70,70,70,70,70,70,70,70,70,70,70,70,70,70,70,70,70,70,70,70,70,70,70,70,70,84,84,84,84,84,84,84,84,84,84,84,84,84,84,84,84,84,84,84,84,84,84,84,84,84],"card_choices":[{"not_picked":["bronze:MaxOutput","bronze:Overload"],"picked":"bronze:Separator","floor":2},{"not_picked":["bronze:ForLoop","bronze:Iterate"],"picked":"bronze:BronzeOrb","floor":3},{"not_picked":["bronze:Optimize","bronze:Branch"],"picked":"bronze:Constructor","floor":4},{"not_picked":["bronze:Invalidate","bronze:BugBarrage","bronze:FineTuning"],"picked":"SKIP","floor":6},{"not_picked":["bronze:DarkDash","bronze:CutThrough","bronze:DelayedGuard"],"picked":"SKIP","floor":8},{"not_picked":["bronze:Allocate","bronze:Separator"],"picked":"bronze:Repair","floor":9},{"not_picked":["Replay:Bootleg Shield Generator","Survey Options"],"picked":"Discovery","floor":10},{"not_picked":["infinitespire:FutureSight","hubris:InfiniteBlow"],"picked":"infinitespire:SevenWalls","floor":12},{"not_picked":["bronze:Frontload","bronze:Boost","bronze:GetLatest"],"picked":"SKIP","floor":15},{"not_picked":["bronze:Assembly","bronze:Mutator"],"picked":"bronze:ShipIt","floor":16},{"not_picked":["bronze:Overheat"],"picked":"SKIP","floor":19},{"not_picked":["bronze:Return+1"],"picked":"SKIP","floor":20},{"not_picked":["bronze:DelayedSlice"],"picked":"SKIP","floor":25},{"not_picked":[],"picked":"bronze:WhirlingStrike","floor":26},{"not_picked":["bronze:Deprecate"],"picked":"SKIP","floor":27},{"not_picked":["bronze:FindAndReplace"],"picked":"SKIP","floor":28},{"not_picked":["bronze:ChildClass"],"picked":"SKIP","floor":30},{"not_picked":["bronze:ForceShield"],"picked":"SKIP","floor":31},{"not_picked":["bronze:Invalidate"],"picked":"SKIP","floor":32},{"not_picked":["bronze:Deprecate"],"picked":"SKIP","floor":36},{"not_picked":["bronze:InfiniteBeams+1"],"picked":"SKIP","floor":40},{"not_picked":["bronze:Frontload+1"],"picked":"SKIP","floor":41},{"not_picked":["bronze:BugBarrage+1"],"picked":"SKIP","floor":44},{"not_picked":["bronze:ForceShield"],"picked":"SKIP","floor":48},{"not_picked":["bronze:CutThrough+1"],"picked":"SKIP","floor":49},{"not_picked":["bronze:Turbo"],"picked":"SKIP","floor":50},{"not_picked":["bronze:BronzeArmor"],"picked":"SKIP","floor":51}],"player_experience":111674,"relics_obtained":[{"floor":7,"key":"Eternal Feather"},{"floor":18,"key":"conspire:TopHat"},{"floor":24,"key":"Toy Ornithopter"},{"floor":26,"key":"hubris:Metronome"},{"floor":28,"key":"Mango"},{"floor":49,"key":"Blood Vial"}],"event_choices":[{"damage_healed":0,"gold_gain":0,"player_choice":"Leave","damage_taken":0,"max_hp_gain":0,"max_hp_loss":0,"event_name":"conspire:Investor","floor":14,"gold_loss":0},{"damage_healed":28,"gold_gain":0,"player_choice":"Heal","damage_taken":0,"max_hp_gain":0,"max_hp_loss":0,"event_name":"The Library","floor":29,"gold_loss":0}],"is_beta":false,"boss_relics":[{"not_picked":["SlaversCollar","hubris:HollowSoul"],"picked":"Busted Crown"},{"not_picked":["Honey Jar","Replay:Fungal Core"],"picked":"Cursed Key"}],"items_purged_floors":[],"is_endless":false,"potions_floor_spawned":[2,4,6,20,25,31,33,36,49,51],"ascension_level":1}}