{"host":"c52z9ixzgdjttcmx","time":1611709277,"event":{"mods":["BaseMod","Colored Powertips","Downfall","Filter the Spire","Minty Spire (QoL Compilation)","Rare Cards Sparkle","Relic Stats","StSLib"],"gold_per_floor":[99,99,99,99,116,133,205,237,45,145,145,320,347,364,381,480,480,480,493,493,58,58,68,91,91,161,258,258,258,349,349,442,584,584,584,641,740,407,152,307,307,307,442,500,599,599,599,659,789,789,789,789],"floor_reached":50,"language":"ENG","playtime":6322,"items_purged":["Slimebound:Strike_Slimebound","Doubt"],"score":644,"play_id":"7f8f5fc2-6ec0-42e2-adb8-b9f720572fcb","local_time":"20210126190117","is_ascension_mode":true,"campfire_choices":[{"data":"Slimebound:CorrosiveSpit","floor":1,"key":"SMITH"},{"data":"Slimebound:Gluttony","floor":18,"key":"SMITH"},{"data":"Metamorphosis","floor":25,"key":"SMITH"},{"data":"Slimebound:LeadByExample","floor":29,"key":"SMITH"},{"data":"Slimebound:FormOfPuddle","floor":35,"key":"SMITH"},{"floor":46,"key":"REST"}],"circlet_count":0,"master_deck":["Slimebound:Tackle","Slimebound:Defend_Slimebound","Slimebound:Defend_Slimebound","Slimebound:Defend_Slimebound","Slimebound:Split","Slimebound:CorrosiveSpit+1","Slimebound:GoopSpray+1","Slimebound:LevelUp","Slimebound:Recollect","Slimebound:LeechLife","Slimebound:SplitLeeching","Slimebound:RejuvenatingLick","Slimebound:LevelUp","Slimebound:SplitAcid","Slimebound:RallyTheTroops","Slimebound:SplitBruiser","Slimebound:FirmFortitude","Slimebound:Gluttony+1","Slimebound:WasteNot","Slimebound:SplitSpecialist","Slimebound:SplitAcid","Slimebound:LeadByExample+1","Slimebound:FormOfPuddle+1","Metamorphosis+1","Slimebound:SamplingLick+1","Slimebound:SlimeTap","Slimebound:SplitLeeching","Slimebound:Recollect+1","expansioncontent:StudyTheSpire","Purity","Slimebound:Overexert","expansioncontent:HyperBeam","expansioncontent:GuardianWhirl","expansioncontent:PolyBeam","Slimebound:LivingWall+1"],"relics":["Slimebound:AbsorbEndCombat","downfall:HeartsMalice","Mummified Hand","Dead Branch","Art of War","Happy Flower","Busted Crown","downfall:KnowingSkull","Blood Vial","Regal Pillow","Runic Dome","Bag of Preparation","Oddly Smooth Stone","StrikeDummy"],"acts_visited":["Exordium","TheCity","TheBeyond"],"potions_floor_usage":[50,50,50,50],"damage_taken":[{"damage":0,"enemies":"2 Louse","floor":2,"turns":1},{"damage":0,"enemies":"Jaw Worm","floor":3,"turns":1},{"damage":0,"enemies":"Cultist","floor":4,"turns":1},{"damage":9,"enemies":"Blue Slaver","floor":5,"turns":4},{"damage":11,"enemies":"2 Fungi Beasts","floor":6,"turns":4},{"damage":8,"enemies":"Lagavulin","floor":8,"turns":10},{"damage":4,"enemies":"downfall:FleeingMerchant","floor":9,"turns":4},{"damage":21,"enemies":"downfall:Heads","floor":10,"turns":4},{"damage":0,"enemies":"Large Slime","floor":14,"turns":3},{"damage":2,"enemies":"3 Louse","floor":15,"turns":3},{"damage":20,"enemies":"DF_ARCHETYPE_STREAMLINE","floor":16,"turns":7},{"damage":6,"enemies":"Spheric Guardian","floor":19,"turns":1},{"damage":0,"enemies":"Chosen","floor":20,"turns":1},{"damage":5,"enemies":"downfall:FleeingMerchant","floor":21,"turns":4},{"damage":7,"enemies":"Snake Plant","floor":23,"turns":3},{"damage":24,"enemies":"Book of Stabbing","floor":26,"turns":4},{"damage":7,"enemies":"Snecko","floor":27,"turns":3},{"damage":16,"enemies":"Centurion and Healer","floor":30,"turns":4},{"damage":34,"enemies":"Shelled Parasite and Fungi","floor":32,"turns":3},{"damage":10,"enemies":"SI_MIRROR_ARCHETYPE","floor":33,"turns":6},{"damage":3,"enemies":"3 Shapes","floor":36,"turns":2},{"damage":11,"enemies":"Orb Walker","floor":37,"turns":2},{"damage":26,"enemies":"downfall:FleeingMerchant","floor":39,"turns":4},{"damage":9,"enemies":"Giant Head","floor":40,"turns":5},{"damage":38,"enemies":"4 Shapes","floor":43,"turns":3},{"damage":4,"enemies":"Sphere and 2 Shapes","floor":44,"turns":3},{"damage":7,"enemies":"Writhing Mass","floor":45,"turns":4},{"damage":3,"enemies":"3 Darklings","floor":48,"turns":2},{"damage":9,"enemies":"Transient","floor":49,"turns":5},{"damage":94,"enemies":"WA_ARCHETYPE_DIVINITY","floor":50,"turns":5}],"seed_played":"4612701202004054104","potions_obtained":[{"floor":5,"key":"Slimebound:SlimedPotion"},{"floor":6,"key":"Ancient Potion"},{"floor":8,"key":"FearPotion"},{"floor":10,"key":"LiquidMemories"},{"floor":19,"key":"DuplicationPotion"}],"is_trial":false,"path_per_floor":["R","M","M","M","M","M","T","E","$","?","?","?","T","M","M","B",null,"R","M","M","$","?","M","T","R","E","M","?","R","M","?","M","B",null,"R","M","M","?","$","E","T","?","M","M","M","R","?","M","M","B"],"character_chosen":"SLIMEBOUND","items_purchased":["Slimebound:SplitAcid","Art of War","Slimebound:LeadByExample","Slimebound:FormOfPuddle","Metamorphosis","expansioncontent:StudyTheSpire","Purity","Slimebound:Overexert","Bag of Preparation"],"campfire_rested":1,"item_purchase_floors":[9,9,21,21,21,39,39,39,39],"current_hp_per_floor":[65,65,65,65,58,65,65,63,65,55,55,55,55,57,65,49,65,65,62,62,62,56,57,57,57,60,63,63,63,62,51,54,54,70,70,70,63,79,72,73,73,63,31,37,54,79,79,76,76,0,0,0],"gold":789,"neow_bonus":"THREE_ENEMY_KILL","is_daily":false,"chose_seed":false,"campfire_upgraded":5,"win_rate":0.0,"timestamp":1611709277,"path_taken":["R","M","M","M","M","M","T","E","$","?","?","?","?","M","M","BOSS","R","M","M","$","?","M","T","R","E","?","?","R","M","?","M","BOSS","R","M","M","?","$","E","T","?","M","M","M","R","?","M","M","BOSS"],"items_purchased_type":["Card","Relic","Card","Card","Card","Card","Card","Card","Relic"],"build_version":"2020-12-22","purchased_purges":2,"victory":false,"max_hp_per_floor":[65,65,65,65,65,65,65,65,65,65,65,65,65,65,65,65,65,65,65,65,65,65,65,65,65,65,65,65,65,65,70,70,70,70,70,70,70,79,79,79,79,79,79,79,79,79,79,79,79,79,79,79],"relic_stats":{"Blood Vial":22,"Regal Pillow":2,"Busted Crown":48,"Happy Flower":[25],"counters":[30,101],"Mummified Hand":[181],"Dead Branch":[394],"Art of War":[15],"Bag of Preparation":[14],"obtain_stats":[{"Regal Pillow":26,"Happy Flower":13,"Dead Branch":8,"Oddly Smooth Stone":40,"downfall:HeartsMalice":0,"Bag of Preparation":39,"Blood Vial":24,"Runic Dome":34,"downfall:BrokenWingStatue":11,"Busted Crown":17,"Mummified Hand":7,"downfall:KnowingSkull":22,"Slimebound:AbsorbEndCombat":0,"Art of War":9,"StrikeDummy":41},{"Regal Pillow":16,"Happy Flower":8,"Dead Branch":6,"Oddly Smooth Stone":24,"downfall:HeartsMalice":0,"Bag of Preparation":23,"Blood Vial":15,"Runic Dome":20,"downfall:BrokenWingStatue":8,"Busted Crown":11,"Mummified Hand":5,"downfall:KnowingSkull":14,"Slimebound:AbsorbEndCombat":0,"Art of War":7,"StrikeDummy":24},{"Regal Pillow":50,"Happy Flower":25,"Dead Branch":17,"Oddly Smooth Stone":79,"downfall:HeartsMalice":0,"Bag of Preparation":74,"Blood Vial":46,"Runic Dome":66,"downfall:BrokenWingStatue":25,"Busted Crown":37,"Mummified Hand":8,"downfall:KnowingSkull":43,"Slimebound:AbsorbEndCombat":0,"Art of War":21,"StrikeDummy":79}]},"card_choices":[{"not_picked":["Slimebound:Nibble","Slimebound:ProtectTheBoss"],"picked":"Slimebound:GoopSpray","floor":2},{"not_picked":["Slimebound:PressTheAttack","Slimebound:SpikyOuterGoop"],"picked":"Slimebound:LevelUp","floor":3},{"not_picked":["Slimebound:DisruptingSlam","Slimebound:SamplingLick"],"picked":"Slimebound:Recollect","floor":4},{"not_picked":["Slimebound:SamplingLick","Slimebound:SlimeBrawl"],"picked":"Slimebound:LeechLife","floor":5},{"not_picked":["Slimebound:SplitAcid","Slimebound:SlimeSpikes"],"picked":"Slimebound:SplitLeeching","floor":6},{"not_picked":["Slimebound:Recollect","Slimebound:GoopSpray"],"picked":"Slimebound:RejuvenatingLick","floor":8},{"not_picked":["Slimebound:ComboTackle","Slimebound:DisruptingSlam"],"picked":"Slimebound:LevelUp","floor":9},{"not_picked":["Slimebound:Recollect","Slimebound:LeechingTouch"],"picked":"Slimebound:SplitBruiser","floor":10},{"not_picked":["Slimebound:ForwardTackle","Slimebound:FlameTackle"],"picked":"Slimebound:FirmFortitude","floor":14},{"not_picked":["Slimebound:SplitAcid","Slimebound:ComboTackle"],"picked":"Slimebound:Gluttony","floor":15},{"not_picked":["Slimebound:MassFeed","Slimebound:FirmFortitude"],"picked":"Slimebound:WasteNot","floor":16},{"not_picked":["Slimebound:GoopSpray"],"picked":"SKIP","floor":19},{"not_picked":["Slimebound:GoopSpray"],"picked":"SKIP","floor":19},{"not_picked":[],"picked":"Slimebound:SplitSpecialist","floor":20},{"not_picked":[],"picked":"Slimebound:SplitAcid","floor":21},{"not_picked":["Slimebound:SlimeSpikes"],"picked":"SKIP","floor":23},{"not_picked":[],"picked":"Slimebound:SamplingLick+1","floor":26},{"not_picked":["Slimebound:RollThrough"],"picked":"SKIP","floor":27},{"not_picked":[],"picked":"Slimebound:SlimeTap","floor":30},{"not_picked":[],"picked":"Slimebound:SplitLeeching","floor":32},{"not_picked":["Slimebound:ItLooksTasty"],"picked":"SKIP","floor":36},{"not_picked":[],"picked":"Slimebound:Recollect+1","floor":37},{"not_picked":["Slimebound:RollThrough+1"],"picked":"SKIP","floor":39},{"not_picked":["Slimebound:ItLooksTasty"],"picked":"SKIP","floor":40},{"not_picked":[],"picked":"expansioncontent:HyperBeam","floor":42},{"not_picked":[],"picked":"expansioncontent:GuardianWhirl","floor":42},{"not_picked":[],"picked":"expansioncontent:PolyBeam","floor":42},{"not_picked":["Slimebound:ViciousTackle+1"],"picked":"SKIP","floor":43},{"not_picked":["Slimebound:FinishingTackle+1"],"picked":"SKIP","floor":44},{"not_picked":["Slimebound:RollThrough"],"picked":"SKIP","floor":45},{"not_picked":[],"picked":"Slimebound:LivingWall+1","floor":48},{"not_picked":["Slimebound:SlimeSpikes"],"picked":"SKIP","floor":49}],"player_experience":3358315,"relics_obtained":[{"floor":7,"key":"Mummified Hand"},{"floor":8,"key":"Dead Branch"},{"floor":13,"key":"Happy Flower"},{"floor":24,"key":"Blood Vial"},{"floor":26,"key":"Regal Pillow"},{"floor":40,"key":"Oddly Smooth Stone"},{"floor":41,"key":"StrikeDummy"}],"event_choices":[{"damage_healed":0,"gold_gain":0,"player_choice":"Ignored","damage_taken":0,"max_hp_gain":0,"max_hp_loss":0,"event_name":"Vampires","floor":28,"gold_loss":0},{"cards_removed":["Slimebound:Defend_Slimebound"],"damage_healed":0,"gold_gain":0,"player_choice":"Removed Skill","damage_taken":0,"max_hp_gain":0,"max_hp_loss":0,"event_name":"Falling","floor":47,"gold_loss":0}],"is_beta":false,"boss_relics":[{"not_picked":["Coffee Dripper","Empty Cage"],"picked":"Busted Crown"},{"not_picked":["Calling Bell","Snecko Eye"],"picked":"Runic Dome"}],"items_purged_floors":[21,39],"is_endless":false,"potions_floor_spawned":[5,6,8,10,19,23,30,32,36,40,44,49],"killed_by":"WA_ARCHETYPE_DIVINITY","ascension_level":1}}