{"host":"deirlxtsw53uoa9y","time":1611750661,"event":{"mods":["AchievementEnabler","BaseMod","DeckTracker","Lobotomy","Minty Spire (QoL Compilation)","Permanent Neow","Rare Cards Sparkle","StSLib","The Hierophant","everything is the same but u backflip on backflip"],"gold_per_floor":[273,289,302,72,72,107,107,121,121,138,157,169,202,216,216,216,216],"floor_reached":16,"language":"KOR","playtime":671,"items_purged":[],"score":116,"play_id":"63d067c4-94e7-4447-b884-095a2ada13ae","local_time":"20210127213101","is_ascension_mode":false,"campfire_choices":[{"data":"Inflame","floor":7,"key":"SMITH"},{"floor":15,"key":"REST"}],"circlet_count":0,"master_deck":["Strike_R","Strike_R","Strike_R","Strike_R","Strike_R","Defend_R","Defend_R","Defend_R","Defend_R+1","Bash+1","BigBird","Battle Trance","UniverseFragment","VoidDream","Inflame+1","WallGazer","GreedKing","Hemokinesis","ShyLook","Shrug It Off+1","Shrug It Off+1","OldLady","Laetitia","Shrug It Off+1"],"relics":["Burning Blood","CogitoBucket","Bag of Marbles","Happy Flower","Toxic Egg 2","Magic Flower"],"acts_visited":["Exordium"],"potions_floor_usage":[6,8,16],"damage_taken":[{"damage":6,"enemies":"Cultist","floor":1,"turns":3},{"damage":10,"enemies":"Small Slimes","floor":2,"turns":4},{"damage":11,"enemies":"Jaw Worm","floor":3,"turns":2},{"damage":17,"enemies":"3 Sentries","floor":6,"turns":8},{"damage":21,"enemies":"Blue Slaver","floor":8,"turns":4},{"damage":17,"enemies":"Looter","floor":10,"turns":5},{"damage":2,"enemies":"Exordium Thugs","floor":11,"turns":3},{"damage":3,"enemies":"Blue Slaver","floor":12,"turns":2},{"damage":19,"enemies":"Lagavulin","floor":13,"turns":7},{"damage":2,"enemies":"3 Louse","floor":14,"turns":5},{"damage":43,"enemies":"The Guardian","floor":16,"turns":8}],"seed_played":"1286467079697592574","potions_obtained":[{"floor":3,"key":"ColorlessPotion"},{"floor":6,"key":"SkillPotion"},{"floor":12,"key":"SkillPotion"}],"is_trial":false,"path_per_floor":["M","M","M","$","?","E","R","M","T","M","M","M","E","M","R","B"],"character_chosen":"IRONCLAD","items_purchased":["Inflame","Bag of Marbles"],"campfire_rested":1,"item_purchase_floors":[4,4],"current_hp_per_floor":[80,76,71,71,55,44,44,29,29,18,22,25,12,19,43,0,0],"gold":216,"neow_bonus":"","is_daily":false,"chose_seed":false,"campfire_upgraded":1,"win_rate":0.0,"timestamp":1611750661,"path_taken":["M","M","M","$","?","E","R","M","T","M","M","M","E","M","R","BOSS"],"items_purchased_type":["Card","Relic"],"build_version":"2020-12-22","purchased_purges":0,"victory":false,"max_hp_per_floor":[80,80,80,80,80,80,80,80,80,80,80,80,80,80,80,80,80],"card_choices":[{"not_picked":["WallGazer","VoidDream"],"picked":"BigBird","floor":1},{"not_picked":["Shrug It Off","Seeing Red"],"picked":"Battle Trance","floor":1},{"not_picked":["VoidDream","FieryBird","PunishingBird"],"picked":"Singing Bowl","floor":2},{"not_picked":["FairyFestival","Bloodbath"],"picked":"UniverseFragment","floor":2},{"not_picked":["Thunderclap","Sentinel","Havoc"],"picked":"SKIP","floor":2},{"not_picked":["Scarecrow","HappyTeddy"],"picked":"VoidDream","floor":3},{"not_picked":["Juggernaut","Combust","Reckless Charge"],"picked":"SKIP","floor":3},{"not_picked":["Bloodbath","Murderer","GreedKing"],"picked":"Singing Bowl","floor":6},{"not_picked":["OldLady","MeatLantern"],"picked":"WallGazer","floor":6},{"not_picked":["Cleave","Sword Boomerang","Clash"],"picked":"SKIP","floor":6},{"not_picked":["Scorched","BeautyBeast","MHz"],"picked":"Singing Bowl","floor":8},{"not_picked":["LongBird","SnowQueen"],"picked":"GreedKing","floor":8},{"not_picked":["Offering","Anger","Bloodletting"],"picked":"SKIP","floor":8},{"not_picked":["Sword Boomerang","Pummel"],"picked":"Hemokinesis","floor":10},{"not_picked":["Wellcheers","SingingMachine"],"picked":"ShyLook","floor":11},{"not_picked":["Iron Wave","Pommel Strike"],"picked":"Shrug It Off+1","floor":11},{"not_picked":["MHz","BeautyBeast","OldLady"],"picked":"Singing Bowl","floor":12},{"not_picked":["Clothesline","Brutality"],"picked":"Shrug It Off+1","floor":12},{"not_picked":["Scarecrow","PunishingBird"],"picked":"OldLady","floor":13},{"not_picked":["Heavy Blade","Body Slam","Corruption"],"picked":"SKIP","floor":13},{"not_picked":["Woodsman","SnowQueen"],"picked":"Laetitia","floor":14},{"not_picked":["Iron Wave","True Grit+1"],"picked":"Shrug It Off+1","floor":14}],"player_experience":65876,"relics_obtained":[{"floor":6,"key":"Happy Flower"},{"floor":9,"key":"Toxic Egg 2"},{"floor":13,"key":"Magic Flower"}],"event_choices":[{"damage_healed":0,"gold_gain":0,"player_choice":"Entered Light","damage_taken":16,"max_hp_gain":0,"max_hp_loss":0,"event_name":"Shining Light","floor":5,"gold_loss":0,"cards_upgraded":["Bash","Defend_R"]}],"is_beta":false,"boss_relics":[],"items_purged_floors":[],"is_endless":false,"potions_floor_spawned":[3,6,12],"killed_by":"The Guardian","ascension_level":0}}