{"host":"7gewg82ormp6yt4e","time":1611749189,"event":{"mods":["BaseMod","Block Reminder","Colored Map","DeckTracker","Highlight Path","Minty Spire (QoL Compilation)","Relic Stats","StSLib","ojb\u0027s Info Mod"],"gold_per_floor":[113,130,142,142,46,46,46,46,72,115,92,104,141,166,178,283,295,322,334,365,377,49,49,49,89,163,186,222,241,31,74,74,167,167,188,213,273,273,298,338,65,65,65,109,109,140,473,512,512,512,512,512],"floor_reached":51,"language":"JPN","playtime":4294,"items_purged":["Shame"],"score":1472,"play_id":"f614939e-0b51-4fcc-8783-ab0e5b34ad50","local_time":"20210127210629","is_ascension_mode":true,"campfire_choices":[{"data":"Melter","floor":6.0,"key":"SMITH"},{"data":"Self Repair","floor":8.0,"key":"SMITH"},{"data":"Coolheaded","floor":12.0,"key":"SMITH"},{"data":"Zap","floor":15.0,"key":"SMITH"},{"data":"Hyperbeam","floor":23.0,"key":"SMITH"},{"data":"Go for the Eyes","floor":32.0,"key":"SMITH"},{"floor":42.0,"key":"RECALL"},{"floor":45.0,"key":"REST"},{"data":"Panacea","floor":49.0,"key":"SMITH"}],"circlet_count":0,"master_deck":["AscendersBane","Defend_B","Defend_B","Defend_B+1","Defend_B","Zap+1","Dualcast","Echo Form","FTL","Leap","Self Repair+1","Melter+1","Coolheaded+1","Glacier+1","Cold Snap","Hyperbeam+1","Beam Cell","Bite","Bite","Bite","Bite","Bite","Beam Cell","Writhe","Go for the Eyes+1","Hyperbeam+1","All For One+1","Echo Form+1","Fusion","Conserve Battery+1","Panacea+1","Force Field+1"],"relics":["Cracked Core","MawBank","Mango","SlaversCollar","Smiling Mask","TungstenRod","Gambling Chip","Pen Nib","Frozen Egg 2","Molten Egg 2","Ancient Tea Set","Snecko Eye","Ginger","War Paint","Toolbox","Thread and Needle","Pocketwatch"],"acts_visited":["Exordium","TheCity","TheBeyond"],"potions_floor_usage":[51],"damage_taken":[{"damage":4.0,"enemies":"Jaw Worm","floor":1.0,"turns":4.0},{"damage":3.0,"enemies":"Small Slimes","floor":2.0,"turns":3.0},{"damage":0.0,"enemies":"2 Louse","floor":3.0,"turns":1.0},{"damage":42.0,"enemies":"Gremlin Nob","floor":10.0,"turns":4.0},{"damage":1.0,"enemies":"2 Fungi Beasts","floor":13.0,"turns":4.0},{"damage":7.0,"enemies":"Exordium Thugs","floor":14.0,"turns":5.0},{"damage":43.0,"enemies":"Slime Boss","floor":16.0,"turns":12.0},{"damage":49.0,"enemies":"2 Thieves","floor":18.0,"turns":4.0},{"damage":0.0,"enemies":"Spheric Guardian","floor":20.0,"turns":3.0},{"damage":31.0,"enemies":"Slavers","floor":25.0,"turns":4.0},{"damage":11.0,"enemies":"Centurion and Healer","floor":27.0,"turns":7.0},{"damage":18.0,"enemies":"Book of Stabbing","floor":28.0,"turns":5.0},{"damage":22.0,"enemies":"Snake Plant","floor":29.0,"turns":6.0},{"damage":17.0,"enemies":"Slavers","floor":31.0,"turns":2.0},{"damage":59.0,"enemies":"Automaton","floor":33.0,"turns":14.0},{"damage":6.0,"enemies":"3 Shapes","floor":35.0,"turns":2.0},{"damage":0.0,"enemies":"Orb Walker","floor":36.0,"turns":3.0},{"damage":30.0,"enemies":"2 Orb Walkers","floor":37.0,"turns":2.0},{"damage":0.0,"enemies":"Sphere and 2 Shapes","floor":39.0,"turns":2.0},{"damage":4.0,"enemies":"Nemesis","floor":40.0,"turns":7.0},{"damage":74.0,"enemies":"Reptomancer","floor":44.0,"turns":8.0},{"damage":0.0,"enemies":"Mind Bloom Boss Battle","floor":46.0,"turns":3.0},{"damage":4.0,"enemies":"Spire Growth","floor":48.0,"turns":14.0},{"damage":43.0,"enemies":"Donu and Deca","floor":50.0,"turns":12.0},{"damage":92,"enemies":"Time Eater","floor":51,"turns":23}],"seed_played":"9059286069495418860","potions_obtained":[{"floor":1.0,"key":"SmokeBomb"},{"floor":10.0,"key":"Energy Potion"},{"floor":16.0,"key":"Regen Potion"},{"floor":27.0,"key":"Explosive Potion"},{"floor":28.0,"key":"Energy Potion"},{"floor":31.0,"key":"SpeedPotion"},{"floor":36.0,"key":"Strength Potion"},{"floor":39.0,"key":"PowerPotion"},{"floor":48.0,"key":"SpeedPotion"}],"is_trial":false,"path_per_floor":["M","M","M","?","$","R","?","R","T","E","?","R","M","M","R","B",null,"M","?","M","?","$","R","?","E","T","M","E","M","$","E","R","B",null,"M","M","?","?","M","E","$","R","T","E","R","?","?","M","R","B","B"],"character_chosen":"DEFECT","items_purchased":["Melter","BlessingOfTheForge","TungstenRod","All For One+1","FairyPotion","Toolbox"],"campfire_rested":1,"item_purchase_floors":[5,5,22,30,41,41],"current_hp_per_floor":[60,57,57,50,50,50,50,50,50,22,41,41,50,53,53,20,64,37,37,47,47,47,47,47,34,34,54,52,50,50,47,47,30,48,42,46,16,16,32,54,54,54,54,26,42,54,54,54,54,54,0,0],"gold":512,"neow_bonus":"ONE_RANDOM_RARE_CARD","is_daily":false,"chose_seed":false,"campfire_upgraded":7,"win_rate":0.0,"timestamp":1611749189,"path_taken":["M","M","M","?","$","R","?","R","T","E","?","R","?","M","R","BOSS","M","?","M","?","$","R","?","E","T","M","E","M","$","E","R","BOSS","M","M","?","?","?","E","$","R","T","E","R","?","?","M","R","BOSS","BOSS"],"items_purchased_type":["Card","Potion","Relic","Card","Potion","Relic"],"build_version":"2020-12-22","purchased_purges":1,"victory":false,"max_hp_per_floor":[71,71,71,71,71,71,64,64,64,78,78,78,78,78,78,78,78,78,54,54,54,54,54,54,54,54,54,54,54,54,54,54,54,54,54,54,54,54,54,54,54,54,54,54,54,54,54,54,54,54,54,54],"relic_stats":{"counters":[25,154],"Gambling Chip":[71],"Snecko Eye":[159,141,153,169],"Pen Nib":[26],"Ginger":[6],"War Paint":["Glacier","Defend_B"],"MawBank":156,"Smiling Mask":25,"obtain_stats":[{"Golden Idol":7,"Mango":10,"Thread and Needle":44,"Pen Nib":25,"Ginger":37,"Frozen Egg 2":26,"War Paint":40,"MawBank":9,"Smiling Mask":21,"Ancient Tea Set":31,"SlaversCollar":17,"Gambling Chip":24,"Snecko Eye":34,"Toolbox":41,"Molten Egg 2":28,"Cracked Core":0,"TungstenRod":22,"Pocketwatch":46},{"Golden Idol":3,"Mango":4,"Thread and Needle":21,"Pen Nib":10,"Ginger":18,"Frozen Egg 2":10,"War Paint":20,"MawBank":3,"Smiling Mask":9,"Ancient Tea Set":14,"SlaversCollar":7,"Gambling Chip":9,"Snecko Eye":15,"Toolbox":20,"Molten Egg 2":12,"Cracked Core":0,"TungstenRod":9,"Pocketwatch":22},{"Golden Idol":8,"Mango":12,"Thread and Needle":102,"Pen Nib":44,"Ginger":85,"Frozen Egg 2":44,"War Paint":94,"MawBank":8,"Smiling Mask":40,"Ancient Tea Set":64,"SlaversCollar":33,"Gambling Chip":40,"Snecko Eye":78,"Toolbox":94,"Molten Egg 2":56,"Cracked Core":0,"TungstenRod":40,"Pocketwatch":105}],"TungstenRod":52,"Pocketwatch":[72]},"card_choices":[{"not_picked":["Undo","Conserve Battery"],"picked":"FTL","floor":1.0},{"not_picked":["Steam Power","Consume"],"picked":"Leap","floor":2.0},{"not_picked":["Barrage","Storm"],"picked":"Self Repair","floor":3.0},{"not_picked":["Steam Power","Self Repair"],"picked":"Coolheaded","floor":10.0},{"not_picked":["Go for the Eyes","Steam"],"picked":"Glacier","floor":13.0},{"not_picked":["Conserve Battery","Steam"],"picked":"Cold Snap","floor":14.0},{"not_picked":["Echo Form","Meteor Strike"],"picked":"Hyperbeam","floor":16.0},{"not_picked":["Barrage","Conserve Battery"],"picked":"Beam Cell","floor":18.0},{"not_picked":["Blizzard","Steam"],"picked":"Beam Cell","floor":20.0},{"not_picked":["Force Field","Cold Snap","Beam Cell+1"],"picked":"SKIP","floor":25.0},{"not_picked":["Conserve Battery","Gash"],"picked":"Go for the Eyes","floor":27.0},{"not_picked":["Conserve Battery","Reprogram"],"picked":"Hyperbeam+1","floor":28.0},{"not_picked":["Steam","Auto Shields","Blizzard+1"],"picked":"SKIP","floor":29.0},{"not_picked":["Cold Snap+1","Sweeping Beam+1","Darkness+1"],"picked":"SKIP","floor":31.0},{"not_picked":["Fission","Amplify"],"picked":"Echo Form+1","floor":33.0},{"not_picked":["Cold Snap+1","Beam Cell+1","Streamline+1"],"picked":"SKIP","floor":35.0},{"not_picked":["Stack","Genetic Algorithm"],"picked":"Fusion","floor":36.0},{"not_picked":["Steam","Static Discharge+1"],"picked":"Conserve Battery+1","floor":37.0},{"not_picked":["Blind","Metamorphosis"],"picked":"Panacea","floor":38.0},{"not_picked":["Leap","Chill","Cold Snap+1"],"picked":"SKIP","floor":39.0},{"not_picked":["Conserve Battery","Darkness","Barrage+1"],"picked":"SKIP","floor":40.0},{"not_picked":["Sunder+1","Steam"],"picked":"Force Field+1","floor":44.0},{"not_picked":["Conserve Battery","Capacitor+1","BootSequence"],"picked":"SKIP","floor":48.0}],"player_experience":2701545,"relics_obtained":[{"floor":9.0,"key":"MawBank"},{"floor":10.0,"key":"Mango"},{"floor":25.0,"key":"Pen Nib"},{"floor":26.0,"key":"Frozen Egg 2"},{"floor":28.0,"key":"Molten Egg 2"},{"floor":31.0,"key":"Ancient Tea Set"},{"floor":37.0,"key":"Ginger"},{"floor":40.0,"key":"War Paint"},{"floor":44.0,"key":"Thread and Needle"},{"floor":46.0,"key":"Pocketwatch"}],"event_choices":[{"cards_removed":["Strike_B"],"damage_healed":0.0,"max_hp_gain":0.0,"max_hp_loss":0.0,"gold_gain":0.0,"event_name":"Golden Wing","player_choice":"Card Removal","floor":4.0,"gold_loss":0.0,"damage_taken":7.0},{"damage_healed":0.0,"max_hp_gain":0.0,"max_hp_loss":7.0,"gold_gain":0.0,"event_name":"Golden Idol","player_choice":"Lose Max HP","floor":7.0,"gold_loss":0.0,"damage_taken":0.0,"relics_obtained":["Golden Idol"]},{"damage_healed":19.0,"max_hp_gain":0.0,"max_hp_loss":0.0,"gold_gain":0.0,"event_name":"The Cleric","player_choice":"Healed","floor":11.0,"gold_loss":35.0,"damage_taken":0.0},{"damage_healed":0.0,"max_hp_gain":0.0,"max_hp_loss":24.0,"gold_gain":0.0,"event_name":"Vampires","player_choice":"Became a vampire","floor":19.0,"gold_loss":0.0,"damage_taken":0.0,"cards_obtained":["Bite","Bite","Bite","Bite","Bite"]},{"damage_healed":0.0,"max_hp_gain":0.0,"max_hp_loss":0.0,"gold_gain":0.0,"event_name":"The Mausoleum","player_choice":"Opened","floor":21.0,"gold_loss":0.0,"damage_taken":0.0,"relics_obtained":["Smiling Mask"],"cards_obtained":["Writhe"]},{"damage_healed":0.0,"max_hp_gain":0.0,"max_hp_loss":0.0,"gold_gain":0.0,"event_name":"Addict","player_choice":"Stole Relic","floor":24.0,"gold_loss":0.0,"damage_taken":0.0,"relics_obtained":["Gambling Chip"],"cards_obtained":["Shame"]},{"damage_healed":0.0,"max_hp_gain":0.0,"max_hp_loss":0.0,"gold_gain":0.0,"event_name":"Mysterious Sphere","player_choice":"Fight","floor":37.0,"gold_loss":0.0,"damage_taken":0.0},{"damage_healed":0.0,"max_hp_gain":0.0,"max_hp_loss":0.0,"gold_gain":0.0,"event_name":"SensoryStone","player_choice":"Memory 1","floor":38.0,"gold_loss":0.0,"damage_taken":0.0},{"damage_healed":0.0,"max_hp_gain":0.0,"max_hp_loss":0.0,"gold_gain":0.0,"event_name":"MindBloom","player_choice":"Fight","floor":46.0,"gold_loss":0.0,"damage_taken":0.0},{"damage_healed":0.0,"max_hp_gain":0.0,"max_hp_loss":0.0,"gold_gain":333.0,"event_name":"The Moai Head","player_choice":"Gave Idol","floor":47.0,"relics_lost":["Golden Idol"],"gold_loss":0.0,"damage_taken":0.0}],"is_beta":false,"boss_relics":[{"not_picked":["Cursed Key","FrozenCore"],"picked":"SlaversCollar"},{"not_picked":["Calling Bell","Philosopher\u0027s Stone"],"picked":"Snecko Eye"}],"items_purged_floors":[30],"is_endless":false,"potions_floor_spawned":[1,10,16,27,28,31,36,39,40,48],"killed_by":"Time Eater","ascension_level":20}}