{"host":"flash","time":1611758479,"event":{"mods":["ATMod(°¢èªMod)","Act Like it!","BaseMod","Jorbs\u0027s Wanderer Trilogy","Luminous","Minty Spire (QoL Compilation)","Shop Mod","StSLib","Td1madao Mod"],"gold_per_floor":[111,121,121,121,121,159,159,195,221,257,257,257,271,312,312,440,440,428,428,440,217,132,132,158,172,172,271,271,285,295,42,42,142,142,156,205,215,215,21,51,71,104,154,184,184,209,222,235,235,235],"floor_reached":51,"language":"ZHS","playtime":2243,"items_purged":["Defend_B","Strike_B","Defend_B"],"score":1095,"play_id":"c6cc4ea6-a742-4c5d-a0ea-06561579b609","local_time":"20210127224119","is_ascension_mode":true,"campfire_choices":[{"data":"AT_WaterDrop","floor":7.0,"key":"SMITH"},{"floor":12.0,"key":"REST"},{"floor":15.0,"key":"REST"},{"data":"Defragment","floor":23.0,"key":"SMITH"},{"data":"Turbo","floor":28.0,"key":"SMITH"},{"data":"Echo Form","floor":32.0,"key":"SMITH"},{"data":"1","floor":45.0,"key":"LIFT"},{"data":"Zap","floor":49,"key":"SMITH"}],"circlet_count":0,"master_deck":["Strike_B","Defend_B","Defend_B","Zap+1","Dualcast+1","AT_WaterDrop+1","Redo+1","Ball Lightning+1","Recycle","Defragment+1","Loop","Heatsinks","Echo Form+1","Machine Learning","Thunder Strike","Turbo+1","AT_DarkMatter","Sunder+1","Undo","Buffer","White Noise","Blizzard+1","Recycle+1","AT_RobotInSpace"],"relics":["Cracked Core","AT_ATBox","NeowsBlessing","Bloody Idol","Orichalcum","Ginger","Centennial Puzzle","Bronze Scales","DataDisk","SlaversCollar","AT_ArcaneBoots","PreservedInsect","Bottled Lightning","War Paint","Whetstone","Busted Crown","WingedGreaves","Girya","Bag of Preparation","Boot","AT_DeathDance","Bag of Marbles"],"acts_visited":["Exordium","TheCity","TheBeyond"],"potions_floor_usage":[50,50,50],"damage_taken":[{"damage":0.0,"enemies":"Small Slimes","floor":1.0,"turns":1.0},{"damage":0.0,"enemies":"Jaw Worm","floor":2.0,"turns":1.0},{"damage":0.0,"enemies":"Lagavulin","floor":6.0,"turns":1.0},{"damage":18.0,"enemies":"Gremlin Nob","floor":8.0,"turns":5.0},{"damage":28.0,"enemies":"Lagavulin","floor":10.0,"turns":7.0},{"damage":0.0,"enemies":"2 Louse","floor":13.0,"turns":2.0},{"damage":8.0,"enemies":"Gremlin Nob","floor":14.0,"turns":4.0},{"damage":11.0,"enemies":"The Guardian","floor":16.0,"turns":10.0},{"damage":18.0,"enemies":"2 Thieves","floor":18.0,"turns":4.0},{"damage":5.0,"enemies":"Spheric Guardian","floor":20.0,"turns":3.0},{"damage":6.0,"enemies":"Book of Stabbing","floor":24.0,"turns":5.0},{"damage":9.0,"enemies":"Snecko","floor":25.0,"turns":4.0},{"damage":6.0,"enemies":"Chosen and Byrds","floor":29.0,"turns":4.0},{"damage":6.0,"enemies":"3 Cultists","floor":30.0,"turns":3.0},{"damage":47.0,"enemies":"Champ","floor":33.0,"turns":6.0},{"damage":0.0,"enemies":"Orb Walker","floor":35.0,"turns":4.0},{"damage":24.0,"enemies":"2 Orb Walkers","floor":36.0,"turns":6.0},{"damage":5.0,"enemies":"3 Darklings","floor":37.0,"turns":4.0},{"damage":10.0,"enemies":"Reptomancer","floor":40.0,"turns":5.0},{"damage":5.0,"enemies":"Transient","floor":41.0,"turns":5.0},{"damage":0.0,"enemies":"Giant Head","floor":42.0,"turns":7.0},{"damage":15.0,"enemies":"Nemesis","floor":44.0,"turns":3.0},{"damage":0.0,"enemies":"Reptomancer","floor":46.0,"turns":4.0},{"damage":17,"enemies":"Writhing Mass","floor":47,"turns":5},{"damage":0,"enemies":"Maw","floor":48,"turns":6},{"damage":25,"enemies":"Time Eater","floor":50,"turns":6}],"seed_played":"-4188286474719164028","potions_obtained":[{"floor":2.0,"key":"Dexterity Potion"},{"floor":8.0,"key":"PotionOfCapacity"},{"floor":10.0,"key":"Block Potion"},{"floor":16.0,"key":"Regen Potion"},{"floor":20.0,"key":"CultistPotion"},{"floor":29.0,"key":"ColorlessPotion"},{"floor":33.0,"key":"Block Potion"},{"floor":37.0,"key":"PowerPotion"},{"floor":40.0,"key":"Explosive Potion"},{"floor":42.0,"key":"PotionOfCapacity"},{"floor":46.0,"key":"Dexterity Potion"}],"is_trial":false,"path_per_floor":["M","M","?","?","?","E","R","E","T","E","?","R","M","E","R","B",null,"M","?","M","$","?","R","E","M","T","?","R","M","M","$","R","B",null,"M","?","M","?","$","E","M","E","T","E","R","E","M","M","R","B",null],"character_chosen":"DEFECT","items_purchased":["AT_SpeedBoots","Whetstone","White Noise"],"campfire_rested":2,"item_purchase_floors":[21,31,39],"current_hp_per_floor":[75,75,57,62,55,55,55,37,37,9,9,33,33,25,49,38,70,66,66,66,66,66,66,65,61,61,66,66,65,64,64,64,22,66,71,52,52,80,80,75,75,80,80,70,70,75,66,71,71,46],"gold":235,"neow_bonus":"THREE_ENEMY_KILL","is_daily":false,"chose_seed":false,"campfire_upgraded":5,"win_rate":0.0,"timestamp":1611758479,"path_taken":["M","M","?","?","?","E","R","E","T","E","?","R","M","E","R","BOSS","M","?","M","$","?","R","E","M","T","?","R","?","M","$","R","BOSS","M","?","M","?","$","E","M","E","T","E","R","E","?","?","R","BOSS"],"items_purchased_type":["Relic","Relic","Card"],"build_version":"2020-12-18","purchased_purges":3,"victory":true,"max_hp_per_floor":[75,75,75,80,80,80,80,80,80,80,80,80,80,80,80,80,80,80,80,80,80,80,80,80,80,80,80,80,80,80,80,80,80,80,80,80,80,80,80,80,80,80,80,80,80,80,80,80,80,80],"card_choices":[{"not_picked":["Compile Driver","Barrage"],"picked":"Redo","floor":1.0},{"not_picked":["Fusion","Gash"],"picked":"Ball Lightning","floor":2.0},{"not_picked":["Ball Lightning","Barrage"],"picked":"Recycle","floor":6.0},{"not_picked":["Barrage","Stack"],"picked":"Defragment","floor":8.0},{"not_picked":["Genetic Algorithm","Redo"],"picked":"Loop","floor":10.0},{"not_picked":["Barrage","Cold Snap"],"picked":"Echo Form","floor":13.0},{"not_picked":["Compile Driver","Stack"],"picked":"Machine Learning","floor":14.0},{"not_picked":["Seek","Core Surge"],"picked":"Thunder Strike","floor":16.0},{"not_picked":["Barrage","Fusion"],"picked":"Turbo","floor":18.0},{"not_picked":["Beam Cell","Rebound+1","Fusion"],"picked":"SKIP","floor":20.0},{"not_picked":["Go for the Eyes","Conserve Battery","Chaos"],"picked":"SKIP","floor":24.0},{"not_picked":["Steam+1","Darkness"],"picked":"AT_DarkMatter","floor":25.0},{"not_picked":["Compile Driver","Gash"],"picked":"Sunder","floor":29.0},{"not_picked":["Rip and Tear+1","Lockon"],"picked":"Undo","floor":30.0},{"not_picked":["All For One","Rainbow"],"picked":"Buffer","floor":33.0},{"not_picked":["Go for the Eyes"],"picked":"SKIP","floor":35.0},{"not_picked":[],"picked":"AT_DarkMatter","floor":36.0},{"not_picked":["Turbo"],"picked":"SKIP","floor":37.0},{"not_picked":["Leap"],"picked":"SKIP","floor":40.0},{"not_picked":[],"picked":"Blizzard+1","floor":41.0},{"not_picked":["Leap+1"],"picked":"SKIP","floor":42.0},{"not_picked":[],"picked":"Recycle+1","floor":44.0},{"not_picked":[],"picked":"AT_RobotInSpace","floor":46.0},{"not_picked":["Hologram"],"picked":"SKIP","floor":47},{"not_picked":["Reinforced Body"],"picked":"SKIP","floor":48}],"player_experience":673478,"relics_obtained":[{"floor":6.0,"key":"Orichalcum"},{"floor":8.0,"key":"Ginger"},{"floor":9.0,"key":"Centennial Puzzle"},{"floor":10.0,"key":"Bronze Scales"},{"floor":14.0,"key":"DataDisk"},{"floor":24.0,"key":"Bottled Lightning"},{"floor":26.0,"key":"War Paint"},{"floor":36.0,"key":"WingedGreaves"},{"floor":40.0,"key":"Girya"},{"floor":42.0,"key":"Bag of Preparation"},{"floor":43.0,"key":"Boot"},{"floor":44.0,"key":"AT_DeathDance"},{"floor":46.0,"key":"Bag of Marbles"}],"event_choices":[{"damage_healed":0.0,"max_hp_gain":0.0,"max_hp_loss":0.0,"gold_gain":0.0,"event_name":"Golden Idol","player_choice":"Take Damage","floor":3.0,"gold_loss":0.0,"damage_taken":18.0,"relics_obtained":["Golden Idol"]},{"damage_healed":0.0,"max_hp_gain":5.0,"max_hp_loss":0.0,"gold_gain":0.0,"event_name":"Big Fish","player_choice":"Donut","floor":4.0,"gold_loss":0.0,"damage_taken":0.0},{"cards_removed":["Strike_B"],"damage_healed":0.0,"max_hp_gain":0.0,"max_hp_loss":0.0,"gold_gain":0.0,"event_name":"Golden Wing","player_choice":"Card Removal","floor":5.0,"gold_loss":0.0,"damage_taken":7.0},{"damage_healed":0.0,"max_hp_gain":0.0,"max_hp_loss":0.0,"gold_gain":0.0,"cards_transformed":["Strike_B"],"event_name":"Living Wall","player_choice":"Change","floor":11.0,"gold_loss":0.0,"damage_taken":0.0,"cards_obtained":["Heatsinks"]},{"damage_healed":0.0,"max_hp_gain":0.0,"max_hp_loss":0.0,"gold_gain":0.0,"event_name":"Forgotten Altar","player_choice":"Gave Idol","floor":19.0,"relics_lost":["Golden Idol"],"gold_loss":0.0,"damage_taken":0.0,"relics_obtained":["Bloody Idol"]},{"damage_healed":0.0,"max_hp_gain":0.0,"max_hp_loss":0.0,"gold_gain":0.0,"event_name":"Addict","player_choice":"Obtained Relic","floor":22.0,"gold_loss":85.0,"damage_taken":0.0,"relics_obtained":["PreservedInsect"]},{"damage_healed":0.0,"max_hp_gain":0.0,"max_hp_loss":0.0,"gold_gain":99.0,"event_name":"Nest","player_choice":"Stole From Cult","floor":27.0,"gold_loss":0.0,"damage_taken":0.0},{"damage_healed":0.0,"max_hp_gain":0.0,"max_hp_loss":0.0,"gold_gain":0.0,"event_name":"Mysterious Sphere","player_choice":"Fight","floor":36.0,"gold_loss":0.0,"damage_taken":0.0},{"cards_removed":["AT_DarkMatter"],"damage_healed":28.0,"max_hp_gain":0.0,"max_hp_loss":0.0,"gold_gain":0.0,"event_name":"Bonfire Elementals","player_choice":"Offered Uncommon","floor":38.0,"gold_loss":0.0,"damage_taken":0.0}],"is_beta":true,"boss_relics":[{"not_picked":["Tiny House","Runic Dome"],"picked":"SlaversCollar"},{"not_picked":["SacredBark","Coffee Dripper"],"picked":"Busted Crown"}],"items_purged_floors":[21,31,39],"is_endless":false,"potions_floor_spawned":[2,8,10,16,20,25,29,33,37,40,42,46,48],"ascension_level":5}}