{"host":"pmmuxs046gii331m","time":1611758524,"event":{"mods":["AchievementEnabler","BaseMod","Colored Powertips","Downfall","Gold Saver","Minty Spire (QoL Compilation)","Permanent Neow","Quick Restart","StSLib"],"gold_per_floor":[1045,1063,1074,1074,1074,1105,1105,1005,855,874,889,240,240,240,260,260,260,260],"floor_reached":16,"language":"ENG","playtime":2168,"items_purged":["champ:Strike","champ:Strike"],"score":100,"play_id":"42a16295-88cd-4454-b314-8160dfeb5ef8","local_time":"20210127094204","is_ascension_mode":false,"campfire_choices":[{"data":"champ:Taunt","floor":1,"key":"SMITH"},{"data":"champ:DancingMaster","floor":8,"key":"SMITH"},{"data":"champ:Shatter","floor":13,"key":"SMITH"}],"circlet_count":0,"master_deck":["champ:Strike","champ:Strike","champ:Defend+1","champ:Defend+1","champ:Defend+1","champ:Defend","champ:Execute","champ:Taunt+1","champ:Shatter+1","champ:DancingMaster+1","champ:StanceDance","champ:BerserkersShout","champ:GutPunch","champ:DefensiveStyle+1","champ:BerserkerStyle+1","champ:IronFortress+1","champ:RageSigil","downfall:Malfunctioning"],"relics":["champ:ChampionCrown","Gambling Chip","Singing Bowl","The Courier","downfall:HeartBlessingGreen","Toy Ornithopter","Frozen Egg 2"],"acts_visited":["Exordium"],"potions_floor_usage":[16,16,16],"damage_taken":[{"damage":11,"enemies":"Cultist","floor":2,"turns":3},{"damage":10,"enemies":"Jaw Worm","floor":3,"turns":3},{"damage":63,"enemies":"3 Sentries","floor":6,"turns":11},{"damage":10,"enemies":"downfall:FleeingMerchant","floor":9,"turns":4},{"damage":6,"enemies":"2 Louse","floor":10,"turns":3},{"damage":39,"enemies":"Exordium Thugs","floor":11,"turns":6},{"damage":22,"enemies":"downfall:FleeingMerchant","floor":12,"turns":4},{"damage":25,"enemies":"3 Louse","floor":15,"turns":4},{"damage":33,"enemies":"IC_STATUS_ARCHETYPE","floor":16,"turns":8}],"seed_played":"-644880801308985184","potions_obtained":[{"floor":10,"key":"FearPotion"},{"floor":15,"key":"CultistPotion"}],"is_trial":false,"path_per_floor":["R","M","M","?","?","E","T","R","$","M","M","$","R","?","M","B"],"character_chosen":"THE_CHAMP","items_purchased":["champ:StanceDance","champ:BerserkersShout","Toy Ornithopter","Frozen Egg 2","champ:DefensiveStyle+1","champ:BerserkerStyle+1","champ:IronFortress+1","champ:RageSigil","Strength Potion"],"campfire_rested":0,"item_purchase_floors":[9,9,12,12,12,12,12,12,12],"current_hp_per_floor":[63,62,62,62,62,29,29,29,31,32,23,25,25,25,17,0,0,0],"gold":260,"neow_bonus":"ONE_RARE_RELIC","is_daily":false,"chose_seed":false,"campfire_upgraded":3,"win_rate":0.0,"timestamp":1611758524,"path_taken":["R","M","M","?","?","E","T","R","?","M","M","$","R","?","M","BOSS"],"items_purchased_type":["Card","Card","Relic","Relic","Card","Card","Card","Card","Potion"],"build_version":"2020-12-22","purchased_purges":2,"victory":false,"max_hp_per_floor":[90,90,90,90,90,90,90,90,92,94,94,96,96,96,98,98,98,98],"card_choices":[{"not_picked":["champ:FlashCut","champ:CrownThrow"],"picked":"champ:Shatter","floor":2},{"not_picked":["champ:RecklessLeap","champ:EnGarde","champ:Duel"],"picked":"SKIP","floor":3},{"not_picked":["champ:FancyFootwork","champ:FocusedDefense"],"picked":"champ:DancingMaster","floor":6},{"not_picked":["champ:Endure","champ:Circumvent","champ:SetATrap"],"picked":"Singing Bowl","floor":9},{"not_picked":["champ:TornadoPunch","champ:EndlessRage","champ:EnGarde"],"picked":"Singing Bowl","floor":10},{"not_picked":["champ:TornadoPunch","champ:SkillfulDodge"],"picked":"champ:GutPunch","floor":11},{"not_picked":["champ:Endure","champ:BerserkersShout","champ:SwordSigil"],"picked":"Singing Bowl","floor":12},{"not_picked":["champ:HeavySlash","champ:SwordSigil","champ:AdrenalArmor"],"picked":"Singing Bowl","floor":15}],"player_experience":394877,"relics_obtained":[{"floor":6,"key":"Singing Bowl"},{"floor":7,"key":"The Courier"}],"event_choices":[],"is_beta":false,"boss_relics":[],"items_purged_floors":[9,12],"is_endless":false,"potions_floor_spawned":[10,15],"killed_by":"IC_STATUS_ARCHETYPE","ascension_level":0}}