{"host":"640uue19m79c7wbt","time":1611707321,"event":{"mods":["BaseMod","Colored Map","Googly Eyes","Highlight Path","Minty Spire (QoL Compilation)","Quick Restart","StSLib"],"gold_per_floor":[116,128,128,141,151,182,182,211,211,46,46,46,77,77,77,77,77],"floor_reached":16,"language":"ENG","playtime":337,"items_purged":[],"score":218,"play_id":"44c3d7b2-2661-4535-a62e-50f23b101861","local_time":"20210126192841","is_ascension_mode":true,"campfire_choices":[{"data":"Blade Dance","floor":7.0,"key":"SMITH"},{"floor":11.0,"key":"REST"},{"floor":15,"key":"REST"}],"circlet_count":0,"master_deck":["AscendersBane","Strike_G","Strike_G","Strike_G","Strike_G","Defend_G","Defend_G","Defend_G","Defend_G","Defend_G","Survivor","Neutralize","Bouncing Flask+1","Backstab","Dagger Spray","PiercingWail","Blade Dance+1","Tools of the Trade","Tactician","Cloak And Dagger"],"relics":["Ring of the Snake","NeowsBlessing","Snake Skull","Anchor","The Courier","Blood Vial","Unceasing Top"],"acts_visited":["Exordium"],"potions_floor_usage":[13],"damage_taken":[{"damage":0.0,"enemies":"Small Slimes","floor":1.0,"turns":1.0},{"damage":0.0,"enemies":"Cultist","floor":2.0,"turns":1.0},{"damage":0.0,"enemies":"2 Louse","floor":4.0,"turns":1.0},{"damage":1.0,"enemies":"2 Fungi Beasts","floor":5.0,"turns":3.0},{"damage":21.0,"enemies":"Lagavulin","floor":6.0,"turns":6.0},{"damage":18.0,"enemies":"3 Sentries","floor":8.0,"turns":5.0},{"damage":32,"enemies":"Gremlin Nob","floor":13,"turns":4},{"damage":22,"enemies":"Slime Boss","floor":16,"turns":3}],"seed_played":"7806322458750645540","potions_obtained":[{"floor":1.0,"key":"Block Potion"},{"floor":4.0,"key":"Swift Potion"},{"floor":6.0,"key":"EssenceOfSteel"},{"floor":8.0,"key":"LiquidBronze"}],"is_trial":false,"path_per_floor":["M","M","?","M","M","E","R","E","T","$","R","?","E","?","R","B"],"character_chosen":"THE_SILENT","items_purchased":["Tactician","Blood Vial"],"campfire_rested":2,"item_purchase_floors":[10,10],"current_hp_per_floor":[59,59,59,59,58,37,37,19,19,19,38,31,1,1,20,0,0],"gold":77,"neow_bonus":"THREE_ENEMY_KILL","is_daily":false,"chose_seed":false,"campfire_upgraded":1,"win_rate":0.0,"timestamp":1611707321,"path_taken":["M","M","?","?","?","E","R","E","T","$","R","?","E","?","R","BOSS"],"items_purchased_type":["Card","Relic"],"build_version":"2020-12-22","purchased_purges":0,"victory":false,"max_hp_per_floor":[66,66,66,66,66,66,66,66,66,66,66,66,66,66,66,66,66],"card_choices":[{"not_picked":["Skewer","Flechettes"],"picked":"Bouncing Flask","floor":1.0},{"not_picked":["Dagger Throw","Blade Dance"],"picked":"Backstab","floor":2.0},{"not_picked":["Outmaneuver","PiercingWail"],"picked":"Dagger Spray","floor":4.0},{"not_picked":["Deflect","Sucker Punch"],"picked":"PiercingWail","floor":5.0},{"not_picked":["Sucker Punch","Distraction"],"picked":"Blade Dance","floor":6.0},{"not_picked":["Masterful Stab","Endless Agony"],"picked":"Tools of the Trade","floor":8.0},{"not_picked":["Dagger Throw","Bane"],"picked":"Cloak And Dagger","floor":13}],"player_experience":637093,"relics_obtained":[{"floor":6.0,"key":"Snake Skull"},{"floor":8.0,"key":"Anchor"},{"floor":9.0,"key":"The Courier"},{"floor":13,"key":"Unceasing Top"}],"event_choices":[{"damage_healed":0.0,"max_hp_gain":0.0,"max_hp_loss":0.0,"gold_gain":0.0,"event_name":"Accursed Blacksmith","player_choice":"Forge","floor":3.0,"gold_loss":0.0,"damage_taken":0.0,"cards_upgraded":["Bouncing Flask"]},{"cards_removed":["Strike_G"],"damage_healed":0.0,"max_hp_gain":0.0,"max_hp_loss":0.0,"gold_gain":0.0,"event_name":"Golden Wing","player_choice":"Card Removal","floor":12.0,"gold_loss":0.0,"damage_taken":7.0},{"damage_healed":0,"gold_gain":0,"player_choice":"Fled","damage_taken":0,"max_hp_gain":0,"max_hp_loss":0,"event_name":"Scrap Ooze","floor":14,"gold_loss":0}],"is_beta":false,"boss_relics":[],"items_purged_floors":[],"is_endless":false,"potions_floor_spawned":[1,4,6,8],"killed_by":"Slime Boss","ascension_level":17}}