{"host":"dyzdf8svqmiivg97","time":1611758897,"event":{"mods":["AchievementEnabler","BaseMod","Colored Map","DeckTracker","Minty Spire (QoL Compilation)","Permanent Neow","Quick Restart","Rare Cards Sparkle","SuperFastMode"],"gold_per_floor":[117,42,53,53,72,72,99,99,99,118,130,148,148,162,162,266,266,284,284,184,184,184,210,220,220,220,27,27,42,61,74,74,176,176,193,44,56,56,56,56],"floor_reached":39,"language":"KOR","playtime":1055,"items_purged":["Strike_P","Writhe","Defend_P"],"score":574,"play_id":"a976e3ab-fca8-4a7c-8277-d154ac3e793c","local_time":"20210127234817","is_ascension_mode":true,"campfire_choices":[{"data":"Eruption","floor":6,"key":"SMITH"},{"data":"ForeignInfluence","floor":8,"key":"SMITH"},{"data":"MentalFortress","floor":13,"key":"SMITH"},{"data":"InnerPeace","floor":15,"key":"SMITH"},{"data":"WheelKick","floor":25,"key":"SMITH"},{"data":"MentalFortress","floor":28,"key":"SMITH"},{"floor":32,"key":"REST"}],"circlet_count":0,"master_deck":["Strike_P+1","Defend_P","Defend_P","Eruption+1","ForeignInfluence+1","CrushJoints+1","MentalFortress+1","InnerPeace+1","WheelKick+1","EmptyFist+1","MentalFortress+1","Scrawl+1","Ragnarok"],"relics":["PureWater","Blue Candle","Whetstone","Mercury Hourglass","Astrolabe","Question Card","Toxic Egg 2","Blood Vial","Meat on the Bone","Empty Cage"],"acts_visited":["Exordium","TheCity","TheBeyond"],"potions_floor_usage":[18,23,24,33,34],"damage_taken":[{"damage":2,"enemies":"Cultist","floor":1,"turns":3},{"damage":0,"enemies":"Small Slimes","floor":3,"turns":2},{"damage":2,"enemies":"2 Louse","floor":5,"turns":2},{"damage":0,"enemies":"Lagavulin","floor":7,"turns":4},{"damage":0,"enemies":"Looter","floor":10,"turns":2},{"damage":7,"enemies":"Gremlin Gang","floor":11,"turns":3},{"damage":0,"enemies":"Exordium Wildlife","floor":12,"turns":2},{"damage":13,"enemies":"Exordium Thugs","floor":14,"turns":4},{"damage":0,"enemies":"Slime Boss","floor":16,"turns":5},{"damage":0,"enemies":"3 Byrds","floor":18,"turns":2},{"damage":32,"enemies":"Slavers","floor":23,"turns":5},{"damage":0,"enemies":"Shell Parasite","floor":24,"turns":1},{"damage":0,"enemies":"Sentry and Sphere","floor":29,"turns":4},{"damage":2,"enemies":"Chosen and Byrds","floor":30,"turns":5},{"damage":0,"enemies":"Cultist and Chosen","floor":31,"turns":3},{"damage":65,"enemies":"Collector","floor":33,"turns":8},{"damage":3,"enemies":"3 Darklings","floor":35,"turns":4},{"damage":0,"enemies":"3 Shapes","floor":37,"turns":2},{"damage":0,"enemies":"Maw","floor":39,"turns":2}],"seed_played":"-6291069589333062588","potions_obtained":[{"floor":1,"key":"SkillPotion"},{"floor":3,"key":"Strength Potion"},{"floor":5,"key":"FearPotion"},{"floor":11,"key":"ColorlessPotion"},{"floor":18,"key":"SkillPotion"},{"floor":30,"key":"EssenceOfSteel"},{"floor":33,"key":"Fruit Juice"}],"is_trial":false,"path_per_floor":["M","$","M","?","M","R","E","R","T","M","M","M","R","M","R","B",null,"M","?","$","?","?","E","M","R","T","$","R","M","M","M","R","B",null,"M","$","M","?","M"],"character_chosen":"WATCHER","items_purchased":["MentalFortress","Ragnarok"],"campfire_rested":1,"item_purchase_floors":[27,36],"current_hp_per_floor":[70,70,70,63,61,61,61,61,61,61,54,54,54,41,41,41,72,72,72,72,72,72,40,42,42,42,42,42,44,44,46,67,16,77,74,74,76,76,77,77],"gold":56,"neow_bonus":"THREE_CARDS","is_daily":false,"chose_seed":false,"campfire_upgraded":6,"win_rate":0.0,"timestamp":1611758897,"path_taken":["M","?","M","?","M","R","E","R","T","M","M","M","R","M","R","BOSS","M","?","$","?","?","E","?","R","T","$","R","M","M","M","R","BOSS","M","$","M","?","M"],"items_purchased_type":["Card","Card"],"build_version":"2020-12-22","purchased_purges":3,"victory":false,"max_hp_per_floor":[72,72,72,72,72,72,72,72,72,72,72,72,72,72,72,72,72,72,72,72,72,72,72,72,72,72,72,72,72,72,72,72,72,77,77,77,77,77,77,77],"card_choices":[{"not_picked":["Wireheading","PathToVictory"],"picked":"ForeignInfluence","floor":0},{"not_picked":["Consecrate","Prostrate"],"picked":"CrushJoints","floor":1},{"not_picked":["Prostrate","CrushJoints","ThirdEye"],"picked":"SKIP","floor":3},{"not_picked":["CrushJoints","Protect"],"picked":"InnerPeace","floor":5},{"not_picked":["Halt","SashWhip","FlurryOfBlows"],"picked":"SKIP","floor":7},{"not_picked":["ClearTheMind","JustLucky","Vengeance"],"picked":"SKIP","floor":10},{"not_picked":["Wish","SashWhip","TalkToTheHand"],"picked":"SKIP","floor":11},{"not_picked":["Evaluate","Protect"],"picked":"MentalFortress","floor":12},{"not_picked":["Consecrate","ThirdEye","JustLucky"],"picked":"SKIP","floor":14},{"not_picked":["Wireheading","WreathOfFlame","FollowUp"],"picked":"SKIP","floor":18},{"not_picked":["CutThroughFate","Prostrate+1","EmptyFist"],"picked":"WheelKick","floor":23},{"not_picked":["ClearTheMind+1","EmptyBody+1","Pray+1"],"picked":"EmptyFist+1","floor":24},{"not_picked":["ThirdEye+1","Collect+1","EmptyMind+1","CrushJoints+1"],"picked":"SKIP","floor":29},{"not_picked":["Prostrate+1","WheelKick","WaveOfTheHand+1"],"picked":"Scrawl+1","floor":30},{"not_picked":["SashWhip","FlyingSleeves","Nirvana","FlurryOfBlows+1"],"picked":"SKIP","floor":31},{"not_picked":["EmptyFist+1","PathToVictory+1","Evaluate+1","Fasting2"],"picked":"SKIP","floor":35},{"not_picked":["CutThroughFate+1","EmptyFist+1","Collect+1","SandsOfTime+1"],"picked":"SKIP","floor":37}],"player_experience":557697,"relics_obtained":[{"floor":7,"key":"Whetstone"},{"floor":9,"key":"Mercury Hourglass"},{"floor":23,"key":"Blood Vial"},{"floor":26,"key":"Meat on the Bone"}],"event_choices":[{"damage_healed":0,"gold_gain":0,"player_choice":"Success","damage_taken":7,"relics_obtained":["Blue Candle"],"max_hp_gain":0,"max_hp_loss":0,"event_name":"Scrap Ooze","floor":4,"gold_loss":0},{"damage_healed":0,"gold_gain":0,"player_choice":"Opened","damage_taken":0,"relics_obtained":["Question Card"],"max_hp_gain":0,"max_hp_loss":0,"event_name":"The Mausoleum","floor":19,"gold_loss":0,"cards_obtained":["Writhe"]},{"damage_healed":0,"gold_gain":0,"player_choice":"Ignored","damage_taken":0,"max_hp_gain":0,"max_hp_loss":0,"event_name":"Ghosts","floor":21,"gold_loss":0},{"cards_removed":["InnerPeace"],"damage_healed":0,"gold_gain":0,"player_choice":"Gave Card","damage_taken":0,"relics_obtained":["Toxic Egg 2"],"max_hp_gain":0,"max_hp_loss":0,"event_name":"WeMeetAgain","floor":22,"gold_loss":0},{"cards_removed":["Vigilance"],"damage_healed":0,"gold_gain":0,"player_choice":"Removed Skill","damage_taken":0,"max_hp_gain":0,"max_hp_loss":0,"event_name":"Falling","floor":38,"gold_loss":0}],"is_beta":false,"boss_relics":[{"not_picked":["SacredBark","Velvet Choker"],"picked":"Astrolabe"},{"not_picked":["Fusion Hammer","SlaversCollar"],"picked":"Empty Cage"}],"items_purged_floors":[2,20,27],"is_endless":false,"potions_floor_spawned":[1,3,5,11,16,18,30,33],"killed_by":"Maw","ascension_level":4}}