{"host":"kpyoctgc7jne3jiy","time":1611769002,"event":{"mods":["AchievementEnabler","BaseMod","Minty Spire (QoL Compilation)","Relic Stats"],"gold_per_floor":[112,129,129,140,140,140,167,186,267,282,282,282,282],"floor_reached":12,"language":"ENG","playtime":275,"items_purged":[],"score":100,"play_id":"8f80d730-e775-4929-b072-3e0513ee6a2a","local_time":"20210127183642","is_ascension_mode":true,"campfire_choices":[{"data":"Streamline","floor":6,"key":"SMITH"}],"circlet_count":0,"master_deck":["Strike_B","Strike_B","Strike_B","Defend_B","Defend_B","Defend_B","Defend_B","Zap","Dualcast","Coolheaded","Streamline+1","Steam","Beam Cell","Genetic Algorithm","Reinforced Body"],"relics":["Cracked Core","NeowsBlessing","CaptainsWheel","Mummified Hand","Golden Idol"],"acts_visited":["Exordium"],"potions_floor_usage":[],"damage_taken":[{"damage":0,"enemies":"Cultist","floor":1,"turns":1},{"damage":0,"enemies":"Small Slimes","floor":2,"turns":1},{"damage":0,"enemies":"Jaw Worm","floor":4,"turns":1},{"damage":27,"enemies":"Gremlin Nob","floor":7,"turns":4},{"damage":0,"enemies":"Exordium Thugs","floor":8,"turns":3},{"damage":8,"enemies":"3 Louse","floor":10,"turns":2},{"damage":40,"enemies":"3 Sentries","floor":12,"turns":6}],"seed_played":"1797123266279038143","potions_obtained":[{"floor":7,"key":"Swift Potion"},{"floor":8,"key":"LiquidBronze"},{"floor":10,"key":"Energy Potion"}],"is_trial":false,"path_per_floor":["M","M","?","M","?","R","E","M","T","M","?","E"],"character_chosen":"DEFECT","items_purchased":[],"campfire_rested":0,"item_purchase_floors":[],"current_hp_per_floor":[75,75,75,75,75,75,48,48,48,40,40,0,0],"gold":282,"neow_bonus":"THREE_ENEMY_KILL","is_daily":false,"chose_seed":false,"campfire_upgraded":1,"win_rate":0.0,"timestamp":1611769002,"path_taken":["M","?","?","?","?","R","E","M","T","M","?","E"],"items_purchased_type":[],"build_version":"2020-12-22","purchased_purges":0,"victory":false,"max_hp_per_floor":[75,75,75,75,75,75,75,75,75,75,69,69,69],"relic_stats":{"counters":[7,18],"Mummified Hand":[0],"Golden Idol":0,"obtain_stats":[{"CaptainsWheel":7,"NeowsBlessing":0,"Mummified Hand":9,"Golden Idol":11,"Cracked Core":0},{"CaptainsWheel":4,"NeowsBlessing":0,"Mummified Hand":5,"Golden Idol":6,"Cracked Core":0},{"CaptainsWheel":7,"NeowsBlessing":0,"Mummified Hand":10,"Golden Idol":12,"Cracked Core":0}]},"card_choices":[{"not_picked":["Steam","Barrage"],"picked":"Coolheaded","floor":1},{"not_picked":["Beam Cell","Self Repair"],"picked":"Streamline","floor":2},{"not_picked":["Rebound","Streamline"],"picked":"Steam","floor":4},{"not_picked":["Rip and Tear","Steam"],"picked":"Beam Cell","floor":7},{"not_picked":["Stack","Hologram"],"picked":"Genetic Algorithm","floor":8},{"not_picked":["Turbo","Thunder Strike"],"picked":"Reinforced Body","floor":10}],"player_experience":332077,"relics_obtained":[{"floor":7,"key":"CaptainsWheel"},{"floor":9,"key":"Mummified Hand"}],"event_choices":[{"cards_removed":["Strike_B"],"damage_healed":0,"gold_gain":0,"player_choice":"Purged","damage_taken":0,"max_hp_gain":0,"max_hp_loss":0,"event_name":"Purifier","floor":3,"gold_loss":0},{"damage_healed":0,"gold_gain":0,"player_choice":"Ignored","damage_taken":0,"max_hp_gain":0,"max_hp_loss":0,"event_name":"Liars Game","floor":5,"gold_loss":0},{"damage_healed":0,"gold_gain":0,"player_choice":"Lose Max HP","damage_taken":0,"relics_obtained":["Golden Idol"],"max_hp_gain":0,"max_hp_loss":6,"event_name":"Golden Idol","floor":11,"gold_loss":0}],"is_beta":false,"boss_relics":[],"items_purged_floors":[],"is_endless":false,"potions_floor_spawned":[7,8,10],"killed_by":"3 Sentries","ascension_level":5}}