{"host":"0v07cr0k93jhgkpm","time":1611742414,"event":{"mods":["BaseMod","Colored Map","DeckTracker","Minty Spire (QoL Compilation)","Quick Restart","SuperFastMode"],"gold_per_floor":[111,130,55,73,92,92,109,109,133,144,144,158,170,195,195,271,271,288,288,305,305,322,347,347,373,673,673,243,243,275,110,110,184,184,200,218,58,105,123,123,148,148,175,0,10,10,10,44,44,44,44,44],"floor_reached":51,"language":"KOR","playtime":2623,"items_purged":["Defend_P","Defend_P"],"score":1705,"play_id":"b584c483-29c3-4266-ad63-23df9c989a53","local_time":"20210127191334","is_ascension_mode":true,"campfire_choices":[{"data":"Eruption","floor":6.0,"key":"SMITH"},{"data":"ClearTheMind","floor":11.0,"key":"SMITH"},{"floor":15.0,"key":"REST"},{"floor":24.0,"key":"REST"},{"data":"EmptyMind","floor":27.0,"key":"SMITH"},{"data":"WaveOfTheHand","floor":29.0,"key":"SMITH"},{"data":"MasterReality","floor":32.0,"key":"SMITH"},{"data":"Scrawl","floor":40.0,"key":"SMITH"},{"floor":42.0,"key":"RECALL"},{"floor":46.0,"key":"REST"},{"data":"Tantrum","floor":49.0,"key":"SMITH"}],"circlet_count":0,"master_deck":["AscendersBane","Strike_P","Strike_P","Strike_P","Defend_P","Defend_P","Eruption+1","Vigilance","Wallop","CutThroughFate","TalkToTheHand","EmptyFist","ClearTheMind+1","Tantrum+1","EmptyFist","FearNoEvil","MasterReality+1","TalkToTheHand","FearNoEvil","EmptyMind+1","WaveOfTheHand+1","MentalFortress+1","Scrawl+1","FlurryOfBlows+1"],"relics":["PureWater","NeowsBlessing","Bag of Preparation","Pen Nib","Centennial Puzzle","SlaversCollar","MutagenicStrength","Frozen Egg 2","Blood Vial","Old Coin","Turnip","Bag of Marbles","Omamori","Busted Crown","Medical Kit","Pocketwatch","StoneCalendar","Red Mask","Regal Pillow"],"acts_visited":["Exordium","TheCity","TheBeyond"],"potions_floor_usage":[],"damage_taken":[{"damage":0.0,"enemies":"Cultist","floor":1.0,"turns":1.0},{"damage":0.0,"enemies":"Jaw Worm","floor":2.0,"turns":2.0},{"damage":0.0,"enemies":"Small Slimes","floor":4.0,"turns":1.0},{"damage":26.0,"enemies":"Exordium Wildlife","floor":5.0,"turns":4.0},{"damage":11.0,"enemies":"3 Louse","floor":7.0,"turns":3.0},{"damage":6.0,"enemies":"2 Fungi Beasts","floor":10.0,"turns":3.0},{"damage":0.0,"enemies":"Looter","floor":12.0,"turns":2.0},{"damage":0.0,"enemies":"Red Slaver","floor":13.0,"turns":2.0},{"damage":6.0,"enemies":"Lagavulin","floor":14.0,"turns":4.0},{"damage":15.0,"enemies":"Slime Boss","floor":16.0,"turns":6.0},{"damage":12.0,"enemies":"2 Thieves","floor":18.0,"turns":2.0},{"damage":0.0,"enemies":"Shell Parasite","floor":20.0,"turns":1.0},{"damage":0.0,"enemies":"Centurion and Healer","floor":22.0,"turns":3.0},{"damage":18.0,"enemies":"Slavers","floor":23.0,"turns":3.0},{"damage":0.0,"enemies":"Gremlin Leader","floor":25.0,"turns":5.0},{"damage":0.0,"enemies":"Book of Stabbing","floor":30.0,"turns":2.0},{"damage":35.0,"enemies":"Collector","floor":33.0,"turns":11.0},{"damage":0.0,"enemies":"3 Darklings","floor":35.0,"turns":1.0},{"damage":0.0,"enemies":"Orb Walker","floor":36.0,"turns":2.0},{"damage":0.0,"enemies":"2 Orb Walkers","floor":38.0,"turns":3.0},{"damage":11.0,"enemies":"Jaw Worm Horde","floor":39.0,"turns":3.0},{"damage":0.0,"enemies":"Reptomancer","floor":41.0,"turns":2.0},{"damage":27.0,"enemies":"Writhing Mass","floor":45.0,"turns":5.0},{"damage":0.0,"enemies":"Giant Head","floor":48.0,"turns":4.0},{"damage":75.0,"enemies":"Awakened One","floor":50.0,"turns":12.0},{"damage":27,"enemies":"Time Eater","floor":51,"turns":4}],"seed_played":"1072709756343547148","potions_obtained":[{"floor":2.0,"key":"Ancient Potion"},{"floor":5.0,"key":"Regen Potion"},{"floor":7.0,"key":"FairyPotion"},{"floor":10.0,"key":"GamblersBrew"},{"floor":18.0,"key":"ColorlessPotion"},{"floor":23.0,"key":"CultistPotion"}],"is_trial":false,"path_per_floor":["M","M","$","M","M","R","M","?","T","M","R","M","M","E","R","B",null,"M","?","M","?","M","E","R","E","T","R","$","R","E","$","R","B",null,"M","M","$","?","M","R","E","R","T","?","M","R","?","E","R","B","B"],"character_chosen":"WATCHER","items_purchased":["Turnip","Omamori","Medical Kit"],"campfire_rested":3,"item_purchase_floors":[28,31,37],"current_hp_per_floor":[61,61,61,61,35,35,24,24,24,27,27,27,27,21,41,26,58,46,46,46,46,46,28,48,48,48,48,48,48,50,50,50,17,55,57,59,59,61,52,52,54,54,54,54,29,49,68,68,68,18,0,0],"gold":44,"neow_bonus":"THREE_ENEMY_KILL","is_daily":false,"chose_seed":false,"campfire_upgraded":7,"win_rate":0.0,"timestamp":1611742414,"path_taken":["M","?","$","M","?","R","?","?","T","M","R","?","M","E","R","BOSS","M","?","M","?","M","E","R","E","T","R","$","R","E","?","R","BOSS","M","M","$","?","M","R","E","R","T","?","M","R","?","E","R","BOSS","BOSS"],"items_purchased_type":["Relic","Relic","Relic"],"build_version":"2020-12-22","purchased_purges":2,"victory":false,"max_hp_per_floor":[68,68,68,68,68,68,68,68,68,68,68,68,68,68,68,68,68,68,68,68,68,68,68,68,68,68,68,68,68,68,68,68,68,68,68,68,68,68,68,68,68,68,68,68,68,68,68,68,68,68,68,68],"card_choices":[{"not_picked":["ThirdEye","Prostrate"],"picked":"BowlingBash","floor":1.0},{"not_picked":["LikeWater","CutThroughFate"],"picked":"Wallop","floor":2.0},{"not_picked":["CrushJoints","Nirvana"],"picked":"CutThroughFate","floor":4.0},{"not_picked":["FlyingSleeves","Indignation"],"picked":"TalkToTheHand","floor":5.0},{"not_picked":["Protect","Meditate"],"picked":"EmptyFist","floor":7.0},{"not_picked":["Vengeance","Consecrate"],"picked":"ClearTheMind","floor":10.0},{"not_picked":["Evaluate","FearNoEvil"],"picked":"Tantrum","floor":12.0},{"not_picked":["Alpha","Nirvana"],"picked":"EmptyFist","floor":13.0},{"not_picked":["FlurryOfBlows","Evaluate"],"picked":"FearNoEvil","floor":14.0},{"not_picked":["Establishment","Alpha"],"picked":"MasterReality","floor":16.0},{"not_picked":["Nirvana","Halt"],"picked":"TalkToTheHand","floor":18.0},{"not_picked":["ClearTheMind","PathToVictory+1"],"picked":"FearNoEvil","floor":20.0},{"not_picked":["Meditate","SashWhip"],"picked":"EmptyMind","floor":22.0},{"not_picked":["ClearTheMind","BowlingBash"],"picked":"WaveOfTheHand","floor":23.0},{"not_picked":["Devotion+1","BowlingBash","CarveReality"],"picked":"SKIP","floor":25.0},{"not_picked":["ThirdEye+1","SashWhip"],"picked":"MentalFortress+1","floor":30.0},{"not_picked":["Establishment+1","Brilliance"],"picked":"Scrawl","floor":33.0},{"not_picked":[],"picked":"FlurryOfBlows+1","floor":35.0},{"not_picked":["Weave"],"picked":"SKIP","floor":36.0},{"not_picked":["ForeignInfluence"],"picked":"SKIP","floor":39.0},{"not_picked":["JustLucky+1"],"picked":"SKIP","floor":41.0},{"not_picked":["BowlingBash"],"picked":"SKIP","floor":45.0},{"not_picked":["CutThroughFate"],"picked":"SKIP","floor":48.0}],"player_experience":2508511,"relics_obtained":[{"floor":9.0,"key":"Pen Nib"},{"floor":14.0,"key":"Centennial Puzzle"},{"floor":23.0,"key":"Frozen Egg 2"},{"floor":25.0,"key":"Blood Vial"},{"floor":26.0,"key":"Old Coin"},{"floor":30.0,"key":"Bag of Marbles"},{"floor":38.0,"key":"Pocketwatch"},{"floor":41.0,"key":"StoneCalendar"},{"floor":48.0,"key":"Regal Pillow"}],"event_choices":[{"cards_removed":["BowlingBash"],"damage_healed":0.0,"max_hp_gain":0.0,"max_hp_loss":0.0,"gold_gain":0.0,"event_name":"WeMeetAgain","player_choice":"Gave Card","floor":8.0,"gold_loss":0.0,"damage_taken":0.0,"relics_obtained":["Bag of Preparation"]},{"damage_healed":0.0,"max_hp_gain":0.0,"max_hp_loss":0.0,"gold_gain":0.0,"event_name":"Drug Dealer","player_choice":"Inject Mutagens","floor":19.0,"gold_loss":0.0,"damage_taken":0.0,"relics_obtained":["MutagenicStrength"]},{"cards_removed":["Strike_P"],"damage_healed":0.0,"max_hp_gain":0.0,"max_hp_loss":0.0,"gold_gain":0.0,"event_name":"Back to Basics","player_choice":"Elegance","floor":21.0,"gold_loss":0.0,"damage_taken":0.0},{"damage_healed":0.0,"max_hp_gain":0.0,"max_hp_loss":0.0,"gold_gain":0.0,"event_name":"Mysterious Sphere","player_choice":"Fight","floor":38.0,"gold_loss":0.0,"damage_taken":0.0},{"damage_healed":0.0,"max_hp_gain":0.0,"max_hp_loss":0.0,"gold_gain":0.0,"event_name":"Tomb of Lord Red Mask","player_choice":"Paid","floor":44.0,"gold_loss":175.0,"damage_taken":0.0,"relics_obtained":["Red Mask"]},{"damage_healed":19.0,"max_hp_gain":0.0,"max_hp_loss":0.0,"gold_gain":0.0,"event_name":"MindBloom","player_choice":"Heal","floor":47.0,"gold_loss":0.0,"damage_taken":0.0,"cards_obtained":["Doubt"]}],"is_beta":false,"boss_relics":[{"not_picked":["Calling Bell","Fusion Hammer"],"picked":"SlaversCollar"},{"not_picked":["Coffee Dripper","SacredBark"],"picked":"Busted Crown"}],"items_purged_floors":[3,28],"is_endless":false,"potions_floor_spawned":[2,5,7,10,18,23,30,36,39],"killed_by":"Time Eater","ascension_level":20}}