{"host":"aqym1xxr3lb31d9m","time":1611766841,"event":{"mods":["BaseMod","Block Reminder","Colored Map","Colored Powertips","DeckTracker","Highlight Path","Minty Spire (QoL Compilation)","Quick Restart","Random Character Button","StSLib","SuperFastMode","UnlockEverythingMod"],"gold_per_floor":[16,33,33,52,9,48,48,88,88,88,88,112,112,112,112,112,112],"floor_reached":16,"language":"JPN","playtime":466,"items_purged":[],"score":216,"play_id":"b21e2a91-537c-449a-8c45-b57395fcaf6b","local_time":"20210128020041","is_ascension_mode":true,"campfire_choices":[{"data":"Fission","floor":7,"key":"SMITH"},{"data":"Chill","floor":11,"key":"SMITH"},{"data":"Chaos","floor":15,"key":"SMITH"}],"circlet_count":0,"master_deck":["AscendersBane","Strike_B","Strike_B","Strike_B","Strike_B","Defend_B","Defend_B","Defend_B","Defend_B","Zap","Dualcast","Creative AI","Gash","Tempest","Chill+1","Rip and Tear","Fission+1","Chaos+1"],"relics":["Cracked Core","Golden Idol","Frozen Egg 2","Lizard Tail"],"acts_visited":["Exordium"],"potions_floor_usage":[6],"damage_taken":[{"damage":2,"enemies":"2 Louse","floor":1,"turns":3},{"damage":19,"enemies":"Jaw Worm","floor":2,"turns":4},{"damage":0,"enemies":"Small Slimes","floor":4,"turns":3},{"damage":31,"enemies":"Lagavulin","floor":6,"turns":7},{"damage":26,"enemies":"3 Sentries","floor":8,"turns":9},{"damage":31,"enemies":"Exordium Thugs","floor":12,"turns":4},{"damage":14,"enemies":"Hexaghost","floor":16,"turns":7}],"seed_played":"6220453868541483869","potions_obtained":[{"floor":2,"key":"Ancient Potion"},{"floor":4,"key":"Regen Potion"}],"is_trial":false,"path_per_floor":["M","M","?","M","$","E","R","E","T","?","R","M","?","?","R","B"],"character_chosen":"DEFECT","items_purchased":["Rip and Tear"],"campfire_rested":0,"item_purchase_floors":[5],"current_hp_per_floor":[62,43,43,43,43,27,27,1,1,17,17,20,13,13,13,0,0],"gold":112,"neow_bonus":"THREE_RARE_CARDS","is_daily":false,"chose_seed":false,"campfire_upgraded":3,"win_rate":0.0,"timestamp":1611766841,"path_taken":["M","M","?","M","$","E","R","E","T","?","R","M","?","?","R","BOSS"],"items_purchased_type":["Card"],"build_version":"2020-12-22","purchased_purges":0,"victory":false,"max_hp_per_floor":[71,71,64,64,64,64,64,64,64,64,64,64,61,61,61,61,61],"card_choices":[{"not_picked":["Fission","Multi-Cast"],"picked":"Creative AI","floor":0},{"not_picked":["Leap","Self Repair"],"picked":"Gash","floor":1},{"not_picked":["Hello World","Leap"],"picked":"Tempest","floor":2},{"not_picked":["Darkness","Hologram"],"picked":"Chill","floor":4},{"not_picked":["Capacitor+1","Go for the Eyes"],"picked":"Fission","floor":6},{"not_picked":["Rip and Tear","Compile Driver","Rebound"],"picked":"SKIP","floor":8},{"not_picked":["Compile Driver","Leap"],"picked":"Chaos","floor":12}],"player_experience":4106048,"relics_obtained":[{"floor":6,"key":"Frozen Egg 2"},{"floor":8,"key":"Lizard Tail"}],"event_choices":[{"damage_healed":0,"gold_gain":0,"player_choice":"Lose Max HP","damage_taken":0,"relics_obtained":["Golden Idol"],"max_hp_gain":0,"max_hp_loss":7,"event_name":"Golden Idol","floor":3,"gold_loss":0},{"damage_healed":16,"gold_gain":0,"player_choice":"Healed and dodged fight","damage_taken":0,"max_hp_gain":0,"max_hp_loss":0,"event_name":"Mushrooms","floor":10,"gold_loss":0,"cards_obtained":["Parasite"]},{"cards_removed":["Parasite"],"damage_healed":0,"gold_gain":0,"player_choice":"Card Removal","damage_taken":7,"max_hp_gain":0,"max_hp_loss":0,"event_name":"Golden Wing","floor":13,"gold_loss":0},{"damage_healed":0,"gold_gain":0,"player_choice":"Ignored","damage_taken":0,"max_hp_gain":0,"max_hp_loss":0,"event_name":"Liars Game","floor":14,"gold_loss":0}],"is_beta":false,"boss_relics":[],"items_purged_floors":[],"is_endless":false,"potions_floor_spawned":[2,4],"killed_by":"Hexaghost","ascension_level":20}}