{"host":"Mute","time":1611745117,"event":{"mods":["BaseMod","Colored Map","Downfall","Minty Spire (QoL Compilation)","StSLib"],"gold_per_floor":[99,110,120,120,137,154,154,173,190,216,234,266,441,519,531,626,626,626,672,772,790,803,813,813,813,420,420,437,510,510,543,561,561,561,561],"floor_reached":33,"language":"ENG","playtime":2035,"items_purged":["Slimebound:Strike_Slimebound"],"score":306,"play_id":"fd513342-a71f-4647-bbb8-9e48860c183d","local_time":"20210127055837","is_ascension_mode":false,"campfire_choices":[{"data":"Slimebound:Split","floor":1,"key":"SMITH"},{"data":"Slimebound:FirmFortitude","floor":18,"key":"SMITH"},{"data":"Slimebound:PressTheAttack","floor":25,"key":"SMITH"},{"data":"Slimebound:SplitBruiser","floor":27,"key":"SMITH"}],"circlet_count":0,"master_deck":["Slimebound:Strike_Slimebound","Slimebound:Strike_Slimebound","Slimebound:Tackle","Slimebound:Defend_Slimebound","Slimebound:Defend_Slimebound","Slimebound:Defend_Slimebound","Slimebound:Defend_Slimebound","Slimebound:Split+1","Slimebound:CorrosiveSpit","Slimebound:DivideAndConquer","Slimebound:MegaLick","Slimebound:SplitLeeching","Slimebound:SpikyOuterGoop","Slimebound:SplitBruiser+1","Slimebound:FirmFortitude+1","Slimebound:PressTheAttack+1","Doubt","Slimebound:SplitAcid+1","Slimebound:Darklings+1","Slimebound:SplitLeeching+1","Slimebound:SplitSpecialist+1","Slimebound:LeadByExample","Slimebound:SplitAcid+1"],"relics":["Slimebound:AbsorbEndCombatUpgraded","Ornamental Fan","Mercury Hourglass","Smiling Mask","Toxic Egg 2","Potion Belt","Orichalcum","Pear","Bottled Lightning","StrikeDummy"],"acts_visited":["Exordium","TheCity"],"potions_floor_usage":[3,12,12,16,33],"damage_taken":[{"damage":1,"enemies":"Jaw Worm","floor":2,"turns":6},{"damage":0,"enemies":"Cultist","floor":3,"turns":3},{"damage":2,"enemies":"2 Louse","floor":5,"turns":3},{"damage":0,"enemies":"Exordium Wildlife","floor":6,"turns":3},{"damage":2,"enemies":"Red Slaver","floor":8,"turns":3},{"damage":5,"enemies":"Exordium Thugs","floor":9,"turns":5},{"damage":14,"enemies":"Gremlin Nob","floor":10,"turns":4},{"damage":3,"enemies":"3 Louse","floor":11,"turns":2},{"damage":6,"enemies":"3 Sentries","floor":12,"turns":6},{"damage":1,"enemies":"Exordium Wildlife","floor":15,"turns":3},{"damage":54,"enemies":"WA_ARCHETYPE_RETAIN","floor":16,"turns":10},{"damage":15,"enemies":"3 Byrds","floor":21,"turns":4},{"damage":35,"enemies":"Snecko","floor":22,"turns":5},{"damage":22,"enemies":"Shelled Parasite and Fungi","floor":23,"turns":4},{"damage":0,"enemies":"downfall:FleeingMerchant","floor":26,"turns":4},{"damage":9,"enemies":"Cultist and Chosen","floor":28,"turns":4},{"damage":21,"enemies":"Gremlin Leader","floor":31,"turns":5},{"damage":15,"enemies":"Snecko","floor":32,"turns":4},{"damage":10,"enemies":"SI_MIRROR_ARCHETYPE","floor":33,"turns":1}],"seed_played":"-130250594770172276","potions_obtained":[{"floor":2,"key":"Fire Potion"},{"floor":8,"key":"bronze:BurnAndBuffPotion"},{"floor":9,"key":"bronze:BurnAndBuffPotion"},{"floor":11,"key":"Energy Potion"},{"floor":12,"key":"Slimebound:SpawnSlimePotion"},{"floor":22,"key":"BlessingOfTheForge"},{"floor":28,"key":"Guardian:BlockOnCardUsePotion"},{"floor":31,"key":"ColorlessPotion"}],"is_trial":false,"path_per_floor":["R","M","M","?","M","M","T","M","M","E","M","E","?","T","M","B",null,"R","T","?","M","M","M","T","R","$","R","M","T","?","E","M","B"],"character_chosen":"SLIMEBOUND","items_purchased":["Pear","Slimebound:SplitSpecialist+1"],"campfire_rested":0,"item_purchase_floors":[26,26],"current_hp_per_floor":[77,77,77,77,77,77,77,77,76,67,70,72,72,72,75,29,77,77,77,77,65,30,14,14,14,39,39,39,39,39,24,9,0,0,0],"gold":561,"neow_bonus":"TWENTY_PERCENT_HP_BONUS","is_daily":false,"chose_seed":false,"campfire_upgraded":4,"win_rate":0.0,"timestamp":1611745117,"path_taken":["R","M","M","?","?","M","T","M","M","E","M","E","?","?","M","BOSS","R","?","?","?","M","M","T","R","$","R","M","?","?","E","M","BOSS"],"items_purchased_type":["Relic","Card"],"build_version":"2020-12-18","purchased_purges":1,"victory":false,"max_hp_per_floor":[77,77,77,77,77,77,77,77,77,77,77,77,77,77,77,77,77,77,77,77,77,77,77,77,77,87,87,87,87,87,87,87,87,87,87],"card_choices":[{"not_picked":["Slimebound:LeechEnergy","Slimebound:SlimeSpikes","Slimebound:Prepare"],"picked":"SKIP","floor":2},{"not_picked":["Slimebound:Prepare","Slimebound:RejuvenatingLick"],"picked":"Slimebound:DivideAndConquer","floor":3},{"not_picked":["Slimebound:LeechingTouch","Slimebound:Gluttony"],"picked":"Slimebound:MegaLick","floor":5},{"not_picked":["Slimebound:Schlurp","Slimebound:Grow"],"picked":"Slimebound:SplitLeeching","floor":6},{"not_picked":["Slimebound:TongueLash","Slimebound:Recollect"],"picked":"Slimebound:SpikyOuterGoop","floor":8},{"not_picked":["Slimebound:LeechingTouch","Slimebound:HauntingLick"],"picked":"Slimebound:SplitBruiser","floor":9},{"not_picked":["Slimebound:LivingWall","Slimebound:Nibble","Slimebound:Prepare"],"picked":"SKIP","floor":10},{"not_picked":["Slimebound:BestDefense","Slimebound:SplitLeeching"],"picked":"Slimebound:FirmFortitude","floor":11},{"not_picked":["Slimebound:ComboTackle","Slimebound:SamplingLick"],"picked":"Slimebound:PressTheAttack","floor":12},{"not_picked":["Slimebound:Replication+1","Slimebound:LevelUp"],"picked":"Slimebound:SplitAcid+1","floor":15},{"not_picked":["Slimebound:Recycling","Slimebound:MassRepurpose+1"],"picked":"Slimebound:Darklings+1","floor":16},{"not_picked":["Slimebound:Dissolve+1","Slimebound:Grow","Slimebound:AcidTongue"],"picked":"SKIP","floor":21},{"not_picked":["Slimebound:ItLooksTasty+1","Slimebound:SamplingLick+1"],"picked":"Slimebound:SplitLeeching+1","floor":22},{"not_picked":["Slimebound:ComboTackle","Slimebound:FormOfPuddle+1","Slimebound:RollThrough"],"picked":"SKIP","floor":23},{"not_picked":["Slimebound:GoopTackle","Slimebound:LeechEnergy","Slimebound:HungryTackle"],"picked":"SKIP","floor":26},{"not_picked":["Slimebound:Recollect+1","Slimebound:SlimeSpikes+1"],"picked":"Slimebound:LeadByExample","floor":28},{"not_picked":["Slimebound:GoopTackle","Slimebound:GoopSpray+1","Slimebound:Gluttony+1"],"picked":"SKIP","floor":31},{"not_picked":["Slimebound:LivingWall+1","Slimebound:RollThrough"],"picked":"Slimebound:SplitAcid+1","floor":32}],"player_experience":506882,"relics_obtained":[{"floor":7,"key":"Ornamental Fan"},{"floor":10,"key":"Mercury Hourglass"},{"floor":12,"key":"Smiling Mask"},{"floor":14,"key":"Toxic Egg 2"},{"floor":19,"key":"Potion Belt"},{"floor":24,"key":"Orichalcum"},{"floor":29,"key":"Bottled Lightning"},{"floor":31,"key":"StrikeDummy"}],"event_choices":[],"is_beta":true,"boss_relics":[{"not_picked":["Sozu","Empty Cage"],"picked":"Slimebound:AbsorbEndCombatUpgraded"}],"items_purged_floors":[26],"is_endless":false,"potions_floor_spawned":[2,8,9,11,12,22,28,31],"killed_by":"SI_MIRROR_ARCHETYPE","ascension_level":0}}