{"host":"dwyzfvnzfcqffr30","time":1611785433,"event":{"mods":["2.2 Compatiblity","Act Like it!","Aspiration","BaseMod","Beaked The Cultist","Better Altar","Better Match","Better Note","Better Sensory Stone","Better Skull","Better Third Choice","Clockwork Mod","Colored Map","Colored Powertips","Conspire","Downfall","Elementarium","GifTheSpireLib","Halation","Hermit","Hubris","Infinite Spire","Ironclad Rager","Jedi Mod","Menagerie","Mimic Mod","Minty Spire (QoL Compilation)","Permanent Neow","Random Character Button","Reliquary","Replay The Spire","Spicy Shops","Spikes Relics","StSLib","Stuff the Spire","The Construct","The Disciple","The Druid","The Marked","TheFirefly","Trackpad","Wandering Minibosses"],"gold_per_floor":[349,390,435,482,297,297,297,297,297,297,97,97,97,82,82,82,82,82,82,82,82,82,82,82,82,82,82,89,27,47,79,103,208,208,108,125,147,167,117,117,141,165,165,165,165],"floor_reached":43,"language":"ENG","playtime":4521,"items_purged":["hexamod:Sear+1","hexamod:Strike+1","hexamod:Defend+1"],"score":738,"play_id":"704deb34-ba22-4f67-89e4-8b4c4b47edc5","local_time":"20210127141033","is_ascension_mode":true,"campfire_choices":[{"floor":1,"key":"RECALL"},{"floor":11,"key":"REST"},{"floor":18,"key":"DIG"},{"floor":25,"key":"REST"},{"data":"hexamod:PhantomCloak+1","floor":35,"key":"SMITH"}],"circlet_count":0,"master_deck":["hexamod:Strike+1","hexamod:Strike+1","hexamod:Strike+1","hexamod:Defend+1","hexamod:Defend+1","hexamod:Defend+1","hexamod:Float+1","Apotheosis+1","MasterReality+1","hexamod:GhostLash+1","hexamod:SpectersWail+1","hexamod:ParanormalForm+1","hexamod:FlamesFromBeyond+1","hexamod:PhantomCloak+2","hexamod:PowerFromBeyond+1","hexamod:GhostShield+1","hexamod:VolcanoVisage+1","hexamod:ParanormalForm+1","hexamod:GiftsFromTheDead+1","hexamod:RecurringNightmare+1","hexamod:HexaLevel+1","hexamod:FlamesFromBeyond+1","hexamod:Hexaguard+1","hexamod:SuperheatedStrike+1","hexamod:EtherealExpedition+1","PlatinumSkin+1","hexamod:NecessarySacrifice+1"],"relics":["hexamod:SpiritBrand","Bottled Tornado","conspire:InfiniteJournal","infinitespire:EvilPickle","SacredBark","halation:Prosthetics","Quantum Egg","Frozen Egg 2","Toxic Egg 2","Molten Egg 2","ShockBauble","jedi:ominousloannote","StuffTheSpire:GrapeVine","StuffTheSpire:ForceGauntlet","Question Card","Replay:WaspNest","downfall:HeartBlessingRed","downfall:HeartBlessingGreen","reliquary:RoseTintedGlasses","reliquary:Ember","RollingBoulder","reliquary:PartyBalloon","halation:AfternoonTea","hexamod:TheBrokenSeal","halation:OrihimeAndHikoboshiSamaAndTears","Philosopher\u0027s Stone","downfall:HeartBlessingBlue","ReplayTheSpireMod:Lightbulb"],"acts_visited":["Exordium","Elementarium:Elementarium","TheBeyond"],"potions_floor_usage":[6,10,14,15,19,21,22,26,30,31,32,33,33],"damage_taken":[{"damage":0,"enemies":"Cultist","floor":2,"turns":3},{"damage":2,"enemies":"Small Slimes","floor":3,"turns":3},{"damage":0,"enemies":"conspire:RoseBush","floor":4,"turns":2},{"damage":0,"enemies":"downfall:FleeingMerchant","floor":5,"turns":4},{"damage":4,"enemies":"3 Sentries","floor":6,"turns":2},{"damage":2,"enemies":"Blue Slaver","floor":8,"turns":4},{"damage":0,"enemies":"Lagavulin","floor":10,"turns":4},{"damage":0,"enemies":"Replay:BlueRogue","floor":12,"turns":5},{"damage":2,"enemies":"3 Louse","floor":13,"turns":3},{"damage":0,"enemies":"downfall:FleeingMerchant","floor":14,"turns":4},{"damage":0,"enemies":"conspire:2 RoseBushes","floor":15,"turns":3},{"damage":2,"enemies":"SI_SHIV_ARCHETYPE","floor":16,"turns":8},{"damage":10,"enemies":"Elementarium:MUD_AND_TAR_GOLEMS","floor":19,"turns":3},{"damage":0,"enemies":"Elementarium:2_ELEMENTALS","floor":21,"turns":3},{"damage":11,"enemies":"Elementarium:VoidBeast","floor":22,"turns":4},{"damage":16,"enemies":"Elementarium:ElementalPortal","floor":26,"turns":5},{"damage":13,"enemies":"Elementarium:VOID_CORRUPTION_AND_ORB_OF_FIRE","floor":27,"turns":5},{"damage":24,"enemies":"Elementarium:WarGolem","floor":28,"turns":4},{"damage":3,"enemies":"downfall:FleeingMerchant","floor":29,"turns":4},{"damage":0,"enemies":"Elementarium:STONE_GOLEMS","floor":30,"turns":3},{"damage":2,"enemies":"Menagerie:AVATARS","floor":31,"turns":3},{"damage":0,"enemies":"Elementarium:CYCLONE_AND_ORB_OF_FIRE","floor":32,"turns":4},{"damage":0,"enemies":"WA_ARCHETYPE_CALM","floor":33,"turns":3},{"damage":7,"enemies":"3 Shapes","floor":36,"turns":3},{"damage":20,"enemies":"3 Darklings","floor":37,"turns":3},{"damage":14,"enemies":"Jaw Worm Horde","floor":38,"turns":3},{"damage":0,"enemies":"downfall:FleeingMerchant","floor":39,"turns":4},{"damage":10,"enemies":"Spire Growth","floor":42,"turns":4},{"damage":11,"enemies":"3 Darklings","floor":43,"turns":1}],"seed_played":"9102641925160559827","potions_obtained":[{"floor":3,"key":"Explosive Potion"},{"floor":6,"key":"SteroidPotion"},{"floor":8,"key":"LiquidMemories"},{"floor":8,"key":"hexamod:SoulburnPotion"},{"floor":12,"key":"FairyPotion"},{"floor":12,"key":"AttackPotion"},{"floor":14,"key":"Venom Potion"},{"floor":15,"key":"DistilledChaos"},{"floor":15,"key":"Strength Potion"},{"floor":19,"key":"Adrenaline Potion"},{"floor":19,"key":"SteroidPotion"},{"floor":21,"key":"Reflective Coating"},{"floor":22,"key":"Slimebound:ThreeZeroPotion"},{"floor":26,"key":"hexamod:DoubleChargePotion"},{"floor":28,"key":"Energy Potion"},{"floor":31,"key":"Adrenaline Potion"},{"floor":32,"key":"hexamod:SoulburnPotion"},{"floor":37,"key":"BlessingOfTheForge"},{"floor":42,"key":"BlessingOfTheForge"}],"is_trial":false,"path_per_floor":["R","M","M","M","$","?","T","M","?","E","R","E","M","$","M","B",null,"R_BF","M","?","M","M","?","T","R","E","M","E","$","M","?","M","B",null,"R","M","M","M","$","?","T","M","M"],"character_chosen":"THE_SPIRIT","items_purchased":["hexamod:ThirdSeal","ShockBauble","jedi:ominousloannote","StuffTheSpire:GrapeVine","hexamod:Hexaguard+1","hexamod:EtherealExpedition+1","PlatinumSkin+1"],"campfire_rested":2,"item_purchase_floors":[5,5,5,5,29,39,39],"current_hp_per_floor":[35,35,33,33,33,29,29,27,27,27,35,35,35,35,35,35,35,35,32,32,32,28,28,28,35,26,20,33,45,45,43,43,43,45,55,48,28,14,14,14,14,4,0,0,0],"gold":165,"neow_bonus":"TWO_FIFTY_GOLD","is_daily":false,"chose_seed":false,"campfire_upgraded":1,"win_rate":0.0,"timestamp":1611785433,"path_taken":["R","M","M","M","?","?","T","M","?","E","R","E","M","$","M","BOSS","R_BF","M","?","M","M","?","T","R","E","?","E","$","M","?","M","BOSS","R","M","M","M","$","?","T","M","M"],"items_purchased_type":["Card","Relic","Relic","Relic","Card","Card","Card"],"build_version":"2020-12-22","purchased_purges":3,"victory":false,"max_hp_per_floor":[35,35,35,35,35,35,35,35,35,35,35,35,35,35,35,35,35,35,35,35,35,35,35,35,35,35,35,35,45,45,45,45,45,45,55,55,55,55,55,55,55,55,55,55,55],"card_choices":[{"not_picked":["hexamod:GhostShield+1","hexamod:CatchUp+1"],"picked":"hexamod:GhostLash+1","floor":2},{"not_picked":["hexamod:FastForward+1","hexamod:ThermalTransfer+1"],"picked":"hexamod:SpectersWail+1","floor":3},{"not_picked":["hexamod:HauntingEcho+1","hexamod:HeatMetal+1"],"picked":"hexamod:ParanormalForm+1","floor":4},{"not_picked":["hexamod:SwordOfDarkness+1","hexamod:RecurringNightmare+1"],"picked":"hexamod:FourthSeal","floor":5},{"not_picked":["hexamod:InspiringFlames+1","hexamod:ThirdSeal"],"picked":"hexamod:FlamesFromBeyond+1","floor":6},{"not_picked":["hexamod:Firestarter+1","hexamod:BacktrackSmack+1","hexamod:InspiringFlames+1"],"picked":"hexamod:PhantomCloak+1","floor":8},{"not_picked":["hexamod:ThermalTransfer+1","hexamod:AdvancingGuard+1","hexamod:BurningTouch+1"],"picked":"hexamod:PowerFromBeyond+1","floor":8},{"not_picked":["hexamod:HauntingEcho+1","hexamod:SpectralAdrenaline+1","hexamod:FlamesFromBeyond+1","hexamod:PhantomCloak+1"],"picked":"SKIP","floor":10},{"not_picked":["hexamod:PhantomCloak+1","hexamod:EmpoweredFlame+1","hexamod:DynamicBlow+1","hexamod:HeatMetal+1"],"picked":"SKIP","floor":10},{"not_picked":["hexamod:SwordOfDarkness+1","hexamod:ThermalTransfer+1","hexamod:NightmareGuise+1"],"picked":"hexamod:FirstSeal","floor":12},{"not_picked":["hexamod:ShieldOfDarkness+1","hexamod:Firestarter+1","hexamod:InspiringFlames+1"],"picked":"hexamod:GhostShield+1","floor":12},{"not_picked":["hexamod:FlamesFromBeyond+1","hexamod:ChargedBarrage+1","hexamod:InspiringFlames+1"],"picked":"hexamod:VolcanoVisage+1","floor":13},{"not_picked":["hexamod:SuperheatedStrike+1","hexamod:HeatMetal+1","hexamod:GhostOfSpirePast+1","hexamod:GhostShield+1"],"picked":"SKIP","floor":13},{"not_picked":["hexamod:NightmareStrike+1","hexamod:GhostOfSpirePresent+1","hexamod:HauntingEcho+1"],"picked":"hexamod:StepThrough+1","floor":14},{"not_picked":["hexamod:InspiringFlames+1","hexamod:GhostflameInferno+1","hexamod:EmpoweredFlame+1","hexamod:HauntingEcho+1"],"picked":"SKIP","floor":14},{"not_picked":["hexamod:FlamesFromBeyond+1","hexamod:HeatCrush+1","hexamod:GhostflameBarrier+1","hexamod:Firestarter+1"],"picked":"SKIP","floor":15},{"not_picked":["hexamod:SearingWound+1","hexamod:VolcanoVisage+1","hexamod:GhostflameInferno+1"],"picked":"hexamod:ParanormalForm+1","floor":16},{"not_picked":["hexamod:GhostOfSpirePresent+1","hexamod:UnleashSpirits+1","hexamod:ParanormalForm+1"],"picked":"hexamod:GiftsFromTheDead+1","floor":16},{"not_picked":["hexamod:ShieldOfDarkness+1","hexamod:SuperheatedStrike+1","hexamod:SwordOfDarkness+1"],"picked":"hexamod:RecurringNightmare+1","floor":19},{"not_picked":["hexamod:SoulSteal+1","hexamod:SpectersWail+1","hexamod:Firestarter+1","hexamod:RecurringNightmare+1"],"picked":"SKIP","floor":21},{"not_picked":["hexamod:SwordOfDarkness+1","hexamod:TimeOfNeed+1","hexamod:RecurringNightmare+1","hexamod:GhostflameBarrier+1"],"picked":"SKIP","floor":21},{"not_picked":["hexamod:SuperheatedStrike+1","hexamod:FlamesFromBeyond+1","hexamod:RainOfEmbers+1"],"picked":"hexamod:FifthSeal","floor":22},{"not_picked":["hexamod:SoulSteal+1","hexamod:HauntingEcho+1","hexamod:ShieldOfDarkness+1","hexamod:FlamesFromBeyond+1"],"picked":"SKIP","floor":22},{"not_picked":["hexamod:FirstSeal","hexamod:ThirdSeal"],"picked":"hexamod:SixthSeal","floor":26},{"not_picked":["hexamod:HauntingEcho+1","hexamod:SoulSteal+1","hexamod:ThermalTransfer+1","hexamod:GhostOfSpirePresent+1"],"picked":"SKIP","floor":26},{"not_picked":["hexamod:HeatShield+1","hexamod:NightmareStrike+1","hexamod:BurningTouch+1","hexamod:NightmareGuise+1"],"picked":"SKIP","floor":26},{"not_picked":["hexamod:Again+1","hexamod:HeatShield+1","hexamod:ChargedBarrage+1","hexamod:SoulSteal+1"],"picked":"SKIP","floor":27},{"not_picked":["hexamod:SuperheatedStrike+1","hexamod:FirstSeal","hexamod:BurningTouch+1","hexamod:ThirdSeal"],"picked":"SKIP","floor":27},{"not_picked":["hexamod:FirstSeal","hexamod:FourthSeal"],"picked":"hexamod:SecondSeal","floor":28},{"not_picked":["hexamod:SuperheatedStrike+1","hexamod:Firestarter+1","hexamod:ShieldOfDarkness+1","hexamod:GhostLash+1"],"picked":"SKIP","floor":28},{"not_picked":["hexamod:GhostLash+1","hexamod:NightmareGuise+1","hexamod:ThermalTransfer+1","hexamod:Firestarter+1"],"picked":"SKIP","floor":28},{"not_picked":["hexamod:NightmareStrike+1","hexamod:Incineration+1","hexamod:BurningTouch+1"],"picked":"hexamod:HexaLevel+1","floor":29},{"not_picked":["hexamod:AdvancingGuard+1","hexamod:ShieldOfDarkness+1","hexamod:GhostShield+1"],"picked":"hexamod:FlamesFromBeyond+1","floor":29},{"not_picked":["hexamod:Firestarter+1","hexamod:InspiringFlames+1","hexamod:HauntingEcho+1","hexamod:ShieldOfDarkness+1"],"picked":"SKIP","floor":30},{"not_picked":["hexamod:GhostLash+1","hexamod:SecondSeal","hexamod:HexaLevel+1"],"picked":"hexamod:SuperheatedStrike+1","floor":32},{"not_picked":["hexamod:BacktrackSmack+1","hexamod:NightmareGuise+1","hexamod:FlamesFromBeyond+1","hexamod:SwordOfDarkness+1"],"picked":"SKIP","floor":36},{"not_picked":["hexamod:HeatShield+1","hexamod:AdvancingGuard+1","hexamod:ShieldOfDarkness+1","hexamod:RecurringNightmare+1"],"picked":"SKIP","floor":37},{"not_picked":["hexamod:SpectralAdrenaline+1","hexamod:HauntingEcho+1","hexamod:NightmareGuise+1","hexamod:Hexaguard+1"],"picked":"SKIP","floor":38},{"not_picked":["hexamod:SecondSeal","hexamod:RetreatToShadows+1","hexamod:GhostflameInferno+1","hexamod:SuperheatedStrike+1"],"picked":"SKIP","floor":39},{"not_picked":["hexamod:RecurringNightmare+1","hexamod:Hexaguard+1","hexamod:SwordOfDarkness+1","hexamod:ThermalTransfer+1"],"picked":"SKIP","floor":42}],"player_experience":2965160,"relics_obtained":[{"floor":6,"key":"StuffTheSpire:ForceGauntlet"},{"floor":7,"key":"Question Card"},{"floor":10,"key":"Replay:WaspNest"},{"floor":12,"key":"reliquary:RoseTintedGlasses"},{"floor":18,"key":"RollingBoulder"},{"floor":26,"key":"reliquary:PartyBalloon"},{"floor":28,"key":"halation:AfternoonTea"},{"floor":31,"key":"halation:OrihimeAndHikoboshiSamaAndTears"},{"floor":41,"key":"ReplayTheSpireMod:Lightbulb"}],"event_choices":[{"damage_healed":0,"gold_gain":0,"player_choice":"Simplicity","damage_taken":0,"max_hp_gain":0,"max_hp_loss":8,"event_name":"betterThird:BetterWriting","floor":0,"gold_loss":0},{"damage_healed":0,"gold_gain":1,"player_choice":"1","damage_taken":0,"max_hp_gain":0,"max_hp_loss":0,"event_name":"betterStone:BetterStone","floor":9,"gold_loss":0},{"damage_healed":0,"gold_gain":0,"player_choice":"Ignored","damage_taken":0,"max_hp_gain":0,"max_hp_loss":0,"event_name":"Elementarium:ElementalBlades","floor":20,"gold_loss":0},{"damage_healed":0,"gold_gain":0,"player_choice":"Ignored","damage_taken":0,"max_hp_gain":0,"max_hp_loss":0,"event_name":"Elementarium:FountainOfGold","floor":23,"gold_loss":0},{"damage_healed":0,"gold_gain":0,"player_choice":"Follow","damage_taken":0,"max_hp_gain":0,"max_hp_loss":0,"event_name":"Elementarium:BeastsOfTheMenagerie","floor":31,"gold_loss":0}],"is_beta":false,"boss_relics":[{"not_picked":["reliquary:RedCape","Painkiller Herb"],"picked":"reliquary:Ember"},{"not_picked":["Sandwich","StuffTheSpire:ModemDavis"],"picked":"Philosopher\u0027s Stone"}],"items_purged_floors":[5,39,39],"is_endless":false,"potions_floor_spawned":[3,8,12,15,19,28,31,32,37,42],"killed_by":"3 Darklings","ascension_level":3}}