{"host":"4lch21uqe3ag08cj","time":1611710028,"event":{"mods":["AchievementEnabler","BaseMod","Block Reminder","Colored Map","Colored Powertips","Minty Spire (QoL Compilation)","Permanent Neow","Relic Stats"],"gold_per_floor":[366,385,399,409,114,144,34,54,105,136,136,153,153,169,169,274,274,259,259,276,292,310,345,358,56,79,0,90,101,101,132,132,230,230,246,246,246,32,49,75,75,75,101,112,123,173,185,218,218,218],"floor_reached":51,"language":"ENG","playtime":2842,"items_purged":["Strike_G","Eviscerate"],"score":836,"play_id":"4cb93216-1627-4c23-8a2d-28396efb7727","local_time":"20210126221348","is_ascension_mode":false,"campfire_choices":[{"data":"Neutralize","floor":13,"key":"SMITH"},{"floor":15,"key":"REST"},{"floor":30,"key":"REST"},{"data":"Footwork","floor":32,"key":"SMITH"},{"floor":41,"key":"REST"},{"data":"Noxious Fumes","floor":49,"key":"SMITH"}],"circlet_count":0,"master_deck":["Strike_G","Strike_G","Defend_G","Defend_G","Defend_G","Defend_G","Defend_G","Survivor","Neutralize+1","Cloak And Dagger","Sucker Punch","Noxious Fumes+1","Bouncing Flask","Backflip","Deadly Poison","Crippling Poison","Dash","Footwork+1","Bouncing Flask","Leg Sweep+1","Noxious Fumes","Cloak And Dagger+1","Malaise+1","Dodge and Roll+1","Corpse Explosion+1","Prepared+1","Blade Dance+1","Catalyst+1","Crippling Poison+1","Malaise+1","Cloak And Dagger+1","Madness+1","Madness+1","Blur+1","Noxious Fumes","Flechettes+1","Calculated Gamble+1","Blur+1","Concentrate+1"],"relics":["Ring of the Snake","PreservedInsect","Orrery","Shuriken","Anchor","Toxic Egg 2","Runic Pyramid","Happy Flower","Snake Skull","Strange Spoon","Regal Pillow","Torii","WristBlade","Akabeko","Ancient Tea Set","Dead Branch","Juzu Bracelet"],"acts_visited":["Exordium","TheCity","TheBeyond"],"potions_floor_usage":[16,33,50],"damage_taken":[{"damage":1.0,"enemies":"2 Louse","floor":1.0,"turns":4.0},{"damage":1.0,"enemies":"Cultist","floor":2.0,"turns":5.0},{"damage":0.0,"enemies":"Jaw Worm","floor":3.0,"turns":3.0},{"damage":11.0,"enemies":"Gremlin Gang","floor":4.0,"turns":6.0},{"damage":11.0,"enemies":"Lagavulin","floor":6.0,"turns":8.0},{"damage":2.0,"enemies":"Exordium Thugs","floor":8.0,"turns":5.0},{"damage":5.0,"enemies":"Gremlin Nob","floor":10.0,"turns":3.0},{"damage":0,"enemies":"3 Louse","floor":12,"turns":4},{"damage":0,"enemies":"Looter","floor":14,"turns":3},{"damage":39,"enemies":"Slime Boss","floor":16,"turns":9},{"damage":3,"enemies":"2 Thieves","floor":18,"turns":4},{"damage":0,"enemies":"Chosen","floor":20,"turns":6},{"damage":4,"enemies":"Shelled Parasite and Fungi","floor":21,"turns":7},{"damage":0,"enemies":"Snecko","floor":22,"turns":5},{"damage":8,"enemies":"Slavers","floor":23,"turns":5},{"damage":17,"enemies":"Cultist and Chosen","floor":24,"turns":7},{"damage":0,"enemies":"Shelled Parasite and Fungi","floor":29,"turns":3},{"damage":1,"enemies":"Book of Stabbing","floor":31,"turns":6},{"damage":26,"enemies":"Automaton","floor":33,"turns":7},{"damage":0,"enemies":"3 Shapes","floor":35,"turns":2},{"damage":0,"enemies":"Orb Walker","floor":39,"turns":3},{"damage":31,"enemies":"Nemesis","floor":40,"turns":5},{"damage":2,"enemies":"Jaw Worm Horde","floor":44,"turns":5},{"damage":1,"enemies":"Sphere and 2 Shapes","floor":45,"turns":3},{"damage":0,"enemies":"Mind Bloom Boss Battle","floor":46,"turns":6},{"damage":0,"enemies":"4 Shapes","floor":47,"turns":4},{"damage":0,"enemies":"Reptomancer","floor":48,"turns":5},{"damage":36,"enemies":"Donu and Deca","floor":50,"turns":6}],"seed_played":"2502967971804264817","potions_obtained":[{"floor":1.0,"key":"CultistPotion"},{"floor":4.0,"key":"CultistPotion"},{"floor":6.0,"key":"AttackPotion"},{"floor":10.0,"key":"Energy Potion"},{"floor":14,"key":"FearPotion"},{"floor":21,"key":"Swift Potion"},{"floor":31,"key":"PowerPotion"},{"floor":44,"key":"ColorlessPotion"},{"floor":45,"key":"GhostInAJar"},{"floor":47,"key":"GamblersBrew"}],"is_trial":false,"path_per_floor":["M","M","M","M","$","E","$","M","T","E","?","M","R","M","R","B",null,"M","?","M","M","M","E","M","$","T","?","?","M","R","E","R","B",null,"M","?","?","$","M","E","R","$","T","M","M","?","M","E","R","B",null],"character_chosen":"THE_SILENT","items_purchased":["PreservedInsect","Orrery","Footwork","Snake Skull","Strange Spoon","Blur+1","Noxious Fumes"],"campfire_rested":3,"item_purchase_floors":[5,5,7,25,25,38,38],"current_hp_per_floor":[62,61,61,50,50,39,39,37,37,32,32,32,32,32,50,11,63,60,60,60,56,56,48,31,31,31,31,19,19,52,51,51,25,63,63,63,55,55,55,24,57,57,57,55,54,54,54,54,54,18],"gold":218,"neow_bonus":"TWO_FIFTY_GOLD","is_daily":false,"chose_seed":false,"campfire_upgraded":3,"win_rate":0.0,"timestamp":1611710028,"path_taken":["M","M","M","M","$","E","$","M","T","E","?","?","R","M","R","BOSS","M","?","M","M","?","E","M","$","T","?","?","?","R","E","R","BOSS","M","?","?","$","M","E","R","$","T","M","M","?","M","E","R","BOSS"],"items_purchased_type":["Relic","Relic","Card","Relic","Relic","Card","Card"],"build_version":"2020-12-22","purchased_purges":2,"victory":true,"max_hp_per_floor":[63,63,63,63,63,63,63,63,63,63,63,63,63,63,63,63,63,63,63,63,63,63,63,63,63,63,63,63,63,63,63,63,63,63,63,63,63,63,63,63,63,63,63,63,63,63,63,63,63,63],"relic_stats":{"Strange Spoon":[41],"Regal Pillow":30,"Happy Flower":[20],"Torii":6,"counters":[28,139],"Shuriken":[17],"Dead Branch":[15],"PreservedInsect":235,"Snake Skull":[118],"Juzu Bracelet":0,"obtain_stats":[{"Regal Pillow":26,"Happy Flower":23,"Torii":31,"Dead Branch":46,"PreservedInsect":5,"Snake Skull":25,"Juzu Bracelet":48,"Ancient Tea Set":43,"Akabeko":40,"Strange Spoon":25,"Anchor":9,"WristBlade":34,"Shuriken":6,"Orrery":5,"Toxic Egg 2":10,"Ring of the Snake":0,"Runic Pyramid":17},{"Regal Pillow":16,"Happy Flower":15,"Torii":18,"Dead Branch":25,"PreservedInsect":4,"Snake Skull":16,"Juzu Bracelet":27,"Ancient Tea Set":22,"Akabeko":22,"Strange Spoon":16,"Anchor":6,"WristBlade":19,"Shuriken":5,"Orrery":4,"Toxic Egg 2":7,"Ring of the Snake":0,"Runic Pyramid":10},{"Regal Pillow":84,"Happy Flower":77,"Torii":93,"Dead Branch":124,"PreservedInsect":18,"Snake Skull":84,"Juzu Bracelet":133,"Ancient Tea Set":110,"Akabeko":110,"Strange Spoon":84,"Anchor":31,"WristBlade":100,"Shuriken":26,"Orrery":18,"Toxic Egg 2":34,"Ring of the Snake":0,"Runic Pyramid":50}],"Ring of the Snake":[56]},"card_choices":[{"not_picked":["Reflex","Underhanded Strike"],"picked":"Cloak And Dagger","floor":1.0},{"not_picked":["Heel Hook","Prepared"],"picked":"Sucker Punch","floor":2.0},{"not_picked":["Blur","Sucker Punch"],"picked":"Noxious Fumes","floor":3.0},{"not_picked":["Underhanded Strike","Poisoned Stab"],"picked":"Bouncing Flask","floor":4.0},{"not_picked":["Slice","A Thousand Cuts"],"picked":"Backflip","floor":5.0},{"not_picked":["Prepared","Backstab"],"picked":"Deadly Poison","floor":5.0},{"not_picked":["Underhanded Strike","Dagger Spray"],"picked":"Crippling Poison","floor":5.0},{"not_picked":["Venomology","Blade Dance"],"picked":"Dash","floor":5.0},{"not_picked":["Flying Knee","Bane"],"picked":"Backstab","floor":6.0},{"not_picked":["Heel Hook","Dagger Spray"],"picked":"Bouncing Flask","floor":8.0},{"not_picked":["Slice","Riddle With Holes"],"picked":"Leg Sweep+1","floor":10.0},{"not_picked":["Slice","Eviscerate"],"picked":"Noxious Fumes","floor":12},{"not_picked":["Bane","Predator"],"picked":"Cloak And Dagger+1","floor":14},{"not_picked":["Die Die Die","Wraith Form v2"],"picked":"Malaise+1","floor":16},{"not_picked":["Quick Slash","Dagger Spray"],"picked":"Dodge and Roll+1","floor":18},{"not_picked":["Masterful Stab+1","All Out Attack","Underhanded Strike"],"picked":"SKIP","floor":20},{"not_picked":["Sucker Punch","Dagger Throw"],"picked":"Prepared+1","floor":21},{"not_picked":["Footwork","Reflex+1"],"picked":"Blade Dance+1","floor":22},{"not_picked":["Finisher","Venomology+1"],"picked":"Catalyst+1","floor":23},{"not_picked":["Slice","Deflect+1"],"picked":"Crippling Poison+1","floor":24},{"not_picked":["Poisoned Stab","Flying Knee","Dagger Throw+1"],"picked":"SKIP","floor":29},{"not_picked":["Quick Slash","Deflect+1","Caltrops"],"picked":"SKIP","floor":31},{"not_picked":["Doppelganger+1","Phantasmal Killer+1"],"picked":"Malaise+1","floor":33},{"not_picked":["Dagger Spray","Sucker Punch"],"picked":"Cloak And Dagger+1","floor":35},{"not_picked":["Terror+1","Backflip+1"],"picked":"Flechettes+1","floor":39},{"not_picked":["Expertise+1","Backflip+1"],"picked":"Calculated Gamble+1","floor":40},{"not_picked":["Backflip+1","Bouncing Flask+1","Dagger Spray"],"picked":"SKIP","floor":44},{"not_picked":["Finisher","Expertise+1","Backflip+1"],"picked":"SKIP","floor":45},{"not_picked":["Finisher+1","Setup+1"],"picked":"Blur+1","floor":46},{"not_picked":["Heel Hook+1","Blade Dance+1"],"picked":"Concentrate+1","floor":47},{"not_picked":["Riddle With Holes","Blade Dance+1","Dagger Spray+1"],"picked":"SKIP","floor":48}],"player_experience":4162,"relics_obtained":[{"floor":6.0,"key":"Shuriken"},{"floor":9.0,"key":"Anchor"},{"floor":10.0,"key":"Toxic Egg 2"},{"floor":23,"key":"Happy Flower"},{"floor":26,"key":"Regal Pillow"},{"floor":31,"key":"Torii"},{"floor":40,"key":"Akabeko"},{"floor":43,"key":"Ancient Tea Set"},{"floor":46,"key":"Dead Branch"},{"floor":48,"key":"Juzu Bracelet"}],"event_choices":[{"damage_healed":0.0,"max_hp_gain":0.0,"max_hp_loss":0.0,"gold_gain":0.0,"cards_transformed":["Strike_G"],"event_name":"Transmorgrifier","player_choice":"Transformed","floor":11.0,"gold_loss":0.0,"damage_taken":0.0,"cards_obtained":["Eviscerate"]},{"damage_healed":0,"gold_gain":0,"cards_transformed":["Strike_G"],"player_choice":"Transformed","damage_taken":0,"max_hp_gain":0,"max_hp_loss":0,"event_name":"Transmorgrifier","floor":19,"gold_loss":0,"cards_obtained":["Corpse Explosion"]},{"damage_healed":0,"gold_gain":0,"player_choice":"Paid Fearfully","damage_taken":0,"max_hp_gain":0,"max_hp_loss":0,"event_name":"Masked Bandits","floor":27,"gold_loss":79},{"damage_healed":0,"gold_gain":90,"player_choice":"GOLD ","damage_taken":12,"max_hp_gain":0,"max_hp_loss":0,"event_name":"Knowing Skull","floor":28,"potions_obtained":[],"gold_loss":0,"cards_obtained":[]},{"cards_removed":["Backstab"],"damage_healed":0,"gold_gain":0,"player_choice":"Removed Attack","damage_taken":0,"max_hp_gain":0,"max_hp_loss":0,"event_name":"Falling","floor":36,"gold_loss":0},{"damage_healed":0,"gold_gain":0,"player_choice":"Embrace Madness","damage_taken":8,"max_hp_gain":0,"max_hp_loss":0,"event_name":"Winding Halls","floor":37,"gold_loss":0,"cards_obtained":["Madness","Madness"]},{"damage_healed":0,"gold_gain":0,"player_choice":"Fight","damage_taken":0,"max_hp_gain":0,"max_hp_loss":0,"event_name":"MindBloom","floor":46,"gold_loss":0}],"is_beta":false,"boss_relics":[{"not_picked":["HoveringKite","Sozu"],"picked":"Runic Pyramid"},{"not_picked":["Calling Bell","Cursed Key"],"picked":"WristBlade"}],"items_purged_floors":[7,38],"is_endless":false,"potions_floor_spawned":[1,4,6,10,14,21,22,29,31,44,45,47],"ascension_level":0}}