{"host":"04hh9gplt9wkfmr1","time":1611725335,"event":{"mods":["AchievementEnabler","BaseMod","Colored Map","KOR Keyword Fix","Minty Spire (QoL Compilation)","Rare Cards Sparkle","SuperFastMode"],"gold_per_floor":[115,133,152,172,189,218,30,30,55,84,103,103,103,115,115,210,210,220,235,248,248,158,158,158],"floor_reached":23,"language":"KOR","playtime":734,"items_purged":["Shame"],"score":277,"play_id":"c53c3d52-4e87-4d48-8d53-6e0f5a068f2e","local_time":"20210127142855","is_ascension_mode":true,"campfire_choices":[{"floor":8.0,"key":"REST"},{"data":"Buffer","floor":12.0,"key":"SMITH"},{"data":"Genetic Algorithm","floor":15.0,"key":"SMITH"}],"circlet_count":0,"master_deck":["Strike_B","Strike_B","Strike_B","Defend_B","Defend_B","Defend_B","Defend_B","Zap","Dualcast","Buffer+1","Consume","Double Energy","Hologram","Ball Lightning","Ball Lightning","Glacier","Hologram","Genetic Algorithm+1","Echo Form+1","Chill","Leap+1","Writhe"],"relics":["Cracked Core","CaptainsWheel","Membership Card","MealTicket","Boot","Bag of Marbles","Nuclear Battery","Art of War"],"acts_visited":["Exordium","TheCity"],"potions_floor_usage":[18,23],"damage_taken":[{"damage":2.0,"enemies":"Small Slimes","floor":1.0,"turns":5.0},{"damage":0.0,"enemies":"Cultist","floor":2.0,"turns":4.0},{"damage":8.0,"enemies":"Jaw Worm","floor":3.0,"turns":4.0},{"damage":3.0,"enemies":"Blue Slaver","floor":4.0,"turns":4.0},{"damage":9.0,"enemies":"Red Slaver","floor":5.0,"turns":3.0},{"damage":20.0,"enemies":"3 Sentries","floor":6.0,"turns":5.0},{"damage":15.0,"enemies":"Lagavulin","floor":10.0,"turns":6.0},{"damage":1.0,"enemies":"3 Louse","floor":11.0,"turns":3.0},{"damage":0.0,"enemies":"Large Slime","floor":14.0,"turns":3.0},{"damage":20.0,"enemies":"Slime Boss","floor":16.0,"turns":12.0},{"damage":18,"enemies":"3 Byrds","floor":18,"turns":5},{"damage":0,"enemies":"Spheric Guardian","floor":19,"turns":4},{"damage":23,"enemies":"Centurion and Healer","floor":20,"turns":10},{"damage":21,"enemies":"Book of Stabbing","floor":23,"turns":4}],"seed_played":"6477609464691517785","potions_obtained":[{"floor":1.0,"key":"PotionOfCapacity"},{"floor":2.0,"key":"Block Potion"},{"floor":3.0,"key":"Explosive Potion"},{"floor":6.0,"key":"SkillPotion"},{"floor":20,"key":"ColorlessPotion"}],"is_trial":false,"path_per_floor":["M","M","M","M","M","E","$","R","T","E","M","R","?","M","R","B",null,"M","M","M","?","?","E"],"character_chosen":"DEFECT","items_purchased":["Membership Card"],"campfire_rested":1,"item_purchase_floors":[7],"current_hp_per_floor":[66,66,58,55,46,26,26,48,48,33,32,32,32,32,32,12,59,41,41,18,18,18,0,0],"gold":158,"neow_bonus":"THREE_RARE_CARDS","is_daily":false,"chose_seed":false,"campfire_upgraded":2,"win_rate":0.0,"timestamp":1611725335,"path_taken":["M","M","M","M","M","E","$","R","T","E","M","R","?","?","R","BOSS","M","M","M","?","?","E"],"items_purchased_type":["Relic"],"build_version":"2020-12-22","purchased_purges":1,"victory":false,"max_hp_per_floor":[75,75,75,75,75,75,75,75,75,75,75,75,75,75,75,75,75,75,75,75,75,75,75,75],"card_choices":[{"not_picked":["Amplify","Meteor Strike"],"picked":"Buffer","floor":0.0},{"not_picked":["Cold Snap","Rebound"],"picked":"Consume","floor":1.0},{"not_picked":["Conserve Battery","Hologram"],"picked":"Double Energy","floor":2.0},{"not_picked":["Darkness","Storm"],"picked":"Hologram","floor":3.0},{"not_picked":["Turbo","Leap"],"picked":"Ball Lightning","floor":4.0},{"not_picked":["Leap","Creative AI"],"picked":"Ball Lightning","floor":5.0},{"not_picked":["Steam Power","Scrape","Compile Driver"],"picked":"SKIP","floor":6.0},{"not_picked":["Streamline","Aggregate"],"picked":"Glacier","floor":10.0},{"not_picked":["Compile Driver","Streamline"],"picked":"Hologram","floor":11.0},{"not_picked":["Cold Snap","Go for the Eyes"],"picked":"Genetic Algorithm","floor":14.0},{"not_picked":["Hyperbeam","Seek"],"picked":"Echo Form","floor":16.0},{"not_picked":["Rebound","Sunder","Redo"],"picked":"SKIP","floor":18},{"not_picked":["Beam Cell+1","Auto Shields+1"],"picked":"Chill","floor":19},{"not_picked":["Redo+1","Melter+1"],"picked":"Leap+1","floor":20}],"player_experience":88652,"relics_obtained":[{"floor":6.0,"key":"CaptainsWheel"},{"floor":9.0,"key":"MealTicket"},{"floor":10.0,"key":"Boot"}],"event_choices":[{"damage_healed":0.0,"max_hp_gain":0.0,"max_hp_loss":0.0,"gold_gain":0.0,"event_name":"WeMeetAgain","player_choice":"Gave Potion","floor":13.0,"gold_loss":0.0,"damage_taken":0.0,"relics_obtained":["Bag of Marbles"]},{"damage_healed":0,"gold_gain":0,"player_choice":"Opened","damage_taken":0,"relics_obtained":["Art of War"],"max_hp_gain":0,"max_hp_loss":0,"event_name":"The Mausoleum","floor":21,"gold_loss":0,"cards_obtained":["Writhe"]},{"cards_removed":["Strike_B"],"damage_healed":0,"gold_gain":0,"player_choice":"Upgrade and Remove","damage_taken":0,"max_hp_gain":0,"max_hp_loss":0,"event_name":"Designer","floor":22,"gold_loss":90,"cards_upgraded":["Echo Form"]}],"is_beta":false,"boss_relics":[{"not_picked":["Fusion Hammer","Snecko Eye"],"picked":"Nuclear Battery"}],"items_purged_floors":[7],"is_endless":false,"potions_floor_spawned":[1,2,3,6,20],"killed_by":"Book of Stabbing","ascension_level":7}}