{"host":"ELF","time":1611782387,"event":{"mods":["BaseMod","Bestiary","Minty Spire (QoL Compilation)","Relic Stats","Slay the Relics Exporter"],"gold_per_floor":[116,41,61,79,79,112,112,143,166,184,215,226,226,68,68,145,145,158,176,101,118,118,118,118],"floor_reached":23,"language":"ENG","playtime":1069,"items_purged":["Strike_R"],"score":411,"play_id":"01f202b5-7a97-4679-8b78-0f5c8652db43","local_time":"20210127151947","is_ascension_mode":true,"campfire_choices":[{"data":"Uppercut","floor":7,"key":"SMITH"},{"floor":13,"key":"REST"},{"data":"Berserk","floor":15,"key":"SMITH"}],"circlet_count":0,"master_deck":["AscendersBane","Strike_R","Defend_R","Defend_R","Defend_R","Defend_R","Bash","Twin Strike","Anger","Whirlwind","Uppercut+1","Rupture","Berserk+1","Intimidate","Rage","Evolve","Fiend Fire+1","Combust","Shrug It Off","Seeing Red"],"relics":["Burning Blood","Turnip","Akabeko","Bronze Scales","Molten Egg 2","Black Star"],"acts_visited":["Exordium","TheCity"],"potions_floor_usage":[12,16,16,19,21,21],"damage_taken":[{"damage":4,"enemies":"Jaw Worm","floor":1,"turns":5},{"damage":5,"enemies":"2 Louse","floor":3,"turns":4},{"damage":0,"enemies":"Cultist","floor":4,"turns":2},{"damage":45,"enemies":"Lagavulin","floor":6,"turns":8},{"damage":10,"enemies":"3 Sentries","floor":8,"turns":2},{"damage":3,"enemies":"Looter","floor":10,"turns":2},{"damage":12,"enemies":"Gremlin Nob","floor":11,"turns":3},{"damage":0,"enemies":"3 Louse","floor":12,"turns":1},{"damage":16,"enemies":"Hexaghost","floor":16,"turns":7},{"damage":7,"enemies":"Chosen","floor":18,"turns":5},{"damage":14,"enemies":"3 Byrds","floor":19,"turns":3},{"damage":54,"enemies":"Cultist and Chosen","floor":21,"turns":6},{"damage":38,"enemies":"Book of Stabbing","floor":23,"turns":3}],"seed_played":"2734936604199802543","potions_obtained":[{"floor":4,"key":"SpeedPotion"},{"floor":6,"key":"AttackPotion"},{"floor":10,"key":"Block Potion"},{"floor":11,"key":"EntropicBrew"},{"floor":16,"key":"EntropicBrew"},{"floor":18,"key":"SneckoOil"}],"is_trial":false,"path_per_floor":["M","?","M","M","?","E","R","E","T","M","E","M","R","$","R","B",null,"M","M","?","M","?","E"],"character_chosen":"IRONCLAD","items_purchased":["Evolve"],"campfire_rested":1,"item_purchase_floors":[14],"current_hp_per_floor":[68,68,68,68,73,34,34,30,30,33,27,33,54,54,54,44,66,65,57,57,9,9,0,0],"gold":118,"neow_bonus":"ONE_RARE_RELIC","is_daily":false,"chose_seed":false,"campfire_upgraded":2,"win_rate":0.0,"timestamp":1611782387,"path_taken":["M","?","M","M","?","E","R","E","T","M","E","M","R","?","R","BOSS","M","?","?","M","?","E"],"items_purchased_type":["Card"],"build_version":"2020-12-18","purchased_purges":1,"victory":false,"max_hp_per_floor":[68,68,68,68,73,73,73,73,73,73,73,73,73,73,73,73,73,73,73,73,73,73,73,73],"relic_stats":{"counters":[13,51],"Bronze Scales":[132],"Turnip":[0],"Black Star":0,"obtain_stats":[{"Bronze Scales":8,"Molten Egg 2":11,"Turnip":0,"Black Star":17,"Burning Blood":0,"Akabeko":6},{"Bronze Scales":5,"Molten Egg 2":7,"Turnip":0,"Black Star":9,"Burning Blood":0,"Akabeko":4},{"Bronze Scales":21,"Molten Egg 2":26,"Turnip":0,"Black Star":34,"Burning Blood":0,"Akabeko":19}],"Burning Blood":63},"card_choices":[{"not_picked":["Heavy Blade","Blood for Blood"],"picked":"Twin Strike","floor":1},{"not_picked":["Bloodletting","Warcry"],"picked":"Anger","floor":3},{"not_picked":["Combust","Body Slam"],"picked":"Whirlwind","floor":4},{"not_picked":["Cleave","Burning Pact"],"picked":"Uppercut","floor":6},{"not_picked":["Anger","Warcry"],"picked":"Rupture","floor":8},{"not_picked":["Armaments","Sword Boomerang"],"picked":"Berserk","floor":10},{"not_picked":["Uppercut+1","Second Wind"],"picked":"Intimidate","floor":11},{"not_picked":["Dark Embrace","Perfected Strike+1"],"picked":"Rage","floor":12},{"not_picked":["Limit Break","Corruption"],"picked":"Fiend Fire+1","floor":16},{"not_picked":["Flex+1","Carnage+1"],"picked":"Combust","floor":18},{"not_picked":["Infernal Blade","Wild Strike+1"],"picked":"Shrug It Off","floor":19},{"not_picked":["True Grit","Perfected Strike+1"],"picked":"Seeing Red","floor":21}],"player_experience":3328322,"relics_obtained":[{"floor":6,"key":"Akabeko"},{"floor":8,"key":"Bronze Scales"},{"floor":11,"key":"Molten Egg 2"}],"event_choices":[{"cards_removed":["Strike_R"],"damage_healed":0,"gold_gain":0,"player_choice":"Card Removal","damage_taken":0,"max_hp_gain":0,"max_hp_loss":0,"event_name":"The Cleric","floor":2,"gold_loss":75},{"damage_healed":0,"gold_gain":0,"player_choice":"Donut","damage_taken":0,"max_hp_gain":5,"max_hp_loss":0,"event_name":"Big Fish","floor":5,"gold_loss":0},{"cards_removed":["Strike_R"],"damage_healed":0,"gold_gain":0,"player_choice":"Gave Gold","damage_taken":0,"max_hp_gain":0,"max_hp_loss":0,"event_name":"Beggar","floor":20,"gold_loss":75},{"cards_removed":["Strike_R"],"damage_healed":0,"gold_gain":0,"player_choice":"Elegance","damage_taken":0,"max_hp_gain":0,"max_hp_loss":0,"event_name":"Back to Basics","floor":22,"gold_loss":0}],"is_beta":true,"boss_relics":[{"not_picked":["Calling Bell","Velvet Choker"],"picked":"Black Star"}],"items_purged_floors":[14],"is_endless":false,"potions_floor_spawned":[4,6,10,11,16,18],"killed_by":"Book of Stabbing","ascension_level":19}}