{"host":"13o02hya6v6rzuva","time":1611770813,"event":{"mods":["BaseMod","Minty Spire (QoL Compilation)","Relic Stats"],"gold_per_floor":[114,114,289,299,299,327,369,369,369,369,421,421,193,231,231,360,360,379,418,333,333,233,233,271,321,344,344,344,399,424,444,444,444,444],"floor_reached":33,"language":"ENG","playtime":1465,"items_purged":["Doubt","Fasting2"],"score":379,"play_id":"d137f502-5438-4b89-ada7-f544d4120630","local_time":"20210127190653","is_ascension_mode":true,"campfire_choices":[{"data":"PathToVictory","floor":8.0,"key":"SMITH"},{"data":"PathToVictory","floor":10.0,"key":"SMITH"},{"floor":12.0,"key":"REST"},{"data":"ThirdEye","floor":15.0,"key":"SMITH"},{"data":"Nirvana","floor":23.0,"key":"SMITH"},{"floor":28,"key":"REST"},{"floor":32,"key":"REST"}],"circlet_count":0,"master_deck":["Strike_P","Strike_P","Defend_P+1","Defend_P+1","Defend_P","Defend_P","Eruption","Vigilance","PathToVictory+1","PathToVictory+1","Wish","ThirdEye+1","JustLucky","Wireheading","Scrawl","Nirvana+1","Evaluate","DeusExMachina","Judgement","Writhe","DeceiveReality"],"relics":["PureWater","NeowsBlessing","Question Card","Strawberry","PreservedInsect","War Paint","Black Star","Boot","Ginger","Smiling Mask","Nunchaku","InkBottle","Bronze Scales","Lantern","Regal Pillow"],"acts_visited":["Exordium","TheCity"],"potions_floor_usage":[29,31],"damage_taken":[{"damage":0.0,"enemies":"Small Slimes","floor":1.0,"turns":2.0},{"damage":0.0,"enemies":"Jaw Worm","floor":4.0,"turns":1.0},{"damage":0.0,"enemies":"3 Sentries","floor":6.0,"turns":2.0},{"damage":12.0,"enemies":"Cultist","floor":7.0,"turns":3.0},{"damage":42.0,"enemies":"Lagavulin","floor":11.0,"turns":7.0},{"damage":0.0,"enemies":"2 Fungi Beasts","floor":14.0,"turns":4.0},{"damage":2.0,"enemies":"Hexaghost","floor":16.0,"turns":7.0},{"damage":13.0,"enemies":"Shell Parasite","floor":18.0,"turns":5.0},{"damage":17.0,"enemies":"Spheric Guardian","floor":19.0,"turns":6.0},{"damage":17.0,"enemies":"Cultist and Chosen","floor":24.0,"turns":8.0},{"damage":27.0,"enemies":"Slavers","floor":25.0,"turns":7.0},{"damage":15,"enemies":"Gremlin Leader","floor":29,"turns":6},{"damage":9,"enemies":"Centurion and Healer","floor":31,"turns":5},{"damage":42,"enemies":"Automaton","floor":33,"turns":6}],"seed_played":"990219790502975208","potions_obtained":[{"floor":1.0,"key":"PowerPotion"},{"floor":7.0,"key":"SkillPotion"},{"floor":11.0,"key":"Weak Potion"},{"floor":24.0,"key":"Fire Potion"},{"floor":29,"key":"Swift Potion"}],"is_trial":false,"path_per_floor":["M","$","?","M","?","E","M","R","T","R","E","R","$","M","R","B",null,"M","M","?","?","$","R","M","E","T","?","R","E","T","M","R","B"],"character_chosen":"WATCHER","items_purchased":["War Paint"],"campfire_rested":3,"item_purchase_floors":[13],"current_hp_per_floor":[72,72,72,72,60,67,55,55,55,55,13,36,36,36,36,34,79,66,49,49,49,49,49,32,5,5,5,28,13,13,4,42,0,0],"gold":444,"neow_bonus":"THREE_ENEMY_KILL","is_daily":false,"chose_seed":false,"campfire_upgraded":4,"win_rate":0.0,"timestamp":1611770813,"path_taken":["M","$","?","M","?","E","M","R","T","R","E","R","?","?","R","BOSS","M","M","?","?","$","R","M","E","T","?","R","E","?","M","R","BOSS"],"items_purchased_type":["Relic"],"build_version":"2020-12-22","purchased_purges":2,"victory":false,"max_hp_per_floor":[72,72,72,72,72,79,79,79,79,79,79,79,79,79,79,79,79,79,79,79,79,79,79,79,79,79,79,79,79,79,79,79,79,79],"relic_stats":{"Regal Pillow":15,"counters":[14,69],"PreservedInsect":80,"Ginger":[0],"War Paint":["Defend_P","Defend_P"],"Question Card":11,"Boot":[19],"Smiling Mask":0,"Nunchaku":[1],"Bronze Scales":[36],"Black Star":2,"obtain_stats":[{"Lantern":29,"Regal Pillow":30,"NeowsBlessing":0,"PreservedInsect":11,"Ginger":25,"War Paint":13,"Question Card":5,"Boot":20,"Smiling Mask":25,"Nunchaku":26,"Strawberry":6,"Bronze Scales":29,"Black Star":17,"PureWater":0,"InkBottle":27},{"Lantern":12,"Regal Pillow":12,"NeowsBlessing":0,"PreservedInsect":5,"Ginger":11,"War Paint":5,"Question Card":2,"Boot":9,"Smiling Mask":11,"Nunchaku":11,"Strawberry":3,"Bronze Scales":12,"Black Star":7,"PureWater":0,"InkBottle":11},{"Lantern":58,"Regal Pillow":58,"NeowsBlessing":0,"PreservedInsect":15,"Ginger":52,"War Paint":15,"Question Card":3,"Boot":37,"Smiling Mask":52,"Nunchaku":52,"Strawberry":5,"Bronze Scales":58,"Black Star":26,"PureWater":0,"InkBottle":52}],"InkBottle":[6]},"card_choices":[{"not_picked":["ForeignInfluence","CutThroughFate"],"picked":"PathToVictory","floor":1.0},{"not_picked":["FollowUp","WindmillStrike"],"picked":"PathToVictory","floor":4.0},{"not_picked":["Vengeance","Crescendo","EmptyFist"],"picked":"Wish","floor":6.0},{"not_picked":["Crescendo","FlyingSleeves","BowlingBash"],"picked":"ThirdEye","floor":7.0},{"not_picked":["CutThroughFate","EmptyBody","WreathOfFlame"],"picked":"JustLucky","floor":11.0},{"not_picked":["Consecrate","ReachHeaven","FlurryOfBlows"],"picked":"Wireheading","floor":14.0},{"not_picked":["Brilliance","Omniscience","ConjureBlade"],"picked":"Scrawl","floor":16.0},{"not_picked":["BowlingBash+1","SashWhip","Protect+1"],"picked":"Nirvana","floor":18.0},{"not_picked":["Halt","EmptyFist","FlurryOfBlows+1"],"picked":"Evaluate","floor":19.0},{"not_picked":["Protect","WheelKick","Halt"],"picked":"Judgement","floor":24.0},{"not_picked":["ForeignInfluence+1","Protect","Prostrate","FollowUp"],"picked":"SKIP","floor":25.0},{"not_picked":["FlyingSleeves+1","CutThroughFate","FlurryOfBlows","SandsOfTime"],"picked":"SKIP","floor":29},{"not_picked":["EmptyFist+1","CrushJoints","Halt+1"],"picked":"DeceiveReality","floor":31}],"player_experience":1157148,"relics_obtained":[{"floor":6.0,"key":"Strawberry"},{"floor":11.0,"key":"PreservedInsect"},{"floor":25.0,"key":"Ginger"},{"floor":25.0,"key":"Smiling Mask"},{"floor":26.0,"key":"Nunchaku"},{"floor":29,"key":"Bronze Scales"},{"floor":29,"key":"Lantern"},{"floor":30,"key":"Regal Pillow"}],"event_choices":[{"damage_healed":0.0,"max_hp_gain":0.0,"max_hp_loss":0.0,"gold_gain":175.0,"event_name":"Liars Game","player_choice":"AGREE","floor":3.0,"gold_loss":0.0,"damage_taken":0.0,"cards_obtained":["Doubt"]},{"damage_healed":0.0,"max_hp_gain":0.0,"max_hp_loss":0.0,"gold_gain":0.0,"event_name":"Scrap Ooze","player_choice":"Success","floor":5.0,"gold_loss":0.0,"damage_taken":12.0,"relics_obtained":["Question Card"]},{"damage_healed":0.0,"max_hp_gain":0.0,"max_hp_loss":0.0,"gold_gain":0.0,"event_name":"Addict","player_choice":"Obtained Relic","floor":20.0,"gold_loss":85.0,"damage_taken":0.0,"relics_obtained":["Boot"]},{"damage_healed":0.0,"max_hp_gain":0.0,"max_hp_loss":0.0,"gold_gain":0.0,"cards_transformed":["Strike_P","Strike_P"],"event_name":"Drug Dealer","player_choice":"Became Test Subject","floor":21.0,"gold_loss":0.0,"damage_taken":0.0,"cards_obtained":["DeusExMachina","Fasting2"]},{"damage_healed":0.0,"max_hp_gain":0.0,"max_hp_loss":0.0,"gold_gain":0.0,"event_name":"The Mausoleum","player_choice":"Opened","floor":27.0,"gold_loss":0.0,"damage_taken":0.0,"relics_obtained":["InkBottle"],"cards_obtained":["Writhe"]}],"is_beta":false,"boss_relics":[{"not_picked":["Velvet Choker","Runic Dome"],"picked":"Black Star"}],"items_purged_floors":[13,22],"is_endless":false,"potions_floor_spawned":[1,7,11,14,19,24,29],"killed_by":"Automaton","ascension_level":4}}