{"host":"92108ef2q9tm8rod","time":1611767761,"event":{"mods":["BaseMod","Defuse TimeMaze Blight","Minty Spire (QoL Compilation)","StSLib","The Jungle"],"gold_per_floor":[109,127,138,148,160,160,160,160,160,160,173,98,116,131,131,231,231,243,255,271,287,287,287,287,287,287,287,287,301,320,337,337,435,435,455,304,354,373,383,417,442,473,473,473,87,121,149,164,164,164],"floor_reached":51,"language":"ENG","playtime":2437,"items_purged":["Sucker Punch"],"score":1218,"play_id":"28af2bfc-f8a1-4b66-9a7b-851549f79171","local_time":"20210127171601","daily_mods":["SealedDeck","Purple Cards","Heirloom","Flight"],"is_ascension_mode":false,"campfire_choices":[{"data":"Deflect","floor":6.0,"key":"SMITH"},{"data":"Prostrate","floor":7.0,"key":"SMITH"},{"data":"Backflip","floor":8.0,"key":"SMITH"},{"data":"PathToVictory","floor":10.0,"key":"SMITH"},{"data":"PathToVictory","floor":15.0,"key":"SMITH"},{"data":"SignatureMove","floor":23.0,"key":"SMITH"},{"data":"Protect","floor":24.0,"key":"SMITH"},{"data":"PiercingWail","floor":27.0,"key":"SMITH"},{"floor":32.0,"key":"REST"},{"floor":44,"key":"REST"},{"floor":49,"key":"REST"}],"circlet_count":0,"master_deck":["PiercingWail+1","Prostrate+1","Protect+1","Deflect+1","Backflip+1","PathToVictory+1","PathToVictory+1","SignatureMove+1"],"relics":["Ring of the Snake","Turnip","FossilizedHelix","Empty Cage","Medical Kit","Calipers","Pear","Torii","PreservedInsect","Blood Vial","Bronze Scales","Singing Bowl","Molten Egg 2","Ornamental Fan"],"acts_visited":["Exordium","Exordium","TheBeyond"],"potions_floor_usage":[40,50],"damage_taken":[{"damage":0.0,"enemies":"2 Louse","floor":1.0,"turns":2.0},{"damage":0.0,"enemies":"Small Slimes","floor":2.0,"turns":4.0},{"damage":0.0,"enemies":"Jaw Worm","floor":3.0,"turns":2.0},{"damage":0.0,"enemies":"Exordium Thugs","floor":4.0,"turns":3.0},{"damage":0.0,"enemies":"3 Louse","floor":5.0,"turns":2.0},{"damage":0.0,"enemies":"Looter","floor":11.0,"turns":2.0},{"damage":0.0,"enemies":"Exordium Wildlife","floor":13.0,"turns":2.0},{"damage":0.0,"enemies":"Exordium Thugs","floor":14.0,"turns":2.0},{"damage":0.0,"enemies":"Hexaghost","floor":16.0,"turns":5.0},{"damage":0.0,"enemies":"Shell Parasite","floor":18.0,"turns":3.0},{"damage":0.0,"enemies":"theJungle:5_Spyders","floor":19.0,"turns":4.0},{"damage":0.0,"enemies":"theJungle:Lyon","floor":20.0,"turns":3.0},{"damage":0.0,"enemies":"theJungle:JungleHuntersEncounter","floor":21.0,"turns":3.0},{"damage":0.0,"enemies":"theJungle:2_Flameangoes","floor":29.0,"turns":4.0},{"damage":0.0,"enemies":"theJungle:SlimyTreeVines","floor":30.0,"turns":4.0},{"damage":0.0,"enemies":"theJungle:JungleHuntersEncounter","floor":31.0,"turns":4.0},{"damage":0.0,"enemies":"theJungle:TotemBoss","floor":33.0,"turns":6.0},{"damage":0.0,"enemies":"3 Darklings","floor":35.0,"turns":3.0},{"damage":0.0,"enemies":"Mind Bloom Boss Battle","floor":37.0,"turns":6.0},{"damage":0.0,"enemies":"3 Shapes","floor":38.0,"turns":3.0},{"damage":0.0,"enemies":"Jaw Worm Horde","floor":39.0,"turns":4.0},{"damage":0,"enemies":"Nemesis","floor":40,"turns":3},{"damage":0,"enemies":"Reptomancer","floor":41,"turns":6},{"damage":0,"enemies":"Giant Head","floor":42,"turns":4},{"damage":0,"enemies":"Nemesis","floor":46,"turns":3},{"damage":0,"enemies":"Giant Head","floor":47,"turns":3},{"damage":0,"enemies":"Sphere and 2 Shapes","floor":48,"turns":3},{"damage":0,"enemies":"Time Eater","floor":50,"turns":5}],"seed_played":"-8099296726475384341","potions_obtained":[{"floor":1.0,"key":"Ancient Potion"},{"floor":11.0,"key":"EssenceOfSteel"},{"floor":16.0,"key":"Ancient Potion"},{"floor":20.0,"key":"Strength Potion"},{"floor":31.0,"key":"Ancient Potion"},{"floor":35.0,"key":"AttackPotion"},{"floor":38.0,"key":"DuplicationPotion"},{"floor":41,"key":"Weak Potion"},{"floor":47,"key":"Regen Potion"}],"is_trial":true,"path_per_floor":["M","M","M","M","M","R","R","R","T","R","M","$","M","M","R","B",null,"M","M","M","M","?","R","R","?","T","R","$","M","M","M","R","B",null,"M","$","?","M","M","E","E","E","T","R","$","E","E","M","R","B",null],"character_chosen":"THE_SILENT","items_purchased":["Medical Kit","Bronze Scales","Singing Bowl"],"campfire_rested":3,"item_purchase_floors":[36,45,45],"current_hp_per_floor":[70,70,70,70,70,70,70,70,70,70,70,70,70,70,70,70,70,70,70,70,70,70,70,70,70,70,70,70,70,70,70,70,70,70,70,70,70,70,70,80,80,80,80,80,80,82,84,86,86,86],"gold":164,"neow_bonus":"","is_daily":false,"chose_seed":false,"campfire_upgraded":8,"win_rate":0.0,"timestamp":1611767761,"path_taken":["M","M","M","M","M","R","R","R","T","R","M","$","M","M","R","BOSS","M","M","M","M","?","R","R","?","T","R","$","M","M","M","R","BOSS","M","$","?","M","M","E","E","E","T","R","$","E","E","M","R","BOSS"],"items_purchased_type":["Relic","Relic","Relic"],"build_version":"2020-12-22","purchased_purges":1,"victory":true,"max_hp_per_floor":[70,70,70,70,70,70,70,70,70,70,70,70,70,70,70,70,70,70,70,70,70,70,70,70,70,70,70,70,70,70,70,70,70,70,70,70,70,70,70,80,80,80,80,80,80,82,84,86,86,86],"card_choices":[{"not_picked":["Nirvana","Bane","Dodge and Roll"],"picked":"SKIP","floor":1.0},{"not_picked":["Acrobatics","Evaluate","SignatureMove"],"picked":"SKIP","floor":2.0},{"not_picked":["Acrobatics","Evaluate"],"picked":"SignatureMove","floor":2.0},{"not_picked":["Poisoned Stab","BowlingBash","Halt"],"picked":"SKIP","floor":3.0},{"not_picked":["Dodge and Roll","Halt","CutThroughFate"],"picked":"SKIP","floor":4.0},{"not_picked":["FollowUp","Pray","Envenom"],"picked":"SKIP","floor":5.0},{"not_picked":["Consecrate","FlyingSleeves","Infinite Blades"],"picked":"SKIP","floor":11.0},{"not_picked":["ClearTheMind","Consecrate","Prepared"],"picked":"SKIP","floor":13.0},{"not_picked":["Dagger Throw","Concentrate","PathToVictory"],"picked":"SKIP","floor":14.0},{"not_picked":["Blade Dance","Crescendo+1","EmptyBody"],"picked":"SKIP","floor":18.0},{"not_picked":["Expertise+1","FlurryOfBlows+1","Dagger Throw"],"picked":"SKIP","floor":19.0},{"not_picked":["Slice","Crescendo+1","Prostrate"],"picked":"SKIP","floor":20.0},{"not_picked":["Quick Slash","ClearTheMind+1","LessonLearned"],"picked":"SKIP","floor":21.0},{"not_picked":["Prostrate","Slice+1","Accuracy+1"],"picked":"SKIP","floor":29.0},{"not_picked":["Crescendo","Blade Dance","SashWhip"],"picked":"SKIP","floor":30.0},{"not_picked":["Heel Hook+1","JustLucky","Footwork"],"picked":"SKIP","floor":31.0},{"not_picked":["Backstab","Deflect","Prostrate+1"],"picked":"SKIP","floor":35.0},{"not_picked":["Deadly Poison+1","Tactician+1","FlyingSleeves+1"],"picked":"SKIP","floor":38.0},{"not_picked":["FearNoEvil+1","Omniscience","CrushJoints+1"],"picked":"SKIP","floor":39.0},{"not_picked":["FearNoEvil+1","Omniscience","CrushJoints+1"],"picked":"SKIP","floor":39.0},{"not_picked":["Collect+1","Bane","Leg Sweep"],"picked":"SKIP","floor":40},{"not_picked":["WreathOfFlame+1","Riddle With Holes","EmptyBody"],"picked":"SKIP","floor":41},{"not_picked":["WreathOfFlame+1","Riddle With Holes","EmptyBody"],"picked":"SKIP","floor":41},{"not_picked":["EmptyFist","Expertise","Endless Agony"],"picked":"SKIP","floor":42},{"not_picked":["Blur","PiercingWail+1","Nirvana+1"],"picked":"Singing Bowl","floor":46},{"not_picked":["Slice+1","Predator+1","PiercingWail"],"picked":"Singing Bowl","floor":47},{"not_picked":["DeceiveReality","BowlingBash+1","Blade Dance+1"],"picked":"Singing Bowl","floor":48}],"player_experience":3354327,"relics_obtained":[{"floor":9.0,"key":"FossilizedHelix"},{"floor":37.0,"key":"Calipers"},{"floor":40,"key":"Pear"},{"floor":41,"key":"Torii"},{"floor":42,"key":"PreservedInsect"},{"floor":43,"key":"Blood Vial"},{"floor":46,"key":"Molten Egg 2"},{"floor":47,"key":"Ornamental Fan"}],"event_choices":[{"damage_healed":0.0,"max_hp_gain":0.0,"max_hp_loss":0.0,"gold_gain":0.0,"event_name":"MindBloom","player_choice":"Fight","floor":37.0,"gold_loss":0.0,"damage_taken":0.0}],"is_beta":false,"boss_relics":[{"not_picked":["Sozu","Busted Crown"],"picked":"Empty Cage"},{"not_picked":["Snecko Eye","Coffee Dripper","Philosopher\u0027s Stone"]}],"items_purged_floors":[12],"is_endless":false,"potions_floor_spawned":[1,11,16,18,20,31,35,38,41,47],"ascension_level":0}}