{"host":"farxtl2u8hmkbdo2","time":1611712223,"event":{"mods":["A Magickal Journey","BaseMod","Better Altar","Better Note","Better Sensory Stone","Better Skull","Better Third Choice","Challenge The Spire","Colored Map","Colored Powertips","Current Relic Mod","Energized Spire","Fox Events","Gremlin Mod","Hermit","Hubris","Mimic Mod","Minty Spire (QoL Compilation)","Quick Restart","READ ME - Guardian Mod","READ ME - Snecko Mod","Rare Cards Sparkle","StSLib","The Bladedancer","The Bug Knight","The Cursed","The Disciple","The Elementalist","The Hierophant","The Marked","The Necromancer","The Runesmith","Transform Curses"],"gold_per_floor":[110,110,110,110,124,124,152,168,204,224,236,236,265,280,280,380,380,396,410,430,0,17,50,50,84,84,84],"floor_reached":26,"language":"SPA","playtime":1988,"items_purged":[],"score":285,"play_id":"a5b49748-c158-4f8f-acb5-d52b1b0655e7","local_time":"20210126225023","is_ascension_mode":false,"campfire_choices":[{"data":"theMarked:SoldierOfQuellstein","floor":6,"key":"SMITH"},{"data":"theMarked:TwofoldDefense","floor":15,"key":"SMITH"},{"data":"theMarked:Vacuum","floor":24,"key":"SMITH"}],"circlet_count":0,"master_deck":["theMarked:Strike","theMarked:Strike","theMarked:Strike","theMarked:Strike","theMarked:Strike","theMarked:Defend","theMarked:Defend","theMarked:Defend","theMarked:Defend","theMarked:SoldierOfQuellstein+1","theMarked:Electrify","theMarked:ChainLightning","theMarked:Vacuum+1","theMarked:Generate","theMarked:TakeCover","theMarked:Parry","theMarked:ParalyzingBlade","theMarked:Static","theMarked:TwofoldDefense+1","theMarked:EternalStudent","theMarked:Aftermath","theMarked:RepellingDischarge","theMarked:KeepCalmAndFight+1","theMarked:ComboAttacks","theMarked:Memento","theMarked:ResourceFulStrike+1","theMarked:ContemptForTheProud+1","theMarked:TakeOffHeels"],"relics":["theMarked:ArtifactOfAir","hubris:Towel","InkBottle","Bronze Scales","Pen Nib","CultistMask","hubris:Spice","SacredBark","hubris:Metronome","CaptainsWheel"],"acts_visited":["Exordium","TheCity"],"potions_floor_usage":[8,13,13,16,19,22,23,25,26],"damage_taken":[{"damage":1,"enemies":"Cultist","floor":1,"turns":3},{"damage":2,"enemies":"Small Slimes","floor":5,"turns":3},{"damage":18,"enemies":"3 Sentries","floor":7,"turns":6},{"damage":1,"enemies":"2 Louse","floor":8,"turns":2},{"damage":4,"enemies":"Blue Slaver","floor":9,"turns":7},{"damage":7,"enemies":"Blue Slaver","floor":10,"turns":3},{"damage":0,"enemies":"Exordium Thugs","floor":11,"turns":3},{"damage":8,"enemies":"Lagavulin","floor":13,"turns":5},{"damage":9,"enemies":"2 Fungi Beasts","floor":14,"turns":3},{"damage":7,"enemies":"Slime Boss","floor":16,"turns":9},{"damage":5,"enemies":"Shell Parasite","floor":18,"turns":5},{"damage":5,"enemies":"Chosen","floor":19,"turns":6},{"damage":18,"enemies":"Snake Plant","floor":20,"turns":5},{"damage":8,"enemies":"Centurion and Healer","floor":22,"turns":4},{"damage":4,"enemies":"Gremlin Leader","floor":23,"turns":7},{"damage":43,"enemies":"Book of Stabbing","floor":25,"turns":6},{"damage":16,"enemies":"3 Cultists","floor":26,"turns":4}],"seed_played":"6713919019664976123","potions_obtained":[{"floor":1,"key":"SpeedPotion"},{"floor":10,"key":"theMarked:ChargePotion"},{"floor":11,"key":"FearPotion"},{"floor":13,"key":"SkillPotion"},{"floor":14,"key":"AttackPotion"},{"floor":20,"key":"Block Potion"},{"floor":22,"key":"Weak Potion"},{"floor":25,"key":"Ancient Potion"}],"is_trial":false,"path_per_floor":["M","?","?","?","M","R","E","M","MIM","M","M","?","E","M","R","B",null,"M","M","M","$","M","E","R","E","MIM"],"character_chosen":"THE_DEFAULT","items_purchased":["hubris:Spice","theMarked:ComboAttacks","theMarked:Memento","Energy Potion"],"campfire_rested":0,"item_purchase_floors":[21,21,21,21],"current_hp_per_floor":[76,76,76,76,74,74,56,55,51,44,44,44,44,35,35,28,85,80,75,57,65,57,53,53,10,0,0],"gold":84,"neow_bonus":"TEN_PERCENT_HP_BONUS","is_daily":false,"chose_seed":false,"campfire_upgraded":3,"win_rate":0.0,"timestamp":1611712223,"path_taken":["M","?","?","?","M","R","E","M","MIM","?","M","?","E","M","R","BOSS","M","M","M","$","M","E","R","E","MIM"],"items_purchased_type":["Relic","Card","Card","Potion"],"build_version":"2020-12-22","purchased_purges":0,"victory":false,"max_hp_per_floor":[77,77,77,77,77,77,77,77,77,77,77,77,85,85,85,85,85,85,85,85,93,93,93,93,93,93,93],"card_choices":[{"not_picked":["theMarked:SwordAndMagic","theMarked:Frustration"],"picked":"theMarked:Electrify","floor":1},{"not_picked":["theMarked:WastefulAttack","theMarked:BanishingStrike"],"picked":"theMarked:ChainLightning","floor":5},{"not_picked":["theMarked:Standoff","theMarked:Improvise"],"picked":"theMarked:Vacuum","floor":7},{"not_picked":["theMarked:ChainLightning","theMarked:TwofoldDefense"],"picked":"theMarked:Generate","floor":8},{"not_picked":["theMarked:TwofoldDefense","theMarked:SwordAndMagic"],"picked":"theMarked:TakeCover","floor":9},{"not_picked":["theMarked:SwordAndMagic","theMarked:Parkour"],"picked":"theMarked:Parry","floor":10},{"not_picked":["theMarked:ElectricStrings","theMarked:TwofoldDefense"],"picked":"theMarked:ParalyzingBlade","floor":11},{"not_picked":["theMarked:ResourceFulStrike","theMarked:ElectricStrings"],"picked":"theMarked:Static","floor":13},{"not_picked":["theMarked:ChainLightning","theMarked:RepellingDischarge"],"picked":"theMarked:TwofoldDefense","floor":14},{"not_picked":["theMarked:SuspiciousRaven","theMarked:Snap"],"picked":"theMarked:EternalStudent","floor":16},{"not_picked":["theMarked:WardOff","theMarked:RepellingDischarge"],"picked":"theMarked:Aftermath","floor":18},{"not_picked":["theMarked:TakeCover","theMarked:TwofoldDefense"],"picked":"theMarked:RepellingDischarge","floor":19},{"not_picked":["theMarked:Frustration","theMarked:Parkour"],"picked":"theMarked:KeepCalmAndFight+1","floor":20},{"not_picked":["theMarked:ChainLightning","theMarked:BanishingStrike"],"picked":"theMarked:ResourceFulStrike+1","floor":22},{"not_picked":["theMarked:CreepingChasm+1","theMarked:Friction"],"picked":"theMarked:ContemptForTheProud+1","floor":23},{"not_picked":["theMarked:Heritage","theMarked:Frustration"],"picked":"theMarked:TakeOffHeels","floor":25}],"player_experience":1889703,"relics_obtained":[{"floor":7,"key":"InkBottle"},{"floor":9,"key":"Bronze Scales"},{"floor":9,"key":"Pen Nib"},{"floor":13,"key":"hubris:Spice"},{"floor":23,"key":"hubris:Metronome"},{"floor":25,"key":"CaptainsWheel"}],"event_choices":[{"cards_removed":["theMarked:SoldierOfQuellstein"],"damage_healed":0,"gold_gain":0,"player_choice":"Give","damage_taken":0,"max_hp_gain":0,"max_hp_loss":0,"event_name":"betterNote:BetterNote","floor":4,"gold_loss":0,"cards_obtained":["None"]},{"damage_healed":0,"gold_gain":0,"player_choice":"Trade","damage_taken":0,"relics_obtained":["CultistMask"],"max_hp_gain":0,"max_hp_loss":0,"event_name":"FaceTrader","floor":12,"gold_loss":0}],"is_beta":false,"boss_relics":[{"not_picked":["energizedSpire:EnergizedDie","Empty Cage"],"picked":"SacredBark"}],"items_purged_floors":[],"is_endless":false,"potions_floor_spawned":[1,10,11,13,14,20,22,25],"killed_by":"3 Cultists","ascension_level":0}}