{"host":"mgar08cquislqm55","time":1611716916,"event":{"mods":["ATMod(°¢èªMod)","BaseMod","HololiveMod","Minty Spire (QoL Compilation)","Replay The Spire","StSLib","The Alterego","noobMod"],"gold_per_floor":[81,98,118,130,142,183,205,218,244,262,277,15,54,68,68,175,175,189,189,205,152,194,247,247,282,305,324,324,355,367,386,386,500,500,518,535,552,565,623,655,672,706,706,724,397,397,436,469,469,476,476,476,348,391,402],"floor_reached":56,"language":"ZHS","playtime":3331,"items_purged":[],"score":1650,"play_id":"e492f3bf-f8ef-4bc7-929c-a46044a60990","local_time":"20210127110836","is_ascension_mode":false,"campfire_choices":[{"floor":15,"key":"DIG"},{"floor":24,"key":"REST"},{"floor":32,"key":"RECALL"},{"data":"1","floor":46,"key":"LIFT"},{"data":"Hololive_CallManoAloe","floor":49,"key":"SMITH"},{"data":"AT_EmpoweredMortalDraw","floor":52,"key":"SMITH"}],"circlet_count":0,"master_deck":["Hololive_Strike","Hololive_Defend","Hololive_Defend","Hololive_CandyCastle","Hololive_CallNakiriAyame","Hololive_CallSakuraMiko","Hololive_CallMinatoAqua","Hololive_CallSpadeEcho","Hololive_CallNakiriAyame","AT_FamilyPortrait","Hololive_Rebirth+1","Hololive_CallTokoyamiTowa","Hololive_StrengthChampion","Hololive_CallMurasakiShion","Hololive_CallNatsuiroMatsuri","Hololive_CallShiroganeNoel","Hololive_FlyingPonyTail","Hololive_FlyingPonyTail","Hololive_Psychosis","Hololive_CallManoAloe+1","Hololive_StrengthChampion","Hololive_Psychosis","Hololive_FlyingPonyTail+1","Hololive_DurableLive","Hololive_CallHimemoriLuna","Hololive_StrengthChampion","Hololive_StrengthChampion","Hololive_CallMomosuzuNene+11","Hololive_StrengthChampion+1","Hololive_OvertimeWork","Hololive_CallHoshimachiSuisei","J.A.X.","Hololive_Rebound","Hololive_Spy+1","Hololive_StrengthChampion+1","Hololive_Thief","AT_EmpoweredMortalDraw+1","Hololive_OvertimeWork","Hololive_CocoNews+1","Hololive_FlyingPonyTail","Hololive_StrengthChampion+1","Hololive_CallAZKi","Hololive_CallManoAloe","Hololive_LuckPotion","Hololive_RevenueBasedLive+1","Hololive_RevenueBasedLive+1","Hololive_Psychosis+1","Hololive_OvertimeWork+1","Hololive_StrengthChampion+1","Hololive_CallDoris+1","Hololive_OpenUp+1"],"relics":["Hololive_TheStar","AT_ATBox","ice","Gremlin Horn","Anchor","AT_GuinsooRageblade","Matryoshka","AT_ArcaneBoots","Hololive_Finger","Nilry\u0027s Codex","Bronze Scales","Orichalcum","War Paint","AT_DeathDance","AT_MortalBlade","Girya","MealTicket","ReplayFunnel","Membership Card","Molten Egg 2","Replay:Kaleidoscope","AT_ImmortalShieldbow","ReplayTheSpireMod:TigerMarble"],"acts_visited":["Exordium","TheCity","TheBeyond","TheEnding"],"potions_floor_usage":[16,16,20,27,27,33,33,33,39,48,50],"damage_taken":[{"damage":0,"enemies":"Jaw Worm","floor":1,"turns":3},{"damage":5,"enemies":"2 Louse","floor":2,"turns":3},{"damage":0,"enemies":"Cultist","floor":3,"turns":3},{"damage":2,"enemies":"Lots of Slimes","floor":4,"turns":4},{"damage":0,"enemies":"Exordium Wildlife","floor":5,"turns":3},{"damage":0,"enemies":"3 Sentries","floor":6,"turns":4},{"damage":0,"enemies":"2 Fungi Beasts","floor":7,"turns":2},{"damage":0,"enemies":"Large Slime","floor":8,"turns":3},{"damage":0,"enemies":"Blue Slaver","floor":10,"turns":2},{"damage":0,"enemies":"2 Fungi Beasts","floor":11,"turns":3},{"damage":0,"enemies":"Lagavulin","floor":13,"turns":4},{"damage":0,"enemies":"Exordium Wildlife","floor":14,"turns":3},{"damage":0,"enemies":"The Guardian","floor":16,"turns":7},{"damage":0,"enemies":"Spheric Guardian","floor":18,"turns":3},{"damage":0,"enemies":"Shell Parasite","floor":20,"turns":3},{"damage":0,"enemies":"Snake Plant","floor":22,"turns":3},{"damage":0,"enemies":"Gremlin Leader","floor":23,"turns":5},{"damage":0,"enemies":"Snecko","floor":25,"turns":4},{"damage":0,"enemies":"Centurion and Healer","floor":27,"turns":3},{"damage":0,"enemies":"Book of Stabbing","floor":29,"turns":4},{"damage":0,"enemies":"Snake Plant","floor":30,"turns":3},{"damage":0,"enemies":"Snecko","floor":31,"turns":3},{"damage":0,"enemies":"Automaton","floor":33,"turns":7},{"damage":0,"enemies":"Orb Walker","floor":35,"turns":2},{"damage":0,"enemies":"3 Shapes","floor":36,"turns":3},{"damage":0,"enemies":"Sphere and 2 Shapes","floor":37,"turns":2},{"damage":0,"enemies":"Spire Growth","floor":38,"turns":3},{"damage":0,"enemies":"Mind Bloom Boss Battle","floor":39,"turns":3},{"damage":0,"enemies":"Giant Head","floor":40,"turns":4},{"damage":3,"enemies":"4 Shapes","floor":41,"turns":4},{"damage":0,"enemies":"3 Darklings","floor":42,"turns":2},{"damage":0,"enemies":"Writhing Mass","floor":44,"turns":3},{"damage":0,"enemies":"Reptomancer","floor":47,"turns":4},{"damage":0,"enemies":"Maw","floor":48,"turns":4},{"damage":7,"enemies":"Donu and Deca","floor":50,"turns":6},{"damage":7,"enemies":"Shield and Spear","floor":54,"turns":4},{"damage":8,"enemies":"The Heart","floor":55,"turns":6}],"seed_played":"1623347490196547959","potions_obtained":[{"floor":1,"key":"SteroidPotion"},{"floor":4,"key":"Block Potion"},{"floor":7,"key":"LiquidBronze"},{"floor":8,"key":"SkillPotion"},{"floor":10,"key":"Strength Potion"},{"floor":20,"key":"BlessingOfTheForge"},{"floor":22,"key":"Cursed Concoction"},{"floor":25,"key":"DistilledChaos"},{"floor":29,"key":"Weak Potion"},{"floor":31,"key":"SteroidPotion"},{"floor":33,"key":"Swift Potion"},{"floor":35,"key":"FearPotion"},{"floor":37,"key":"SteroidPotion"},{"floor":39,"key":"FairyPotion"},{"floor":44,"key":"DuplicationPotion"}],"is_trial":false,"path_per_floor":["M","M","M","M","M","E","M","M","T","M","M","$","E","M","R","B",null,"M","?","M","$","M","E","R","M","T","M","?","E","M","M","R","B",null,"M","M","M","M","?","E","M","M","T","M","$","R","E","M","R","B",null,"R","$","E","B",null],"character_chosen":"Hololive_HololiveCharacter","items_purchased":["AT_GuinsooRageblade","Hololive_StrengthChampion","Membership Card","Molten Egg 2","Hololive_Psychosis+1","Hololive_OvertimeWork+1","AT_ImmortalShieldbow"],"campfire_rested":1,"item_purchase_floors":[12,21,45,45,45,45,53],"current_hp_per_floor":[35,30,30,28,28,28,28,28,28,28,28,28,28,28,28,28,35,35,19,19,19,19,19,29,29,29,29,29,29,29,29,29,29,35,35,35,35,35,35,35,32,32,32,32,35,35,35,35,35,28,35,35,35,28,28],"gold":402,"neow_bonus":"TRANSFORM_CARD","is_daily":false,"chose_seed":false,"campfire_upgraded":2,"win_rate":0.0,"timestamp":1611716916,"path_taken":["M","M","M","M","M","E","M","M","T","M","M","$","E","M","R","BOSS","M","?","M","$","M","E","R","M","T","M","?","E","M","M","R","BOSS","M","M","M","M","?","E","M","M","T","M","$","R","E","M","R","BOSS","R","$","E","BOSS"],"items_purchased_type":["Relic","Card","Relic","Relic","Card","Card","Relic"],"build_version":"2020-12-22","purchased_purges":0,"victory":true,"max_hp_per_floor":[35,35,35,35,35,35,35,35,35,35,35,35,35,35,35,35,35,35,35,35,35,35,35,35,35,35,35,35,35,35,35,35,35,35,35,35,35,35,35,35,35,35,35,35,35,35,35,35,35,35,35,35,35,35,70],"card_choices":[{"not_picked":["Hololive_CocoNews","Hololive_HuntDinosaur","Hololive_Psychosis"],"picked":"Hololive_CallTokoyamiTowa","floor":1},{"not_picked":["Hololive_CallAZKi","Hololive_Psychosis","Hololive_OvertimeWork"],"picked":"Hololive_StrengthChampion","floor":2},{"not_picked":["Hololive_Sequa","Hololive_ManjiGathering","Hololive_Drill"],"picked":"Hololive_CallMurasakiShion","floor":3},{"not_picked":["Hololive_FlyingPonyTail","Hololive_Breathe","Hololive_CallFriendA"],"picked":"Hololive_CallNatsuiroMatsuri","floor":4},{"not_picked":["Hololive_RevenueBasedLive","Hololive_LuckPotion","Hololive_Rebound"],"picked":"Hololive_CallShiroganeNoel","floor":5},{"not_picked":["Hololive_Sequa","Hololive_AWSL","Hololive_CocoNews"],"picked":"Hololive_FlyingPonyTail","floor":6},{"not_picked":["Hololive_Trident","Hololive_Rebound","Hololive_CallSakuraMiko"],"picked":"Hololive_FlyingPonyTail","floor":7},{"not_picked":["Hololive_CallTokoyamiTowa","Hololive_Sequa","Hololive_OvertimeWork"],"picked":"Hololive_Psychosis","floor":8},{"not_picked":["Hololive_OvertimeWork","Hololive_StrengthChampion","Hololive_Psychosis"],"picked":"Hololive_CallManoAloe","floor":10},{"not_picked":["Hololive_RevenueBasedLive","Hololive_Breathe","Hololive_CallInugamiKorone"],"picked":"Hololive_StrengthChampion","floor":11},{"not_picked":["Hololive_CallFriendA","Hololive_CallAZKi","Hololive_WolfAndLamb"],"picked":"Hololive_Psychosis","floor":13},{"not_picked":["Hololive_OvertimeWork","Hololive_RevenueBasedLive","Hololive_HuntDinosaur"],"picked":"Hololive_FlyingPonyTail","floor":14},{"not_picked":["Hololive_Thief","Hololive_ASMR","Hololive_Rebirth"],"picked":"Hololive_DurableLive","floor":16},{"not_picked":["Hololive_CallAmaneKanata+1","Hololive_Watashimo","Hololive_HuntDinosaur"],"picked":"Hololive_CallHimemoriLuna","floor":18},{"not_picked":["Hololive_Rebound+1","Hololive_HuntDinosaur","Hololive_Breathe"],"picked":"Hololive_StrengthChampion","floor":20},{"not_picked":["Hololive_StrengthChampion","Hololive_RevenueBasedLive","Hololive_CocoNews"],"picked":"Hololive_CallMomosuzuNene","floor":22},{"not_picked":["Hololive_RevenueBasedLive+1","Hololive_Trident","Hololive_HuntDinosaur"],"picked":"Hololive_StrengthChampion+1","floor":23},{"not_picked":["Hololive_Trident+1","Hololive_HuntDinosaur","Hololive_Breathe+1"],"picked":"Hololive_OvertimeWork","floor":25},{"not_picked":["Hololive_RevenueBasedLive+1","Hololive_CallShishiroBotan","Hololive_CallKiryuuCoco+1"],"picked":"Hololive_CallHoshimachiSuisei","floor":27},{"not_picked":["Hololive_HuntDinosaur+1","Hololive_CallTokoyamiTowa","Hololive_CallShiranuiFlare"],"picked":"Hololive_Rebound","floor":29},{"not_picked":["Hololive_CallAkiRosenthal+1","Hololive_DurableLive","Hololive_Trident"],"picked":"Hololive_Spy+1","floor":30},{"not_picked":["Hololive_CallMurasakiShion","Hololive_CallMomosuzuNene","Hololive_HuntDinosaur+1"],"picked":"Hololive_StrengthChampion+1","floor":31},{"not_picked":["Hololive_Rebirth","Hololive_WolfAndLamb","Hololive_BeCareful"],"picked":"Hololive_Thief","floor":33},{"not_picked":["Hololive_Drill","Hololive_CallTokinoSora","Hololive_Breathe"],"picked":"Hololive_OvertimeWork","floor":35},{"not_picked":["Hololive_CallShiroganeNoel+1","Hololive_CallYogiri","Hololive_CallTsunomakiWatame"],"picked":"Hololive_CocoNews+1","floor":36},{"not_picked":["Hololive_CallSakuraMiko","Hololive_Sequa+1","Hololive_Breathe"],"picked":"Hololive_FlyingPonyTail","floor":37},{"not_picked":["Hololive_Sequa","Hololive_Drill","Hololive_RevenueBasedLive+1"],"picked":"Hololive_StrengthChampion+1","floor":38},{"not_picked":["Hololive_CallAmaneKanata","Hololive_FlyingPonyTail+1","Hololive_HuntDinosaur+1"],"picked":"Hololive_CallAZKi","floor":39},{"not_picked":["Hololive_LuckPotion+1","Hololive_FlyingPonyTail","Hololive_CallHoushouMarine"],"picked":"Hololive_CallManoAloe","floor":40},{"not_picked":["Hololive_Trident+1","Hololive_RevenueBasedLive+1","Hololive_Breathe+1"],"picked":"Hololive_LuckPotion","floor":41},{"not_picked":["Hololive_Nanodesu","Hololive_Teleport","Hololive_Breathe"],"picked":"Hololive_RevenueBasedLive+1","floor":42},{"not_picked":["Hololive_Drill","Hololive_CallMomosuzuNene+1","Hololive_CallOmaruPolka+1"],"picked":"Hololive_RevenueBasedLive+1","floor":44},{"not_picked":["Hololive_CallMomosuzuNene","Hololive_CallFriendA","Hololive_CallMoonaHoshinova+1"],"picked":"Hololive_StrengthChampion+1","floor":47},{"not_picked":["Hololive_Watashimo","Hololive_Psychosis+1","Hololive_DevilCharm"],"picked":"Hololive_CallDoris+1","floor":48},{"not_picked":["Hololive_Drill+1","Hololive_BeCareful","Hololive_CallHimemoriLuna+1"],"picked":"Hololive_OpenUp+1","floor":54}],"player_experience":34432,"relics_obtained":[{"floor":6,"key":"Gremlin Horn"},{"floor":9,"key":"Anchor"},{"floor":13,"key":"Matryoshka"},{"floor":15,"key":"AT_SpeedBoots"},{"floor":19,"key":"Nilry\u0027s Codex"},{"floor":23,"key":"Bronze Scales"},{"floor":26,"key":"Orichalcum"},{"floor":26,"key":"War Paint"},{"floor":29,"key":"AT_DeathDance"},{"floor":39,"key":"Girya"},{"floor":40,"key":"MealTicket"},{"floor":43,"key":"ReplayFunnel"},{"floor":47,"key":"Replay:Kaleidoscope"},{"floor":54,"key":"ReplayTheSpireMod:TigerMarble"}],"event_choices":[{"damage_healed":0,"gold_gain":0,"player_choice":"Obtained Book","damage_taken":16,"max_hp_gain":0,"max_hp_loss":0,"event_name":"Cursed Tome","floor":19,"gold_loss":0},{"damage_healed":0,"gold_gain":0,"player_choice":"Obtain J.A.X.","damage_taken":0,"max_hp_gain":0,"max_hp_loss":0,"event_name":"Drug Dealer","floor":28,"gold_loss":0,"cards_obtained":["J.A.X."]},{"damage_healed":0,"gold_gain":0,"player_choice":"Fight","damage_taken":0,"max_hp_gain":0,"max_hp_loss":0,"event_name":"MindBloom","floor":39,"gold_loss":0}],"is_beta":false,"boss_relics":[{"not_picked":["Replay:Drink Me","Honey Jar"],"picked":"Hololive_Finger"},{"not_picked":["Cursed Key","Painkiller Herb"],"picked":"AT_MortalBlade"}],"items_purged_floors":[],"is_endless":false,"potions_floor_spawned":[1,4,7,8,10,14,20,22,25,29,31,33,35,37,39,44],"ascension_level":0}}