{"host":"uv5ws9rdk87e8i5k","time":1611715941,"event":{"mods":["AchievementEnabler","BaseMod","Colored Map","Minty Spire (QoL Compilation)","Permanent Neow","Quick Restart","StSLib","SuperFastMode","The Animator","The Cursed","The Hierophant","The Necromancer"],"gold_per_floor":[114,132,143,154,154,184,184,184,184],"floor_reached":8,"language":"ENG","playtime":240,"items_purged":[],"score":90,"play_id":"58e81e00-86f4-45d4-9995-5d8ef15b4fa3","local_time":"20210126205221","is_ascension_mode":true,"campfire_choices":[{"data":"Siphon_Strength","floor":7.0,"key":"SMITH"}],"circlet_count":0,"master_deck":["AscendersBane","Strike_W","Strike_W","Strike_W","Strike_W","Defend_W","Defend_W","Defend_W","Defend_W","Negative_Energy_Arrows","Bone_Wall","Grasp_Heart","Bone_Prison","Siphon_Strength+1","Hellfire"],"relics":["Vampire_Amulet","Smiling Mask"],"acts_visited":["Exordium"],"potions_floor_usage":[],"damage_taken":[{"damage":2.0,"enemies":"Jaw Worm","floor":1.0,"turns":3.0},{"damage":0.0,"enemies":"Cultist","floor":2.0,"turns":3.0},{"damage":0.0,"enemies":"2 Louse","floor":3.0,"turns":2.0},{"damage":9.0,"enemies":"Exordium Thugs","floor":4.0,"turns":6.0},{"damage":15.0,"enemies":"Gremlin Nob","floor":6.0,"turns":4.0},{"damage":22,"enemies":"3 Sentries","floor":8,"turns":5}],"seed_played":"3673123332525428206","potions_obtained":[{"floor":2.0,"key":"Energy Potion"},{"floor":4.0,"key":"PowerPotion"}],"is_trial":false,"path_per_floor":["M","M","M","M","?","E","R","E"],"character_chosen":"NECROMANCER","items_purchased":[],"campfire_rested":0,"item_purchase_floors":[],"current_hp_per_floor":[68,70,74,69,69,56,56,38,38],"gold":184,"neow_bonus":"THREE_RARE_CARDS","is_daily":false,"chose_seed":false,"campfire_upgraded":1,"win_rate":0.0,"timestamp":1611715941,"path_taken":["M","M","M","M","?","E","R","E"],"items_purchased_type":[],"build_version":"2020-12-22","purchased_purges":0,"victory":false,"max_hp_per_floor":[75,75,75,75,75,75,75,75,75],"card_choices":[{"not_picked":["Blood_Magic","Detonate_Bones"],"picked":"Grasp_Heart","floor":0.0},{"not_picked":["Blood_Shield","Exploit","Bone_Armor"],"picked":"SKIP","floor":1.0},{"not_picked":["Bone_Shift","Bone_Armory","Bone_Bullets"],"picked":"SKIP","floor":2.0},{"not_picked":["Shackles_Of_Pain","Negative_Energy_Shield"],"picked":"Bone_Prison","floor":3.0},{"not_picked":["Life_Tap","Blood_Whip"],"picked":"Siphon_Strength","floor":4.0},{"not_picked":["Bone_Shift","Negative_Energy_Sphere"],"picked":"Hellfire","floor":6.0}],"player_experience":295267,"relics_obtained":[{"floor":6.0,"key":"Smiling Mask"}],"event_choices":[{"cards_removed":["TheCursedMod:Dregs"],"damage_healed":0.0,"max_hp_gain":0.0,"max_hp_loss":0.0,"gold_gain":0.0,"event_name":"Purifier","player_choice":"Purged","floor":5.0,"gold_loss":0.0,"damage_taken":0.0}],"is_beta":false,"boss_relics":[],"items_purged_floors":[],"is_endless":false,"potions_floor_spawned":[2,4],"killed_by":"3 Sentries","ascension_level":11}}