{"host":"17uzppmr1r5fe5jj","time":1611760966,"event":{"mods":["BaseMod","Minty Spire (QoL Compilation)","Quick Restart","StSLib"],"gold_per_floor":[114,128,128,128,141,141,171,198,198,216,68,80,6,6,6,102,102,114,114,114,127,27,27,41,56,56,71,82,82,115,133,133,235,235,251,301,318,318,318],"floor_reached":38,"language":"ZHS","playtime":3325,"items_purged":["Strike_R","Defend_R","Bash"],"score":438,"play_id":"48c3f458-71a6-49ee-85cf-9ab3fb3676c7","local_time":"20210127232246","is_ascension_mode":true,"campfire_choices":[{"data":"Fire Breathing","floor":6.0,"key":"SMITH"},{"data":"True Grit","floor":15.0,"key":"SMITH"},{"data":"Second Wind","floor":23.0,"key":"SMITH"},{"data":"Feed","floor":32.0,"key":"SMITH"}],"circlet_count":2,"master_deck":["Strike_R","Defend_R","Defend_R","Defend_R","Fire Breathing+1","Battle Trance+1","True Grit+1","Second Wind+1","Barricade+1","Flame Barrier","Feed+1","Berserk","Panacea","Sentinel+1","Writhe","Pommel Strike+1","Dual Wield","Sword Boomerang","Thunderclap+1","Inflame+1","Decay","Intimidate","Reaper","CurseOfTheBell","Dropkick","Feel No Pain"],"relics":["Burning Blood","Circlet","NeowsBlessing","Pen Nib","Eternal Feather","Letter Opener","Empty Cage","Kunai","Regal Pillow","Calling Bell","MealTicket","Paper Frog","Lizard Tail","WingedGreaves"],"acts_visited":["Exordium","TheCity","TheBeyond"],"potions_floor_usage":[],"damage_taken":[{"damage":0.0,"enemies":"2 Louse","floor":1.0,"turns":1.0},{"damage":0.0,"enemies":"Small Slimes","floor":2.0,"turns":1.0},{"damage":0.0,"enemies":"Cultist","floor":5.0,"turns":1.0},{"damage":17.0,"enemies":"3 Sentries","floor":8.0,"turns":4.0},{"damage":3.0,"enemies":"Exordium Wildlife","floor":10.0,"turns":5.0},{"damage":1.0,"enemies":"Looter","floor":12.0,"turns":3.0},{"damage":1.0,"enemies":"Slime Boss","floor":16.0,"turns":7.0},{"damage":55.0,"enemies":"3 Byrds","floor":18.0,"turns":6.0},{"damage":3.0,"enemies":"Spheric Guardian","floor":21.0,"turns":9.0},{"damage":2.0,"enemies":"Cultist and Chosen","floor":24.0,"turns":7.0},{"damage":0.0,"enemies":"Snecko","floor":25.0,"turns":6.0},{"damage":32.0,"enemies":"Shelled Parasite and Fungi","floor":27.0,"turns":8.0},{"damage":12.0,"enemies":"Cultist and Chosen","floor":28.0,"turns":5.0},{"damage":3.0,"enemies":"Gremlin Leader","floor":30.0,"turns":7.0},{"damage":24.0,"enemies":"Snake Plant","floor":31.0,"turns":5.0},{"damage":12.0,"enemies":"Champ","floor":33.0,"turns":14.0},{"damage":31.0,"enemies":"Orb Walker","floor":35.0,"turns":5.0},{"damage":30.0,"enemies":"Mind Bloom Boss Battle","floor":36.0,"turns":9.0},{"damage":75.0,"enemies":"3 Shapes","floor":37.0,"turns":3.0},{"damage":0,"enemies":"Spire Growth","floor":38,"turns":1}],"seed_played":"-5868160990196353996","potions_obtained":[{"floor":2.0,"key":"HeartOfIron"},{"floor":10.0,"key":"Dexterity Potion"},{"floor":12.0,"key":"Fire Potion"},{"floor":21.0,"key":"GamblersBrew"},{"floor":24.0,"key":"SkillPotion"},{"floor":27.0,"key":"HeartOfIron"},{"floor":30.0,"key":"Dexterity Potion"},{"floor":31.0,"key":"SpeedPotion"},{"floor":33.0,"key":"Weak Potion"},{"floor":36.0,"key":"Strength Potion"}],"is_trial":false,"path_per_floor":["M","M","?","?","M","R","?","E","T","M","$","M","$","?","R","B",null,"M","?","T","M","$","R","M","M","T","M","M","?","E","M","R","B",null,"M","?","M","M"],"character_chosen":"IRONCLAD","items_purchased":["LiquidMemories","Flame Barrier","Berserk","Panacea"],"campfire_rested":0,"item_purchase_floors":[11,13,17,17],"current_hp_per_floor":[80,80,62,55,61,61,61,50,50,53,53,58,58,42,51,56,75,29,29,29,35,35,44,51,57,57,34,28,28,37,19,31,32,90,65,51,50,50,50],"gold":318,"neow_bonus":"THREE_ENEMY_KILL","is_daily":false,"chose_seed":false,"campfire_upgraded":4,"win_rate":0.0,"timestamp":1611760966,"path_taken":["M","M","?","?","?","R","?","E","T","?","$","M","?","?","R","BOSS","M","?","?","M","$","R","M","M","T","M","?","?","E","M","R","BOSS","M","?","M","M"],"items_purchased_type":["Potion","Card","Card","Card"],"build_version":"2020-12-22","purchased_purges":3,"victory":false,"max_hp_per_floor":[80,80,80,80,80,80,80,80,80,80,80,80,80,80,80,80,75,78,78,78,76,76,76,79,79,79,82,82,82,88,88,88,95,90,90,89,89,89,89],"card_choices":[{"not_picked":["Carnage","Hemokinesis"],"picked":"Fire Breathing","floor":1.0},{"not_picked":["Shrug It Off","Cleave"],"picked":"Bomb","floor":2.0},{"not_picked":["Armaments","Uppercut"],"picked":"Battle Trance","floor":5.0},{"not_picked":["Clothesline","Sentinel"],"picked":"True Grit","floor":8.0},{"not_picked":["Armaments","Dark Embrace"],"picked":"Second Wind","floor":10.0},{"not_picked":["Flex","Bomb"],"picked":"Barricade","floor":12.0},{"not_picked":["Demon Form","Juggernaut"],"picked":"Feed","floor":16.0},{"not_picked":["Thunderclap","Sword Boomerang"],"picked":"Sentinel+1","floor":18.0},{"not_picked":["Shrug It Off","Wild Strike"],"picked":"Pommel Strike+1","floor":21.0},{"not_picked":["Immolate","Pommel Strike"],"picked":"Dual Wield","floor":24.0},{"not_picked":["Intimidate","Combust+1"],"picked":"Sword Boomerang","floor":25.0},{"not_picked":["Iron Wave","Heavy Blade"],"picked":"Thunderclap+1","floor":27.0},{"not_picked":["Rampage","Shrug It Off"],"picked":"Inflame+1","floor":28.0},{"not_picked":["Armaments","Evolve"],"picked":"Intimidate","floor":30.0},{"not_picked":["Twin Strike","Heavy Blade","Dual Wield"],"picked":"SKIP","floor":31.0},{"not_picked":["Barricade","Double Tap"],"picked":"Reaper","floor":33.0},{"not_picked":["Thunderclap","Ghostly Armor","Rampage"],"picked":"SKIP","floor":35.0},{"not_picked":["Hemokinesis+1","Intimidate"],"picked":"Dropkick","floor":36.0},{"not_picked":["Iron Wave","Flex+1"],"picked":"Feel No Pain","floor":37.0}],"player_experience":94709,"relics_obtained":[{"floor":8.0,"key":"Eternal Feather"},{"floor":9.0,"key":"Letter Opener"},{"floor":20.0,"key":"PillsDrop"},{"floor":26.0,"key":"Kunai"},{"floor":30.0,"key":"Regal Pillow"},{"floor":34.0,"key":"MealTicket"},{"floor":34.0,"key":"Paper Frog"},{"floor":34.0,"key":"Lizard Tail"},{"floor":36.0,"key":"WingedGreaves"}],"event_choices":[{"damage_healed":0.0,"max_hp_gain":0.0,"max_hp_loss":0.0,"gold_gain":0.0,"event_name":"Scrap Ooze","player_choice":"Success","floor":3.0,"gold_loss":0.0,"damage_taken":18.0,"relics_obtained":["TheBible"]},{"cards_removed":["Strike_R"],"damage_healed":0.0,"max_hp_gain":0.0,"max_hp_loss":0.0,"gold_gain":0.0,"event_name":"Golden Wing","player_choice":"Card Removal","floor":4.0,"gold_loss":0.0,"damage_taken":7.0},{"damage_healed":0.0,"max_hp_gain":0.0,"max_hp_loss":0.0,"gold_gain":30.0,"event_name":"Dead Adventurer","player_choice":"Searched \u00273\u0027 times","floor":7.0,"gold_loss":0.0,"damage_taken":0.0,"relics_obtained":["Pen Nib"]},{"damage_healed":0.0,"max_hp_gain":0.0,"max_hp_loss":0.0,"gold_gain":0.0,"event_name":"Shining Light","player_choice":"Entered Light","floor":14.0,"gold_loss":0.0,"damage_taken":16.0,"cards_upgraded":["Battle Trance","Barricade"]},{"damage_healed":0.0,"max_hp_gain":0.0,"max_hp_loss":0.0,"gold_gain":0.0,"event_name":"The Mausoleum","player_choice":"Opened","floor":19.0,"gold_loss":0.0,"damage_taken":0.0,"relics_obtained":["HowToJump"],"cards_obtained":["Writhe"]},{"damage_healed":0.0,"max_hp_gain":0.0,"max_hp_loss":0.0,"gold_gain":0.0,"event_name":"Forgotten Altar","player_choice":"Smashed Altar","floor":29.0,"gold_loss":0.0,"damage_taken":0.0,"cards_obtained":["Decay"]},{"damage_healed":0.0,"max_hp_gain":0.0,"max_hp_loss":0.0,"gold_gain":0.0,"event_name":"MindBloom","player_choice":"Fight","floor":36.0,"gold_loss":0.0,"damage_taken":0.0}],"is_beta":false,"boss_relics":[{"not_picked":["Cursed Key","Snecko Eye"],"picked":"Empty Cage"},{"not_picked":[]},{"not_picked":["Astrolabe","Busted Crown"],"picked":"Calling Bell"},{"not_picked":[]}],"items_purged_floors":[11,22,34],"is_endless":false,"potions_floor_spawned":[2,10,12,21,24,27,30,31,33,36],"killed_by":"Spire Growth","ascension_level":2}}