{"host":"xvjtz0l6trtfk8cl","time":1611760508,"event":{"mods":["BaseMod","Better Altar","Better Third Choice","Downfall","Fox Events","Hermit","Magitek Elite","Minty Spire (QoL Compilation)","StSLib","The Bladedancer","The Death Knight","The Hierophant","The Necromancer","Waifu the Spire"],"gold_per_floor":[119,119,119,134,209,209,209],"floor_reached":6,"language":"ENG","playtime":479,"items_purged":[],"score":34,"play_id":"b4c724b6-ecdc-4b90-9d01-ecf279e4dbde","local_time":"20210127091508","is_ascension_mode":false,"campfire_choices":[],"circlet_count":0,"master_deck":["DeathKnight:Strike_DeathKnight","DeathKnight:Strike_DeathKnight","DeathKnight:Strike_DeathKnight","DeathKnight:Strike_DeathKnight","DeathKnight:Defend_DeathKnight","DeathKnight:Defend_DeathKnight","DeathKnight:Defend_DeathKnight","DeathKnight:Defend_DeathKnight","DeathKnight:Defend_DeathKnight","DeathKnight:RuneTap","DeathKnight:RuneStrike","DeathKnight:GargoyleSkin","DeathKnight:Hysteria","DeathKnight:Hemostasis"],"relics":["DeathKnight:BrokenRuneblade","CultistMask"],"acts_visited":["Exordium"],"potions_floor_usage":[6],"damage_taken":[{"damage":2,"enemies":"Small Slimes","floor":1,"turns":5},{"damage":5,"enemies":"Cultist","floor":4,"turns":6},{"damage":65,"enemies":"Gremlin Nob","floor":6,"turns":6}],"seed_played":"-3151293004939130713","potions_obtained":[{"floor":4,"key":"DeathKnight:PlagueVial"}],"is_trial":false,"path_per_floor":["M","$","?","M","?","E"],"character_chosen":"DEATH_KNIGHT","items_purchased":[],"campfire_rested":0,"item_purchase_floors":[],"current_hp_per_floor":[73,73,73,68,57,0,0],"gold":209,"neow_bonus":"TRANSFORM_CARD","is_daily":false,"chose_seed":false,"campfire_upgraded":0,"win_rate":0.0,"timestamp":1611760508,"path_taken":["M","$","?","?","?","E"],"items_purchased_type":[],"build_version":"2020-12-22","purchased_purges":0,"victory":false,"max_hp_per_floor":[75,75,75,75,75,75,75],"card_choices":[{"not_picked":["DeathKnight:Contagion","DeathKnight:DeathGrip"],"picked":"DeathKnight:Hysteria","floor":1},{"not_picked":["DeathKnight:BoneSpear","DeathKnight:BloodTap"],"picked":"DeathKnight:Hemostasis","floor":4}],"player_experience":13744,"relics_obtained":[],"event_choices":[{"damage_healed":0,"gold_gain":0,"player_choice":"Trade","damage_taken":0,"relics_obtained":["CultistMask"],"max_hp_gain":0,"max_hp_loss":0,"event_name":"FaceTrader","floor":3,"gold_loss":0},{"damage_healed":0,"gold_gain":75,"player_choice":"Gold","damage_taken":11,"max_hp_gain":0,"max_hp_loss":0,"event_name":"betterThird:BetterGoop","floor":5,"gold_loss":0}],"is_beta":false,"boss_relics":[],"items_purged_floors":[],"is_endless":false,"potions_floor_spawned":[4],"killed_by":"Gremlin Nob","ascension_level":0}}