{"host":"fuszjwm6fqgjjp4d","time":1611754469,"event":{"mods":["BaseMod","Bestiary","Colored Map","DeckTracker","Minty Spire (QoL Compilation)","Permanent Neow","Relic Sorter","Relic Stats","StSLib"],"gold_per_floor":[114,129,144,94,94,94,124,124,124,151,193,205,232,284,296,408,420,447,474,666,693,705,717,744,786,798,840,867,879,921,948,960,1072,1084,1111,1138,525,525,125,155,170,200,200,200,230,230,245,275,275,275],"floor_reached":51,"language":"ENG","playtime":25911,"items_purged":["Strike_R","Static Discharge"],"score":885,"play_id":"af05fb36-cadf-4c10-b0c4-9ba7ddbbfcb9","local_time":"20210127073429","daily_mods":["Heirloom","Blue Cards","Elite Swarm"],"is_ascension_mode":false,"campfire_choices":[{"data":"1","floor":6.0,"key":"LIFT"},{"data":"2","floor":8.0,"key":"LIFT"},{"data":"3","floor":15.0,"key":"LIFT"},{"data":"Spot Weakness","floor":23.0,"key":"SMITH"},{"data":"Limit Break","floor":29,"key":"SMITH"},{"data":"Hologram","floor":32,"key":"SMITH"},{"data":"Feed","floor":44,"key":"SMITH"},{"data":"Sword Boomerang","floor":46,"key":"SMITH"},{"data":"Reaper","floor":49,"key":"SMITH"}],"circlet_count":0,"master_deck":["Strike_R","Strike_R","Strike_R","Defend_R","Defend_R","Defend_R","Defend_R","Bash+1","Sword Boomerang+1","Cleave","Machine Learning","Reaper+1","Inflame","Feed+1","Streamline+1","Spot Weakness+1","Headbutt+1","Limit Break+1","Hologram+1","Limit Break+1","Limit Break+1","Feed"],"relics":["Burning Blood","Girya","Unceasing Top","MawBank","Centennial Puzzle","Bottled Flame","Velvet Choker","FaceOfCleric","Dream Catcher","Nunchaku","Mummified Hand","Letter Opener","Philosopher\u0027s Stone","ClockworkSouvenir","Eternal Feather","Strawberry","DollysMirror","Potion Belt","Pantograph","Art of War","StrikeDummy","Thread and Needle","Torii"],"acts_visited":["Exordium","TheCity","TheBeyond"],"potions_floor_usage":[25,35,50,50],"damage_taken":[{"damage":5.0,"enemies":"2 Louse","floor":1.0,"turns":3.0},{"damage":1.0,"enemies":"Cultist","floor":2.0,"turns":4.0},{"damage":0.0,"enemies":"Small Slimes","floor":3.0,"turns":3.0},{"damage":24.0,"enemies":"3 Sentries","floor":7.0,"turns":6.0},{"damage":10.0,"enemies":"Red Slaver","floor":10.0,"turns":3.0},{"damage":14.0,"enemies":"Gremlin Nob","floor":11.0,"turns":3.0},{"damage":5.0,"enemies":"Large Slime","floor":13.0,"turns":5.0},{"damage":22.0,"enemies":"3 Sentries","floor":14.0,"turns":4.0},{"damage":40.0,"enemies":"Hexaghost","floor":16.0,"turns":6.0},{"damage":19.0,"enemies":"Shell Parasite","floor":18.0,"turns":6.0},{"damage":27.0,"enemies":"3 Byrds","floor":19.0,"turns":3.0},{"damage":10.0,"enemies":"Sentry and Sphere","floor":21.0,"turns":3.0},{"damage":8.0,"enemies":"Centurion and Healer","floor":24.0,"turns":3.0},{"damage":32,"enemies":"Slavers","floor":25,"turns":3},{"damage":22,"enemies":"Gremlin Leader","floor":27,"turns":5},{"damage":0,"enemies":"Snecko","floor":28,"turns":3},{"damage":38,"enemies":"Book of Stabbing","floor":30,"turns":4},{"damage":5,"enemies":"Cultist and Chosen","floor":31,"turns":3},{"damage":42,"enemies":"Champ","floor":33,"turns":7},{"damage":11,"enemies":"3 Shapes","floor":35,"turns":3},{"damage":11,"enemies":"Orb Walker","floor":36,"turns":2},{"damage":9,"enemies":"Giant Head","floor":40,"turns":3},{"damage":20,"enemies":"Sphere and 2 Shapes","floor":41,"turns":3},{"damage":57,"enemies":"Nemesis","floor":42,"turns":3},{"damage":14,"enemies":"Giant Head","floor":45,"turns":3},{"damage":11,"enemies":"3 Darklings","floor":47,"turns":2},{"damage":26,"enemies":"Reptomancer","floor":48,"turns":3},{"damage":33,"enemies":"Donu and Deca","floor":50,"turns":3}],"seed_played":"-8653540479942029245","potions_obtained":[{"floor":1.0,"key":"SkillPotion"},{"floor":3.0,"key":"SneckoOil"},{"floor":13.0,"key":"Regen Potion"},{"floor":16.0,"key":"Block Potion"},{"floor":18.0,"key":"Strength Potion"},{"floor":24.0,"key":"HeartOfIron"},{"floor":25,"key":"Swift Potion"},{"floor":30,"key":"Regen Potion"},{"floor":36,"key":"LiquidMemories"},{"floor":41,"key":"BlessingOfTheForge"},{"floor":47,"key":"Energy Potion"},{"floor":48,"key":"Fire Potion"}],"is_trial":false,"path_per_floor":["M","M","M","?","?","R","E","R","T","M","E","?","M","?","R","B",null,"M","M","?","M","?","R","M","E","T","E","M","R","E","M","R","B",null,"M","M","$","?","$","E","M","E","T","R","E","R","M","E","R","B",null],"character_chosen":"IRONCLAD","items_purchased":["ClockworkSouvenir","Eternal Feather","Strawberry","DollysMirror","Potion Belt"],"campfire_rested":0,"item_purchase_floors":[37,37,37,39,39],"current_hp_per_floor":[80,80,80,80,80,80,62,62,62,58,50,55,64,68,68,34,85,77,56,37,44,44,44,68,81,81,69,79,79,51,82,82,83,113,109,118,125,125,125,126,133,134,134,134,135,135,139,120,132,119],"gold":275,"neow_bonus":"","is_daily":true,"chose_seed":false,"campfire_upgraded":6,"win_rate":0.0,"timestamp":1611754469,"path_taken":["M","M","M","?","?","R","E","R","T","?","E","?","M","?","R","BOSS","M","M","?","?","?","R","M","E","T","E","?","R","E","M","R","BOSS","M","M","$","?","?","E","?","E","T","R","E","R","M","E","R","BOSS"],"items_purchased_type":["Relic","Relic","Relic","Relic","Relic"],"build_version":"2020-12-22","purchased_purges":2,"victory":true,"max_hp_per_floor":[80,80,80,80,80,80,80,80,80,80,80,85,85,85,85,85,85,88,88,88,91,91,91,95,96,96,100,104,104,108,109,109,113,113,114,118,125,125,125,129,133,134,134,134,135,135,139,140,140,141],"relic_stats":{"Torii":1,"counters":[28,102],"Eternal Feather":12,"Letter Opener":[98],"MawBank":336,"Burning Blood":132,"Centennial Puzzle":[63],"Dream Catcher":0,"Nunchaku":[8],"FaceOfCleric":16,"Mummified Hand":[23],"Pantograph":8,"Art of War":[0],"obtain_stats":[{"Potion Belt":39,"Girya":0,"Torii":48,"Velvet Choker":17,"Eternal Feather":37,"Thread and Needle":45,"Letter Opener":30,"MawBank":9,"Burning Blood":0,"ClockworkSouvenir":37,"Centennial Puzzle":11,"Bottled Flame":14,"Dream Catcher":25,"Nunchaku":26,"FaceOfCleric":22,"Mummified Hand":27,"DollysMirror":39,"Strawberry":37,"Pantograph":40,"Philosopher\u0027s Stone":34,"Art of War":42,"StrikeDummy":43,"Unceasing Top":7},{"Potion Belt":21,"Girya":0,"Torii":27,"Velvet Choker":9,"Eternal Feather":21,"Thread and Needle":25,"Letter Opener":17,"MawBank":4,"Burning Blood":0,"ClockworkSouvenir":21,"Centennial Puzzle":6,"Bottled Flame":8,"Dream Catcher":14,"Nunchaku":14,"FaceOfCleric":12,"Mummified Hand":15,"DollysMirror":21,"Strawberry":21,"Pantograph":22,"Philosopher\u0027s Stone":19,"Art of War":24,"StrikeDummy":24,"Unceasing Top":4},{"Potion Belt":82,"Girya":0,"Torii":99,"Velvet Choker":37,"Eternal Feather":82,"Thread and Needle":94,"Letter Opener":67,"MawBank":16,"Burning Blood":0,"ClockworkSouvenir":82,"Centennial Puzzle":22,"Bottled Flame":31,"Dream Catcher":55,"Nunchaku":55,"FaceOfCleric":49,"Mummified Hand":60,"DollysMirror":82,"Strawberry":82,"Pantograph":85,"Philosopher\u0027s Stone":77,"Art of War":91,"StrikeDummy":91,"Unceasing Top":16}],"Unceasing Top":[5]},"card_choices":[{"not_picked":["Metallicize","Chaos"],"picked":"Static Discharge","floor":1.0},{"not_picked":["Anger","Steam"],"picked":"Sword Boomerang","floor":2.0},{"not_picked":["Loop","Genetic Algorithm"],"picked":"Cleave","floor":3.0},{"not_picked":["Exhume","Berserk"],"picked":"Machine Learning","floor":7.0},{"not_picked":["Redo","Twin Strike","Warcry"],"picked":"SKIP","floor":10.0},{"not_picked":["Meteor Strike","Juggernaut"],"picked":"Reaper","floor":11.0},{"not_picked":["Dropkick","Pommel Strike"],"picked":"Inflame","floor":13.0},{"not_picked":["Immolate","Machine Learning"],"picked":"Feed","floor":16.0},{"not_picked":["Double Energy","Compile Driver"],"picked":"Streamline+1","floor":18.0},{"not_picked":["Heavy Blade+1","Sever Soul"],"picked":"Spot Weakness","floor":19.0},{"not_picked":["Clash","Gash+1","Headbutt+1"],"picked":"SKIP","floor":21.0},{"not_picked":["Clash","Gash+1"],"picked":"Headbutt+1","floor":21.0},{"not_picked":["Conserve Battery","Self Repair"],"picked":"Limit Break","floor":24.0},{"not_picked":["Biased Cognition","Corruption","Bludgeon"],"picked":"SKIP","floor":25},{"not_picked":["All For One","Biased Cognition","Brutality"],"picked":"SKIP","floor":27},{"not_picked":["Conserve Battery","Capacitor"],"picked":"Hologram","floor":28},{"not_picked":["Impervious","All For One","Fission"],"picked":"SKIP","floor":30},{"not_picked":["True Grit","Leap","Conserve Battery"],"picked":"SKIP","floor":31},{"not_picked":["Go for the Eyes+1","Static Discharge","White Noise"],"picked":"SKIP","floor":35},{"not_picked":["Ghostly Armor+1","True Grit","Clash"],"picked":"SKIP","floor":36},{"not_picked":["Machine Learning","Fission"],"picked":"Feed","floor":40},{"not_picked":["Headbutt+1","Sweeping Beam","Steam+1"],"picked":"SKIP","floor":41},{"not_picked":["Impervious","Corruption","Barricade"],"picked":"SKIP","floor":42},{"not_picked":["Creative AI","Exhume","Double Tap"],"picked":"SKIP","floor":45},{"not_picked":["Melter+1","Cold Snap","Turbo+1"],"picked":"SKIP","floor":47},{"not_picked":["Exhume","Juggernaut","All For One"],"picked":"SKIP","floor":48}],"player_experience":1361625,"relics_obtained":[{"floor":7.0,"key":"Unceasing Top"},{"floor":9.0,"key":"MawBank"},{"floor":11.0,"key":"Centennial Puzzle"},{"floor":14.0,"key":"Bottled Flame"},{"floor":25,"key":"Dream Catcher"},{"floor":26,"key":"Nunchaku"},{"floor":27,"key":"Mummified Hand"},{"floor":30,"key":"Letter Opener"},{"floor":40,"key":"Pantograph"},{"floor":42,"key":"Art of War"},{"floor":43,"key":"StrikeDummy"},{"floor":45,"key":"Thread and Needle"},{"floor":48,"key":"Torii"}],"event_choices":[{"cards_removed":["Strike_R"],"damage_healed":0.0,"max_hp_gain":0.0,"max_hp_loss":0.0,"gold_gain":0.0,"event_name":"The Cleric","player_choice":"Card Removal","floor":4.0,"gold_loss":50.0,"damage_taken":0.0},{"damage_healed":0.0,"max_hp_gain":0.0,"max_hp_loss":0.0,"gold_gain":0.0,"event_name":"Upgrade Shrine","player_choice":"Upgraded","floor":5.0,"gold_loss":0.0,"damage_taken":0.0,"cards_upgraded":["Bash"]},{"damage_healed":0.0,"max_hp_gain":5.0,"max_hp_loss":0.0,"gold_gain":0.0,"event_name":"Big Fish","player_choice":"Donut","floor":12.0,"gold_loss":0.0,"damage_taken":0.0},{"damage_healed":0.0,"max_hp_gain":0.0,"max_hp_loss":0.0,"gold_gain":0.0,"event_name":"Dead Adventurer","player_choice":"Searched \u00271\u0027 times","floor":14.0,"gold_loss":0.0,"damage_taken":0.0},{"damage_healed":0.0,"max_hp_gain":0.0,"max_hp_loss":0.0,"gold_gain":180.0,"event_name":"Knowing Skull","player_choice":"GOLD GOLD ","floor":20.0,"potions_obtained":[],"gold_loss":0.0,"damage_taken":19.0,"cards_obtained":[]},{"damage_healed":0.0,"max_hp_gain":0.0,"max_hp_loss":0.0,"gold_gain":0.0,"event_name":"FaceTrader","player_choice":"Trade","floor":22.0,"gold_loss":0.0,"damage_taken":0.0,"relics_obtained":["FaceOfCleric"]},{"damage_healed":0,"gold_gain":0,"player_choice":"Copied","damage_taken":0,"max_hp_gain":0,"max_hp_loss":0,"event_name":"Duplicator","floor":38,"gold_loss":0,"cards_obtained":["Limit Break"]}],"is_beta":false,"boss_relics":[{"not_picked":["Tiny House","Snecko Eye"],"picked":"Velvet Choker"},{"not_picked":["Cursed Key","Calling Bell"],"picked":"Philosopher\u0027s Stone"}],"items_purged_floors":[37,39],"is_endless":false,"potions_floor_spawned":[1,3,13,16,18,24,25,28,30,36,41,47,48],"ascension_level":0}}