{"host":"95ip98gf8c4vrv08","time":1611735152,"event":{"mods":["ATMod(??Mod)","BaseMod","Downfall","Minty Spire (QoL Compilation)","Quick Restart","Reimu??????","Relic Stats","Spicy Shops","StSLib","The Senshi","??????REMEMod","????"],"gold_per_floor":[99,114,130,230,241,133,213,223,278,278,238,256,356,367,387,489,489,138,158,118,131,231,242,242,242,259,274,293,114,114,21,31,130,130,55,74,88,29,29,40,40,40,40,40,72,72,72,86,96,96],"floor_reached":51,"language":"ZHS","playtime":3233,"items_purged":["Slimebound:Strike_Slimebound"],"score":748,"play_id":"3d300617-a225-44db-bf02-08aea294b529","local_time":"20210127161232","is_ascension_mode":false,"campfire_choices":[{"data":"Slimebound:Split","floor":1,"key":"SMITH"},{"floor":10,"key":"REST"},{"floor":25,"key":"REST"},{"floor":44,"key":"REST"},{"floor":47,"key":"REST"}],"circlet_count":0,"master_deck":["Slimebound:Strike_Slimebound+1","Slimebound:Tackle","Slimebound:Defend_Slimebound","Slimebound:Defend_Slimebound","Slimebound:Defend_Slimebound","Slimebound:Defend_Slimebound","Slimebound:Split+1","Slimebound:CorrosiveSpit+1","Slimebound:LeadByExample","Slimebound:MegaLick","Slimebound:PressTheAttack","Slimebound:ForwardTackle","expansioncontent:Hexaburn","Slimebound:Repurpose","Slimebound:TongueLash","Slimebound:RainOfGoop","Slimebound:LevelUp","Slimebound:Repurpose","Slimebound:MinionMaster","Slimebound:SlimeSpikes+1","Slimebound:MegaLick+1","Slimebound:RejuvenatingLick","Slimebound:SplitLeeching+1","Slimebound:LeechingTouch","Slimebound:SplitMire","Slimebound:MegaLick+1","Slimebound:SlimeTap+1","Slimebound:ProtectTheBoss","Slimebound:ItLooksTasty+1","Slimebound:Schlurp","Slimebound:SlimeSpikes","Slimebound:ProtectTheBoss","Slimebound:PrepareCrush","Slimebound:SamplingLick+1","Slimebound:SpikyOuterGoop+1","Slimebound:Grow+1","Slimebound:PrepareCrush","Slimebound:BestDefense","Slimebound:SplitLeeching+1","Slimebound:SplitMire+1","expansioncontent:AwakenDeath","expansioncontent:QuickStudy+1","expansioncontent:AwakenDeath","Parasite","Slimebound:RejuvenatingLick+1","Slimebound:Prepare+1"],"relics":["Slimebound:AbsorbEndCombat","REME_ComplimentaryCards","AT_ATBox","Question Card","Darkstone Periapt","PaintedHorse:ReiMu","bronze:MakeshiftBattery","Regal Pillow","HandDrill","ZunR:ReiMu","AT_SilvercatRing","Gremlin Horn","MutagenicStrength","Fusion Hammer","Membership Card","Toxic Egg 2","AT_SunfireAegis","War Paint"],"acts_visited":["Exordium","TheCity","TheBeyond"],"potions_floor_usage":[2,16,23,28,28,33,50,50],"damage_taken":[{"damage":5,"enemies":"Small Slimes","floor":2,"turns":3},{"damage":11,"enemies":"Jaw Worm","floor":3,"turns":4},{"damage":2,"enemies":"2 Louse","floor":5,"turns":2},{"damage":0,"enemies":"downfall:FleeingMerchant","floor":6,"turns":4},{"damage":26,"enemies":"Exordium Thugs","floor":8,"turns":5},{"damage":27,"enemies":"Gremlin Nob","floor":9,"turns":4},{"damage":17,"enemies":"3 Louse","floor":12,"turns":3},{"damage":7,"enemies":"Large Slime","floor":14,"turns":3},{"damage":10,"enemies":"2 Fungi Beasts","floor":15,"turns":3},{"damage":40,"enemies":"IC_STATUS_ARCHETYPE","floor":16,"turns":7},{"damage":5,"enemies":"Chosen","floor":19,"turns":4},{"damage":24,"enemies":"Snake Plant","floor":21,"turns":3},{"damage":44,"enemies":"Chosen and Byrds","floor":23,"turns":7},{"damage":27,"enemies":"Snecko","floor":26,"turns":6},{"damage":24,"enemies":"3 Cultists","floor":27,"turns":5},{"damage":6,"enemies":"Chosen and Byrds","floor":28,"turns":6},{"damage":0,"enemies":"downfall:FleeingMerchant","floor":29,"turns":4},{"damage":9,"enemies":"downfall:FleeingMerchant","floor":31,"turns":4},{"damage":13,"enemies":"Centurion and Healer","floor":32,"turns":5},{"damage":10,"enemies":"DF_ARCHETYPE_CLAW","floor":33,"turns":7},{"damage":17,"enemies":"3 Darklings","floor":36,"turns":6},{"damage":0,"enemies":"Orb Walker","floor":37,"turns":3},{"damage":4,"enemies":"downfall:FleeingMerchant","floor":38,"turns":4},{"damage":17,"enemies":"4 Shapes","floor":40,"turns":5},{"damage":26,"enemies":"Giant Head","floor":45,"turns":7},{"damage":17,"enemies":"Writhing Mass","floor":48,"turns":4},{"damage":11,"enemies":"Spire Growth","floor":49,"turns":4},{"damage":90,"enemies":"SI_POISON_ARCHETYPE","floor":50,"turns":6}],"seed_played":"3137576731874189552","potions_obtained":[{"floor":2,"key":"REME_GoldPotion"},{"floor":3,"key":"GamblersBrew"},{"floor":9,"key":"ZuzhouPotion:ReiMu"},{"floor":12,"key":"DuplicationPotion"},{"floor":16,"key":"Ancient Potion"},{"floor":19,"key":"Fire Potion"},{"floor":32,"key":"SkillPotion"},{"floor":33,"key":"SteroidPotion"},{"floor":45,"key":"GamblersBrew"},{"floor":49,"key":"ZuzhouPotion:ReiMu"}],"is_trial":false,"path_per_floor":["R","M","M","?","M","$","T","M","?","R","?","M","?","M","M","B",null,"R","M","?","M","?","M","T","R","M","M","M","$","?","$","M","B",null,"R","M","M","$","?","M","T","$","?","R","E","?","R","M","M","B",null],"character_chosen":"SLIMEBOUND","items_purchased":["expansioncontent:Hexaburn","Regal Pillow","HandDrill","Slimebound:SlimeSpikes","Slimebound:ProtectTheBoss","Gremlin Horn","Slimebound:Schlurp","Slimebound:SlimeSpikes","Membership Card","Slimebound:PrepareCrush","Toxic Egg 2","Slimebound:BestDefense"],"campfire_rested":4,"item_purchase_floors":[6,18,18,18,29,29,31,31,38,38,38,38],"current_hp_per_floor":[71,68,61,61,65,71,71,53,34,55,55,46,46,43,37,5,71,71,70,70,49,49,13,13,49,28,12,14,22,22,19,14,12,71,71,61,69,69,69,58,58,58,58,71,49,39,71,64,61,40],"gold":96,"neow_bonus":"TEN_PERCENT_HP_BONUS","is_daily":false,"chose_seed":false,"campfire_upgraded":1,"win_rate":0.0,"timestamp":1611735152,"path_taken":["R","M","M","?","M","$","T","M","?","R","?","M","?","M","M","BOSS","R","M","?","M","?","M","T","R","?","M","M","$","?","$","M","BOSS","R","M","M","$","?","?","T","?","?","R","E","?","R","?","M","BOSS"],"items_purchased_type":["Card","Relic","Relic","Card","Card","Relic","Card","Card","Relic","Card","Relic","Card"],"build_version":"2020-12-22","purchased_purges":1,"victory":true,"max_hp_per_floor":[71,71,71,71,71,71,71,71,71,71,71,71,71,71,71,71,71,71,71,71,71,71,71,71,71,71,71,71,71,71,71,71,71,71,71,71,71,71,71,71,71,71,71,71,71,71,71,77,77,77],"relic_stats":{"Darkstone Periapt":6,"Regal Pillow":26,"Gremlin Horn":[8,8],"counters":[28,126],"HandDrill":[34],"War Paint":["Slimebound:CorrosiveSpit","Slimebound:SlimeSpikes"],"Question Card":26,"obtain_stats":[{"Darkstone Periapt":9,"Regal Pillow":18,"AT_ATBox":0,"Gremlin Horn":29,"ZunR:ReiMu":20,"AT_SilvercatRing":24,"War Paint":45,"Question Card":7,"PaintedHorse:ReiMu":11,"MutagenicStrength":30,"Fusion Hammer":34,"Slimebound:AbsorbEndCombat":0,"HandDrill":18,"Membership Card":38,"Toxic Egg 2":38,"AT_SunfireAegis":41,"bronze:MakeshiftBattery":17,"REME_ComplimentaryCards":0},{"Darkstone Periapt":5,"Regal Pillow":10,"AT_ATBox":0,"Gremlin Horn":17,"ZunR:ReiMu":11,"AT_SilvercatRing":13,"War Paint":25,"Question Card":4,"PaintedHorse:ReiMu":6,"MutagenicStrength":17,"Fusion Hammer":20,"Slimebound:AbsorbEndCombat":0,"HandDrill":10,"Membership Card":23,"Toxic Egg 2":23,"AT_SunfireAegis":24,"bronze:MakeshiftBattery":10,"REME_ComplimentaryCards":0},{"Darkstone Periapt":18,"Regal Pillow":38,"AT_ATBox":0,"Gremlin Horn":72,"ZunR:ReiMu":42,"AT_SilvercatRing":52,"War Paint":112,"Question Card":13,"PaintedHorse:ReiMu":22,"MutagenicStrength":72,"Fusion Hammer":88,"Slimebound:AbsorbEndCombat":0,"HandDrill":38,"Membership Card":101,"Toxic Egg 2":101,"AT_SunfireAegis":106,"bronze:MakeshiftBattery":38,"REME_ComplimentaryCards":0}]},"card_choices":[{"not_picked":["Slimebound:ComboTackle","Slimebound:Replication"],"picked":"Slimebound:LeadByExample","floor":2},{"not_picked":["Slimebound:LeechEnergy","Slimebound:Grow"],"picked":"Slimebound:MegaLick","floor":3},{"not_picked":["Slimebound:Prepare","Slimebound:LeadByExample"],"picked":"Slimebound:PressTheAttack","floor":5},{"not_picked":["Slimebound:PressTheAttack","Slimebound:MegaLick"],"picked":"Slimebound:ForwardTackle","floor":6},{"not_picked":["Slimebound:SlimeBrawl","Slimebound:SpikyOuterGoop","Slimebound:Nibble"],"picked":"Slimebound:Repurpose","floor":8},{"not_picked":["Slimebound:ComboTackle","Slimebound:HauntingLick","Slimebound:SplitMire"],"picked":"Slimebound:TongueLash","floor":9},{"not_picked":["Slimebound:SplitMire","Slimebound:GoopSpray","Slimebound:Schlurp"],"picked":"Slimebound:RainOfGoop","floor":12},{"not_picked":["Slimebound:Grow","Slimebound:Prepare","Slimebound:LeechEnergy"],"picked":"Slimebound:LevelUp","floor":14},{"not_picked":["Slimebound:DisruptingSlam","Slimebound:ProtectTheBoss","Slimebound:PressTheAttack"],"picked":"Slimebound:Repurpose","floor":15},{"not_picked":["Slimebound:DuplicatedForm","Slimebound:OneTwoCombo","Slimebound:Overexert"],"picked":"Slimebound:MinionMaster","floor":16},{"not_picked":["Slimebound:LeechingTouch","Slimebound:ComboTackle","Slimebound:Chomp+1"],"picked":"Slimebound:MegaLick+1","floor":19},{"not_picked":["Slimebound:BestDefense","Slimebound:PressTheAttack","Slimebound:RollThrough+1"],"picked":"Slimebound:RejuvenatingLick","floor":21},{"not_picked":["Slimebound:ComboTackle","Slimebound:FormOfPuddle","Slimebound:GoopTackle"],"picked":"Slimebound:SplitLeeching+1","floor":23},{"not_picked":["Slimebound:BestDefense+1","Slimebound:SplitAcid+1","Slimebound:GoopTackle"],"picked":"Slimebound:LeechingTouch","floor":26},{"not_picked":["Slimebound:PressTheAttack+1","Slimebound:DouseInSlime","Slimebound:SplitBruiser"],"picked":"Slimebound:SplitMire","floor":27},{"not_picked":["Slimebound:Repurpose+1","Slimebound:HauntingLick","Slimebound:ComboTackle"],"picked":"Slimebound:MegaLick+1","floor":28},{"not_picked":["Slimebound:ViciousTackle","Slimebound:ForwardTackle","Slimebound:SpikyOuterGoop"],"picked":"Slimebound:SlimeTap+1","floor":29},{"not_picked":["Slimebound:RallyTheTroops","Slimebound:SplitBruiser","Slimebound:ComboTackle"],"picked":"Slimebound:ItLooksTasty+1","floor":31},{"not_picked":["Slimebound:LevelUp+1","Slimebound:GoopTackle","Slimebound:HauntingLick+1"],"picked":"Slimebound:ProtectTheBoss","floor":32},{"not_picked":["Slimebound:LeechLife","Slimebound:WasteNot","Slimebound:DouseInSlime"],"picked":"Slimebound:PrepareCrush","floor":33},{"not_picked":["Slimebound:FinishingTackle","Slimebound:Prepare","Slimebound:HauntingLick"],"picked":"Slimebound:SamplingLick+1","floor":36},{"not_picked":["Slimebound:LeechingTouch+1","Slimebound:SplitBruiser","Slimebound:ComboTackle"],"picked":"Slimebound:SpikyOuterGoop+1","floor":37},{"not_picked":["Slimebound:Repurpose","Slimebound:FlameTackle+1","Slimebound:HauntingLick+1"],"picked":"Slimebound:Grow+1","floor":38},{"not_picked":["Slimebound:GoopSpray+1","Slimebound:ItLooksTasty","Slimebound:ComboTackle"],"picked":"Slimebound:SplitLeeching+1","floor":40},{"not_picked":["Slimebound:FlameTackle","Slimebound:GoopSpray+1","Slimebound:ComboTackle+1"],"picked":"Slimebound:SplitMire+1","floor":45},{"not_picked":["expansioncontent:HyperBeam","expansioncontent:DecaShield"],"picked":"expansioncontent:AwakenDeath","floor":46},{"not_picked":["expansioncontent:InvincibleStrength","expansioncontent:DecaShield"],"picked":"expansioncontent:QuickStudy","floor":46},{"not_picked":["expansioncontent:DashGenerateEvil","expansioncontent:DecaShield"],"picked":"expansioncontent:AwakenDeath","floor":46},{"not_picked":["Slimebound:HauntingLick+1","Slimebound:GoopTackle","Slimebound:RollThrough"],"picked":"Slimebound:RejuvenatingLick+1","floor":48},{"not_picked":["Slimebound:SlimeSpikes+1","Slimebound:LeechingTouch","Slimebound:RollThrough"],"picked":"Slimebound:Prepare+1","floor":49}],"player_experience":202189,"relics_obtained":[{"floor":7,"key":"Question Card"},{"floor":24,"key":"AT_SilvercatRing"},{"floor":41,"key":"AT_SunfireAegis"},{"floor":45,"key":"War Paint"}],"event_choices":[{"damage_healed":0,"gold_gain":0,"player_choice":"??","damage_taken":0,"relics_obtained":["PaintedHorse:ReiMu"],"max_hp_gain":0,"max_hp_loss":0,"event_name":"yidonshenshe","floor":11,"gold_loss":40},{"damage_healed":0,"gold_gain":0,"player_choice":"????","damage_taken":0,"relics_obtained":["ZunR:ReiMu"],"max_hp_gain":0,"max_hp_loss":0,"event_name":"ZunEvent","floor":20,"gold_loss":40},{"damage_healed":0,"gold_gain":0,"player_choice":"Inject Mutagens","damage_taken":0,"relics_obtained":["MutagenicStrength"],"max_hp_gain":0,"max_hp_loss":0,"event_name":"Drug Dealer","floor":30,"gold_loss":0},{"cards_removed":["Slimebound:Strike_Slimebound"],"damage_healed":0,"gold_gain":0,"player_choice":"Card Removal","damage_taken":0,"max_hp_gain":0,"max_hp_loss":0,"event_name":"Wheel of Change","floor":39,"gold_loss":0}],"is_beta":false,"boss_relics":[{"not_picked":["REME_ChargedStone","Runic Dome"],"picked":"bronze:MakeshiftBattery"},{"not_picked":["Snecko Eye","Calling Bell"],"picked":"Fusion Hammer"}],"items_purged_floors":[35],"is_endless":false,"potions_floor_spawned":[2,3,9,12,15,16,19,21,32,33,45,49],"ascension_level":0}}