{"host":"2fgwwnzqc97k7iys","time":1611781603,"event":{"mods":["BaseMod","Colored Map","Minty Spire (QoL Compilation)","Quick Restart","Relic Stats"],"gold_per_floor":[368,381,142,159,170,170,200,200,200,231,242,242,257,276,276,372,372,359,371,32,47,65,65,65],"floor_reached":23,"language":"ENG","playtime":5571,"items_purged":["Defend_G","Strike_G"],"score":300,"play_id":"67602962-9227-4abe-8272-9be45b41823f","local_time":"20210127150643","is_ascension_mode":true,"campfire_choices":[{"data":"Quick Slash","floor":6,"key":"SMITH"},{"data":"Quick Slash","floor":8,"key":"SMITH"},{"data":"Deadly Poison","floor":15,"key":"SMITH"}],"circlet_count":0,"master_deck":["Strike_G","Strike_G","Strike_G","Defend_G","Defend_G","Defend_G","Defend_G","Survivor","Neutralize","Leg Sweep","Quick Slash+1","Footwork","Flash of Steel","Dash","Quick Slash+1","Adrenaline","Footwork","Deadly Poison+1","A Thousand Cuts","PiercingWail","Escape Plan","Finesse","Dodge and Roll","Dagger Spray","Cloak And Dagger"],"relics":["Ring of the Snake","Toy Ornithopter","Orichalcum","HornCleat","Philosopher\u0027s Stone","Orrery"],"acts_visited":["Exordium","TheCity"],"potions_floor_usage":[7,18],"damage_taken":[{"damage":1,"enemies":"Jaw Worm","floor":1,"turns":3},{"damage":0,"enemies":"Cultist","floor":2,"turns":4},{"damage":0,"enemies":"2 Louse","floor":4,"turns":3},{"damage":1,"enemies":"Blue Slaver","floor":5,"turns":4},{"damage":4,"enemies":"Lagavulin","floor":7,"turns":7},{"damage":6,"enemies":"3 Sentries","floor":10,"turns":9},{"damage":2,"enemies":"Red Slaver","floor":11,"turns":4},{"damage":0,"enemies":"Large Slime","floor":13,"turns":4},{"damage":0,"enemies":"Exordium Thugs","floor":14,"turns":4},{"damage":4,"enemies":"Hexaghost","floor":16,"turns":9},{"damage":2,"enemies":"2 Thieves","floor":18,"turns":4},{"damage":4,"enemies":"Shell Parasite","floor":19,"turns":4},{"damage":2,"enemies":"Chosen and Byrds","floor":21,"turns":5},{"damage":0,"enemies":"3 Cultists","floor":22,"turns":6},{"damage":42,"enemies":"Slavers","floor":23,"turns":6}],"seed_played":"-479109648053791512","potions_obtained":[{"floor":4,"key":"Energy Potion"},{"floor":7,"key":"Poison Potion"},{"floor":11,"key":"Block Potion"},{"floor":13,"key":"PowerPotion"},{"floor":18,"key":"LiquidMemories"}],"is_trial":false,"path_per_floor":["M","M","$","M","M","R","E","R","T","E","M","?","M","M","R","B",null,"M","M","$","M","M","E"],"character_chosen":"THE_SILENT","items_purchased":["Footwork","Flash of Steel","Finesse","Orrery"],"campfire_rested":0,"item_purchase_floors":[3,3,20,20],"current_hp_per_floor":[44,44,44,44,43,43,39,39,39,33,31,31,31,31,31,27,59,62,58,58,56,56,14,14],"gold":65,"neow_bonus":"TWO_FIFTY_GOLD","is_daily":false,"chose_seed":false,"campfire_upgraded":3,"win_rate":0.0,"timestamp":1611781603,"path_taken":["M","M","$","M","M","R","E","R","T","E","M","?","M","M","R","BOSS","M","M","$","?","M","E"],"items_purchased_type":["Card","Card","Card","Relic"],"build_version":"2020-12-22","purchased_purges":2,"victory":false,"max_hp_per_floor":[70,70,70,70,70,70,70,70,70,70,70,70,70,70,70,70,70,70,70,70,70,70,70,70],"relic_stats":{"counters":[15,75],"Orichalcum":[36],"obtain_stats":[{"HornCleat":10,"Orrery":20,"Philosopher\u0027s Stone":17,"Orichalcum":9,"Toy Ornithopter":7,"Ring of the Snake":0},{"HornCleat":6,"Orrery":12,"Philosopher\u0027s Stone":10,"Orichalcum":5,"Toy Ornithopter":5,"Ring of the Snake":0},{"HornCleat":30,"Orrery":59,"Philosopher\u0027s Stone":51,"Orichalcum":21,"Toy Ornithopter":21,"Ring of the Snake":0}],"Toy Ornithopter":5,"Ring of the Snake":[30]},"card_choices":[{"not_picked":["Sucker Punch","Quick Slash"],"picked":"Leg Sweep","floor":1},{"not_picked":["Dodge and Roll","Acrobatics"],"picked":"Quick Slash","floor":2},{"not_picked":["Slice","Footwork"],"picked":"Dash","floor":4},{"not_picked":["Eviscerate","Flying Knee"],"picked":"Quick Slash","floor":5},{"not_picked":["Endless Agony","Quick Slash"],"picked":"Adrenaline","floor":7},{"not_picked":["Riddle With Holes","Bane","Eviscerate"],"picked":"SKIP","floor":10},{"not_picked":["Outmaneuver","Bane","Dagger Throw"],"picked":"SKIP","floor":11},{"not_picked":["Dagger Spray","Quick Slash"],"picked":"Footwork","floor":13},{"not_picked":["Poisoned Stab","Bullet Time"],"picked":"Deadly Poison","floor":14},{"not_picked":["Storm of Steel","Tools of the Trade"],"picked":"A Thousand Cuts","floor":16},{"not_picked":["Reflex+1","Endless Agony+1"],"picked":"PiercingWail","floor":18},{"not_picked":["Predator","Dagger Spray"],"picked":"Escape Plan","floor":19},{"not_picked":["Dagger Spray","Poisoned Stab+1"],"picked":"Dodge and Roll","floor":20},{"not_picked":["Poisoned Stab","Dodge and Roll"],"picked":"Dagger Spray","floor":20},{"not_picked":["Quick Slash","Sucker Punch+1"],"picked":"Cloak And Dagger","floor":20},{"not_picked":["Prepared","Dagger Spray+1","Dodge and Roll"],"picked":"SKIP","floor":21},{"not_picked":["Flying Knee","Dagger Throw","Sucker Punch"],"picked":"SKIP","floor":22}],"player_experience":511355,"relics_obtained":[{"floor":7,"key":"Toy Ornithopter"},{"floor":9,"key":"Orichalcum"},{"floor":10,"key":"HornCleat"}],"event_choices":[{"cards_removed":["Strike_G"],"damage_healed":0,"gold_gain":0,"player_choice":"Offered Basic","damage_taken":0,"max_hp_gain":0,"max_hp_loss":0,"event_name":"Bonfire Elementals","floor":12,"gold_loss":0}],"is_beta":false,"boss_relics":[{"not_picked":["Velvet Choker","Tiny House"],"picked":"Philosopher\u0027s Stone"}],"items_purged_floors":[3,20],"is_endless":false,"potions_floor_spawned":[4,7,11,13,16,18,22],"killed_by":"Slavers","ascension_level":9}}