{"host":"eeb412nj2w7f9cz8","time":1611739789,"event":{"mods":["Act Like it!","BaseMod","Downfall","Gensokyo","Minty Spire (QoL Compilation)","Ryuuou¡˙Õı","StSLib"],"gold_per_floor":[99,111,211,231,241,241,241,252,52,64,75,75,75,93,113,214,214,214,225,235,145,245,345,368,368,394,294,310,310,340,87,103,200,200,200,212,396,415,465,495,495,25,25,25,25,45,55,71,86,86,86,119,30,30,30,30,30,30],"floor_reached":56,"language":"ZHS","playtime":5947,"items_purged":["champ:Strike"],"score":761,"play_id":"f31273ad-1509-410a-bba3-878d3214776c","local_time":"20210127172949","is_ascension_mode":false,"campfire_choices":[{"data":"champ:Taunt","floor":1.0,"key":"SMITH"},{"floor":6.0,"key":"RECALL"},{"data":"champ:Circumvent","floor":9.0,"key":"SMITH"},{"data":"champ:FlashCut","floor":13.0,"key":"SMITH"},{"data":"champ:GladiatorForm","floor":18.0,"key":"SMITH"},{"data":"champ:LastStand","floor":27.0,"key":"SMITH"},{"data":"J.A.X.","floor":29.0,"key":"SMITH"},{"data":"champ:ArenaPreparation","floor":35.0,"key":"SMITH"},{"data":"expansioncontent:PolyBeam","floor":45.0,"key":"SMITH"},{"floor":54.0,"key":"REST"}],"circlet_count":0,"master_deck":["champ:Strike","champ:Execute","champ:Taunt+1","champ:FocusedDefense","champ:EnGarde","champ:Circumvent+1","champ:FlashCut+1","champ:IronFortress","champ:GladiatorForm+1","champ:ArenaPreparation+1","champ:TripleStrike","champ:RapidStrikes","champ:CrookedStrike","J.A.X.+1","champ:TornadoPunch","champ:LastStand+1","champ:FalseCounter+1","champ:BringItOn","champ:ArenaPreparation+1","champ:Improvising","champ:SwordThrow+1","champ:TornadoPunch+1","champ:Improvising+1","champ:MurderStrike","champ:BringItOn+1","champ:UltimateStance","champ:FanOfKnives+1","champ:Encircle","expansioncontent:AwakenDeath","expansioncontent:PolyBeam+1","expansioncontent:PrepareCrush","champ:FancyFootwork+1","champ:VampiricStrike","expansioncontent:InvincibleStrength"],"relics":["champ:ChampionCrownUpgraded","downfall:HeartBlessingRed","downfall:HeartBlessingBlue","Meat on the Bone","MutagenicStrength","champ:BlackKnightHelmet","Pear","Potion Belt","Nunchaku","downfall:HeartBlessingGreen","Oddly Smooth Stone","Letter Opener","Astrolabe","Ancient Tea Set","Dead Branch","Orichalcum","Juzu Bracelet","Orrery","Question Card","StrikeDummy"],"acts_visited":["Exordium","TheCity","TheBeyond","TheEnding"],"potions_floor_usage":[],"damage_taken":[{"damage":11.0,"enemies":"2 Louse","floor":2.0,"turns":2.0},{"damage":10.0,"enemies":"Cultist","floor":4.0,"turns":3.0},{"damage":10.0,"enemies":"Jaw Worm","floor":5.0,"turns":5.0},{"damage":12.0,"enemies":"Blue Slaver","floor":8.0,"turns":4.0},{"damage":11.0,"enemies":"3 Louse","floor":10.0,"turns":4.0},{"damage":20.0,"enemies":"Exordium Thugs","floor":11.0,"turns":6.0},{"damage":16.0,"enemies":"Lots of Slimes","floor":14.0,"turns":4.0},{"damage":10.0,"enemies":"Blue Slaver","floor":15.0,"turns":3.0},{"damage":85.0,"enemies":"WA_ARCHETYPE_RETAIN","floor":16.0,"turns":14.0},{"damage":56.0,"enemies":"Spheric Guardian","floor":19.0,"turns":6.0},{"damage":35.0,"enemies":"Chosen","floor":20.0,"turns":2.0},{"damage":65.0,"enemies":"downfall:FleeingMerchant","floor":21.0,"turns":4.0},{"damage":84.0,"enemies":"downfall:Augmenter","floor":22.0,"turns":5.0},{"damage":67.0,"enemies":"downfall:Augmenter","floor":23.0,"turns":6.0},{"damage":86.0,"enemies":"Slavers","floor":26.0,"turns":6.0},{"damage":26.0,"enemies":"Centurion and Healer","floor":28.0,"turns":5.0},{"damage":72.0,"enemies":"Gremlin Leader","floor":30.0,"turns":4.0},{"damage":38.0,"enemies":"downfall:FleeingMerchant","floor":31.0,"turns":4.0},{"damage":20.0,"enemies":"Snake Plant","floor":32.0,"turns":2.0},{"damage":95.0,"enemies":"DF_ARCHETYPE_CLAW","floor":33.0,"turns":7.0},{"damage":38.0,"enemies":"Orb Walker","floor":36.0,"turns":3.0},{"damage":20.0,"enemies":"downfall:FleeingMerchant","floor":37.0,"turns":1.0},{"damage":47.0,"enemies":"3 Shapes","floor":38.0,"turns":1.0},{"damage":43.0,"enemies":"3 Shapes","floor":39.0,"turns":5.0},{"damage":77.0,"enemies":"Nemesis","floor":40.0,"turns":5.0},{"damage":70.0,"enemies":"Writhing Mass","floor":46.0,"turns":3.0},{"damage":49.0,"enemies":"Sphere and 2 Shapes","floor":47.0,"turns":5.0},{"damage":35.0,"enemies":"Jaw Worm Horde","floor":48.0,"turns":3.0},{"damage":73.0,"enemies":"4 Shapes","floor":49.0,"turns":4.0},{"damage":41.0,"enemies":"IC_BLOCK_ARCHETYPE","floor":50.0,"turns":6.0},{"damage":186.0,"enemies":"downfall:CharBossMerchant","floor":52.0,"turns":8.0},{"damage":166.0,"enemies":"downfall:NeowBoss","floor":55.0,"turns":17.0},{"damage":137,"enemies":"downfall:NeowBossFinal","floor":56,"turns":9}],"seed_played":"3142500783949904637","potions_obtained":[{"floor":2.0,"key":"Energy Potion"},{"floor":8.0,"key":"champ:CounterPotion"},{"floor":14.0,"key":"ColorlessPotion"},{"floor":16.0,"key":"BlessingOfTheForge"},{"floor":22.0,"key":"SteroidPotion"},{"floor":23.0,"key":"Ancient Potion"},{"floor":32.0,"key":"LiquidBronze"},{"floor":36.0,"key":"FearPotion"},{"floor":39.0,"key":"PowerPotion"},{"floor":40.0,"key":"Block Potion"},{"floor":49.0,"key":"SneckoOil"},{"floor":52.0,"key":"champ:CounterPotion"}],"is_trial":false,"path_per_floor":["R","M","?","M","M","R","T","M","R","M","M","T","R","M","M","B",null,"R","M","M","$","?","?","T","?","E","R","M","R","E","$","M","B",null,"R","M","$","M","?","E","T","$","?","?","R","M","M","M","M","B",null,"E","$","R","B","B"],"character_chosen":"THE_CHAMP","items_purchased":["Letter Opener","Ancient Tea Set","Orrery","Question Card","champ:Encircle","expansioncontent:InvincibleStrength"],"campfire_rested":1,"item_purchase_floors":[31,37,42,42,42,53],"current_hp_per_floor":[99,98,98,98,98,98,98,96,106,105,105,105,105,99,99,66,109,109,88,100,100,76,56,56,56,47,47,53,53,53,62,74,56,119,119,116,116,104,101,101,101,101,101,91,91,103,94,96,63,64,119,57,57,92,69,0,0,0],"gold":30,"neow_bonus":"TEN_PERCENT_HP_BONUS","is_daily":false,"chose_seed":false,"campfire_upgraded":8,"win_rate":0.0,"timestamp":1611739789,"path_taken":["R","M","?","?","?","R","T","M","R","M","M","?","R","M","M","BOSS","R","M","M","$","?","?","T","?","E","R","?","R","E","?","M","BOSS","R","M","$","M","?","E","T","$","?","?","R","M","M","M","M","BOSS","E","$","R","BOSS","BOSS"],"items_purchased_type":["Relic","Relic","Relic","Relic","Card","Card"],"build_version":"2020-12-22","purchased_purges":1,"victory":false,"max_hp_per_floor":[99,99,99,99,99,99,99,99,109,109,109,109,109,109,109,109,109,109,109,109,109,109,119,119,119,119,119,119,119,119,119,119,119,119,119,119,119,119,119,119,119,119,119,119,119,119,119,119,119,119,119,119,119,119,119,119,119,119],"card_choices":[{"not_picked":["champ:EndlessRage","champ:SetATrap"],"picked":"champ:FocusedDefense","floor":2.0},{"not_picked":["champ:FanOfKnives","champ:BerserkersShout"],"picked":"champ:EnGarde","floor":4.0},{"not_picked":["champ:ShieldSlam","champ:Shatter","champ:BladeFlurry"],"picked":"SKIP","floor":5.0},{"not_picked":["champ:EnGarde","champ:Backstep"],"picked":"champ:Circumvent","floor":8.0},{"not_picked":["champ:HeartStrike","champ:RecklessLeap","champ:GladiatorStyle"],"picked":"SKIP","floor":10.0},{"not_picked":["champ:GutPunch","champ:Shatter"],"picked":"champ:FlashCut","floor":11.0},{"not_picked":["champ:GutPunch","champ:EnragedBash","champ:Shatter"],"picked":"SKIP","floor":14.0},{"not_picked":["champ:Shatter","champ:EnragedBash"],"picked":"champ:IronFortress","floor":15.0},{"not_picked":["champ:SteelEdge","champ:LastStand"],"picked":"champ:GladiatorForm","floor":16.0},{"not_picked":["champ:DeathBlow+1","champ:EnGarde"],"picked":"champ:ArenaPreparation+1","floor":19.0},{"not_picked":["champ:Backstep","champ:EnGarde+1","champ:FanOfKnives"],"picked":"SKIP","floor":20.0},{"not_picked":["champ:AdrenalArmor","champ:BringItOn"],"picked":"champ:TripleStrike","floor":21.0},{"not_picked":[],"picked":"J.A.X.","floor":22.0},{"not_picked":["champ:StanceDance","champ:Lariat+1"],"picked":"champ:TornadoPunch","floor":22.0},{"not_picked":["champ:EnGarde","champ:StanceDance"],"picked":"champ:LastStand","floor":23.0},{"not_picked":["champ:HeavySlash","champ:FanOfKnives"],"picked":"champ:FalseCounter+1","floor":26.0},{"not_picked":["champ:TornadoPunch","champ:Lariat"],"picked":"champ:BringItOn","floor":28.0},{"not_picked":["champ:Parry+1","champ:FlashCut","champ:BerserkersShout+1"],"picked":"SKIP","floor":30.0},{"not_picked":["champ:HeartStrike","champ:StanceDance"],"picked":"champ:ArenaPreparation","floor":31.0},{"not_picked":["champ:Duel","champ:EnGarde+1","champ:FocusedDefense"],"picked":"SKIP","floor":32.0},{"not_picked":["champ:TripleStrike","champ:HoldFirm"],"picked":"champ:Improvising","floor":33.0},{"not_picked":["champ:AdrenalArmor","champ:PreciseThrust+1","champ:FanOfKnives"],"picked":"SKIP","floor":36.0},{"not_picked":["champ:ShieldSlam+1","champ:FancyFootwork"],"picked":"champ:MurderStrike","floor":37.0},{"not_picked":["champ:Backstep+1","champ:DefensiveShout","champ:RapidStrikes"],"picked":"SKIP","floor":38.0},{"not_picked":["champ:Haymaker","champ:PerfectedStrike+1"],"picked":"champ:BringItOn+1","floor":39.0},{"not_picked":["champ:AdrenalArmor","champ:PerfectedStrike","champ:PreciseThrust+1"],"picked":"SKIP","floor":40.0},{"not_picked":["champ:Backstep","champ:CrownThrow"],"picked":"champ:UltimateStance","floor":42.0},{"not_picked":["champ:CalledShot+1","champ:Circumvent+1"],"picked":"champ:FanOfKnives+1","floor":42.0},{"not_picked":["expansioncontent:PolyBeam","expansioncontent:HyperBeam","expansioncontent:Hexaburn"],"picked":"expansioncontent:AwakenDeath","floor":44.0},{"not_picked":["expansioncontent:AwakenDeath","expansioncontent:HyperBeam","expansioncontent:YouAreMine"],"picked":"expansioncontent:PolyBeam","floor":44.0},{"not_picked":["expansioncontent:Hexaburn","expansioncontent:Chronoboost","expansioncontent:AwakenDeath"],"picked":"expansioncontent:PrepareCrush","floor":44.0},{"not_picked":["champ:Haymaker+1","champ:SkillfulDodge+1","champ:BerserkersShout"],"picked":"champ:FancyFootwork+1","floor":46.0},{"not_picked":["champ:GutPunch","champ:Shatter+1","champ:PreciseThrust+1","champ:Circumvent"],"picked":"SKIP","floor":47.0},{"not_picked":["champ:Haymaker+1","champ:Improvising","champ:StanceDance","champ:TornadoPunch"],"picked":"SKIP","floor":48.0},{"not_picked":["champ:FanOfKnives+1","champ:RapidStrikes+1","champ:EnGarde+1","champ:FocusedDefense"],"picked":"SKIP","floor":49.0},{"not_picked":["champ:ViciousMockery+1","champ:Haymaker","champ:FanOfKnives+1"],"picked":"champ:VampiricStrike","floor":52.0}],"player_experience":113836,"relics_obtained":[{"floor":12.0,"key":"Meat on the Bone"},{"floor":22.0,"key":"MutagenicStrength"},{"floor":23.0,"key":"champ:BlackKnightHelmet"},{"floor":23.0,"key":"Pear"},{"floor":24.0,"key":"Potion Belt"},{"floor":26.0,"key":"Nunchaku"},{"floor":30.0,"key":"Oddly Smooth Stone"},{"floor":39.0,"key":"Dead Branch"},{"floor":40.0,"key":"Orichalcum"},{"floor":41.0,"key":"Juzu Bracelet"},{"floor":52.0,"key":"StrikeDummy"}],"event_choices":[{"cards_removed":["champ:Defend"],"damage_healed":0.0,"max_hp_gain":0.0,"max_hp_loss":0.0,"gold_gain":0.0,"event_name":"Falling","player_choice":"Removed Skill","floor":43.0,"gold_loss":0.0,"damage_taken":0.0}],"is_beta":false,"boss_relics":[{"not_picked":["Runic Pyramid","Pandora\u0027s Box"],"picked":"champ:ChampionCrownUpgraded"},{"not_picked":["SacredBark","Empty Cage"],"picked":"Astrolabe"}],"items_purged_floors":[21],"is_endless":false,"potions_floor_spawned":[2,8,14,16,22,23,32,36,39,40,49,52],"killed_by":"downfall:NeowBossFinal","ascension_level":0}}