{"host":"5x08nt64u3vxxcfi","time":1611733132,"event":{"mods":["BaseMod","Minty Spire (QoL Compilation)","StSLib","SuperFastMode"],"gold_per_floor":[115,115,115,128,147,182,182,260,285,285,313,327,129,155,155,254,254,268,268,286,297,309,309,309],"floor_reached":23,"language":"KOR","playtime":473,"items_purged":[],"score":271,"play_id":"47ee8342-a95a-496a-bea2-6074717fd8a5","local_time":"20210127163852","is_ascension_mode":true,"campfire_choices":[{"data":"Uppercut","floor":7.0,"key":"SMITH"},{"data":"Perfected Strike","floor":10.0,"key":"SMITH"},{"data":"Perfected Strike","floor":15,"key":"SMITH"}],"circlet_count":0,"master_deck":["Strike_R","Strike_R","Strike_R+1","Strike_R","Strike_R","Defend_R+1","Bash","Perfected Strike+1","Disarm","Uppercut+1","Perfected Strike+1","Seeing Red","Perfected Strike","Offering","Armaments+1","Corruption+1","Pummel+1","Evolve+1","Battle Trance","Berserk","Entrench"],"relics":["Burning Blood","NeowsBlessing","Tiny Chest","Dream Catcher","Happy Flower","PreservedInsect","Bottled Lightning","Astrolabe","Pen Nib"],"acts_visited":["Exordium","TheCity"],"potions_floor_usage":[23,23,23],"damage_taken":[{"damage":0.0,"enemies":"Jaw Worm","floor":1.0,"turns":1.0},{"damage":0.0,"enemies":"Cultist","floor":4.0,"turns":1.0},{"damage":0.0,"enemies":"2 Louse","floor":5.0,"turns":2.0},{"damage":26.0,"enemies":"Lagavulin","floor":6.0,"turns":8.0},{"damage":0.0,"enemies":"Gremlin Nob","floor":11.0,"turns":2.0},{"damage":6.0,"enemies":"Red Slaver","floor":12.0,"turns":2.0},{"damage":5.0,"enemies":"3 Sentries","floor":14.0,"turns":3.0},{"damage":31,"enemies":"Hexaghost","floor":16,"turns":7},{"damage":17,"enemies":"Shell Parasite","floor":18,"turns":4},{"damage":16,"enemies":"Chosen","floor":20,"turns":4},{"damage":17,"enemies":"Shelled Parasite and Fungi","floor":21,"turns":3},{"damage":33,"enemies":"3 Cultists","floor":22,"turns":5},{"damage":24,"enemies":"Book of Stabbing","floor":23,"turns":3}],"seed_played":"2267791478125606150","potions_obtained":[{"floor":5.0,"key":"FearPotion"},{"floor":11.0,"key":"Dexterity Potion"},{"floor":12.0,"key":"SkillPotion"},{"floor":18,"key":"EssenceOfSteel"},{"floor":20,"key":"DuplicationPotion"}],"is_trial":false,"path_per_floor":["M","?","?","M","M","E","R","?","T","R","E","M","$","E","R","B",null,"M","?","M","M","M","E"],"character_chosen":"IRONCLAD","items_purchased":["PreservedInsect","Perfected Strike"],"campfire_rested":0,"item_purchase_floors":[13,13],"current_hp_per_floor":[80,64,64,70,76,56,56,56,56,56,62,62,62,63,63,38,80,69,69,59,48,21,0,0],"gold":309,"neow_bonus":"THREE_ENEMY_KILL","is_daily":false,"chose_seed":false,"campfire_upgraded":3,"win_rate":0.0,"timestamp":1611733132,"path_taken":["M","?","?","?","M","E","R","?","T","R","E","M","$","E","R","BOSS","M","?","M","?","M","E"],"items_purchased_type":["Relic","Card"],"build_version":"2020-12-22","purchased_purges":0,"victory":false,"max_hp_per_floor":[80,80,80,80,80,80,80,80,80,80,80,80,80,80,80,80,80,80,80,80,80,80,80,80],"card_choices":[{"not_picked":["Metallicize","Havoc"],"picked":"Perfected Strike","floor":1.0},{"not_picked":["Whirlwind","Warcry"],"picked":"Disarm","floor":4.0},{"not_picked":["Havoc","Whirlwind"],"picked":"Uppercut","floor":5.0},{"not_picked":["Headbutt","Double Tap"],"picked":"Perfected Strike","floor":6.0},{"not_picked":["Cleave","Sword Boomerang","Anger"],"picked":"SKIP","floor":11.0},{"not_picked":["Dark Embrace","Evolve"],"picked":"Seeing Red","floor":12.0},{"not_picked":["Bludgeon","Feed","True Grit"],"picked":"SKIP","floor":14},{"not_picked":["Berserk","Feed"],"picked":"Offering","floor":16},{"not_picked":["Anger","Hemokinesis"],"picked":"Evolve+1","floor":18},{"not_picked":["Cleave","Body Slam+1"],"picked":"Battle Trance","floor":20},{"not_picked":["Sword Boomerang","Body Slam"],"picked":"Berserk","floor":21},{"not_picked":["Spot Weakness","Sword Boomerang+1"],"picked":"Entrench","floor":22}],"player_experience":112404,"relics_obtained":[{"floor":6.0,"key":"Tiny Chest"},{"floor":9.0,"key":"Dream Catcher"},{"floor":11.0,"key":"Happy Flower"},{"floor":14,"key":"Bottled Lightning"}],"event_choices":[{"damage_healed":0.0,"max_hp_gain":0.0,"max_hp_loss":0.0,"gold_gain":0.0,"event_name":"Shining Light","player_choice":"Entered Light","floor":2.0,"gold_loss":0.0,"damage_taken":16.0,"cards_upgraded":["Strike_R","Defend_R"]},{"damage_healed":0.0,"max_hp_gain":0.0,"max_hp_loss":0.0,"gold_gain":0.0,"event_name":"Match and Keep!","player_choice":"0 cards matched","floor":3.0,"gold_loss":0.0,"damage_taken":0.0,"cards_obtained":[]},{"damage_healed":0.0,"max_hp_gain":0.0,"max_hp_loss":0.0,"gold_gain":78.0,"event_name":"Golden Wing","player_choice":"Gained Gold","floor":8.0,"gold_loss":0.0,"damage_taken":0.0},{"damage_healed":0,"gold_gain":0,"player_choice":"Gave Potion","damage_taken":0,"relics_obtained":["Pen Nib"],"max_hp_gain":0,"max_hp_loss":0,"event_name":"WeMeetAgain","floor":19,"gold_loss":0}],"is_beta":false,"boss_relics":[{"not_picked":["Runic Cube","Runic Pyramid"],"picked":"Astrolabe"}],"items_purged_floors":[],"is_endless":false,"potions_floor_spawned":[5,11,12,18,20,21],"killed_by":"Book of Stabbing","ascension_level":3}}