{"host":"4pckc3u5mqcilakq","time":1611759461,"event":{"mods":["AchievementEnabler","BaseMod","Colored Map","Colored Powertips","Highlight Path","Minty Spire (QoL Compilation)"],"gold_per_floor":[117,132,150,164,175,175,202,202,256,271,283,295,323,342,342,443,493,509,527,527,543,543,572,584,217,265,297,309,353,353,428,428,428,428],"floor_reached":33,"language":"ENG","playtime":1809,"items_purged":[],"score":467,"play_id":"33de79b6-bef2-4edd-bfae-4e73713035e8","local_time":"20210127175741","is_ascension_mode":true,"campfire_choices":[{"data":"Dagger Throw","floor":6.0,"key":"SMITH"},{"data":"Dagger Spray","floor":8.0,"key":"SMITH"},{"data":"Neutralize","floor":15.0,"key":"SMITH"},{"data":"Dodge and Roll","floor":24.0,"key":"SMITH"},{"data":"Dodge and Roll","floor":30.0,"key":"SMITH"},{"floor":32,"key":"REST"}],"circlet_count":0,"master_deck":["Strike_G+1","Strike_G+1","Strike_G+1","Strike_G+1","Strike_G+1","Defend_G+1","Defend_G+1","Defend_G+1","Defend_G+1","Defend_G+1","Survivor","Neutralize+1","Poisoned Stab","Bane","Die Die Die","Dagger Spray+1","Dagger Throw+1","Adrenaline","Acrobatics","Dodge and Roll+1","Adrenaline","Tools of the Trade","Dodge and Roll+1","After Image","Flying Knee","Finisher+1","Bane+1","Tools of the Trade","Bane+1","Poisoned Stab"],"relics":["HoveringKite","Centennial Puzzle","Anchor","Letter Opener","Tiny House","MawBank","Akabeko","Nunchaku","Blood Vial","CeramicFish"],"acts_visited":["Exordium","TheCity"],"potions_floor_usage":[33],"damage_taken":[{"damage":2.0,"enemies":"Cultist","floor":1.0,"turns":4.0},{"damage":0.0,"enemies":"2 Louse","floor":2.0,"turns":3.0},{"damage":1.0,"enemies":"Jaw Worm","floor":3.0,"turns":3.0},{"damage":19.0,"enemies":"Exordium Wildlife","floor":4.0,"turns":5.0},{"damage":1.0,"enemies":"2 Fungi Beasts","floor":5.0,"turns":2.0},{"damage":2.0,"enemies":"3 Sentries","floor":7.0,"turns":4.0},{"damage":0.0,"enemies":"Exordium Thugs","floor":10.0,"turns":2.0},{"damage":0.0,"enemies":"Large Slime","floor":11.0,"turns":2.0},{"damage":0.0,"enemies":"3 Louse","floor":12.0,"turns":3.0},{"damage":15.0,"enemies":"Gremlin Nob","floor":13.0,"turns":3.0},{"damage":0.0,"enemies":"2 Fungi Beasts","floor":14.0,"turns":2.0},{"damage":2.0,"enemies":"Hexaghost","floor":16.0,"turns":9.0},{"damage":14.0,"enemies":"Shell Parasite","floor":18.0,"turns":8.0},{"damage":0.0,"enemies":"Spheric Guardian","floor":19.0,"turns":3.0},{"damage":20.0,"enemies":"Snecko","floor":21.0,"turns":6.0},{"damage":0.0,"enemies":"Gremlin Leader","floor":23.0,"turns":7.0},{"damage":24.0,"enemies":"Slavers","floor":27.0,"turns":3.0},{"damage":0.0,"enemies":"Centurion and Healer","floor":28.0,"turns":2.0},{"damage":16.0,"enemies":"Book of Stabbing","floor":29.0,"turns":5.0},{"damage":42,"enemies":"Champ","floor":33,"turns":10}],"seed_played":"7313757128967596300","potions_obtained":[{"floor":2.0,"key":"DuplicationPotion"},{"floor":4.0,"key":"Energy Potion"},{"floor":7.0,"key":"SpeedPotion"},{"floor":10.0,"key":"ColorlessPotion"},{"floor":17.0,"key":"CunningPotion"},{"floor":18.0,"key":"Poison Potion"}],"is_trial":false,"path_per_floor":["M","M","M","M","M","R","E","R","T","M","M","M","E","M","R","B",null,"M","M","?","M","?","E","R","$","T","E","M","E","R","?","R","B"],"character_chosen":"THE_SILENT","items_purchased":["Akabeko","Nunchaku","Tools of the Trade"],"campfire_rested":1,"item_purchase_floors":[25,25,25],"current_hp_per_floor":[61,61,60,41,40,40,38,38,38,38,38,38,23,23,23,21,63,49,49,74,54,54,54,54,54,54,30,32,18,18,11,33,0,0],"gold":428,"neow_bonus":"BOSS_RELIC","is_daily":false,"chose_seed":false,"campfire_upgraded":5,"win_rate":0.0,"timestamp":1611759461,"path_taken":["M","M","M","M","M","R","E","R","T","?","M","M","E","M","R","BOSS","M","M","?","M","?","E","R","?","T","E","M","E","R","?","R","BOSS"],"items_purchased_type":["Relic","Relic","Card"],"build_version":"2020-12-22","purchased_purges":0,"victory":false,"max_hp_per_floor":[70,70,70,70,70,70,70,70,70,70,70,70,70,70,70,70,75,75,75,75,75,75,75,75,75,75,75,75,75,75,75,75,75,75],"card_choices":[{"not_picked":["Cloak And Dagger","Dagger Throw"],"picked":"Poisoned Stab","floor":1.0},{"not_picked":["Escape Plan","Underhanded Strike"],"picked":"Bane","floor":2.0},{"not_picked":["Quick Slash","Eviscerate"],"picked":"Die Die Die","floor":3.0},{"not_picked":["Cloak And Dagger","Outmaneuver"],"picked":"Dagger Spray","floor":4.0},{"not_picked":["PiercingWail","Outmaneuver"],"picked":"Dagger Throw","floor":5.0},{"not_picked":["Distraction","Quick Slash"],"picked":"Adrenaline","floor":7.0},{"not_picked":["Crippling Poison","Dash"],"picked":"Acrobatics","floor":10.0},{"not_picked":["Choke","Blade Dance"],"picked":"Dodge and Roll","floor":11.0},{"not_picked":["Quick Slash","Backflip"],"picked":"Adrenaline","floor":12.0},{"not_picked":["Expertise","Quick Slash"],"picked":"Tools of the Trade","floor":13.0},{"not_picked":["Endless Agony","Riddle With Holes"],"picked":"Dodge and Roll","floor":14.0},{"not_picked":["Burst","Storm of Steel"],"picked":"After Image","floor":16.0},{"not_picked":["Deflect","Outmaneuver"],"picked":"Flying Knee","floor":17.0},{"not_picked":["Dagger Throw","Deflect"],"picked":"Finisher+1","floor":18.0},{"not_picked":["Backflip","Outmaneuver+1","Sucker Punch"],"picked":"SKIP","floor":19.0},{"not_picked":["Prepared","PiercingWail+1"],"picked":"Bane+1","floor":21.0},{"not_picked":["Skewer","Dash","Backflip"],"picked":"SKIP","floor":23.0},{"not_picked":["Poisoned Stab","Skewer","PiercingWail"],"picked":"SKIP","floor":27.0},{"not_picked":["Dodge and Roll","Bouncing Flask"],"picked":"Bane+1","floor":28.0},{"not_picked":["Heel Hook","Glass Knife"],"picked":"Poisoned Stab","floor":29.0}],"player_experience":195559,"relics_obtained":[{"floor":7.0,"key":"Centennial Puzzle"},{"floor":9.0,"key":"Anchor"},{"floor":13.0,"key":"Letter Opener"},{"floor":23.0,"key":"MawBank"},{"floor":27.0,"key":"Blood Vial"},{"floor":29.0,"key":"CeramicFish"}],"event_choices":[{"damage_healed":25.0,"max_hp_gain":0.0,"max_hp_loss":0.0,"gold_gain":0.0,"event_name":"The Library","player_choice":"Heal","floor":20.0,"gold_loss":0.0,"damage_taken":0.0},{"damage_healed":0.0,"max_hp_gain":0.0,"max_hp_loss":0.0,"gold_gain":0.0,"event_name":"Back to Basics","player_choice":"Simplicity","floor":22.0,"gold_loss":0.0,"damage_taken":0.0,"cards_upgraded":["Strike_G","Strike_G","Strike_G","Strike_G","Strike_G","Defend_G","Defend_G","Defend_G","Defend_G"]},{"damage_healed":0,"gold_gain":75,"player_choice":"Touch","damage_taken":7,"max_hp_gain":0,"max_hp_loss":0,"event_name":"FaceTrader","floor":31,"gold_loss":0}],"is_beta":false,"boss_relics":[{"not_picked":["Empty Cage","Fusion Hammer"],"picked":"Tiny House"}],"items_purged_floors":[],"is_endless":false,"potions_floor_spawned":[2,4,7,10,12,14,18],"killed_by":"Champ","ascension_level":7}}