{"host":"flash","time":1611756150,"event":{"mods":["ATMod(°¢èªMod)","Act Like it!","BaseMod","Jorbs\u0027s Wanderer Trilogy","Luminous","Minty Spire (QoL Compilation)","Shop Mod","StSLib","Td1madao Mod"],"gold_per_floor":[118,141,159,176,195,233,244,283,306,306,31,31,31,43,43,120,120,146,173,173,188,204,28,63,81,106,156,173,213,56,80,80,161,161,184,196,480,31,45,76,96,138,138,166,72,91,103,103,103,103],"floor_reached":51,"language":"ZHS","playtime":2612,"items_purged":["Strike_P","Defend_P","Regret"],"score":1873,"play_id":"ebd1fbe2-6ffe-4e2a-8c97-36726269a99c","local_time":"20210127220230","is_ascension_mode":true,"campfire_choices":[{"floor":10.0,"key":"REST"},{"data":"AT_FamilyPortrait","floor":15.0,"key":"SMITH"},{"data":"Eruption","floor":32.0,"key":"SMITH"},{"floor":49,"key":"REST"}],"circlet_count":0,"master_deck":["AscendersBane","Strike_P","Strike_P","Defend_P","Defend_P","Defend_P+1","Eruption+1","Vigilance","AT_FamilyPortrait+1","CurseOfTheBell","Sanctity","Consecrate","FlurryOfBlows","TalkToTheHand","WaveOfTheHand","MentalFortress","Worship","Collect+1","Seeing Red+1","Luminous:Arcane_Rage_Luminous+1","AT_DrawKnifeCut+1","Adaptation","Blade Dance+1","Sub Weapons+1","AT_LightSaberMaster"],"relics":["AT_ATBox","Calling Bell","CeramicFish","Mercury Hourglass","AT_RabadonDeathcap","AT_Kusabimaru","Shuriken","Vajra","AT_SunfireAegis","Black Star","AT_TimeSand","MealTicket","Lantern","Orichalcum","Toxic Egg 2","PrismaticShard","Busted Crown","TeardropLocket","FossilizedHelix","Akabeko","Bag of Preparation","Toy Ornithopter","Gambling Chip","Sundial","Omamori"],"acts_visited":["Exordium","TheCity","TheBeyond"],"potions_floor_usage":[42,50],"damage_taken":[{"damage":4.0,"enemies":"Cultist","floor":1.0,"turns":5.0},{"damage":0.0,"enemies":"Small Slimes","floor":2.0,"turns":1.0},{"damage":0.0,"enemies":"2 Louse","floor":3.0,"turns":4.0},{"damage":14.0,"enemies":"Gremlin Gang","floor":4.0,"turns":6.0},{"damage":4.0,"enemies":"Large Slime","floor":5.0,"turns":8.0},{"damage":7.0,"enemies":"Lagavulin","floor":6.0,"turns":8.0},{"damage":12.0,"enemies":"Exordium Thugs","floor":7.0,"turns":4.0},{"damage":3.0,"enemies":"3 Sentries","floor":8.0,"turns":5.0},{"damage":4.0,"enemies":"Gremlin Gang","floor":14.0,"turns":3.0},{"damage":18.0,"enemies":"The Guardian","floor":16.0,"turns":8.0},{"damage":22.0,"enemies":"2 Thieves","floor":18.0,"turns":4.0},{"damage":11.0,"enemies":"Spheric Guardian","floor":19.0,"turns":4.0},{"damage":13.0,"enemies":"3 Cultists","floor":21.0,"turns":4.0},{"damage":0.0,"enemies":"Centurion and Healer","floor":22.0,"turns":6.0},{"damage":4.0,"enemies":"Gremlin Leader","floor":24.0,"turns":4.0},{"damage":0.0,"enemies":"Cultist and Chosen","floor":25.0,"turns":3.0},{"damage":3.0,"enemies":"Snake Plant","floor":28.0,"turns":5.0},{"damage":32.0,"enemies":"Slavers","floor":29.0,"turns":2.0},{"damage":0.0,"enemies":"Chosen and Byrds","floor":31.0,"turns":4.0},{"damage":29.0,"enemies":"Collector","floor":33.0,"turns":7.0},{"damage":0.0,"enemies":"Orb Walker","floor":35.0,"turns":2.0},{"damage":3.0,"enemies":"3 Shapes","floor":36.0,"turns":4.0},{"damage":19.0,"enemies":"Maw","floor":39.0,"turns":5.0},{"damage":0.0,"enemies":"Nemesis","floor":40.0,"turns":4.0},{"damage":0.0,"enemies":"3 Darklings","floor":41.0,"turns":3.0},{"damage":31,"enemies":"Reptomancer","floor":42,"turns":4},{"damage":0,"enemies":"Giant Head","floor":44,"turns":2},{"damage":0,"enemies":"Jaw Worm Horde","floor":46,"turns":1},{"damage":0,"enemies":"4 Shapes","floor":47,"turns":1},{"damage":14,"enemies":"Donu and Deca","floor":50,"turns":3}],"seed_played":"-6867716397652610547","potions_obtained":[{"floor":2.0,"key":"SkillPotion"},{"floor":4.0,"key":"Dexterity Potion"},{"floor":7.0,"key":"Ambrosia"},{"floor":19.0,"key":"SpeedPotion"},{"floor":25.0,"key":"ColorlessPotion"},{"floor":29.0,"key":"DistilledChaos"},{"floor":35.0,"key":"ColorlessPotion"},{"floor":44,"key":"AttackPotion"},{"floor":47,"key":"LiquidMemories"}],"is_trial":false,"path_per_floor":["M","M","M","M","M","E","M","E","T","R","$","?","$","M","R","B",null,"M","M","?","M","M","$","E","M","T","?","M","E","$","M","R","B",null,"M","M","?","$","M","E","M","E","T","E","$","M","M","?","R","B",null],"character_chosen":"WATCHER","items_purchased":["AT_SunfireAegis","FlurryOfBlows","MentalFortress","PrismaticShard","Adaptation","TeardropLocket","AT_LightSaberMaster"],"campfire_rested":2,"item_purchase_floors":[11,11,23,30,38,38,45],"current_hp_per_floor":[57,57,57,43,39,32,20,17,17,37,37,78,78,74,74,56,73,51,40,40,27,63,63,59,59,59,52,49,17,32,32,32,3,59,59,56,56,71,52,52,52,21,21,21,36,36,36,36,59,50],"gold":103,"neow_bonus":"BOSS_RELIC","is_daily":false,"chose_seed":false,"campfire_upgraded":2,"win_rate":0.0,"timestamp":1611756150,"path_taken":["M","M","M","M","M","E","M","E","T","R","?","?","$","?","R","BOSS","M","M","?","?","M","$","E","M","T","?","M","E","$","M","R","BOSS","M","M","?","?","?","E","M","E","T","E","?","M","?","?","R","BOSS"],"items_purchased_type":["Relic","Card","Card","Relic","Card","Relic","Card"],"build_version":"2020-12-18","purchased_purges":3,"victory":true,"max_hp_per_floor":[68,68,68,68,68,68,68,68,68,68,68,78,78,78,78,78,78,78,78,78,78,78,78,78,78,78,78,78,78,78,78,78,78,78,78,78,78,78,78,78,78,78,78,78,78,78,78,78,78,78],"card_choices":[{"not_picked":["EmptyBody","Wallop","ThirdEye"],"picked":"SKIP","floor":1.0},{"not_picked":["WindmillStrike","Pray"],"picked":"Sanctity","floor":2.0},{"not_picked":["PathToVictory","CutThroughFate","Sanctity"],"picked":"SKIP","floor":3.0},{"not_picked":["Halt","ClearTheMind","ThirdEye"],"picked":"SKIP","floor":4.0},{"not_picked":["Wireheading","SashWhip","EmptyFist"],"picked":"SKIP","floor":5.0},{"not_picked":["Consecrate","Nirvana"],"picked":"DevaForm","floor":6.0},{"not_picked":["FlyingSleeves","Nirvana","CrushJoints"],"picked":"SKIP","floor":7.0},{"not_picked":["Alpha","CrushJoints"],"picked":"Consecrate","floor":8.0},{"not_picked":["Crescendo","Evaluate","SandsOfTime"],"picked":"SKIP","floor":14.0},{"not_picked":["EmptyFist","Halt"],"picked":"TalkToTheHand","floor":18.0},{"not_picked":["FlyingSleeves+1","CarveReality+1"],"picked":"WaveOfTheHand","floor":19.0},{"not_picked":["LikeWater","Consecrate","WreathOfFlame"],"picked":"SKIP","floor":21.0},{"not_picked":["BowlingBash","WreathOfFlame","PathToVictory"],"picked":"SKIP","floor":22.0},{"not_picked":["Protect","EmptyBody"],"picked":"Worship","floor":24.0},{"not_picked":["Prostrate","MentalFortress","Consecrate"],"picked":"SKIP","floor":25.0},{"not_picked":["EmptyFist","BowlingBash","ReachHeaven+1"],"picked":"SKIP","floor":28.0},{"not_picked":["AT_RealFormLess+1","PathToVictory+1"],"picked":"Collect+1","floor":29.0},{"not_picked":["WaveOfTheHand+1","Uppercut"],"picked":"Seeing Red+1","floor":31.0},{"not_picked":["The Bomb+1","All For One"],"picked":"Luminous:Arcane_Rage_Luminous+1","floor":33.0},{"not_picked":[],"picked":"AT_DrawKnifeCut+1","floor":35.0},{"not_picked":["FlurryOfBlows+1"],"picked":"SKIP","floor":36.0},{"not_picked":["Storm"],"picked":"SKIP","floor":39.0},{"not_picked":["stsjorbsmod:ScorchingRay+1"],"picked":"SKIP","floor":40.0},{"not_picked":[],"picked":"Blade Dance+1","floor":41.0},{"not_picked":[],"picked":"Sub Weapons+1","floor":42},{"not_picked":["Lunge"],"picked":"SKIP","floor":44},{"not_picked":["Wild Strike"],"picked":"SKIP","floor":46},{"not_picked":["Dodge and Roll+1"],"picked":"SKIP","floor":47}],"player_experience":670866,"relics_obtained":[{"floor":0.0,"key":"CeramicFish"},{"floor":0.0,"key":"Mercury Hourglass"},{"floor":0.0,"key":"AT_RabadonDeathcap"},{"floor":6.0,"key":"AT_Kusabimaru"},{"floor":8.0,"key":"Shuriken"},{"floor":9.0,"key":"Vajra"},{"floor":24.0,"key":"AT_TimeSand"},{"floor":24.0,"key":"MealTicket"},{"floor":26.0,"key":"Lantern"},{"floor":29.0,"key":"Orichalcum"},{"floor":29.0,"key":"Toxic Egg 2"},{"floor":40.0,"key":"FossilizedHelix"},{"floor":40.0,"key":"Akabeko"},{"floor":42,"key":"Bag of Preparation"},{"floor":42,"key":"Toy Ornithopter"},{"floor":43,"key":"Gambling Chip"},{"floor":44,"key":"Sundial"},{"floor":44,"key":"Omamori"}],"event_choices":[{"cards_removed":["DevaForm"],"damage_healed":31.0,"max_hp_gain":10.0,"max_hp_loss":0.0,"gold_gain":0.0,"event_name":"Bonfire Elementals","player_choice":"Offered Rare","floor":12.0,"gold_loss":0.0,"damage_taken":0.0},{"cards_removed":["Strike_P"],"damage_healed":0.0,"max_hp_gain":0.0,"max_hp_loss":0.0,"gold_gain":0.0,"event_name":"Purifier","player_choice":"Purged","floor":20.0,"gold_loss":0.0,"damage_taken":0.0},{"damage_healed":0.0,"max_hp_gain":0.0,"max_hp_loss":0.0,"gold_gain":50.0,"event_name":"FaceTrader","player_choice":"Touch","floor":27.0,"gold_loss":0.0,"damage_taken":7.0},{"damage_healed":0.0,"max_hp_gain":0.0,"max_hp_loss":0.0,"gold_gain":275.0,"event_name":"Golden Shrine","player_choice":"Desecrate","floor":37.0,"gold_loss":0.0,"damage_taken":0.0,"cards_obtained":["Regret"]},{"damage_healed":0,"gold_gain":0,"player_choice":"0 cards matched","damage_taken":0,"max_hp_gain":0,"max_hp_loss":0,"event_name":"Match and Keep!","floor":48,"gold_loss":0,"cards_obtained":[]}],"is_beta":true,"boss_relics":[{"not_picked":["Ectoplasm","Runic Dome"],"picked":"Black Star"},{"not_picked":["Runic Pyramid","Cursed Key"],"picked":"Busted Crown"}],"items_purged_floors":[11,23,38],"is_endless":false,"potions_floor_spawned":[2,4,5,7,19,21,25,28,29,35,44,47],"ascension_level":19}}