{"host":"qsusua7l529r8z9k","time":1611721903,"event":{"mods":["BaseMod","Minty Spire (QoL Compilation)","StSLib"],"gold_per_floor":[112,37,37,37,50,50,50,86,86,86,116,116,160,178,178,178,178],"floor_reached":16,"language":"ZHS","playtime":326,"items_purged":["Strike_G"],"score":246,"play_id":"fce009f4-1be4-4abf-b4cd-9b80ab00183c","local_time":"20210127123143","is_ascension_mode":true,"campfire_choices":[{"data":"Concentrate","floor":6.0,"key":"SMITH"},{"floor":10.0,"key":"RECALL"},{"data":"Calculated Gamble","floor":15.0,"key":"SMITH"}],"circlet_count":0,"master_deck":["AscendersBane","Strike_G+1","Strike_G+1","Strike_G","Defend_G","Defend_G","Defend_G","Defend_G","Defend_G","Survivor","Neutralize+1","Concentrate+1","Flechettes+1","Calculated Gamble+1"],"relics":["Ring of the Snake","NeowsBlessing","Golden Idol","Whetstone","CeramicFish","Ninja Scroll"],"acts_visited":["Exordium"],"potions_floor_usage":[16,16],"damage_taken":[{"damage":0.0,"enemies":"Cultist","floor":1.0,"turns":1.0},{"damage":0.0,"enemies":"Jaw Worm","floor":5.0,"turns":1.0},{"damage":0.0,"enemies":"Gremlin Nob","floor":8.0,"turns":1.0},{"damage":0.0,"enemies":"2 Louse","floor":11.0,"turns":2.0},{"damage":10.0,"enemies":"Lagavulin","floor":13.0,"turns":10.0},{"damage":0.0,"enemies":"2 Fungi Beasts","floor":14.0,"turns":3.0},{"damage":29,"enemies":"Slime Boss","floor":16,"turns":7}],"seed_played":"4522473569938852092","potions_obtained":[{"floor":5.0,"key":"Block Potion"},{"floor":8.0,"key":"Dexterity Potion"},{"floor":14.0,"key":"FearPotion"}],"is_trial":false,"path_per_floor":["M","$","?","?","M","R","?","E","T","R","M","?","E","M","R","B"],"character_chosen":"THE_SILENT","items_purchased":[],"campfire_rested":0,"item_purchase_floors":[],"current_hp_per_floor":[59,59,59,59,59,59,41,41,41,41,41,34,24,24,24,0,0],"gold":178,"neow_bonus":"THREE_ENEMY_KILL","is_daily":false,"chose_seed":false,"campfire_upgraded":2,"win_rate":0.0,"timestamp":1611721903,"path_taken":["M","?","?","?","M","R","?","E","T","R","M","?","E","M","R","BOSS"],"items_purchased_type":[],"build_version":"2020-12-22","purchased_purges":1,"victory":false,"max_hp_per_floor":[66,66,60,60,60,60,60,60,60,60,60,60,60,60,60,60,60],"card_choices":[{"not_picked":["Flying Knee","Deadly Poison","Quick Slash"],"picked":"SKIP","floor":1.0},{"not_picked":["Bane","Slice"],"picked":"Concentrate","floor":5.0},{"not_picked":["Wraith Form v2","Blade Dance"],"picked":"Flechettes","floor":8.0},{"not_picked":["Finisher","Dagger Throw"],"picked":"Calculated Gamble","floor":11.0},{"not_picked":["Choke","Dagger Spray","Calculated Gamble"],"picked":"SKIP","floor":13.0},{"not_picked":["PiercingWail","Catalyst","Quick Slash"],"picked":"SKIP","floor":14.0}],"player_experience":493193,"relics_obtained":[{"floor":8.0,"key":"Whetstone"},{"floor":9.0,"key":"CeramicFish"},{"floor":13.0,"key":"Ninja Scroll"}],"event_choices":[{"damage_healed":0.0,"max_hp_gain":0.0,"max_hp_loss":6.0,"gold_gain":0.0,"event_name":"Golden Idol","player_choice":"Lose Max HP","floor":3.0,"gold_loss":0.0,"damage_taken":0.0,"relics_obtained":["Golden Idol"]},{"damage_healed":0.0,"max_hp_gain":0.0,"max_hp_loss":0.0,"gold_gain":0.0,"event_name":"The Cleric","player_choice":"Leave","floor":4.0,"gold_loss":0.0,"damage_taken":0.0},{"damage_healed":0.0,"max_hp_gain":0.0,"max_hp_loss":0.0,"gold_gain":0.0,"event_name":"Shining Light","player_choice":"Entered Light","floor":7.0,"gold_loss":0.0,"damage_taken":18.0,"cards_upgraded":["Neutralize","Strike_G"]},{"cards_removed":["Strike_G"],"damage_healed":0.0,"max_hp_gain":0.0,"max_hp_loss":0.0,"gold_gain":0.0,"event_name":"Golden Wing","player_choice":"Card Removal","floor":12.0,"gold_loss":0.0,"damage_taken":7.0}],"is_beta":false,"boss_relics":[],"items_purged_floors":[2],"is_endless":false,"potions_floor_spawned":[5,8,14],"killed_by":"Slime Boss","ascension_level":17}}