{"host":"jumrmhf584hajrnz","time":1611772023,"event":{"mods":["BaseMod","Duelist Mod","GifTheSpireLib","Minty Spire (QoL Compilation)","Quick Restart","StSLib"],"gold_per_floor":[19,19,32,42,55,55,55],"floor_reached":6,"language":"ENG","playtime":531,"items_purged":[],"score":76,"play_id":"d6fa1b03-a8ae-485e-9323-9dbb48ed63c4","local_time":"20210127192703","is_ascension_mode":true,"campfire_choices":[],"circlet_count":0,"master_deck":["AscendersBane","theDuelist:BeaverWarrior","theDuelist:BeaverWarrior","theDuelist:CastleWalls","theDuelist:CastleWalls","theDuelist:FinalFlame","theDuelist:GiantSoldier","theDuelist:GiantSoldier","theDuelist:ScrapFactory","theDuelist:Sparks","theDuelist:Sparks","theDuelist:OrbMetronome","theDuelist:PotDuality+1","theDuelist:BigFire","theDuelist:YamiForm","theDuelist:Electrowhip"],"relics":["theDuelist:MillenniumPuzzle","theDuelist:CardPoolRelic","theDuelist:CardPoolBasicRelic","theDuelist:BoosterPackPoolRelic","theDuelist:CardPoolAddRelic","theDuelist:CardPoolMinusRelic","theDuelist:CardPoolSaveRelic","theDuelist:CardPoolOptionsRelic"],"acts_visited":["Exordium"],"potions_floor_usage":[6],"damage_taken":[{"damage":0,"enemies":"Small Slimes","floor":1,"turns":4},{"damage":0,"enemies":"Cultist","floor":3,"turns":3},{"damage":4,"enemies":"2 Louse","floor":4,"turns":2},{"damage":17,"enemies":"Exordium Thugs","floor":5,"turns":6},{"damage":20,"enemies":"Gremlin Nob","floor":6,"turns":4}],"seed_played":"1495952441103449067","potions_obtained":[{"floor":4,"key":"Explosive Potion"},{"floor":5,"key":"AttackPotion"}],"is_trial":false,"path_per_floor":["M","?","M","M","M","E"],"character_chosen":"THE_DUELIST","items_purchased":[],"campfire_rested":0,"item_purchase_floors":[],"current_hp_per_floor":[63,63,63,59,42,22,22],"gold":55,"neow_bonus":"RANDOM_COLORLESS_2","is_daily":false,"chose_seed":false,"campfire_upgraded":0,"win_rate":0.0,"timestamp":1611772023,"path_taken":["M","?","M","M","?","E"],"items_purchased_type":[],"build_version":"2020-12-22","purchased_purges":0,"victory":false,"max_hp_per_floor":[70,70,70,70,70,70,70],"card_choices":[{"not_picked":["Violence","Secret Technique"],"picked":"theDuelist:OrbMetronome","floor":0},{"not_picked":["theDuelist:SwordDeepSeated","theDuelist:Downbeat","theDuelist:AfterTheStorm","theDuelist:GiantTrunade"],"picked":"theDuelist:PotDuality","floor":1},{"not_picked":["theDuelist:MeteorDestruction","theDuelist:Hinotama","theDuelist:CombinationAttack","theDuelist:CoreBlaster"],"picked":"theDuelist:BigFire","floor":3},{"not_picked":["theDuelist:PineappleBlast","theDuelist:LightningBlade","theDuelist:InstantFusion","theDuelist:GridRod"],"picked":"theDuelist:YamiForm","floor":4},{"not_picked":["theDuelist:VenomShot","theDuelist:LegendHeart","theDuelist:ElectromagneticShield","theDuelist:SparkBlaster"],"picked":"theDuelist:Electrowhip","floor":5}],"player_experience":1605842,"relics_obtained":[],"event_choices":[{"damage_healed":0,"gold_gain":0,"player_choice":"Upgraded","damage_taken":0,"max_hp_gain":0,"max_hp_loss":0,"event_name":"Upgrade Shrine","floor":2,"gold_loss":0,"cards_upgraded":["theDuelist:PotDuality"]}],"is_beta":false,"boss_relics":[],"items_purged_floors":[],"is_endless":false,"potions_floor_spawned":[4,5],"killed_by":"Gremlin Nob","ascension_level":20}}