{"host":"l84l8xigz5v5foa2","time":1611731537,"event":{"mods":["2.2 Compatiblity","AchievementEnabler","BaseMod","Better Note","Better Vampires","Card Filter","Colored Map","DeckTracker","Downfall","Gremlin Skip","Highlight Path","Keyboard Shortcuts","Minty Spire (QoL Compilation)","Permanent Neow","Quick Restart","Relic Filter","Relic Stats","StSLib","SuperFastMode","Transform Curses","Unknown Chances"],"gold_per_floor":[119,139,139,154,167,167,217,228,310,310,310,310,328,343,343,417,417,432,444,369,386,22,22,22,22,46,46,73,73,83,83,83,83],"floor_reached":31,"language":"ENG","playtime":1018,"items_purged":["hexamod:Strike","hexamod:Strike"],"score":494,"play_id":"7cfd2574-5860-48c1-8bc8-4ec497d3741c","local_time":"20210127161217","is_ascension_mode":true,"campfire_choices":[{"data":"hexamod:Float","floor":6.0,"key":"SMITH"},{"data":"hexamod:Rewind","floor":10.0,"key":"SMITH"},{"data":"hexamod:FlameSwitch","floor":12.0,"key":"SMITH"},{"data":"hexamod:FastForward","floor":15.0,"key":"SMITH"},{"data":"hexamod:RadiantFlame","floor":23.0,"key":"SMITH"},{"data":"hexamod:GhostOfSpirePast","floor":29.0,"key":"SMITH"}],"circlet_count":0,"master_deck":["AscendersBane","hexamod:Strike","hexamod:Strike","hexamod:Defend","hexamod:Defend","hexamod:Defend","hexamod:Defend","hexamod:Sear","hexamod:Float+1","hexamod:WildfireWeapon","hexamod:Rewind+1","hexamod:GhostLash","hexamod:ApocalypseNow","hexamod:SoulSteal","hexamod:GhostLash","hexamod:FlameSwitch+1","hexamod:FourthSeal","hexamod:HauntingEcho","hexamod:FastForward+1","hexamod:FlameSwitch","hexamod:HeatShield","hexamod:RadiantFlame+1","hexamod:NecessarySacrifice+1","hexamod:StepThrough","hexamod:Rewind+1","hexamod:GhostOfSpirePast+1","hexamod:Haunt+1"],"relics":["hexamod:SpiritBrand","Toy Ornithopter","Singing Bowl","Philosopher\u0027s Stone","Meat on the Bone","Bag of Marbles"],"acts_visited":["Exordium","TheCity"],"potions_floor_usage":[31,31],"damage_taken":[{"damage":1.0,"enemies":"Cultist","floor":1.0,"turns":3.0},{"damage":2.0,"enemies":"Jaw Worm","floor":2.0,"turns":3.0},{"damage":4.0,"enemies":"2 Louse","floor":4.0,"turns":2.0},{"damage":11.0,"enemies":"Lots of Slimes","floor":5.0,"turns":4.0},{"damage":6.0,"enemies":"Gremlin Gang","floor":8.0,"turns":4.0},{"damage":0.0,"enemies":"Red Slaver","floor":13.0,"turns":3.0},{"damage":3.0,"enemies":"Blue Slaver","floor":14.0,"turns":3.0},{"damage":10.0,"enemies":"Slime Boss","floor":16.0,"turns":7.0},{"damage":13.0,"enemies":"Spheric Guardian","floor":18.0,"turns":4.0},{"damage":2.0,"enemies":"2 Thieves","floor":19.0,"turns":4.0},{"damage":25.0,"enemies":"Snake Plant","floor":21.0,"turns":4.0},{"damage":31.0,"enemies":"Slavers","floor":28.0,"turns":5.0},{"damage":11.0,"enemies":"Centurion and Healer","floor":30.0,"turns":5.0},{"damage":61,"enemies":"Gremlin Leader","floor":31,"turns":5}],"seed_played":"8819470132545247193","potions_obtained":[{"floor":4.0,"key":"LiquidMemories"},{"floor":8.0,"key":"hexamod:EctoCoolerPotion"},{"floor":13.0,"key":"Strength Potion"},{"floor":16.0,"key":"Weak Potion"},{"floor":16.0,"key":"AttackPotion"},{"floor":18.0,"key":"SteroidPotion"},{"floor":18.0,"key":"Fire Potion"},{"floor":19.0,"key":"Fruit Juice"},{"floor":21.0,"key":"ColorlessPotion"},{"floor":21.0,"key":"SteroidPotion"},{"floor":28.0,"key":"Fruit Juice"},{"floor":30,"key":"Energy Potion"},{"floor":30,"key":"BlessingOfTheForge"}],"is_trial":false,"path_per_floor":["M","M","T","M","M","R","?","M","T","R","?","R","M","M","R","B",null,"M","M","$","M","$","R","$","?","T","?","E","R","M","E"],"character_chosen":"THE_SPIRIT","items_purchased":["Meat on the Bone"],"campfire_rested":0,"item_purchase_floors":[22],"current_hp_per_floor":[56,54,54,50,39,39,39,38,38,38,38,38,38,40,40,35,56,50,68,68,43,43,43,43,43,43,43,44,44,45,0,0,0],"gold":83,"neow_bonus":"ONE_RANDOM_RARE_CARD","is_daily":false,"chose_seed":false,"campfire_upgraded":6,"win_rate":0.0,"timestamp":1611731537,"path_taken":["M","M","?","M","M","R","?","?","T","R","?","R","M","?","R","BOSS","M","M","$","?","$","R","$","?","T","?","E","R","?","E"],"items_purchased_type":["Relic"],"build_version":"2020-12-22","purchased_purges":2,"victory":false,"max_hp_per_floor":[63,63,63,63,63,63,63,63,63,63,63,63,63,63,63,63,63,63,68,68,68,68,68,68,68,68,68,73,73,73,73,73,73],"relic_stats":{"Singing Bowl":0,"counters":[14,56],"obtain_stats":[{"Singing Bowl":9,"Philosopher\u0027s Stone":17,"Bag of Marbles":28,"hexamod:SpiritBrand":0,"Toy Ornithopter":3,"Meat on the Bone":22},{"Singing Bowl":5,"Philosopher\u0027s Stone":8,"Bag of Marbles":12,"hexamod:SpiritBrand":0,"Toy Ornithopter":2,"Meat on the Bone":11},{"Singing Bowl":16,"Philosopher\u0027s Stone":29,"Bag of Marbles":46,"hexamod:SpiritBrand":0,"Toy Ornithopter":6,"Meat on the Bone":41}],"Toy Ornithopter":62,"Meat on the Bone":24},"card_choices":[{"not_picked":["hexamod:SuperheatedStrike","hexamod:Haunt"],"picked":"hexamod:Rewind","floor":1.0},{"not_picked":["hexamod:SecondSeal","hexamod:SwordOfDarkness"],"picked":"hexamod:GhostLash","floor":2.0},{"not_picked":["hexamod:NightmareStrike","hexamod:Hexaguard"],"picked":"hexamod:ApocalypseNow","floor":4.0},{"not_picked":["hexamod:BacktrackSmack","hexamod:GhostflameInferno"],"picked":"hexamod:SoulSteal","floor":5.0},{"not_picked":["hexamod:SoulSteal","hexamod:SwordOfDarkness"],"picked":"hexamod:GhostLash","floor":8.0},{"not_picked":["hexamod:DynamicBlow","hexamod:SpectersWail"],"picked":"hexamod:HauntingEcho","floor":13.0},{"not_picked":["hexamod:ThermalTransfer","hexamod:HeatShield"],"picked":"hexamod:FastForward","floor":14.0},{"not_picked":["hexamod:GhostflameInferno","hexamod:Toasty"],"picked":"hexamod:FlameSwitch","floor":16.0},{"not_picked":["hexamod:ExtraCrispy","hexamod:PowerFromBeyond"],"picked":"hexamod:HeatShield","floor":18.0},{"not_picked":["hexamod:Incineration","hexamod:PhantomFireball"],"picked":"hexamod:RadiantFlame","floor":19.0},{"not_picked":["hexamod:GhostLash+1","hexamod:FastForward"],"picked":"hexamod:NecessarySacrifice+1","floor":21.0},{"not_picked":["hexamod:GhostShield","hexamod:FirstSeal"],"picked":"hexamod:GhostOfSpirePast","floor":28.0},{"not_picked":["hexamod:PhantomFireball","hexamod:GhostflameBarrier"],"picked":"hexamod:Haunt+1","floor":30}],"player_experience":3448534,"relics_obtained":[{"floor":3.0,"key":"Toy Ornithopter"},{"floor":9.0,"key":"Singing Bowl"},{"floor":28.0,"key":"Bag of Marbles"}],"event_choices":[{"damage_healed":0.0,"max_hp_gain":0.0,"max_hp_loss":0.0,"gold_gain":50.0,"event_name":"Golden Shrine","player_choice":"Pray","floor":7.0,"gold_loss":0.0,"damage_taken":0.0},{"damage_healed":0.0,"max_hp_gain":0.0,"max_hp_loss":0.0,"gold_gain":0.0,"event_name":"Match and Keep!","player_choice":"2 cards matched","floor":11.0,"gold_loss":0.0,"damage_taken":0.0,"cards_obtained":["hexamod:FlameSwitch","hexamod:FourthSeal"]},{"damage_healed":0.0,"max_hp_gain":0.0,"max_hp_loss":0.0,"gold_gain":0.0,"event_name":"The Library","player_choice":"Read","floor":25.0,"gold_loss":0.0,"damage_taken":0.0,"cards_obtained":["hexamod:StepThrough"]},{"damage_healed":0.0,"max_hp_gain":0.0,"max_hp_loss":0.0,"gold_gain":0.0,"event_name":"Duplicator","player_choice":"Copied","floor":27.0,"gold_loss":0.0,"damage_taken":0.0,"cards_obtained":["hexamod:Rewind"]}],"is_beta":false,"boss_relics":[{"not_picked":["sneckomod:SneckoTalon","SacredBark"],"picked":"Philosopher\u0027s Stone"}],"items_purged_floors":[20,22],"is_endless":false,"potions_floor_spawned":[4,8,16,18,21,30],"killed_by":"Gremlin Leader","ascension_level":20}}