{"host":"q3s8ewiy6v9taln3","time":1611706446,"event":{"mods":["BaseMod","Minty Spire (QoL Compilation)"],"gold_per_floor":[362,312,387,387,169,169,209,224,224,238,238,253,288,32,32,32,32],"floor_reached":16,"language":"ENG","playtime":435,"items_purged":["Strike_R"],"score":135,"play_id":"fc29484e-6f88-48a4-889d-28b28b99241e","local_time":"20210126191406","is_ascension_mode":true,"campfire_choices":[{"data":"Spot Weakness","floor":6,"key":"SMITH"},{"floor":11,"key":"REST"},{"floor":15,"key":"REST"}],"circlet_count":0,"master_deck":["Strike_R","Strike_R+1","Strike_R","Strike_R","Defend_R","Defend_R","Defend_R","Defend_R","Bash","Spot Weakness+1","Flex","Cleave+1","Metallicize","Body Slam","Heavy Blade"],"relics":["Burning Blood","Golden Idol","Blood Vial","Shovel","Whetstone","Boot","Regal Pillow"],"acts_visited":["Exordium"],"potions_floor_usage":[13,16],"damage_taken":[{"damage":12,"enemies":"Jaw Worm","floor":1,"turns":5},{"damage":44,"enemies":"Gremlin Nob","floor":7,"turns":5},{"damage":5,"enemies":"Small Slimes","floor":8,"turns":4},{"damage":0,"enemies":"2 Louse","floor":10,"turns":2},{"damage":12,"enemies":"Looter","floor":12,"turns":3},{"damage":16,"enemies":"3 Sentries","floor":13,"turns":5},{"damage":81,"enemies":"Hexaghost","floor":16,"turns":10}],"seed_played":"152031936936967380","potions_obtained":[{"floor":10,"key":"Regen Potion"},{"floor":13,"key":"AttackPotion"}],"is_trial":false,"path_per_floor":["M","?","?","?","$","R","E","M","T","M","R","M","E","$","R","B"],"character_chosen":"IRONCLAD","items_purchased":["Flex","Blood Vial","Cleave","Heavy Blade","Regal Pillow"],"campfire_rested":2,"item_purchase_floors":[5,5,5,14,14],"current_hp_per_floor":[74,74,63,43,43,43,7,10,10,18,42,38,44,44,80,0,0],"gold":32,"neow_bonus":"TWO_FIFTY_GOLD","is_daily":false,"chose_seed":false,"campfire_upgraded":1,"win_rate":0.0,"timestamp":1611706446,"path_taken":["M","?","?","?","?","R","E","M","T","M","R","M","E","$","R","BOSS"],"items_purchased_type":["Card","Relic","Card","Card","Relic"],"build_version":"2020-12-22","purchased_purges":1,"victory":false,"max_hp_per_floor":[80,80,80,80,80,80,80,80,80,80,80,80,80,80,80,80,80],"card_choices":[{"not_picked":["Warcry","Heavy Blade"],"picked":"Spot Weakness","floor":1},{"not_picked":["True Grit","Searing Blow","Havoc"],"picked":"SKIP","floor":7},{"not_picked":["Sentinel","Brutality","Armaments"],"picked":"SKIP","floor":8},{"not_picked":["Warcry","Fire Breathing","Evolve"],"picked":"SKIP","floor":10},{"not_picked":["Infernal Blade","Warcry"],"picked":"Metallicize","floor":12},{"not_picked":["Fire Breathing","Dropkick"],"picked":"Body Slam","floor":13}],"player_experience":140040,"relics_obtained":[{"floor":7,"key":"Shovel"},{"floor":9,"key":"Whetstone"},{"floor":13,"key":"Boot"}],"event_choices":[{"cards_removed":["Regret"],"damage_healed":0,"gold_gain":0,"player_choice":"Card Removal","damage_taken":0,"max_hp_gain":0,"max_hp_loss":0,"event_name":"The Cleric","floor":2,"gold_loss":50},{"damage_healed":0,"gold_gain":75,"player_choice":"Gather Gold","damage_taken":11,"max_hp_gain":0,"max_hp_loss":0,"event_name":"World of Goop","floor":3,"gold_loss":0},{"damage_healed":0,"gold_gain":0,"player_choice":"Take Damage","damage_taken":20,"relics_obtained":["Golden Idol"],"max_hp_gain":0,"max_hp_loss":0,"event_name":"Golden Idol","floor":4,"gold_loss":0}],"is_beta":false,"boss_relics":[],"items_purged_floors":[14],"is_endless":false,"potions_floor_spawned":[10,13],"killed_by":"Hexaghost","ascension_level":5}}