{"host":"takgv9cv6xf64vhq","time":1611753929,"event":{"mods":["BaseMod","Colored Powertips","Hubris","LagranYue(拉格朗・月)","Marisa（F雨　魔理沙）","Minty Spire (QoL Compilation)","Replay The Spire","StSLib","The Animator","The Cursed","The Jungle","TheHeartMod"],"gold_per_floor":[119,119,130,130,145,177,177,192,269,269,287,287,306,42,42,170,270,290,290,290,306,7,7,38,38,38,38,54,54,80,95,95,215,215,234,234,567,584,662,662,692,692,716,733,747,759,759,777,777,777,777,777,13,42,42,42],"floor_reached":55,"language":"ZHS","playtime":4297,"items_purged":["Regret"],"score":956,"play_id":"f5ddb331-bf74-485b-968c-63ee231a74da","local_time":"20210127212529","is_ascension_mode":true,"campfire_choices":[{"data":"ReplayTheSpireMod:Calculation Training","floor":7.0,"key":"SMITH"},{"data":"Mirror Shield","floor":10.0,"key":"SMITH"},{"data":"Apotheosis","floor":15.0,"key":"SMITH"},{"floor":23.0,"key":"DIG"},{"data":"Writhe","floor":25.0,"key":"PURGE"},{"floor":29.0,"key":"DIG"},{"floor":32.0,"key":"DIG"},{"floor":40.0,"key":"DIG"},{"floor":42.0,"key":"DIG"},{"floor":49.0,"key":"RECALL"},{"data":"Defragment","floor":52.0,"key":"SMITH"}],"circlet_count":0,"master_deck":["Dualcast","Mirror Shield+1","FIFO Queue","Static Discharge","Static Discharge","Force Field","Ball Lightning","Panic Button","ReplayTheSpireMod:Calculation Training+1","ReplayTheSpireMod:System Scan","Heatsinks","Go for the Eyes","Consume","Chaos","Apotheosis+1","Core Surge","Steam Power+1","theJungle:Gourd","theJungle:Gourd","theJungle:Gourd","theJungle:Gourd","theJungle:Gourd","Cold Snap+1","BootSequence","Rainbow","BasicCrystalCard","Machine Learning","Defragment+1","BasicCrystalCard+1","Blizzard","Redo+1","Aggregate","Turbo+1","Loop","Time Bomb+1","Steam Power","Loop","Panic Button"],"relics":["Pandora\u0027s Box","hubris:GlazedTorus","Shuriken","Lizard Tail","Chameleon Ring","Replay:Wanted Poster","Shovel","Bronze Scales","Bag of Preparation","Replay:Multitool","Letter Opener","theJungle:SpiritDisease","Replay:Mystery Machine","Spirit Poop","Replay:Rubber Ducky","Runic Pyramid","Anchor","Eternal Feather","Pear","hubris:Zylophone","Pet Ghost","Carrot","Runic Capacitor","Bottled Lightning","Blood Vial"],"acts_visited":["Exordium","Exordium","TheBeyond","TheEnding"],"potions_floor_usage":[],"damage_taken":[{"damage":2.0,"enemies":"Jaw Worm","floor":1.0,"turns":5.0},{"damage":4.0,"enemies":"Cultist","floor":3.0,"turns":3.0},{"damage":2.0,"enemies":"Small Slimes","floor":5.0,"turns":4.0},{"damage":44.0,"enemies":"3 Sentries","floor":6.0,"turns":6.0},{"damage":37.0,"enemies":"Exordium Wildlife","floor":8.0,"turns":4.0},{"damage":15.0,"enemies":"3 Louse","floor":11.0,"turns":3.0},{"damage":5.0,"enemies":"Blue Slaver","floor":13.0,"turns":3.0},{"damage":4.0,"enemies":"Fading Forest","floor":16.0,"turns":11.0},{"damage":20.0,"enemies":"theJungle:GiantWrat","floor":18.0,"turns":5.0},{"damage":0.0,"enemies":"theJungle:5_Spyders","floor":21.0,"turns":12.0},{"damage":10.0,"enemies":"theJungle:MamaSnecko","floor":24.0,"turns":8.0},{"damage":0.0,"enemies":"Snake Plant","floor":28.0,"turns":3.0},{"damage":17.0,"enemies":"theJungle:Lyon","floor":31.0,"turns":3.0},{"damage":0.0,"enemies":"theJungle:FunGuy","floor":33.0,"turns":10.0},{"damage":0.0,"enemies":"3 Darklings","floor":35.0,"turns":8.0},{"damage":0.0,"enemies":"3 Shapes","floor":38.0,"turns":7.0},{"damage":3.0,"enemies":"Nemesis","floor":41.0,"turns":11.0},{"damage":0.0,"enemies":"Sphere and 2 Shapes","floor":44.0,"turns":8.0},{"damage":33.0,"enemies":"Transient","floor":45.0,"turns":5.0},{"damage":0.0,"enemies":"4 Shapes","floor":46.0,"turns":6.0},{"damage":0.0,"enemies":"Writhing Mass","floor":48.0,"turns":5.0},{"damage":0.0,"enemies":"hubris:GrandSnecko","floor":50.0,"turns":12.0},{"damage":51.0,"enemies":"Shield and Spear","floor":54.0,"turns":6.0},{"damage":51,"enemies":"The Heart","floor":55,"turns":2}],"seed_played":"-4852769000437496581","potions_obtained":[{"floor":8.0,"key":"Strength Potion"},{"floor":11.0,"key":"PotionOfCapacity"},{"floor":21.0,"key":"LiquidMemories"},{"floor":28.0,"key":"Milkshake"},{"floor":31.0,"key":"ColorlessPotion"},{"floor":35.0,"key":"Fire Potion"},{"floor":45.0,"key":"SteroidPotion"},{"floor":46.0,"key":"AttackPotion"}],"is_trial":false,"path_per_floor":["M","?","M","T","M","E","R","M","T","R","M","?","M","$","R","B",null,"M","?","?","M","$","R","E","R","T","?","M","R","T","M","R","B",null,"M","?","?","M","?","R","E","R","T","M","M","M","?","M","R","B",null,"R","$","E","B"],"character_chosen":"DEFECT","items_purchased":["Apotheosis","Bronze Scales","Bag of Preparation","Carrot","Runic Capacitor","Bottled Lightning","PowerPotion","Loop"],"campfire_rested":0,"item_purchase_floors":[14,22,22,53,53,53,53,53],"current_hp_per_floor":[73,73,69,69,67,23,23,29,29,29,14,14,9,9,9,15,69,49,49,49,49,49,49,39,39,39,39,39,39,39,22,22,22,69,69,69,69,69,42,42,49,67,67,67,34,34,34,34,55,55,79,79,79,28,0,0],"gold":42,"neow_bonus":"BOSS_RELIC","is_daily":false,"chose_seed":false,"campfire_upgraded":4,"win_rate":0.0,"timestamp":1611753929,"path_taken":["M","?","M","?","?","E","R","M","T","R","?","?","M","?","R","BOSS","M","?","?","M","$","R","E","R","T","?","M","R","?","M","R","BOSS","M","?","?","M","?","R","E","R","T","M","M","M","?","M","R","BOSS","R","$","E","BOSS"],"items_purchased_type":["Card","Relic","Relic","Relic","Relic","Relic","Potion","Card"],"build_version":"2020-12-22","purchased_purges":1,"victory":false,"max_hp_per_floor":[75,75,75,75,75,75,75,75,75,75,75,69,69,69,69,69,69,69,69,69,69,69,69,69,69,69,69,69,69,69,69,69,69,69,69,69,69,69,69,69,79,79,79,79,79,79,79,79,79,79,79,79,79,79,79,79],"card_choices":[{"not_picked":["Redo","Steam"],"picked":"Panic Button","floor":1.0},{"not_picked":["Cold Snap","hubris:PowerSurge"],"picked":"ReplayTheSpireMod:Calculation Training","floor":3.0},{"not_picked":["White Noise","Beam Cell"],"picked":"ReplayTheSpireMod:System Scan","floor":5.0},{"not_picked":["Undo","Rip and Tear"],"picked":"Heatsinks","floor":6.0},{"not_picked":["Rebound","Barrage"],"picked":"Go for the Eyes","floor":8.0},{"not_picked":["Coolheaded","Go for the Eyes"],"picked":"Consume","floor":11.0},{"not_picked":["Compile Driver","FTL"],"picked":"Chaos","floor":13.0},{"not_picked":["hubris:SpecializedCircuitry","hubris:Prefetch"],"picked":"Core Surge","floor":16.0},{"not_picked":["Sweeping Beam","Aggregate+1"],"picked":"Steam Power+1","floor":18.0},{"not_picked":["Barrage","Panic Button"],"picked":"Cold Snap+1","floor":21.0},{"not_picked":["Gash","Ball Lightning"],"picked":"BootSequence","floor":24.0},{"not_picked":["Barrage+1","Streamline"],"picked":"Rainbow","floor":28.0},{"not_picked":["Cold Snap","Go for the Eyes+1"],"picked":"BasicCrystalCard","floor":31.0},{"not_picked":["hubris:SpecializedCircuitry","Hyperbeam"],"picked":"Machine Learning","floor":33.0},{"not_picked":["Streamline","Beam Cell+1"],"picked":"Defragment","floor":35.0},{"not_picked":["Compile Driver","Darkness"],"picked":"BasicCrystalCard+1","floor":38.0},{"not_picked":["hubris:Ukulele","Stack+1"],"picked":"Blizzard","floor":39.0},{"not_picked":["Ball Lightning+1","Beam Cell+1"],"picked":"Redo+1","floor":39.0},{"not_picked":["Darkness+1","Thunder Strike"],"picked":"Aggregate","floor":41.0},{"not_picked":["Leap+1","Reprogram+1"],"picked":"Turbo+1","floor":44.0},{"not_picked":["ReplaySort+1","hubris:Ukulele"],"picked":"Loop","floor":45.0},{"not_picked":["Go for the Eyes","Barrage"],"picked":"Time Bomb+1","floor":46.0},{"not_picked":["Sweeping Beam","Steam"],"picked":"Steam Power","floor":48.0},{"not_picked":["Redo","Barrage"],"picked":"Panic Button","floor":54.0}],"player_experience":122189,"relics_obtained":[{"floor":4.0,"key":"Shuriken"},{"floor":6.0,"key":"Lizard Tail"},{"floor":9.0,"key":"Chameleon Ring"},{"floor":23.0,"key":"Replay:Multitool"},{"floor":24.0,"key":"Letter Opener"},{"floor":29.0,"key":"Replay:Mystery Machine"},{"floor":30.0,"key":"Spirit Poop"},{"floor":32.0,"key":"Replay:Rubber Ducky"},{"floor":39.0,"key":"Anchor"},{"floor":40.0,"key":"Eternal Feather"},{"floor":41.0,"key":"Pear"},{"floor":42.0,"key":"hubris:Zylophone"},{"floor":43.0,"key":"Pet Ghost"},{"floor":54.0,"key":"Blood Vial"}],"event_choices":[{"damage_healed":0.0,"max_hp_gain":0.0,"max_hp_loss":0.0,"gold_gain":0.0,"event_name":"Big Fish","player_choice":"Box","floor":2.0,"gold_loss":0.0,"damage_taken":0.0,"relics_obtained":["hubris:GlazedTorus"],"cards_obtained":["Regret"]},{"damage_healed":0.0,"max_hp_gain":0.0,"max_hp_loss":6.0,"gold_gain":0.0,"event_name":"Golden Idol","player_choice":"Lose Max HP","floor":12.0,"gold_loss":0.0,"damage_taken":0.0,"relics_obtained":["Golden Idol"]},{"damage_healed":0.0,"max_hp_gain":0.0,"max_hp_loss":0.0,"gold_gain":0.0,"event_name":"Tomb of Lord Red Mask","player_choice":"Ignored","floor":36.0,"gold_loss":0.0,"damage_taken":0.0},{"damage_healed":0.0,"max_hp_gain":0.0,"max_hp_loss":0.0,"gold_gain":333.0,"event_name":"The Moai Head","player_choice":"Gave Idol","floor":37.0,"relics_lost":["Golden Idol"],"gold_loss":0.0,"damage_taken":0.0},{"damage_healed":0.0,"max_hp_gain":0.0,"max_hp_loss":0.0,"gold_gain":0.0,"event_name":"The Woman in Blue","player_choice":"Bought 0 Potions","floor":47.0,"gold_loss":0.0,"damage_taken":0.0}],"is_beta":false,"boss_relics":[{"not_picked":["SacredBark","Velvet Choker"],"picked":"Replay:Wanted Poster"},{"not_picked":["hubris:GrandSneckoEye","ChewingGum"],"picked":"Runic Pyramid"}],"items_purged_floors":[14],"is_endless":false,"potions_floor_spawned":[8,11,21,28,31,35,45,46],"killed_by":"The Heart","ascension_level":1}}