{"host":"eaiphzh066bwqdh7","time":1611790733,"event":{"mods":["BaseMod","Better Note","Halation","Hubris","Minty Spire (QoL Compilation)","Reliquary","Replay The Spire","StSLib"],"gold_per_floor":[109,305,305,317,317,317,57,70,122,122,134,153,153,169,169,264,264,284,224,238,248,265,265,190,190,238,264,264,264,281,281,281],"floor_reached":31,"language":"ENG","playtime":1120,"items_purged":[],"score":309,"play_id":"e291462e-db04-4cdd-9a74-2031b4992ab3","local_time":"20210127183853","is_ascension_mode":true,"campfire_choices":[{"floor":6,"key":"REST"},{"data":"Fire Breathing","floor":10,"key":"SMITH"},{"data":"Shrug It Off","floor":13,"key":"SMITH"},{"floor":15,"key":"DIG"},{"floor":23,"key":"REST"},{"floor":25,"key":"REST"},{"floor":29,"key":"REST"}],"circlet_count":0,"master_deck":["Strike_R","Strike_R","Strike_R+1","Defend_R","Defend_R","Defend_R+1","Defend_R+1","Bash","Fire Breathing+1","Shrug It Off+1","Voices","Fire Breathing+1","Berserk+1","Fire Breathing+1","Shrug It Off","Fire Breathing+1"],"relics":["Burning Blood","ReplayTheSpireMod:Ring of Addiction","Ring of Misfortune","hubris:EmptyBottle","White Beast Statue","Frozen Egg 2","reliquary:Buckler","Replay:Bottled Flurry","reliquary:WritOfMandamus","reliquary:SilkGlove","Orichalcum"],"acts_visited":["Exordium","TheCity"],"potions_floor_usage":[4,8,11,12,14,16,16,16,16,16,18,18,20,20,21,21,22,22,27,30,30,31,31],"damage_taken":[{"damage":15,"enemies":"Small Slimes","floor":1,"turns":3},{"damage":19,"enemies":"2 Louse","floor":4,"turns":3},{"damage":0,"enemies":"Jaw Worm","floor":8,"turns":5},{"damage":0,"enemies":"2 Fungi Beasts","floor":11,"turns":2},{"damage":9,"enemies":"3 Louse","floor":12,"turns":3},{"damage":7,"enemies":"Large Slime","floor":14,"turns":4},{"damage":18,"enemies":"The Guardian","floor":16,"turns":11},{"damage":15,"enemies":"2 Thieves","floor":18,"turns":4},{"damage":37,"enemies":"Shell Parasite","floor":20,"turns":4},{"damage":28,"enemies":"Shelled Parasite and Fungi","floor":21,"turns":6},{"damage":9,"enemies":"Cultist and Chosen","floor":22,"turns":5},{"damage":10,"enemies":"Replay:Snechameleon","floor":27,"turns":4},{"damage":46,"enemies":"Sentry and Sphere","floor":30,"turns":4},{"damage":152,"enemies":"Snecko","floor":31,"turns":2}],"seed_played":"-6615187643025567720","potions_obtained":[{"floor":3,"key":"Weak Potion"},{"floor":3,"key":"ColorlessPotion"},{"floor":3,"key":"Elixir"},{"floor":4,"key":"DuplicationPotion"},{"floor":8,"key":"Toxic Potion"},{"floor":12,"key":"Ancient Potion"},{"floor":16,"key":"HeartOfIron"},{"floor":18,"key":"Fire Potion"},{"floor":20,"key":"PowerPotion"},{"floor":21,"key":"EssenceOfSteel"},{"floor":22,"key":"Doom Potion"},{"floor":27,"key":"PowerPotion"},{"floor":30,"key":"Swift Potion"}],"is_trial":false,"path_per_floor":["M","?","?","M","?","R","$","M","T","R","M","M","R","M","R","B",null,"M","?","M","M","M","R","?","R","T","E","?","R","M","M"],"character_chosen":"IRONCLAD","items_purchased":["Frozen Egg 2"],"campfire_rested":4,"item_purchase_floors":[7],"current_hp_per_floor":[71,39,39,26,52,76,76,78,78,78,78,75,75,74,74,62,78,69,69,38,16,13,36,36,59,59,55,55,76,36,0,0],"gold":281,"neow_bonus":"RANDOM_EVENT","is_daily":false,"chose_seed":false,"campfire_upgraded":2,"win_rate":0.0,"timestamp":1611790733,"path_taken":["M","?","?","M","?","R","$","M","T","R","M","M","R","M","R","BOSS","M","?","M","M","M","R","?","R","T","E","?","R","M","M"],"items_purchased_type":["Relic"],"build_version":"2020-12-22","purchased_purges":0,"victory":false,"max_hp_per_floor":[80,80,80,80,80,80,80,78,78,78,78,78,78,78,78,78,78,78,78,78,78,78,78,78,78,76,76,76,76,76,76,76],"card_choices":[{"not_picked":["Iron Wave","Feel No Pain"],"picked":"Fire Breathing","floor":1},{"not_picked":["Headbutt","True Grit"],"picked":"Shrug It Off","floor":2},{"not_picked":["Armaments","Anger","Run Through"],"picked":"SKIP","floor":4},{"not_picked":["Ghostly Armor","Feel No Pain+1"],"picked":"Fire Breathing+1","floor":8},{"not_picked":["Iron Wave","Twin Strike","Fiend Fire"],"picked":"SKIP","floor":11},{"not_picked":["Armaments","Anger","Replay:Undeath\u0027s Touch"],"picked":"SKIP","floor":12},{"not_picked":["Entrench","Wild Strike","True Grit"],"picked":"SKIP","floor":14},{"not_picked":["Exhume","Juggernaut+1"],"picked":"Berserk+1","floor":16},{"not_picked":["hubris:ReadiedAction+1","Flame Barrier","Clash"],"picked":"SKIP","floor":18},{"not_picked":["ReplayTheSpireMod:Strike From Hell","ReplayTheSpireMod:Limb From Limb","ReplayTheSpireMod:Corrosion Curse+1"],"picked":"SKIP","floor":20},{"not_picked":["ReplayTheSpireMod:Strike From Hell","Body Slam"],"picked":"Fire Breathing+1","floor":21},{"not_picked":["hubris:ReadiedAction+1","Ghostly Armor"],"picked":"Shrug It Off","floor":22},{"not_picked":["hubris:CleavingFinish+1","Demon Form+1"],"picked":"Fire Breathing+1","floor":27},{"not_picked":["Dropkick+1","Clothesline","Combust+1"],"picked":"SKIP","floor":30}],"player_experience":196744,"relics_obtained":[{"floor":3,"key":"ReplayTheSpireMod:Ring of Addiction"},{"floor":3,"key":"Ring of Misfortune"},{"floor":3,"key":"hubris:EmptyBottle"},{"floor":3,"key":"White Beast Statue"},{"floor":9,"key":"reliquary:Buckler"},{"floor":15,"key":"Replay:Bottled Flurry"},{"floor":26,"key":"reliquary:SilkGlove"},{"floor":27,"key":"Orichalcum"}],"event_choices":[{"damage_healed":26,"gold_gain":0,"player_choice":"Banana","damage_taken":0,"max_hp_gain":0,"max_hp_loss":0,"event_name":"Big Fish","floor":5,"gold_loss":0},{"cards_removed":["Strike_R"],"damage_healed":0,"gold_gain":0,"player_choice":"Gave Gold","damage_taken":0,"max_hp_gain":0,"max_hp_loss":0,"event_name":"Beggar","floor":24,"gold_loss":75},{"cards_removed":["Strike_R"],"damage_healed":0,"gold_gain":0,"player_choice":"Elegance","damage_taken":0,"max_hp_gain":0,"max_hp_loss":0,"event_name":"Back to Basics","floor":28,"gold_loss":0}],"is_beta":false,"boss_relics":[{"not_picked":["Ectoplasm","Sozu"],"picked":"reliquary:WritOfMandamus"}],"items_purged_floors":[],"is_endless":false,"potions_floor_spawned":[4,8,11,12,14,16,18,20,21,22,27,30],"killed_by":"Snecko","ascension_level":3}}