{"host":"8x42s7jbptnlw65q","time":1611774289,"event":{"mods":["AchievementEnabler","BaseMod","Downfall","Highlight Path","Minty Spire (QoL Compilation)","StSLib"],"gold_per_floor":[99,118,118,118,118,131,131,31,61,75,75,75,0,27,43,143,143,93,105,125,125,137,137,137,157,168,196,196,206,216,250,260,363,363,213,227,241,241,241,241,241,241,46,78,98,48,48,67,86,86],"floor_reached":51,"language":"ENG","playtime":4918,"items_purged":[],"score":879,"play_id":"9e1e189b-45c6-474b-ad84-6ddf61bb5a95","local_time":"20210127140449","is_ascension_mode":false,"campfire_choices":[{"floor":1.0,"key":"RECALL"},{"data":"Slimebound:Split","floor":8.0,"key":"SMITH"},{"data":"Slimebound:CorrosiveSpit","floor":11.0,"key":"SMITH"},{"data":"Slimebound:Defend_Slimebound","floor":18,"key":"SMITH"},{"data":"Slimebound:LeadByExample","floor":35,"key":"SMITH"},{"data":"expansioncontent:StudyTheSpire","floor":46,"key":"SMITH"}],"circlet_count":0,"master_deck":["Slimebound:Strike_Slimebound","Slimebound:Strike_Slimebound","Slimebound:Strike_Slimebound+1","Slimebound:Tackle+1","Slimebound:Defend_Slimebound","Slimebound:Defend_Slimebound","Slimebound:Defend_Slimebound+1","Slimebound:Split+1","Slimebound:CorrosiveSpit+1","Slimebound:Repurpose","Slimebound:LeechingTouch+1","Slimebound:SamplingLick","Slimebound:SamplingLick","Slimebound:SplitAcid","Slimebound:LeechLife+1","Slimebound:FormOfPuddle+1","Slimebound:LivingWall+1","Slimebound:ProtectTheBoss","Slimebound:SplitLeeching+1","Slimebound:Repurpose+1","Slimebound:Dissolve+1","Slimebound:ProtectTheBoss","Slimebound:ProtectTheBoss","Slimebound:LeadByExample+1","Slimebound:LivingWall+1","Slimebound:RallyTheTroops+1","Slimebound:Equalize+1","Slimebound:Schlurp+1","Slimebound:Darklings","expansioncontent:StudyTheSpire+1","expansioncontent:QuickStudy","expansioncontent:YouAreMine","Slimebound:LeadByExample","Slimebound:SlimeTap","Slimebound:ProtectTheBoss","Slimebound:ProtectTheBoss+1","Slimebound:SplitBruiser"],"relics":["Slimebound:AbsorbEndCombat","Molten Egg 2","Pocketwatch","downfall:HeartBlessingRed","Bronze Scales","Slimebound:GreedOozeRelic","Pantograph","Sozu","Enchiridion","Nunchaku","Darkstone Periapt","Potion Belt","SlaversCollar","downfall:HeartBlessingGreen","Bag of Preparation","War Paint","PreservedInsect"],"acts_visited":["Exordium","TheCity","TheBeyond"],"potions_floor_usage":[],"damage_taken":[{"damage":12.0,"enemies":"Cultist","floor":2.0,"turns":4.0},{"damage":3.0,"enemies":"2 Louse","floor":6.0,"turns":2.0},{"damage":15.0,"enemies":"Lagavulin","floor":9.0,"turns":5.0},{"damage":5.0,"enemies":"Small Slimes","floor":10.0,"turns":3.0},{"damage":5,"enemies":"3 Sentries","floor":14,"turns":6},{"damage":3,"enemies":"3 Louse","floor":15,"turns":3},{"damage":22,"enemies":"SI_SHIV_ARCHETYPE","floor":16,"turns":5},{"damage":3,"enemies":"Spheric Guardian","floor":19,"turns":3},{"damage":0,"enemies":"Shell Parasite","floor":20,"turns":3},{"damage":1,"enemies":"Centurion and Healer","floor":22,"turns":5},{"damage":12,"enemies":"Shelled Parasite and Fungi","floor":25,"turns":4},{"damage":0,"enemies":"Cultist and Chosen","floor":26,"turns":6},{"damage":0,"enemies":"Book of Stabbing","floor":27,"turns":4},{"damage":0,"enemies":"Snake Plant","floor":29,"turns":2},{"damage":0,"enemies":"Snecko","floor":30,"turns":5},{"damage":0,"enemies":"Gremlin Leader","floor":31,"turns":4},{"damage":21,"enemies":"Shelled Parasite and Fungi","floor":32,"turns":5},{"damage":0,"enemies":"WA_ARCHETYPE_CALM","floor":33,"turns":9},{"damage":1,"enemies":"Orb Walker","floor":36,"turns":2},{"damage":0,"enemies":"3 Darklings","floor":37,"turns":4},{"damage":0,"enemies":"downfall:FleeingMerchant","floor":43,"turns":4},{"damage":38,"enemies":"Reptomancer","floor":44,"turns":5},{"damage":4,"enemies":"Jaw Worm Horde","floor":45,"turns":6},{"damage":28,"enemies":"4 Shapes","floor":48,"turns":7},{"damage":15,"enemies":"Transient","floor":49,"turns":5},{"damage":99,"enemies":"DF_ARCHETYPE_ORBS","floor":50,"turns":12}],"seed_played":"2240185221812426133","potions_obtained":[{"floor":9.0,"key":"Guardian:BlockOnCardUsePotion"},{"floor":10.0,"key":"DuplicationPotion"},{"floor":16,"key":"GamblersBrew"}],"is_trial":false,"path_per_floor":["R","M","?","?","?","M","T","R","E","M","R","?","?","E","M","B",null,"R","M","M","?","M","?","T","M","M","E","?","M","M","E","M","B",null,"R","M","M","?","?","?","T","?","$","E","M","R","T","M","M","B",null],"character_chosen":"SLIMEBOUND","items_purchased":["Slimebound:SlimeTap","Bag of Preparation"],"campfire_rested":0,"item_purchase_floors":[43,43],"current_hp_per_floor":[71,62,62,59,59,58,58,58,51,50,50,55,55,52,51,60,76,76,75,76,62,71,55,55,59,81,81,81,81,81,81,81,81,81,81,81,81,81,81,81,81,71,71,59,75,75,75,55,71,22],"gold":86,"neow_bonus":"TEN_PERCENT_HP_BONUS","is_daily":false,"chose_seed":false,"campfire_upgraded":5,"win_rate":0.0,"timestamp":1611774289,"path_taken":["R","M","?","?","?","M","T","R","E","M","R","?","?","E","M","BOSS","R","M","M","?","M","?","T","M","M","E","?","?","M","E","M","BOSS","R","M","M","?","?","?","T","?","?","E","M","R","?","M","M","BOSS"],"items_purchased_type":["Card","Relic"],"build_version":"2020-12-22","purchased_purges":0,"victory":true,"max_hp_per_floor":[71,71,71,71,71,71,71,71,71,71,71,76,76,76,76,76,76,76,76,76,81,81,81,81,81,81,81,81,81,81,81,81,81,81,81,81,81,81,81,81,81,81,81,81,81,81,81,81,81,81],"card_choices":[{"not_picked":["Slimebound:SlimeSpikes","Slimebound:Schlurp"],"picked":"Slimebound:Repurpose","floor":2.0},{"not_picked":["Slimebound:FinishingTackle+1","Slimebound:Schlurp"],"picked":"Slimebound:LeechingTouch+1","floor":6.0},{"not_picked":["Slimebound:FinishingTackle+1","Slimebound:Repurpose"],"picked":"Slimebound:OneTwoCombo+1","floor":9.0},{"not_picked":["Slimebound:ForwardTackle+1","Slimebound:FinishingTackle+1"],"picked":"Slimebound:SamplingLick","floor":10.0},{"not_picked":["Slimebound:FinishingTackle+1","Slimebound:Replication"],"picked":"Slimebound:SamplingLick","floor":14},{"not_picked":["Slimebound:GoopTackle+1","Slimebound:BestDefense"],"picked":"Slimebound:SplitAcid","floor":15},{"not_picked":["Slimebound:DuplicatedForm","Slimebound:DouseInSlime"],"picked":"Slimebound:LeechLife+1","floor":16},{"not_picked":["Slimebound:GoopSpray","Slimebound:SlimeSpikes"],"picked":"Slimebound:FormOfPuddle","floor":19},{"not_picked":["Slimebound:ComboTackle+1","Slimebound:Prepare"],"picked":"Slimebound:LivingWall+1","floor":20},{"not_picked":["Slimebound:ItLooksTasty+1","Slimebound:Gluttony"],"picked":"Slimebound:ProtectTheBoss","floor":22},{"not_picked":["Slimebound:SlimeBrawl","Slimebound:DuplicatedForm"],"picked":"Slimebound:SplitLeeching","floor":25},{"not_picked":["Slimebound:DisruptingSlam+1","Slimebound:Grow"],"picked":"Slimebound:Repurpose+1","floor":26},{"not_picked":["Slimebound:FinishingTackle+1","Slimebound:HauntingLick"],"picked":"Slimebound:Dissolve+1","floor":27},{"not_picked":["Slimebound:Replication","Slimebound:Repurpose+1"],"picked":"Slimebound:ProtectTheBoss","floor":29},{"not_picked":["Slimebound:ItLooksTasty+1","Slimebound:SplitMire"],"picked":"Slimebound:ProtectTheBoss","floor":30},{"not_picked":["Slimebound:DouseInSlime","Slimebound:SlimeBrawl"],"picked":"Slimebound:LeadByExample","floor":31},{"not_picked":["Slimebound:SamplingLick","Slimebound:RejuvenatingLick"],"picked":"Slimebound:LivingWall+1","floor":32},{"not_picked":["Slimebound:OozeBath","Slimebound:Teamwork"],"picked":"Slimebound:RallyTheTroops+1","floor":33},{"not_picked":["Slimebound:Schlurp","Slimebound:FormOfPuddle"],"picked":"Slimebound:Equalize+1","floor":36},{"not_picked":["Slimebound:PressTheAttack+1","Slimebound:Grow+1"],"picked":"Slimebound:Schlurp+1","floor":37},{"not_picked":["expansioncontent:InvincibleStrength","expansioncontent:AwakenDeath"],"picked":"expansioncontent:StudyTheSpire","floor":42},{"not_picked":["expansioncontent:StudyTheSpire","expansioncontent:DecaShield"],"picked":"expansioncontent:QuickStudy","floor":42},{"not_picked":["expansioncontent:LastStand","expansioncontent:Hexaburn"],"picked":"expansioncontent:YouAreMine","floor":42},{"not_picked":["Slimebound:MegaLick","Slimebound:AcidTongue+1"],"picked":"Slimebound:LeadByExample","floor":43},{"not_picked":["Slimebound:TongueLash+1","Slimebound:SlimeSpikes"],"picked":"Slimebound:ProtectTheBoss","floor":44},{"not_picked":["Slimebound:FinishingTackle+1","Slimebound:MegaLick"],"picked":"Slimebound:ProtectTheBoss+1","floor":45},{"not_picked":["Slimebound:ComboTackle+1","Slimebound:SlimeSpikes"],"picked":"Slimebound:SplitBruiser","floor":48},{"not_picked":["Slimebound:ComboTackle+1","Slimebound:ItLooksTasty+1","Slimebound:MassRepurpose"],"picked":"SKIP","floor":49}],"player_experience":2941,"relics_obtained":[{"floor":7.0,"key":"Pocketwatch"},{"floor":9.0,"key":"Bronze Scales"},{"floor":14,"key":"Pantograph"},{"floor":23,"key":"Enchiridion"},{"floor":24,"key":"Nunchaku"},{"floor":27,"key":"Darkstone Periapt"},{"floor":31,"key":"Potion Belt"},{"floor":44,"key":"War Paint"},{"floor":47,"key":"PreservedInsect"}],"event_choices":[{"damage_healed":0.0,"max_hp_gain":0.0,"max_hp_loss":0.0,"gold_gain":0.0,"event_name":"Scrap Ooze","player_choice":"Success","floor":4.0,"gold_loss":0.0,"damage_taken":3.0,"relics_obtained":["Molten Egg 2"]},{"cards_removed":["downfall:Malfunctioning"],"damage_healed":0.0,"max_hp_gain":0.0,"max_hp_loss":0.0,"gold_gain":0.0,"event_name":"The Cleric","player_choice":"Card Removal","floor":5.0,"gold_loss":0.0,"damage_taken":0.0},{"damage_healed":0.0,"max_hp_gain":5.0,"max_hp_loss":0.0,"gold_gain":0.0,"event_name":"Big Fish","player_choice":"Donut","floor":12.0,"gold_loss":0.0,"damage_taken":0.0},{"cards_removed":["Slimebound:Defend_Slimebound"],"damage_healed":0,"gold_gain":0,"player_choice":"Removed Skill","damage_taken":0,"max_hp_gain":0,"max_hp_loss":0,"event_name":"Falling","floor":39,"gold_loss":0}],"is_beta":false,"boss_relics":[{"not_picked":["Empty Cage","Busted Crown"],"picked":"Sozu"},{"not_picked":["Calling Bell","Astrolabe"],"picked":"SlaversCollar"}],"items_purged_floors":[],"is_endless":false,"potions_floor_spawned":[9,10,16,22,26,29,30,31,36,45],"ascension_level":0}}