{"host":"bw00wb7p5bw58om7","time":1611781908,"event":{"mods":["100% Spire Juice","Act Like it!","BaseMod","Better Third Choice","CapriCore","Chen","Downfall","Gensokyo","Koishi","KomeijiMod","Marisa????????","Minty Spire (QoL Compilation)","Onozuka Komachi Mod","Permanent Neow","Prisma Mod","Reimu??????","Remilia??????","StSLib","The Administrix","The Immortal","The Senshi","The Servant 0.9.4","Yakumo Yukari mod"],"gold_per_floor":[110,122,138,138,149,149,179,179,179,192,219,252,27,127,127,231,231,249,261,361,380,391,391,421,421,421,0,0,0],"floor_reached":28,"language":"ENG","playtime":1261,"items_purged":[],"score":458,"play_id":"bb4858c9-9293-47b8-be74-9b078111cc28","local_time":"20210127211148","is_ascension_mode":false,"campfire_choices":[{"data":"OneTimeOff","floor":6,"key":"SMITH"},{"data":"GalacticHalo","floor":8,"key":"SMITH"},{"floor":15,"key":"REST"},{"data":"EnergyFlow","floor":23,"key":"SMITH"},{"data":"GalacticHalo","floor":25,"key":"SMITH"}],"circlet_count":0,"master_deck":["Strike_MRS","Strike_MRS","Strike_MRS+1","Strike_MRS","Defend_MRS","Defend_MRS","Defend_MRS+1","Defend_MRS+1","MasterSpark+1","UpSweep","ShootingEcho","StarBarrage","GalacticHalo+1","Clumsy","OneTimeOff+1","AlicesGift","MillisecondPulsars","EnergyFlow+1","GalacticHalo+1","ChargeUpSpray","MaximisePower","6A+1","GrandCross","downfall:Haunted","downfall:Haunted","Lonely","BigCrunch","Gensokyo:AllTheWorldsEvil","Gensokyo:AllTheWorldsEvil","AsteroidBelt","GrandCross","IllusionStar+1","MachineGunSpark","NonDirectionalLaser"],"relics":["MiniHakkero","Smiling Mask","Gensokyo:NagashiBinaDoll","theSenshi:SailorFukuRelic","Pear","Bottled Flame","Whetstone","Oddly Smooth Stone","bronze:MakeshiftBattery","Du-Vu Doll","War Paint","CaptainsWheel","Anchor","Lantern"],"acts_visited":["Gensokyo:Gensokyo","Gensokyo:Gensokyoer"],"potions_floor_usage":[16,16],"damage_taken":[{"damage":5,"enemies":"Gensokyo:2_Kodama","floor":1,"turns":3},{"damage":6,"enemies":"Gensokyo:Python","floor":2,"turns":3},{"damage":0,"enemies":"Gensokyo:3_Fairies","floor":3,"turns":3},{"damage":4,"enemies":"Gensokyo:VengefulSpirit","floor":5,"turns":7},{"damage":28,"enemies":"Gensokyo:Cirno","floor":7,"turns":7},{"damage":25,"enemies":"Gensokyo:5_Fairies","floor":10,"turns":7},{"damage":2,"enemies":"Gensokyo:Mamizou","floor":11,"turns":8},{"damage":4,"enemies":"Gensokyo:Mamizou","floor":12,"turns":7},{"damage":0,"enemies":"Gensokyo:Reimu","floor":16,"turns":7},{"damage":11,"enemies":"Gensokyo:AngelMirror","floor":18,"turns":4},{"damage":1,"enemies":"Gensokyo:Chomper","floor":19,"turns":4},{"damage":21,"enemies":"Gensokyo:Slime_Group","floor":21,"turns":4},{"damage":13,"enemies":"Gensokyo:Swordslinger","floor":22,"turns":4},{"damage":22,"enemies":"Gensokyo:Reisen","floor":24,"turns":5},{"damage":29,"enemies":"Gensokyo:3_Gloops","floor":28,"turns":4}],"seed_played":"-465392711076015268","potions_obtained":[{"floor":2,"key":"Fire Potion"},{"floor":3,"key":"LiquidBronze"},{"floor":12,"key":"sneckomod:MuddlingPotion"},{"floor":16,"key":"ColorlessPotion"},{"floor":19,"key":"champ:CounterPotion"}],"is_trial":false,"path_per_floor":["M","M","M","?","M","R","E","R","T","M","?","E","$","?","R","B",null,"M","M","?","M","M","R","E","R","T","$","M"],"character_chosen":"MARISA","items_purchased":["ChargeUpSpray","Oddly Smooth Stone","Anchor","Lantern","MachineGunSpark","NonDirectionalLaser"],"campfire_rested":1,"item_purchase_floors":[13,13,27,27,27,27],"current_hp_per_floor":[70,64,64,64,60,60,32,32,42,17,15,11,11,11,36,36,85,74,73,78,57,44,44,22,22,22,22,0,0],"gold":0,"neow_bonus":"RANDOM_COMMON_RELIC","is_daily":false,"chose_seed":false,"campfire_upgraded":4,"win_rate":0.0,"timestamp":1611781908,"path_taken":["M","M","M","?","M","R","E","R","T","M","?","E","?","?","R","BOSS","M","M","?","M","M","R","E","R","T","$","M"],"items_purchased_type":["Card","Relic","Relic","Relic","Card","Card"],"build_version":"2020-12-22","purchased_purges":0,"victory":false,"max_hp_per_floor":[75,75,75,75,75,75,75,75,85,85,85,85,85,85,85,85,85,85,85,90,90,90,90,90,90,90,90,90,90],"card_choices":[{"not_picked":["GravityBeat","SprinkleStarSeal"],"picked":"ShootingEcho","floor":1},{"not_picked":["MilkyWay","DC"],"picked":"StarBarrage","floor":2},{"not_picked":["StarBarrage","GravityBeat"],"picked":"GalacticHalo","floor":3},{"not_picked":["6A","DC"],"picked":"OneTimeOff","floor":5},{"not_picked":["FairyDestructionRay","GravityBeat"],"picked":"AlicesGift","floor":7},{"not_picked":["ShootingEcho","NonDirectionalLaser"],"picked":"MillisecondPulsars","floor":10},{"not_picked":["ManaConvection","PulseMagic"],"picked":"EnergyFlow","floor":11},{"not_picked":["WitchOfGreed","PulseMagic"],"picked":"GalacticHalo","floor":12},{"not_picked":["BigCrunch","SuperNova"],"picked":"MaximisePower","floor":16},{"not_picked":["Orbital","EarthLightRay+1"],"picked":"6A+1","floor":18},{"not_picked":["MeteoricShower","ShootTheMoon"],"picked":"GrandCross","floor":19},{"not_picked":["PowerUp","WitchOfGreed"],"picked":"AsteroidBelt","floor":21},{"not_picked":["PropBag","OpenUniverse"],"picked":"GrandCross","floor":22},{"not_picked":["ShootingEcho+1","Singularity"],"picked":"IllusionStar+1","floor":24}],"player_experience":296045,"relics_obtained":[{"floor":7,"key":"theSenshi:SailorFukuRelic"},{"floor":9,"key":"Pear"},{"floor":11,"key":"Bottled Flame"},{"floor":12,"key":"Whetstone"},{"floor":24,"key":"War Paint"},{"floor":26,"key":"CaptainsWheel"}],"event_choices":[],"is_beta":false,"boss_relics":[{"not_picked":["theSenshi:MoonKaleidoScopeRelic","Philosopher\u0027s Stone"],"picked":"bronze:MakeshiftBattery"}],"items_purged_floors":[],"is_endless":false,"potions_floor_spawned":[2,3,12,16,19,22,24],"killed_by":"Gensokyo:3_Gloops","ascension_level":0}}