{"host":"c2vrdknshfutmcsq","time":1611734936,"event":{"mods":["BaseMod","Minty Spire (QoL Compilation)"],"gold_per_floor":[111,36,36,51,61,61,88,88,88,98,149,149,175,189,189,263,263,273,292,305,322,322,322],"floor_reached":22,"language":"ENG","playtime":1263,"items_purged":[],"score":471,"play_id":"121026f2-538e-4cb8-b04f-4bc1445d5d2c","local_time":"20210127090856","is_ascension_mode":true,"campfire_choices":[{"data":"Zap","floor":6.0,"key":"SMITH"},{"floor":12.0,"key":"REST"},{"floor":15.0,"key":"REST"}],"circlet_count":0,"master_deck":["AscendersBane","Defend_B+1","Defend_B","Defend_B","Zap+1","Dualcast+1","Lockon","Chaos+1","Lockon","Ball Lightning","Aggregate","Buffer","Leap","Creative AI","BootSequence+1","Chaos+1","Rainbow+1","Doom and Gloom","Conserve Battery+1","Defragment","Conserve Battery"],"relics":["Cracked Core","TungstenRod","Singing Bowl","DataDisk","Incense Burner","Astrolabe"],"acts_visited":["Exordium","TheCity"],"potions_floor_usage":[22],"damage_taken":[{"damage":3.0,"enemies":"2 Louse","floor":1.0,"turns":2.0},{"damage":2.0,"enemies":"Jaw Worm","floor":4.0,"turns":2.0},{"damage":0.0,"enemies":"Cultist","floor":5.0,"turns":3.0},{"damage":16.0,"enemies":"3 Sentries","floor":7.0,"turns":6.0},{"damage":15.0,"enemies":"Large Slime","floor":10.0,"turns":4.0},{"damage":2.0,"enemies":"Gremlin Nob","floor":13.0,"turns":3.0},{"damage":0.0,"enemies":"Blue Slaver","floor":14.0,"turns":2.0},{"damage":0.0,"enemies":"Slime Boss","floor":16.0,"turns":6.0},{"damage":2.0,"enemies":"Shell Parasite","floor":18.0,"turns":3.0},{"damage":14.0,"enemies":"Spheric Guardian","floor":19.0,"turns":4.0},{"damage":7.0,"enemies":"Snake Plant","floor":20.0,"turns":4.0},{"damage":6.0,"enemies":"Centurion and Healer","floor":21.0,"turns":6.0},{"damage":31,"enemies":"3 Cultists","floor":22,"turns":4}],"seed_played":"5513157366851582332","potions_obtained":[{"floor":4.0,"key":"SkillPotion"},{"floor":14.0,"key":"ColorlessPotion"},{"floor":19.0,"key":"SpeedPotion"},{"floor":21.0,"key":"FocusPotion"}],"is_trial":false,"path_per_floor":["M","?","?","M","M","R","E","?","T","M","T","R","E","M","R","B",null,"M","M","M","M","M"],"character_chosen":"DEFECT","items_purchased":[],"campfire_rested":2,"item_purchase_floors":[],"current_hp_per_floor":[61,61,61,59,59,59,43,23,23,10,10,31,29,29,50,50,67,65,51,44,38,7,7],"gold":322,"neow_bonus":"UPGRADE_CARD","is_daily":false,"chose_seed":false,"campfire_upgraded":1,"win_rate":0.0,"timestamp":1611734936,"path_taken":["M","?","?","M","?","R","E","?","T","M","?","R","E","?","R","BOSS","M","M","M","M","M"],"items_purchased_type":[],"build_version":"2020-12-22","purchased_purges":0,"victory":false,"max_hp_per_floor":[71,71,71,71,71,71,71,71,71,73,73,73,73,73,73,73,73,73,73,73,73,73,73],"card_choices":[{"not_picked":["Compile Driver","Ball Lightning"],"picked":"Lockon","floor":1.0},{"not_picked":["Beam Cell","Sweeping Beam"],"picked":"Lockon","floor":4.0},{"not_picked":["Chill","Reprogram"],"picked":"Ball Lightning","floor":5.0},{"not_picked":["Gash","Coolheaded"],"picked":"Aggregate","floor":7.0},{"not_picked":["Barrage","Reprogram","Beam Cell"],"picked":"Singing Bowl","floor":10.0},{"not_picked":["Defragment","Capacitor"],"picked":"Buffer","floor":13.0},{"not_picked":["Redo","Hologram"],"picked":"Leap","floor":14.0},{"not_picked":["Machine Learning","Meteor Strike"],"picked":"Creative AI","floor":16.0},{"not_picked":["Streamline","Rebound"],"picked":"Doom and Gloom","floor":18.0},{"not_picked":["Loop+1","Barrage+1"],"picked":"Conserve Battery+1","floor":19.0},{"not_picked":["Recycle","Rebound"],"picked":"Defragment","floor":20.0},{"not_picked":["Beam Cell","Go for the Eyes"],"picked":"Conserve Battery","floor":21.0}],"player_experience":1300417,"relics_obtained":[{"floor":7.0,"key":"TungstenRod"},{"floor":9.0,"key":"Singing Bowl"},{"floor":11.0,"key":"DataDisk"},{"floor":13.0,"key":"Incense Burner"}],"event_choices":[{"cards_removed":["Strike_B"],"damage_healed":0.0,"max_hp_gain":0.0,"max_hp_loss":0.0,"gold_gain":0.0,"event_name":"The Cleric","player_choice":"Card Removal","floor":2.0,"gold_loss":75.0,"damage_taken":0.0},{"damage_healed":0.0,"max_hp_gain":0.0,"max_hp_loss":0.0,"gold_gain":0.0,"cards_transformed":["Strike_B"],"event_name":"Transmorgrifier","player_choice":"Transformed","floor":3.0,"gold_loss":0.0,"damage_taken":0.0,"cards_obtained":["Chaos"]},{"damage_healed":0.0,"max_hp_gain":0.0,"max_hp_loss":0.0,"gold_gain":0.0,"event_name":"Shining Light","player_choice":"Entered Light","floor":8.0,"gold_loss":0.0,"damage_taken":21.0,"cards_upgraded":["Chaos","Defend_B"]}],"is_beta":false,"boss_relics":[{"not_picked":["Fusion Hammer","Philosopher\u0027s Stone"],"picked":"Astrolabe"}],"items_purged_floors":[],"is_endless":false,"potions_floor_spawned":[4,14,19,21],"killed_by":"3 Cultists","ascension_level":18}}