{"host":"iy54rgx5egu9t31x","time":1611724449,"event":{"mods":["2.2 Compatiblity","Act Like it!","Always Whale","BaseMod","Gensokyo","Jorbs\u0027s Wanderer Trilogy","Marisa£®ÏF”Í°°ƒß¿Ì…≥£©","Minty Spire (QoL Compilation)","Quick Restart","StSLib","SuperFastMode"],"gold_per_floor":[109,109,126,126,26,26,55,373,373,388,598,633,633,633,633,711,711,723,743,762,778,74,106,106,136,160,360,360],"floor_reached":27,"language":"ZHS","playtime":2635,"items_purged":[],"score":541,"play_id":"db0713f0-6f64-42cd-bd38-83be894c779b","local_time":"20210127131409","is_ascension_mode":true,"campfire_choices":[{"data":"stsjorbsmod:Fireball","floor":6.0,"key":"SMITH"},{"floor":15.0,"key":"REST"}],"circlet_count":0,"master_deck":["AscendersBane","stsjorbsmod:ForbiddenGrimoire+1","stsjorbsmod:Strike_Wanderer","stsjorbsmod:Strike_Wanderer","stsjorbsmod:Strike_Wanderer","stsjorbsmod:Defend_Wanderer","stsjorbsmod:Defend_Wanderer","stsjorbsmod:Defend_Wanderer+1","stsjorbsmod:Defend_Wanderer","stsjorbsmod:FreshAdventure","stsjorbsmod:EyeOfTheStorm","stsjorbsmod:Fireball+1","stsjorbsmod:Mindworm","stsjorbsmod:HedgeWizard","stsjorbsmod:ColorSpray","stsjorbsmod:RefuseToForget","stsjorbsmod:HoldMonster","stsjorbsmod:WeightOfMemory","stsjorbsmod:TrueStrike","stsjorbsmod:Mania","Clumsy","stsjorbsmod:ArcaneForm","stsjorbsmod:Prestidigitation","stsjorbsmod:MagicMissiles","stsjorbsmod:ChainLightning+1","stsjorbsmod:TinyHut+1","Gensokyo:BlemishedSteel","Gensokyo:ScrapIron","Gensokyo:Shovel","Gensokyo:ManorOfTheDishes","Gensokyo:SlitMouthedWoman","stsjorbsmod:Counterspell"],"relics":["stsjorbsmod:GrimoireRelic","Vajra","Lantern","Letter Opener","Matryoshka","Gensokyo:NagashiBinaDoll","Coffee Dripper","Toolbox","ClockworkSouvenir","Singing Bowl","Akabeko","Darkstone Periapt"],"acts_visited":["Gensokyo:Gensokyo","Gensokyo:Gensokyoer"],"potions_floor_usage":[27],"damage_taken":[{"damage":0.0,"enemies":"Gensokyo:3_Fairies","floor":1.0,"turns":4.0},{"damage":2.0,"enemies":"Gensokyo:2_Kodama","floor":3.0,"turns":3.0},{"damage":12.0,"enemies":"Gensokyo:Cirno","floor":7.0,"turns":6.0},{"damage":8.0,"enemies":"Gensokyo:Python","floor":8.0,"turns":4.0},{"damage":16.0,"enemies":"Gensokyo:Kitsune","floor":10.0,"turns":4.0},{"damage":8.0,"enemies":"Gensokyo:Gryphon_and_Rabbit","floor":11.0,"turns":3.0},{"damage":9.0,"enemies":"Gensokyo:Aya","floor":12.0,"turns":3.0},{"damage":5.0,"enemies":"Gensokyo:Yukari","floor":16.0,"turns":6.0},{"damage":3.0,"enemies":"Gensokyo:Chomper","floor":18.0,"turns":3.0},{"damage":15.0,"enemies":"Gensokyo:3_Dogs","floor":19.0,"turns":4.0},{"damage":6.0,"enemies":"Gensokyo:Chomper_and_Gloop","floor":20.0,"turns":5.0},{"damage":11.0,"enemies":"Gensokyo:Wraith","floor":21.0,"turns":4.0},{"damage":28.0,"enemies":"Gensokyo:Tenshi","floor":23.0,"turns":5.0},{"damage":0.0,"enemies":"Gensokyo:Koishi","floor":25.0,"turns":3.0},{"damage":20,"enemies":"Gensokyo:Tenshi","floor":27,"turns":1}],"seed_played":"-8145182800397611417","potions_obtained":[{"floor":1.0,"key":"EssenceOfSteel"},{"floor":8.0,"key":"BlessingOfTheForge"},{"floor":10.0,"key":"SteroidPotion"},{"floor":18.0,"key":"Swift Potion"},{"floor":23.0,"key":"Dexterity Potion"},{"floor":25.0,"key":"Fruit Juice"}],"is_trial":false,"path_per_floor":["M","?","M","T","COS","R","E","M","T","M","M","E","?","?","R","B",null,"M","M","M","M","COS","E","?","E","T","E"],"character_chosen":"WANDERER","items_purchased":[],"campfire_rested":1,"item_purchase_floors":[],"current_hp_per_floor":[58,58,57,57,57,57,46,39,39,26,19,11,11,11,29,25,51,52,41,40,30,30,8,8,17,17,0,0],"gold":360,"neow_bonus":"THREE_RARE_CARDS","is_daily":false,"chose_seed":false,"campfire_upgraded":1,"win_rate":0.0,"timestamp":1611724449,"path_taken":["M","?","?","?","COS","R","E","M","T","M","M","E","?","?","R","BOSS","M","M","M","M","COS","E","?","E","T","E"],"items_purchased_type":[],"build_version":"2020-12-22","purchased_purges":0,"victory":false,"max_hp_per_floor":[58,58,58,58,58,58,58,58,58,60,60,60,60,60,60,60,60,60,60,60,60,60,62,55,60,60,60,60],"card_choices":[{"not_picked":["stsjorbsmod:CorrodingBarrier","stsjorbsmod:ThirstingSword"],"picked":"stsjorbsmod:Fireball","floor":0.0},{"not_picked":["stsjorbsmod:SchoolsOfMagic","stsjorbsmod:UnseenServant"],"picked":"stsjorbsmod:Mindworm","floor":1.0},{"not_picked":["stsjorbsmod:ChatteringStrike","stsjorbsmod:Prestidigitation"],"picked":"stsjorbsmod:HedgeWizard","floor":3.0},{"not_picked":["stsjorbsmod:ParryingBlow","stsjorbsmod:DoubleCheck"],"picked":"stsjorbsmod:ColorSpray","floor":7.0},{"not_picked":["stsjorbsmod:Inferno","stsjorbsmod:BurningFlask"],"picked":"stsjorbsmod:RefuseToForget","floor":8.0},{"not_picked":["stsjorbsmod:GatherPower","stsjorbsmod:CorrodingBarrier"],"picked":"stsjorbsmod:HoldMonster","floor":10.0},{"not_picked":["stsjorbsmod:Mindworm","stsjorbsmod:DoubleCheck"],"picked":"stsjorbsmod:WeightOfMemory","floor":10.0},{"not_picked":["stsjorbsmod:Index","stsjorbsmod:LoseGrip"],"picked":"stsjorbsmod:TrueStrike","floor":11.0},{"not_picked":["stsjorbsmod:ChainLightning","stsjorbsmod:RayOfFrost"],"picked":"stsjorbsmod:Mania","floor":12.0},{"not_picked":["stsjorbsmod:GatherPower","stsjorbsmod:PurgeMind"],"picked":"stsjorbsmod:ArcaneForm","floor":16.0},{"not_picked":["stsjorbsmod:DisguiseSelf","stsjorbsmod:Firebolt"],"picked":"stsjorbsmod:Prestidigitation","floor":18.0},{"not_picked":["stsjorbsmod:BurningFlask","stsjorbsmod:Hibernate"],"picked":"stsjorbsmod:MagicMissiles","floor":19.0},{"not_picked":["stsjorbsmod:DisguiseSelf","stsjorbsmod:TrueStrike"],"picked":"stsjorbsmod:ChainLightning+1","floor":20.0},{"not_picked":["stsjorbsmod:Channel","stsjorbsmod:Will"],"picked":"stsjorbsmod:TinyHut+1","floor":21.0},{"not_picked":["stsjorbsmod:UnseenServant","stsjorbsmod:Hurt","stsjorbsmod:TinyHut"],"picked":"Singing Bowl","floor":23.0},{"not_picked":["Gensokyo:TekeTeke","Gensokyo:MonkeysPaw"],"picked":"Gensokyo:SlitMouthedWoman","floor":24.0},{"not_picked":["stsjorbsmod:SmithingStrike","stsjorbsmod:BookOfTongues"],"picked":"stsjorbsmod:Counterspell","floor":25.0}],"player_experience":1118479,"relics_obtained":[{"floor":4.0,"key":"Vajra"},{"floor":7.0,"key":"Lantern"},{"floor":9.0,"key":"Letter Opener"},{"floor":12.0,"key":"Matryoshka"},{"floor":23.0,"key":"Singing Bowl"},{"floor":25.0,"key":"Akabeko"},{"floor":26.0,"key":"Darkstone Periapt"}],"event_choices":[],"is_beta":false,"boss_relics":[{"not_picked":["Astrolabe","Calling Bell"],"picked":"Coffee Dripper"}],"items_purged_floors":[],"is_endless":false,"potions_floor_spawned":[1,8,10,18,23,25],"killed_by":"Gensokyo:Tenshi","ascension_level":20}}