{"host":"aj7el8l5kufbk20z","time":1611728179,"event":{"mods":["AchievementEnabler","BaseMod","Colored Map","Colored Powertips","Curses Come First","Highlight Path","Minty Spire (QoL Compilation)","Permanent Neow","Poor People Problems","Quick Restart","Rare Cards Sparkle","Relic Stats","StSLib","SuperFastMode","Waifu the Spire"],"gold_per_floor":[117,129,144,157,63,91,91,120,147,147,222,252,66,66,66,143,143,159,235,235,300,273,307,324,358,385,399,399,399,416,448,448,522,522,541,541,453,465,482,511,461,475,475,105,116,116,141,156,156,156,156,156,156,70,98,98],"floor_reached":57,"language":"ZHS","playtime":5297,"items_purged":["Clumsy","Strike_R","Strike_R","Strike_R","Defend_R","Doubt"],"score":2720,"play_id":"31be905f-be45-4841-9e72-3ce2d4fb7b61","local_time":"20210127141619","is_ascension_mode":true,"campfire_choices":[{"data":"Armaments","floor":7.0,"key":"SMITH"},{"data":"Dark Embrace","floor":10.0,"key":"SMITH"},{"data":"Barricade","floor":15.0,"key":"SMITH"},{"floor":29.0,"key":"RECALL"},{"data":"Metallicize","floor":32.0,"key":"SMITH"},{"data":"Fire Breathing","floor":49,"key":"SMITH"},{"data":"Rampage","floor":53,"key":"SMITH"}],"circlet_count":0,"master_deck":["AscendersBane","Strike_R+1","Defend_R+1","Defend_R","Defend_R+1","Bash","Reckless Charge","Dark Embrace+1","Reckless Charge","Fire Breathing+1","Armaments+1","Rampage+1","Barricade+1","Metallicize+1","Impervious","Limit Break","Shrug It Off","Warcry","Disarm","Entrench+1","Exhume","Iron Wave+1","Madness","Madness","Flex","Body Slam+1","Shrug It Off","Shockwave","Feel No Pain"],"relics":["Burning Blood","Dead Branch","Gremlin Horn","Strange Spoon","PreservedInsect","Potion Belt","Bronze Scales","War Paint","SlaversCollar","Juzu Bracelet","Mummified Hand","Membership Card","Pantograph","Red Skull","Dream Catcher","Bag of Preparation","Bottled Flame","Cursed Key","Smiling Mask","Singing Bowl","Turnip","Ice Cream","Magic Flower","Pen Nib","Bottled Tornado"],"acts_visited":["Exordium","TheCity","TheBeyond","TheEnding"],"potions_floor_usage":[56,56,56],"damage_taken":[{"damage":4.0,"enemies":"Jaw Worm","floor":1.0,"turns":5.0},{"damage":0.0,"enemies":"Cultist","floor":2.0,"turns":3.0},{"damage":14.0,"enemies":"2 Louse","floor":3.0,"turns":3.0},{"damage":14.0,"enemies":"Red Slaver","floor":4.0,"turns":2.0},{"damage":31.0,"enemies":"Gremlin Nob","floor":6.0,"turns":4.0},{"damage":30.0,"enemies":"Lagavulin","floor":8.0,"turns":5.0},{"damage":5.0,"enemies":"3 Sentries","floor":12.0,"turns":4.0},{"damage":30.0,"enemies":"The Guardian","floor":16.0,"turns":14.0},{"damage":0.0,"enemies":"Chosen","floor":18.0,"turns":4.0},{"damage":28.0,"enemies":"2 Thieves","floor":22.0,"turns":5.0},{"damage":4.0,"enemies":"Book of Stabbing","floor":23.0,"turns":5.0},{"damage":16.0,"enemies":"Snake Plant","floor":24.0,"turns":5.0},{"damage":15.0,"enemies":"Gremlin Leader","floor":25.0,"turns":5.0},{"damage":53.0,"enemies":"Centurion and Healer","floor":27.0,"turns":10.0},{"damage":15.0,"enemies":"Sentry and Sphere","floor":30.0,"turns":5.0},{"damage":16.0,"enemies":"Slavers","floor":31.0,"turns":6.0},{"damage":22.0,"enemies":"Collector","floor":33.0,"turns":8.0},{"damage":29.0,"enemies":"Orb Walker","floor":35.0,"turns":5.0},{"damage":0.0,"enemies":"3 Shapes","floor":38.0,"turns":4.0},{"damage":0.0,"enemies":"Sphere and 2 Shapes","floor":39.0,"turns":6.0},{"damage":77.0,"enemies":"Reptomancer","floor":40.0,"turns":6.0},{"damage":17.0,"enemies":"3 Darklings","floor":42.0,"turns":6.0},{"damage":0.0,"enemies":"Maw","floor":45.0,"turns":7.0},{"damage":13.0,"enemies":"Mind Bloom Boss Battle","floor":47.0,"turns":8.0},{"damage":29,"enemies":"Transient","floor":48,"turns":6},{"damage":46,"enemies":"Donu and Deca","floor":50,"turns":10},{"damage":14,"enemies":"Time Eater","floor":51,"turns":8},{"damage":79,"enemies":"Shield and Spear","floor":55,"turns":6},{"damage":214,"enemies":"The Heart","floor":56,"turns":11}],"seed_played":"-6555457966801805814","potions_obtained":[{"floor":1.0,"key":"DistilledChaos"},{"floor":3.0,"key":"SteroidPotion"},{"floor":8.0,"key":"Fire Potion"},{"floor":18.0,"key":"SkillPotion"},{"floor":22.0,"key":"Explosive Potion"},{"floor":24.0,"key":"LiquidBronze"}],"is_trial":false,"path_per_floor":["M","M","M","M","$","E","R","E","T","R","?","E","$","?","R","B",null,"M","$","?","$","M","E","M","E","T","M","?","R","M","E","R","B",null,"M","?","$","M","M","E","?","M","T","$","M","?","?","M","R","B","B",null,"R","$","E","B",null],"character_chosen":"IRONCLAD","items_purchased":["Fire Breathing","Gremlin Horn","Strange Spoon","Metallicize","Limit Break","Juzu Bracelet","Membership Card","Pantograph","Red Skull","Turnip","Ice Cream","Pen Nib"],"campfire_rested":0,"item_purchase_floors":[5,5,5,13,19,19,21,21,21,44,44,54],"current_hp_per_floor":[70,75,67,59,59,34,34,61,61,61,50,51,51,51,51,27,63,69,69,69,69,47,75,65,75,75,75,75,75,66,75,75,59,71,48,34,34,40,46,75,75,64,64,64,72,72,70,74,74,73,74,78,78,78,70,79],"gold":98,"neow_bonus":"ONE_RARE_RELIC","is_daily":false,"chose_seed":false,"campfire_upgraded":6,"win_rate":0.0,"timestamp":1611728179,"path_taken":["M","M","M","M","$","E","R","E","T","R","?","E","$","?","R","BOSS","M","$","?","$","M","E","M","E","T","M","?","R","M","E","R","BOSS","M","?","$","M","M","E","?","M","T","$","M","?","?","M","R","BOSS","BOSS","R","$","E","BOSS"],"items_purchased_type":["Card","Relic","Relic","Card","Card","Relic","Relic","Relic","Relic","Relic","Relic","Relic"],"build_version":"2020-12-22","purchased_purges":6,"victory":true,"max_hp_per_floor":[75,75,75,75,75,75,75,75,75,75,75,75,75,75,75,75,75,75,75,75,75,75,75,75,75,75,75,75,75,75,75,75,75,75,75,75,75,75,75,75,75,75,75,75,77,77,77,79,79,79,79,79,79,79,79,79],"relic_stats":{"Gremlin Horn":[26,26],"Singing Bowl":4,"counters":[29,176],"Dead Branch":[208],"Magic Flower":[12],"PreservedInsect":331,"Pen Nib":[2],"Juzu Bracelet":3,"Bag of Preparation":[32],"War Paint":["Defend_R","Defend_R"],"Cursed Key":1,"Smiling Mask":50,"Burning Blood":107,"Strange Spoon":[66],"Dream Catcher":0,"Mummified Hand":[116],"Bronze Scales":[611],"Pantograph":25,"Turnip":[9],"obtain_stats":[{"Ice Cream":44,"Gremlin Horn":5,"Singing Bowl":43,"Magic Flower":47,"Juzu Bracelet":19,"Bag of Preparation":25,"Bottled Tornado":55,"Cursed Key":34,"Smiling Mask":40,"Burning Blood":0,"Dream Catcher":23,"Mummified Hand":20,"Pantograph":21,"Red Skull":21,"Potion Belt":8,"Dead Branch":0,"PreservedInsect":6,"Pen Nib":54,"War Paint":12,"Strange Spoon":5,"SlaversCollar":17,"Bottled Flame":31,"Bronze Scales":9,"Turnip":44,"Membership Card":21},{"Ice Cream":22,"Gremlin Horn":4,"Singing Bowl":22,"Magic Flower":24,"Juzu Bracelet":9,"Bag of Preparation":13,"Bottled Tornado":28,"Cursed Key":17,"Smiling Mask":21,"Burning Blood":0,"Dream Catcher":11,"Mummified Hand":9,"Pantograph":9,"Red Skull":9,"Potion Belt":6,"Dead Branch":0,"PreservedInsect":5,"Pen Nib":27,"War Paint":7,"Strange Spoon":4,"SlaversCollar":8,"Bottled Flame":16,"Bronze Scales":6,"Turnip":22,"Membership Card":9},{"Ice Cream":120,"Gremlin Horn":13,"Singing Bowl":120,"Magic Flower":135,"Juzu Bracelet":44,"Bag of Preparation":64,"Bottled Tornado":165,"Cursed Key":93,"Smiling Mask":114,"Burning Blood":0,"Dream Catcher":54,"Mummified Hand":44,"Pantograph":44,"Red Skull":44,"Potion Belt":22,"Dead Branch":0,"PreservedInsect":17,"Pen Nib":159,"War Paint":26,"Strange Spoon":13,"SlaversCollar":40,"Bottled Flame":85,"Bronze Scales":22,"Turnip":120,"Membership Card":44}]},"card_choices":[{"not_picked":["Pommel Strike","Perfected Strike"],"picked":"Reckless Charge","floor":1.0},{"not_picked":["Uppercut","Sever Soul","Searing Blow"],"picked":"SKIP","floor":2.0},{"not_picked":["Perfected Strike","Thunderclap"],"picked":"Dark Embrace","floor":3.0},{"not_picked":["Flex","Heavy Blade"],"picked":"Reckless Charge","floor":4.0},{"not_picked":["Seeing Red","Flex"],"picked":"Armaments","floor":6.0},{"not_picked":["Clothesline","Thunderclap"],"picked":"Rampage","floor":8.0},{"not_picked":["Flame Barrier","Flex"],"picked":"Barricade","floor":12.0},{"not_picked":["Barricade","Immolate"],"picked":"Impervious","floor":16.0},{"not_picked":["Rage","Pommel Strike","Sentinel"],"picked":"SKIP","floor":18.0},{"not_picked":["Wild Strike","True Grit","Thunderclap"],"picked":"SKIP","floor":22.0},{"not_picked":["Dual Wield","Dropkick"],"picked":"Shrug It Off","floor":23.0},{"not_picked":["Brutality","Havoc","Armaments"],"picked":"SKIP","floor":24.0},{"not_picked":["Hemokinesis","Headbutt","Wild Strike"],"picked":"SKIP","floor":25.0},{"not_picked":["Clash","Disarm"],"picked":"Warcry","floor":27.0},{"not_picked":["Exhume","Armaments"],"picked":"Disarm","floor":30.0},{"not_picked":["Body Slam","Cleave"],"picked":"Entrench","floor":31.0},{"not_picked":["Feed","Fiend Fire"],"picked":"Exhume","floor":33.0},{"not_picked":["Havoc+1","Wild Strike"],"picked":"Iron Wave+1","floor":35.0},{"not_picked":["Whirlwind","Armaments"],"picked":"Flex","floor":38.0},{"not_picked":["Whirlwind","Thunderclap"],"picked":"Body Slam","floor":39.0},{"not_picked":["Sentinel","Reckless Charge","Body Slam+1"],"picked":"SKIP","floor":40.0},{"not_picked":["Bludgeon","Pommel Strike"],"picked":"Shrug It Off","floor":42.0},{"not_picked":["Anger+1","Sword Boomerang","Warcry"],"picked":"Singing Bowl","floor":45.0},{"not_picked":["Clothesline","Corruption"],"picked":"Shockwave","floor":47.0},{"not_picked":["Thunderclap","Rampage","Perfected Strike"],"picked":"Singing Bowl","floor":48},{"not_picked":["Headbutt","Armaments"],"picked":"Feel No Pain","floor":55}],"player_experience":408970,"relics_obtained":[{"floor":6.0,"key":"PreservedInsect"},{"floor":8.0,"key":"Potion Belt"},{"floor":9.0,"key":"Bronze Scales"},{"floor":12.0,"key":"War Paint"},{"floor":23.0,"key":"Dream Catcher"},{"floor":25.0,"key":"Bag of Preparation"},{"floor":31.0,"key":"Bottled Flame"},{"floor":40.0,"key":"Smiling Mask"},{"floor":43.0,"key":"Singing Bowl"},{"floor":47.0,"key":"Magic Flower"},{"floor":55,"key":"Bottled Tornado"}],"event_choices":[{"damage_healed":0.0,"max_hp_gain":0.0,"max_hp_loss":0.0,"gold_gain":75.0,"event_name":"World of Goop","player_choice":"Gather Gold","floor":11.0,"gold_loss":0.0,"damage_taken":11.0},{"cards_removed":["Strike_R"],"damage_healed":0.0,"max_hp_gain":0.0,"max_hp_loss":0.0,"gold_gain":0.0,"event_name":"Bonfire Elementals","player_choice":"Offered Basic","floor":14.0,"gold_loss":0.0,"damage_taken":0.0},{"damage_healed":0.0,"max_hp_gain":0.0,"max_hp_loss":0.0,"gold_gain":0.0,"event_name":"WeMeetAgain","player_choice":"Gave Potion","floor":20.0,"gold_loss":0.0,"damage_taken":0.0,"relics_obtained":["Mummified Hand"]},{"damage_healed":0.0,"max_hp_gain":0.0,"max_hp_loss":0.0,"gold_gain":0.0,"event_name":"Vampires","player_choice":"Ignored","floor":28.0,"gold_loss":0.0,"damage_taken":0.0},{"damage_healed":0.0,"max_hp_gain":0.0,"max_hp_loss":0.0,"gold_gain":0.0,"event_name":"Winding Halls","player_choice":"Embrace Madness","floor":36.0,"gold_loss":0.0,"damage_taken":14.0,"cards_obtained":["Madness","Madness"]},{"damage_healed":0.0,"max_hp_gain":0.0,"max_hp_loss":0.0,"gold_gain":0.0,"event_name":"Designer","player_choice":"Upgraded Two","floor":41.0,"gold_loss":50.0,"damage_taken":0.0,"cards_upgraded":["Strike_R","Body Slam"]},{"damage_healed":0.0,"max_hp_gain":0.0,"max_hp_loss":0.0,"gold_gain":0.0,"event_name":"Upgrade Shrine","player_choice":"Upgraded","floor":46.0,"gold_loss":0.0,"damage_taken":0.0,"cards_upgraded":["Entrench"]},{"damage_healed":0.0,"max_hp_gain":0.0,"max_hp_loss":0.0,"gold_gain":0.0,"event_name":"MindBloom","player_choice":"Fight","floor":47.0,"gold_loss":0.0,"damage_taken":0.0}],"is_beta":false,"boss_relics":[{"not_picked":["SacredBark","Pandora\u0027s Box"],"picked":"SlaversCollar"},{"not_picked":["Busted Crown","Empty Cage"],"picked":"Cursed Key"}],"items_purged_floors":[5,13,19,21,37,44],"is_endless":false,"potions_floor_spawned":[1,3,8,18,22,24,33,35,38,42,55],"ascension_level":20}}