{"host":"Mute","time":1611762155,"event":{"mods":["BaseMod","Colored Map","Downfall","Minty Spire (QoL Compilation)","StSLib"],"gold_per_floor":[99,31,45,65,3,20,46,74,74,102,552,569,569,569,586,688,688,688,704,704,723,487,500,500,513,248,248,248,261,293,312,325,421,421,421,435,449,468,484,484,484,369,169,180,180,215,115,115,128,128,128,154,38,38,38,38,38,38],"floor_reached":56,"language":"ENG","playtime":7438,"items_purged":["downfall:Icky","downfall:Icky","Doubt"],"score":836,"play_id":"09795b4f-a8db-4eb1-94da-454439b8a21b","local_time":"20210127104235","is_ascension_mode":false,"campfire_choices":[{"data":"Guardian:StasisField","floor":1,"key":"SMITH"},{"data":"Guardian:TemporalShield","floor":9,"key":"SMITH"},{"data":"Guardian:BodySlam","floor":13,"key":"SMITH"},{"floor":18,"key":"DIG"},{"data":"Guardian:StasisStrike","floor":27,"key":"SMITH"},{"floor":35,"key":"RECALL"},{"floor":43,"key":"DIG"},{"floor":47,"key":"REST"},{"floor":54,"key":"REST"}],"circlet_count":0,"master_deck":["Guardian:Strike_Guardian","Guardian:Strike_Guardian","Guardian:Strike_Guardian","Guardian:Strike_Guardian","Guardian:Defend_Guardian","Guardian:Defend_Guardian","Guardian:CurlUp","Guardian:TwinSlam","Guardian:StasisField+1","Guardian:ExploitGems","Guardian:Incinerate","Guardian:FloatingOrbs","Guardian:ShieldCharger","Guardian:TimeCapacitor","Guardian:TemporalShield+1","Guardian:Incinerate","Guardian:BodySlam+1","downfall:Icky","CurseOfTheBell","Guardian:Gem_Fragmented","Guardian:SentryBeam","downfall:Icky","Guardian:StasisStrike+1","Guardian:Gem_Red","Guardian:Gem_Yellow","Guardian:Gem_Orange","Guardian:TemporalShield+1","Decay","Regret","Guardian:BodySlam","Guardian:BodySlam","Guardian:StasisField+1"],"relics":["Guardian:ModeShifter","Regal Pillow","Ancient Tea Set","Shovel","downfall:ExtraCursedKey","Calling Bell","Slimebound:StickyStick","Mercury Hourglass","FossilizedHelix","Eternal Feather","The Courier","Toy Ornithopter","expansioncontent:StudyCardRelic","downfall:HeartBlessingRed","downfall:HeartBlessingBlue","Potion Belt","Blue Candle","downfall:HeartBlessingGreen","Kunai","DollysMirror"],"acts_visited":["Exordium","TheCity","TheBeyond","TheEnding"],"potions_floor_usage":[31,42,55,56],"damage_taken":[{"damage":0,"enemies":"downfall:FleeingMerchant","floor":2,"turns":4},{"damage":6,"enemies":"Small Slimes","floor":3,"turns":4},{"damage":0,"enemies":"2 Louse","floor":4,"turns":4},{"damage":10,"enemies":"downfall:FleeingMerchant","floor":5,"turns":4},{"damage":0,"enemies":"Cultist","floor":6,"turns":5},{"damage":15,"enemies":"3 Sentries","floor":8,"turns":12},{"damage":13,"enemies":"Gremlin Nob","floor":10,"turns":7},{"damage":8,"enemies":"3 Louse","floor":12,"turns":5},{"damage":0,"enemies":"Red Slaver","floor":15,"turns":5},{"damage":13,"enemies":"DF_ARCHETYPE_STREAMLINE","floor":16,"turns":12},{"damage":14,"enemies":"3 Byrds","floor":19,"turns":5},{"damage":0,"enemies":"Chosen","floor":21,"turns":5},{"damage":0,"enemies":"downfall:FleeingMerchant","floor":22,"turns":4},{"damage":8,"enemies":"Snake Plant","floor":23,"turns":7},{"damage":9,"enemies":"Shelled Parasite and Fungi","floor":25,"turns":8},{"damage":15,"enemies":"downfall:FleeingMerchant","floor":26,"turns":4},{"damage":0,"enemies":"3 Cultists","floor":29,"turns":5},{"damage":7,"enemies":"Book of Stabbing","floor":30,"turns":6},{"damage":0,"enemies":"Centurion and Healer","floor":31,"turns":8},{"damage":14,"enemies":"Snake Plant","floor":32,"turns":6},{"damage":26,"enemies":"IC_MUSHROOM_ARCHETYPE","floor":33,"turns":13},{"damage":11,"enemies":"Orb Walker","floor":36,"turns":4},{"damage":17,"enemies":"3 Darklings","floor":37,"turns":4},{"damage":20,"enemies":"Jaw Worm Horde","floor":38,"turns":6},{"damage":0,"enemies":"4 Shapes","floor":39,"turns":4},{"damage":2,"enemies":"downfall:FleeingMerchant","floor":42,"turns":4},{"damage":12,"enemies":"Sphere and 2 Shapes","floor":44,"turns":4},{"damage":18,"enemies":"Nemesis","floor":46,"turns":7},{"damage":7,"enemies":"Jaw Worm Horde","floor":49,"turns":4},{"damage":56,"enemies":"WA_ARCHETYPE_DIVINITY","floor":50,"turns":15},{"damage":74,"enemies":"downfall:CharBossMerchant","floor":52,"turns":9},{"damage":34,"enemies":"downfall:NeowBoss","floor":55,"turns":28},{"damage":41,"enemies":"downfall:NeowBossFinal","floor":56,"turns":11}],"seed_played":"7794951686629402383","potions_obtained":[{"floor":6,"key":"hexamod:SoulburnPotion"},{"floor":10,"key":"FearPotion"},{"floor":12,"key":"sneckomod:MuddlingPotion"},{"floor":21,"key":"Guardian:DefensiveModePotion"},{"floor":32,"key":"hexamod:SoulburnPotion"},{"floor":49,"key":"Guardian:DefensiveModePotion"},{"floor":52,"key":"bronze:BurnAndBuffPotion"}],"is_trial":false,"path_per_floor":["R","$","M","M","$","M","T","E","R","E","?","M","R","?","M","B",null,"R","M","?","M","$","M","T","M","$","R","?","M","E","M","M","B",null,"R","M","M","M","M","?","T","$","R","M","?","E","R","?","M","B",null,"E","$","R","B","B"],"character_chosen":"GUARDIAN","items_purchased":["Guardian:Incinerate","Guardian:TemporalShield","Guardian:Gem_Fragmented","Guardian:SentryBeam","Guardian:StasisStrike","Guardian:Gem_Red","Guardian:Gem_Purple","DollysMirror"],"campfire_rested":2,"item_purchase_floors":[2,5,22,22,26,26,26,53],"current_hp_per_floor":[72,72,66,66,56,56,56,41,41,28,28,20,20,20,20,7,72,72,58,58,58,58,50,50,41,26,44,44,44,37,42,28,2,72,72,61,44,24,24,24,24,27,55,43,43,25,82,82,75,19,82,8,8,65,36,0,0,0],"gold":38,"neow_bonus":"THREE_RARE_CARDS","is_daily":false,"chose_seed":false,"campfire_upgraded":4,"win_rate":0.0,"timestamp":1611762155,"path_taken":["R","$","M","M","$","M","T","E","R","E","?","M","R","?","M","BOSS","R","M","?","M","$","M","T","M","$","R","?","M","E","M","M","BOSS","R","M","M","M","?","?","T","$","R","?","?","E","R","?","M","BOSS","E","$","R","BOSS","BOSS"],"items_purchased_type":["Card","Card","Card","Card","Card","Card","Card","Relic"],"build_version":"2020-12-18","purchased_purges":3,"victory":false,"max_hp_per_floor":[72,72,72,72,72,72,72,72,72,72,72,72,72,72,72,72,72,72,72,72,72,72,72,72,72,72,72,72,72,72,72,72,72,72,72,72,72,72,72,72,72,72,82,82,82,82,82,82,82,82,82,82,82,82,82,82,82,82],"card_choices":[{"not_picked":["Guardian:SphericShield","Guardian:ExploitGems"],"picked":"Guardian:StasisField","floor":0},{"not_picked":["Guardian:Gem_Cyan","Guardian:WalkerClaw"],"picked":"Guardian:ExploitGems","floor":2},{"not_picked":["Guardian:SentryBeam","Guardian:Recover"],"picked":"Guardian:FloatingOrbs","floor":3},{"not_picked":["Guardian:Suspension","Guardian:PiercingHide"],"picked":"Guardian:ShieldCharger","floor":4},{"not_picked":["Guardian:ChargeCore","Guardian:RollAttack"],"picked":"Guardian:TimeCapacitor","floor":5},{"not_picked":["Guardian:TemporalShield","Guardian:Gem_Lightblue"],"picked":"Guardian:Incinerate","floor":6},{"not_picked":["Guardian:BaubleBeam","Guardian:Recover","Guardian:DonusPower"],"picked":"SKIP","floor":8},{"not_picked":["Guardian:Gem_Lightblue","Guardian:TemporalShield"],"picked":"Guardian:BodySlam","floor":10},{"not_picked":["Guardian:BronzeOrb","Guardian:Gem_Lightblue","Guardian:TemporalShield"],"picked":"SKIP","floor":12},{"not_picked":["Guardian:GuardianWhirl","Guardian:Incinerate","Guardian:BronzeArmor"],"picked":"SKIP","floor":15},{"not_picked":["Guardian:TemporalShield","Guardian:Planning+1","Guardian:PiercingHide+1"],"picked":"SKIP","floor":19},{"not_picked":["Guardian:CrystalBeam","Guardian:VentSteam"],"picked":"Guardian:Gem_Purple","floor":21},{"not_picked":["Guardian:Gem_Red","Guardian:TimeCapacitor"],"picked":"Guardian:Gem_Blue","floor":22},{"not_picked":["Guardian:ArmoredProtocol","Guardian:ShieldCharger"],"picked":"Guardian:Gem_Red","floor":23},{"not_picked":["Guardian:RollAttack","Guardian:TemporalShield","Guardian:Reroute"],"picked":"SKIP","floor":25},{"not_picked":["Guardian:Planning","Guardian:RefractedBeam+1"],"picked":"Guardian:Gem_Red","floor":26},{"not_picked":["Guardian:DecasProtection+1","Guardian:PiercingHide","Guardian:PrismaticBarrier"],"picked":"SKIP","floor":29},{"not_picked":["Guardian:GuardianWhirl","Guardian:DonusPower"],"picked":"Guardian:Gem_Yellow","floor":30},{"not_picked":["Guardian:RefractedBeam","Guardian:Gem_Green","Guardian:PiercingHide"],"picked":"SKIP","floor":31},{"not_picked":["Guardian:PrimingBeam","Guardian:CrystalBeam+1","Guardian:ShieldCharger"],"picked":"SKIP","floor":32},{"not_picked":["Guardian:HyperBeam_Guardian","Guardian:ConstructionForm"],"picked":"Guardian:Gem_Orange","floor":33},{"not_picked":["Guardian:ShieldCharger+1","Guardian:RollAttack+1"],"picked":"Guardian:TemporalShield+1","floor":36},{"not_picked":["Guardian:VentSteam+1","Guardian:CrystalBeam","Guardian:RollAttack+1"],"picked":"SKIP","floor":37},{"not_picked":["Guardian:Gem_Red","Guardian:ArmoredProtocol+1","Guardian:Gem_Purple"],"picked":"SKIP","floor":38},{"not_picked":["Guardian:Clone","Guardian:RollAttack+1","Guardian:TemporalShield"],"picked":"SKIP","floor":39},{"not_picked":["Guardian:WalkerClaw+1","Guardian:PolyBeam","Guardian:BronzeArmor+1"],"picked":"SKIP","floor":42},{"not_picked":["Guardian:Emergency","Guardian:Gem_Red"],"picked":"Guardian:BodySlam","floor":44},{"not_picked":["Guardian:SentryBeam+1","Guardian:PrimingBeam+1","Guardian:Recover"],"picked":"SKIP","floor":46},{"not_picked":["Guardian:PiercingHide+1","Guardian:TemporalStrike","Guardian:RevengeProtocol"],"picked":"SKIP","floor":49},{"not_picked":["Guardian:CrystalBeam","Guardian:RollAttack+1"],"picked":"Guardian:BodySlam","floor":52}],"player_experience":511875,"relics_obtained":[{"floor":7,"key":"Regal Pillow"},{"floor":8,"key":"Ancient Tea Set"},{"floor":10,"key":"Shovel"},{"floor":17,"key":"Slimebound:StickyStick"},{"floor":17,"key":"Mercury Hourglass"},{"floor":17,"key":"FossilizedHelix"},{"floor":18,"key":"Eternal Feather"},{"floor":24,"key":"The Courier"},{"floor":30,"key":"Toy Ornithopter"},{"floor":43,"key":"Potion Belt"},{"floor":46,"key":"Blue Candle"},{"floor":52,"key":"Kunai"}],"event_choices":[{"damage_healed":0,"gold_gain":0,"player_choice":"Got Potions","damage_taken":0,"max_hp_gain":0,"max_hp_loss":0,"event_name":"Lab","floor":28,"gold_loss":0},{"cards_removed":["Guardian:Defend_Guardian"],"damage_healed":0,"gold_gain":0,"player_choice":"Removed Skill","damage_taken":0,"max_hp_gain":0,"max_hp_loss":0,"event_name":"Falling","floor":45,"gold_loss":0}],"is_beta":true,"boss_relics":[{"not_picked":["Snecko Eye","Runic Pyramid"],"picked":"Calling Bell"},{"not_picked":["SlaversCollar","Black Star"],"picked":"expansioncontent:StudyCardRelic"}],"items_purged_floors":[22,26,42],"is_endless":false,"potions_floor_spawned":[6,10,12,15,16,21,25,29,32,36,39,49,52],"killed_by":"downfall:NeowBossFinal","ascension_level":0}}