{"host":"AZZAM","time":1611775024,"event":{"mods":["BaseMod","Highlight Path","Minty Spire (QoL Compilation)","Relic Stats"],"gold_per_floor":[114,131,131,151,31,58,78,110,110,142,159,193,193,206,206,311,311,329,340,95,114,114,145,158,190,259,273,100,100,125,143,143,247,247,259,277,327,327,341,367,367,398,398,413,413,440,451,468,468,468,468,468,52,87,87,87],"floor_reached":55,"language":"ENG","playtime":3808,"items_purged":["Defend_B","Strike_B","Writhe"],"score":989,"play_id":"bb08ed10-1ee5-49e3-ac39-4e82f6fea90e","local_time":"20210127221704","is_ascension_mode":true,"campfire_choices":[{"floor":13,"key":"REST"},{"data":"Biased Cognition","floor":15,"key":"SMITH"},{"data":"1","floor":29,"key":"LIFT"},{"data":"2","floor":32,"key":"LIFT"},{"data":"3","floor":45,"key":"LIFT"},{"floor":49,"key":"RECALL"},{"data":"Static Discharge","floor":52,"key":"SMITH"}],"circlet_count":0,"master_deck":["Defend_B","Zap","Dualcast","Biased Cognition+1","Rebound","Turbo","Streamline","Cold Snap","Reinforced Body","Gash","Sweeping Beam","Coolheaded","Chill","Steam Power","Gash","Thunder Strike+1","Seek+1","Turbo+1","Ball Lightning","Compile Driver+1","Static Discharge+1","Tempest+1","Gash","Undo","Machine Learning","Cold Snap","Ball Lightning","Auto Shields","Meteor Strike","Tempest","Static Discharge","Glacier","Heatsinks+1","Stack+1","Storm","Seek+1","Skim"],"relics":["Cracked Core","Bottled Lightning","Boot","Sundial","Bottled Tornado","Anchor","Astrolabe","Mummified Hand","Pen Nib","Girya","Bag of Preparation","Runic Pyramid","Thread and Needle","Lantern","Kunai","Mercury Hourglass","Ornamental Fan","DollysMirror","Centennial Puzzle","Bronze Scales"],"acts_visited":["TheCity","TheBeyond","TheEnding"],"potions_floor_usage":[12,16,23,25,33,33,42,48,54,54,55],"damage_taken":[{"damage":0.0,"enemies":"Small Slimes","floor":1.0,"turns":2.0},{"damage":0.0,"enemies":"Cultist","floor":2.0,"turns":3.0},{"damage":9.0,"enemies":"2 Louse","floor":4.0,"turns":2.0},{"damage":16.0,"enemies":"Gremlin Nob","floor":6.0,"turns":4.0},{"damage":11.0,"enemies":"Gremlin Gang","floor":7.0,"turns":3.0},{"damage":16.0,"enemies":"Lagavulin","floor":8.0,"turns":5.0},{"damage":19.0,"enemies":"3 Sentries","floor":10.0,"turns":6.0},{"damage":6.0,"enemies":"2 Fungi Beasts","floor":11.0,"turns":2.0},{"damage":0,"enemies":"Lagavulin","floor":12,"turns":8},{"damage":0,"enemies":"Looter","floor":14,"turns":3},{"damage":16,"enemies":"Hexaghost","floor":16,"turns":9},{"damage":2,"enemies":"3 Byrds","floor":18,"turns":3},{"damage":0,"enemies":"Spheric Guardian","floor":19,"turns":2},{"damage":12,"enemies":"Snecko","floor":21,"turns":4},{"damage":5,"enemies":"Slavers","floor":23,"turns":3},{"damage":8,"enemies":"Snake Plant","floor":24,"turns":3},{"damage":0,"enemies":"Gremlin Leader","floor":25,"turns":2},{"damage":26,"enemies":"Sentry and Sphere","floor":27,"turns":4},{"damage":0,"enemies":"Slavers","floor":30,"turns":1},{"damage":0,"enemies":"Cultist and Chosen","floor":31,"turns":3},{"damage":18,"enemies":"Automaton","floor":33,"turns":5},{"damage":0,"enemies":"3 Darklings","floor":35,"turns":3},{"damage":6,"enemies":"Orb Walker","floor":36,"turns":2},{"damage":4,"enemies":"Mind Bloom Boss Battle","floor":37,"turns":5},{"damage":7,"enemies":"Spire Growth","floor":39,"turns":3},{"damage":11,"enemies":"Reptomancer","floor":40,"turns":4},{"damage":9,"enemies":"Nemesis","floor":42,"turns":5},{"damage":15,"enemies":"Writhing Mass","floor":44,"turns":4},{"damage":1,"enemies":"Reptomancer","floor":46,"turns":4},{"damage":11,"enemies":"Jaw Worm Horde","floor":47,"turns":2},{"damage":4,"enemies":"Transient","floor":48,"turns":5},{"damage":5,"enemies":"Time Eater","floor":50,"turns":6},{"damage":38,"enemies":"Shield and Spear","floor":54,"turns":4},{"damage":44,"enemies":"The Heart","floor":55,"turns":2}],"seed_played":"9195158257984388762","potions_obtained":[{"floor":1.0,"key":"Ancient Potion"},{"floor":4.0,"key":"Swift Potion"},{"floor":7.0,"key":"Energy Potion"},{"floor":10.0,"key":"Weak Potion"},{"floor":11,"key":"Swift Potion"},{"floor":16,"key":"Dexterity Potion"},{"floor":18,"key":"Ancient Potion"},{"floor":23,"key":"Regen Potion"},{"floor":27,"key":"SpeedPotion"},{"floor":33,"key":"Fire Potion"},{"floor":35,"key":"Energy Potion"},{"floor":44,"key":"Block Potion"},{"floor":54,"key":"ColorlessPotion"}],"is_trial":false,"path_per_floor":["M","M","?","M","$","E","M","E","T","E","M","E","R","M","R","B",null,"M","M","$","M","?","E","M","E","T","M","$","R","E","M","R","B",null,"M","M","?","?","M","E","?","E","T","M","R","E","M","M","R","B",null,"R","$","E","B"],"character_chosen":"DEFECT","items_purchased":["Cold Snap","Ancient Potion","Static Discharge","Cold Snap","Storm","DollysMirror","Centennial Puzzle","ColorlessPotion"],"campfire_rested":1,"item_purchase_floors":[5,20,20,28,53,53,53,53],"current_hp_per_floor":[54,54,85,76,76,60,49,33,33,14,8,8,33,33,33,17,85,83,83,83,71,71,66,58,58,58,32,32,32,32,32,32,28,85,85,79,75,75,68,57,57,48,48,33,33,32,21,17,17,12,81,81,81,43,0,0],"gold":87,"neow_bonus":"TRANSFORM_TWO_CARDS","is_daily":false,"chose_seed":false,"campfire_upgraded":2,"win_rate":0.0,"timestamp":1611775024,"path_taken":["M","M","?","?","$","E","M","E","T","E","M","E","R","M","R","BOSS","M","M","$","M","?","E","M","E","T","M","$","R","E","M","R","BOSS","M","M","?","?","M","E","?","E","T","M","R","E","?","M","R","BOSS","R","$","E","BOSS"],"items_purchased_type":["Card","Potion","Card","Card","Card","Relic","Relic","Potion"],"build_version":"2020-12-18","purchased_purges":3,"victory":false,"max_hp_per_floor":[75,75,85,85,85,85,85,85,85,85,85,85,85,85,85,85,85,85,85,85,85,85,85,85,85,85,85,85,85,85,85,85,85,85,85,85,85,81,81,81,81,81,81,81,81,81,81,81,81,81,81,81,81,81,81,81],"relic_stats":{"counters":[34,126],"Astrolabe":["Thunder Strike","Seek","Turbo"],"Pen Nib":[11],"Bag of Preparation":[30],"Boot":[72],"Mercury Hourglass":[90],"Centennial Puzzle":[3],"Sundial":[6],"Mummified Hand":[69],"Ornamental Fan":[8],"Bronze Scales":[0],"Kunai":[4],"obtain_stats":[{"Girya":25,"Lantern":40,"Astrolabe":17,"Thread and Needle":37,"Pen Nib":23,"Bag of Preparation":30,"Bottled Tornado":10,"Boot":8,"Mercury Hourglass":43,"Anchor":12,"Centennial Puzzle":53,"Sundial":9,"Mummified Hand":22,"Ornamental Fan":46,"DollysMirror":53,"Bronze Scales":54,"Bottled Lightning":6,"Kunai":42,"Cracked Core":0,"Runic Pyramid":34},{"Girya":17,"Lantern":26,"Astrolabe":11,"Thread and Needle":24,"Pen Nib":15,"Bag of Preparation":19,"Bottled Tornado":7,"Boot":6,"Mercury Hourglass":27,"Anchor":9,"Centennial Puzzle":32,"Sundial":6,"Mummified Hand":14,"Ornamental Fan":29,"DollysMirror":32,"Bronze Scales":33,"Bottled Lightning":4,"Kunai":27,"Cracked Core":0,"Runic Pyramid":21},{"Girya":64,"Lantern":94,"Astrolabe":47,"Thread and Needle":87,"Pen Nib":59,"Bag of Preparation":69,"Bottled Tornado":25,"Boot":19,"Mercury Hourglass":99,"Anchor":35,"Centennial Puzzle":120,"Sundial":19,"Mummified Hand":56,"Ornamental Fan":107,"DollysMirror":120,"Bronze Scales":124,"Bottled Lightning":11,"Kunai":99,"Cracked Core":0,"Runic Pyramid":77}]},"card_choices":[{"not_picked":["Steam","Beam Cell"],"picked":"Rebound","floor":1.0},{"not_picked":["Beam Cell","Coolheaded"],"picked":"Turbo","floor":2.0},{"not_picked":["Turbo","Barrage"],"picked":"Streamline","floor":4.0},{"not_picked":["Reboot","Cold Snap"],"picked":"Reinforced Body","floor":6.0},{"not_picked":["Aggregate","Sweeping Beam"],"picked":"Gash","floor":7.0},{"not_picked":["Hello World","Lockon"],"picked":"Sweeping Beam","floor":8.0},{"not_picked":["Doom and Gloom","Conserve Battery"],"picked":"Coolheaded","floor":10.0},{"not_picked":["Consume","Recycle"],"picked":"Chill","floor":11},{"not_picked":["Genetic Algorithm","Blizzard"],"picked":"Steam Power","floor":12},{"not_picked":["Fission","Streamline"],"picked":"Gash","floor":14},{"not_picked":["Lockon","Steam"],"picked":"Ball Lightning","floor":18},{"not_picked":["Tempest","Loop"],"picked":"Compile Driver+1","floor":19},{"not_picked":["Steam","Cold Snap+1"],"picked":"Tempest+1","floor":21},{"not_picked":["Buffer","Steam"],"picked":"Gash","floor":23},{"not_picked":["Rebound+1","Darkness"],"picked":"Undo","floor":24},{"not_picked":["Rebound","Stack"],"picked":"Machine Learning","floor":25},{"not_picked":["Rebound","Reinforced Body","Fusion"],"picked":"SKIP","floor":27},{"not_picked":["Thunder Strike","Skim"],"picked":"Ball Lightning","floor":30},{"not_picked":["Sweeping Beam+1","Conserve Battery"],"picked":"Auto Shields","floor":31},{"not_picked":["Seek","Amplify"],"picked":"Meteor Strike","floor":33},{"not_picked":["Fusion","Redo"],"picked":"Tempest","floor":35},{"not_picked":["Steam Power","Sweeping Beam+1"],"picked":"Static Discharge","floor":36},{"not_picked":["Reinforced Body","Stack+1"],"picked":"Glacier","floor":37},{"not_picked":["FTL+1","Hologram","Undo"],"picked":"SKIP","floor":39},{"not_picked":["Turbo+1","Streamline","Go for the Eyes+1"],"picked":"SKIP","floor":40},{"not_picked":["FTL+1","Turbo+1","Creative AI"],"picked":"SKIP","floor":42},{"not_picked":["Redo+1","FTL+1"],"picked":"Heatsinks+1","floor":44},{"not_picked":["Compile Driver+1","Turbo","All For One"],"picked":"SKIP","floor":46},{"not_picked":["Cold Snap","Beam Cell"],"picked":"Stack+1","floor":47},{"not_picked":["Redo","Doom and Gloom+1","Barrage+1"],"picked":"SKIP","floor":48},{"not_picked":["Streamline+1","Gash+1"],"picked":"Skim","floor":54}],"player_experience":52672,"relics_obtained":[{"floor":6.0,"key":"Bottled Lightning"},{"floor":8.0,"key":"Boot"},{"floor":9.0,"key":"Sundial"},{"floor":10.0,"key":"Bottled Tornado"},{"floor":12,"key":"Anchor"},{"floor":23,"key":"Pen Nib"},{"floor":25,"key":"Girya"},{"floor":30,"key":"Bag of Preparation"},{"floor":37,"key":"Thread and Needle"},{"floor":40,"key":"Lantern"},{"floor":42,"key":"Kunai"},{"floor":43,"key":"Mercury Hourglass"},{"floor":46,"key":"Ornamental Fan"},{"floor":54,"key":"Bronze Scales"}],"event_choices":[{"cards_removed":["Meteor Strike"],"damage_healed":21.0,"max_hp_gain":10.0,"max_hp_loss":0.0,"gold_gain":0.0,"event_name":"Bonfire Elementals","player_choice":"Offered Rare","floor":3.0,"gold_loss":0.0,"damage_taken":0.0},{"damage_healed":0,"gold_gain":0,"player_choice":"Opened","damage_taken":0,"relics_obtained":["Mummified Hand"],"max_hp_gain":0,"max_hp_loss":0,"event_name":"The Mausoleum","floor":22,"gold_loss":0,"cards_obtained":["Writhe"]},{"damage_healed":0,"gold_gain":0,"player_choice":"Fight","damage_taken":0,"max_hp_gain":0,"max_hp_loss":0,"event_name":"MindBloom","floor":37,"gold_loss":0},{"damage_healed":0,"gold_gain":0,"player_choice":"Max HP","damage_taken":0,"max_hp_gain":0,"max_hp_loss":4,"event_name":"Winding Halls","floor":38,"gold_loss":0},{"damage_healed":0,"gold_gain":0,"player_choice":"Ignored","damage_taken":0,"max_hp_gain":0,"max_hp_loss":0,"event_name":"SecretPortal","floor":41,"gold_loss":0}],"is_beta":true,"boss_relics":[{"not_picked":["Cursed Key","SacredBark"],"picked":"Astrolabe"},{"not_picked":["Black Star","Philosopher\u0027s Stone"],"picked":"Runic Pyramid"}],"items_purged_floors":[5,20,28],"is_endless":false,"potions_floor_spawned":[1,4,7,10,11,16,18,19,23,27,31,33,35,36,39,44,54],"killed_by":"The Heart","ascension_level":2}}