{"host":"bvp2uifzy1c463d9","time":1611770177,"event":{"mods":["AchievementEnabler","BaseMod","Block Reminder","Colored Map","Colored Powertips","Hermit","Highlight Path","Infinite Spire","Minty Spire (QoL Compilation)","Random Character Button","Relic Stats","Replay The Spire","StSLib","The Jungle"],"gold_per_floor":[110,124,124,44,64,64,90,90,90,104,104,25,25,25,25,124,124,136,146,159,159,179,179,214,214,214,228,228,228,228,248,248,248,248],"floor_reached":33,"language":"ENG","playtime":3098,"items_purged":["hermit:Strike_Hermit"],"score":265,"play_id":"acc36305-57d9-4e8e-b049-182651da23ab","local_time":"20210127115617","is_ascension_mode":false,"campfire_choices":[{"data":"hermit:BigShot","floor":6.0,"key":"SMITH"},{"data":"hermit:ItchyTrigger","floor":8.0,"key":"SMITH"},{"data":"hermit:LoneWolf","floor":11.0,"key":"SMITH"},{"data":"hermit:TakeAim","floor":13.0,"key":"SMITH"},{"data":"hermit:Snapshot","floor":15.0,"key":"SMITH"},{"data":"hermit:Adapt","floor":23,"key":"SMITH"},{"floor":25,"key":"REST"},{"data":"hermit:CalledShot","floor":29,"key":"SMITH"},{"floor":32,"key":"REST"}],"circlet_count":0,"master_deck":["hermit:Strike_Hermit","hermit:Strike_Hermit","hermit:Strike_Hermit","hermit:Defend_Hermit","hermit:Defend_Hermit","hermit:Defend_Hermit","hermit:Defend_Hermit","hermit:Snapshot+1","hermit:Covet","hermit:Quickdraw","hermit:TrackingShot","hermit:ItchyTrigger+1","hermit:Adapt+1","hermit:Strike_Hermit","hermit:Deadeye","hermit:BigShot+1","hermit:Gestalt","hermit:LoneWolf+1","hermit:TakeAim+1","hermit:Dissolve","hermit:DeadMansHand+1","hermit:GhostlyPresence","hermit:Horror","hermit:Headshot","hermit:LowProfile+1","hermit:CalledShot+1","Pain","hermit:Snipe+1"],"relics":["hermit:Momento","Bottled Flame","Pet Ghost","Runic Pyramid","Mirror","Toxic Egg 2","WarpedTongs","Frozen Egg 2"],"acts_visited":["Exordium","theJungle:Jungle"],"potions_floor_usage":[20,33],"damage_taken":[{"damage":0.0,"enemies":"2 Louse","floor":1.0,"turns":2.0},{"damage":6.0,"enemies":"Cultist","floor":2.0,"turns":3.0},{"damage":3.0,"enemies":"Jaw Worm","floor":5.0,"turns":2.0},{"damage":14.0,"enemies":"Gremlin Nob","floor":7.0,"turns":5.0},{"damage":7.0,"enemies":"Looter","floor":10.0,"turns":2.0},{"damage":36.0,"enemies":"The Guardian","floor":16.0,"turns":13.0},{"damage":15.0,"enemies":"theJungle:5_Spyders","floor":18.0,"turns":7.0},{"damage":0.0,"enemies":"theJungle:MUSHROOMGANG","floor":19.0,"turns":6.0},{"damage":21,"enemies":"theJungle:2_Snecko_Cultists","floor":20,"turns":6},{"damage":5,"enemies":"theJungle:Snecko_Cultist_And_Trap","floor":22,"turns":7},{"damage":38,"enemies":"theJungle:MamaSnecko","floor":24,"turns":5},{"damage":4,"enemies":"theJungle:Lyon","floor":27,"turns":8},{"damage":0,"enemies":"theJungle:SlimyTreeVines","floor":31,"turns":7},{"damage":57,"enemies":"theJungle:TotemBoss","floor":33,"turns":7}],"seed_played":"-8461365829120980702","potions_obtained":[{"floor":1.0,"key":"EssenceOfSteel"},{"floor":2.0,"key":"Dexterity Potion"},{"floor":5.0,"key":"hermit:Tonic"},{"floor":19,"key":"EssenceOfSteel"},{"floor":31,"key":"SteroidPotion"}],"is_trial":false,"path_per_floor":["M","M","?","$","M","R","E","R","T","M","R","$","R","$","R","B",null,"M","M","M","?","M","R","E","R","T","M","?","R","AVR","M","R","B"],"character_chosen":"HERMIT","items_purchased":["hermit:Deadeye","hermit:TakeAim"],"campfire_rested":2,"item_purchase_floors":[4,12],"current_hp_per_floor":[75,69,69,69,66,66,52,52,52,45,45,45,45,45,45,9,75,60,60,39,49,44,44,6,28,28,24,24,24,24,30,52,0,0],"gold":248,"neow_bonus":"THREE_CARDS","is_daily":false,"chose_seed":false,"campfire_upgraded":7,"win_rate":0.0,"timestamp":1611770177,"path_taken":["M","M","?","?","M","R","E","R","T","M","R","$","R","$","R","BOSS","M","M","M","?","M","R","E","R","T","M","?","R","AVR","M","R","BOSS"],"items_purchased_type":["Card","Card"],"build_version":"2020-12-22","purchased_purges":1,"victory":false,"max_hp_per_floor":[75,75,75,75,75,75,75,75,75,75,75,75,75,75,75,75,75,75,75,75,75,75,75,75,75,75,75,75,75,75,75,75,75,75],"relic_stats":{"counters":[14,80],"obtain_stats":[{"Bottled Flame":7,"Toxic Egg 2":26,"Frozen Egg 2":30,"Mirror":24,"hermit:Momento":0,"Pet Ghost":9,"Runic Pyramid":17,"WarpedTongs":28},{"Bottled Flame":4,"Toxic Egg 2":11,"Frozen Egg 2":12,"Mirror":11,"hermit:Momento":0,"Pet Ghost":4,"Runic Pyramid":6,"WarpedTongs":12},{"Bottled Flame":12,"Toxic Egg 2":58,"Frozen Egg 2":66,"Mirror":58,"hermit:Momento":0,"Pet Ghost":12,"Runic Pyramid":27,"WarpedTongs":66}],"WarpedTongs":[14]},"card_choices":[{"not_picked":["hermit:Feint","hermit:LuckOfTheDraw"],"picked":"hermit:Quickdraw","floor":0.0},{"not_picked":["hermit:Dive","hermit:Misfire"],"picked":"hermit:TrackingShot","floor":1.0},{"not_picked":["hermit:Virtue","hermit:WideOpen"],"picked":"hermit:ItchyTrigger","floor":2.0},{"not_picked":["hermit:ItchyTrigger","hermit:Scavenge"],"picked":"hermit:BigShot","floor":5.0},{"not_picked":["hermit:DeadMansHand","hermit:ItchyTrigger"],"picked":"hermit:Gestalt","floor":7.0},{"not_picked":["hermit:FullyLoaded","hermit:Feint"],"picked":"hermit:LoneWolf","floor":10.0},{"not_picked":["hermit:FinalCanter","hermit:HighNoon"],"picked":"hermit:Dissolve","floor":16.0},{"not_picked":["hermit:HighCaliber","hermit:Cheat"],"picked":"hermit:DeadMansHand+1","floor":18.0},{"not_picked":["hermit:Headshot","hermit:Midnight"],"picked":"hermit:GhostlyPresence","floor":19},{"not_picked":["hermit:GoldenBullet","hermit:Misfire+1"],"picked":"hermit:Horror","floor":20},{"not_picked":["hermit:GoldenBullet","hermit:HoleUp"],"picked":"hermit:Headshot","floor":22},{"not_picked":["hermit:Desperado","hermit:FatalDesire"],"picked":"hermit:LowProfile+1","floor":24},{"not_picked":["hermit:Grudge","hermit:NoHoldsBarred"],"picked":"hermit:CalledShot","floor":27},{"not_picked":["hermit:CalledShot","hermit:Grudge"],"picked":"hermit:Snipe+1","floor":31}],"player_experience":188504,"relics_obtained":[{"floor":7.0,"key":"Bottled Flame"},{"floor":9.0,"key":"Pet Ghost"},{"floor":24,"key":"Mirror"},{"floor":26,"key":"Toxic Egg 2"}],"event_choices":[{"damage_healed":0.0,"max_hp_gain":0.0,"max_hp_loss":0.0,"gold_gain":0.0,"event_name":"Match and Keep!","player_choice":"2 cards matched","floor":3.0,"gold_loss":0.0,"damage_taken":0.0,"cards_obtained":["hermit:Adapt","hermit:Strike_Hermit"]},{"damage_healed":0,"gold_gain":0,"player_choice":"Rummage","damage_taken":0,"relics_obtained":["WarpedTongs"],"max_hp_gain":0,"max_hp_loss":0,"event_name":"Accursed Blacksmith","floor":28,"gold_loss":0,"cards_obtained":["Pain"]}],"is_beta":false,"boss_relics":[{"not_picked":["Sozu","Empty Cage"],"picked":"Runic Pyramid"}],"items_purged_floors":[30],"is_endless":false,"potions_floor_spawned":[1,2,5,19,31],"killed_by":"theJungle:TotemBoss","ascension_level":0}}