{"host":"bxn2em57qlx5u4i0","time":1611720205,"event":{"mods":["BaseMod","Colored Map","Colored Powertips","Highlight Path","Minty Spire (QoL Compilation)","Random Character Button","Relic Sorter","Relic Stats","StSLib","SuperFastMode"],"gold_per_floor":[112,20,30,30,30,72,72,99,99,99,142,142,142,142],"floor_reached":13,"language":"ENG","playtime":189,"items_purged":[],"score":248,"play_id":"2fa6aceb-b0c1-472b-b12b-a780133f2710","local_time":"20210126230325","is_ascension_mode":true,"campfire_choices":[{"data":"Deadly Poison","floor":7,"key":"SMITH"},{"floor":10,"key":"REST"}],"circlet_count":0,"master_deck":["AscendersBane","Strike_G","Strike_G","Strike_G","Strike_G","Defend_G","Defend_G","Defend_G","Defend_G","Defend_G","Survivor","Neutralize","Bouncing Flask+1","Leg Sweep","Dagger Spray","Deadly Poison+1","Calculated Gamble","Backflip"],"relics":["Ring of the Snake","NeowsBlessing","The Courier","CeramicFish","Boot","Akabeko"],"acts_visited":["Exordium"],"potions_floor_usage":[11,13],"damage_taken":[{"damage":0,"enemies":"Cultist","floor":1,"turns":1},{"damage":0,"enemies":"Small Slimes","floor":3,"turns":1},{"damage":0,"enemies":"Lagavulin","floor":6,"turns":1},{"damage":46,"enemies":"Gremlin Nob","floor":8,"turns":4},{"damage":20,"enemies":"3 Sentries","floor":11,"turns":7},{"damage":7,"enemies":"Gremlin Nob","floor":13,"turns":3}],"seed_played":"-2929446235867906894","potions_obtained":[{"floor":6,"key":"EssenceOfSteel"},{"floor":11,"key":"Ancient Potion"}],"is_trial":false,"path_per_floor":["M","$","M","?","?","E","R","E","T","R","E","?","E"],"character_chosen":"THE_SILENT","items_purchased":["Leg Sweep","Dagger Spray"],"campfire_rested":1,"item_purchase_floors":[2,2],"current_hp_per_floor":[59,59,59,59,48,48,48,2,2,21,1,1,0,0],"gold":142,"neow_bonus":"THREE_ENEMY_KILL","is_daily":false,"chose_seed":false,"campfire_upgraded":1,"win_rate":0.0,"timestamp":1611720205,"path_taken":["M","$","?","?","?","E","R","E","T","R","E","?","E"],"items_purchased_type":["Card","Card"],"build_version":"2020-12-22","purchased_purges":0,"victory":false,"max_hp_per_floor":[66,66,66,66,66,66,66,66,66,66,66,66,66,66],"relic_stats":{"counters":[6,17],"CeramicFish":18,"Boot":[16],"obtain_stats":[{"NeowsBlessing":0,"CeramicFish":6,"The Courier":5,"Boot":8,"Akabeko":11,"Ring of the Snake":0},{"NeowsBlessing":0,"CeramicFish":3,"The Courier":2,"Boot":4,"Akabeko":5,"Ring of the Snake":0},{"NeowsBlessing":0,"CeramicFish":3,"The Courier":2,"Boot":7,"Akabeko":14,"Ring of the Snake":0}],"Ring of the Snake":[12]},"card_choices":[{"not_picked":["Flying Knee","Tactician"],"picked":"Bouncing Flask","floor":1},{"not_picked":["Calculated Gamble","PiercingWail"],"picked":"Deadly Poison","floor":3},{"not_picked":["Underhanded Strike","PiercingWail"],"picked":"Calculated Gamble","floor":6},{"not_picked":["Distraction","Flying Knee","Outmaneuver"],"picked":"SKIP","floor":8},{"not_picked":["Night Terror","Quick Slash"],"picked":"Backflip","floor":11}],"player_experience":2945065,"relics_obtained":[{"floor":6,"key":"CeramicFish"},{"floor":8,"key":"Boot"},{"floor":11,"key":"Akabeko"}],"event_choices":[{"damage_healed":0,"gold_gain":0,"player_choice":"Grow","damage_taken":0,"max_hp_gain":0,"max_hp_loss":0,"event_name":"Living Wall","floor":4,"gold_loss":0,"cards_upgraded":["Bouncing Flask"]},{"damage_healed":0,"gold_gain":0,"player_choice":"Success","damage_taken":11,"relics_obtained":["The Courier"],"max_hp_gain":0,"max_hp_loss":0,"event_name":"Scrap Ooze","floor":5,"gold_loss":0},{"cards_removed":["Strike_G"],"damage_healed":0,"gold_gain":0,"player_choice":"Purged","damage_taken":0,"max_hp_gain":0,"max_hp_loss":0,"event_name":"Purifier","floor":12,"gold_loss":0}],"is_beta":false,"boss_relics":[],"items_purged_floors":[],"is_endless":false,"potions_floor_spawned":[6,11],"killed_by":"Gremlin Nob","ascension_level":20}}