{"host":"neeznpvpgo0qgfkd","time":1611723210,"event":{"mods":["AchievementEnabler","BaseMod","BetterRewards","Colored Map","Colored Powertips","Exacting","Minty Spire (QoL Compilation)","Permanent Neow","Quick Restart","Shop Mod"],"gold_per_floor":[111,111,261,261,276,304,304,329,329,347,347,132,164,12,12,85,85,105,15,290,304,504,504,504],"floor_reached":23,"language":"ENG","playtime":817,"items_purged":[],"score":359,"play_id":"36281fc0-ca3b-46fd-b458-a09be4bd31fc","local_time":"20210126235330","is_ascension_mode":true,"campfire_choices":[{"floor":7,"key":"RECALL"},{"floor":11,"key":"REST"},{"data":"Infinite Blades","floor":15,"key":"SMITH"}],"circlet_count":0,"master_deck":["AscendersBane","Strike_G","Strike_G","Strike_G","Strike_G","Strike_G","Defend_G","Defend_G","Defend_G","Defend_G","Defend_G","Survivor","Neutralize","Noxious Fumes+1","Cloak And Dagger+1","Master of Strategy+1","Panacea+1","Dodge and Roll+1","Doubt","Accuracy","Cloak And Dagger+1","Burst+1","PiercingWail+1","Infinite Blades+1","Backflip+1","Night Terror+1","Caltrops","Regret","Distraction+1"],"relics":["Ring of the Snake","Toxic Egg 2","Ancient Tea Set","HandDrill","Tiny Chest","Sundial","Akabeko","Meat on the Bone","Lee\u0027s Waffle","Bronze Scales","Membership Card","WristBlade","Juzu Bracelet"],"acts_visited":["Exordium","TheCity"],"potions_floor_usage":[5,6,13,16],"damage_taken":[{"damage":0,"enemies":"Cultist","floor":1,"turns":3},{"damage":0,"enemies":"Jaw Worm","floor":5,"turns":5},{"damage":9,"enemies":"Lagavulin","floor":6,"turns":5},{"damage":19,"enemies":"Gremlin Nob","floor":8,"turns":4},{"damage":2,"enemies":"2 Louse","floor":10,"turns":2},{"damage":23,"enemies":"Lagavulin","floor":13,"turns":4},{"damage":28,"enemies":"Hexaghost","floor":16,"turns":8},{"damage":11,"enemies":"Shell Parasite","floor":18,"turns":3},{"damage":6,"enemies":"3 Byrds","floor":21,"turns":3},{"damage":53,"enemies":"Book of Stabbing","floor":23,"turns":3}],"seed_played":"6148114514456155389","potions_obtained":[{"floor":5,"key":"AttackPotion"},{"floor":10,"key":"BlessingOfTheForge"},{"floor":16,"key":"Fruit Juice"},{"floor":21,"key":"Fire Potion"},{"floor":21,"key":"Dexterity Potion"}],"is_trial":false,"path_per_floor":["M","?","?","?","M","E","R","E","T","M","R","$","E","$","R","B",null,"M","$","?","M","?","E"],"character_chosen":"THE_SILENT","items_purchased":["Noxious Fumes","Toxic Egg 2","Ancient Tea Set","Cloak And Dagger+1","HandDrill","Master of Strategy+1","Panacea+1","DistilledChaos","Infinite Blades","Lee\u0027s Waffle","Membership Card","Juzu Bracelet","Caltrops"],"campfire_rested":1,"item_purchase_floors":[0,0,0,0,0,0,0,0,12,12,14,19,19],"current_hp_per_floor":[59,59,59,48,48,39,39,20,20,30,49,73,50,50,50,39,68,57,57,57,51,51,0,0],"gold":504,"neow_bonus":"","is_daily":false,"chose_seed":false,"campfire_upgraded":1,"win_rate":0.0,"timestamp":1611723210,"path_taken":["M","?","?","?","M","E","R","E","T","M","R","?","E","$","R","BOSS","M","$","?","M","?","E"],"items_purchased_type":["Card","Relic","Relic","Card","Relic","Card","Card","Potion","Card","Relic","Relic","Relic","Card"],"build_version":"2020-12-22","purchased_purges":0,"victory":false,"max_hp_per_floor":[66,66,66,66,66,66,66,66,66,66,66,73,73,73,73,78,78,78,78,78,78,78,78,78],"card_choices":[{"not_picked":["Calculated Gamble+1","Predator"],"picked":"Dodge and Roll+1","floor":1},{"not_picked":["Acrobatics+1","PiercingWail+1"],"picked":"Accuracy","floor":5},{"not_picked":["PiercingWail+1","Well Laid Plans"],"picked":"Cloak And Dagger+1","floor":6},{"not_picked":["Sucker Punch","Slice"],"picked":"Burst+1","floor":8},{"not_picked":["Prepared+1","Choke"],"picked":"PiercingWail+1","floor":10},{"not_picked":["Deadly Poison+1","Outmaneuver+1"],"picked":"Backflip+1","floor":13},{"not_picked":["Grand Finale","Burst+1"],"picked":"Night Terror+1","floor":16},{"not_picked":["Quick Slash","Backflip+1","Poisoned Stab"],"picked":"SKIP","floor":18},{"not_picked":["Bouncing Flask+1","Quick Slash"],"picked":"Distraction+1","floor":21}],"player_experience":1930631,"relics_obtained":[{"floor":6,"key":"Sundial"},{"floor":8,"key":"Akabeko"},{"floor":9,"key":"Meat on the Bone"},{"floor":13,"key":"Bronze Scales"}],"event_choices":[{"damage_healed":0,"gold_gain":0,"player_choice":"Grow","damage_taken":0,"max_hp_gain":0,"max_hp_loss":0,"event_name":"Living Wall","floor":2,"gold_loss":0,"cards_upgraded":["Noxious Fumes"]},{"damage_healed":0,"gold_gain":150,"player_choice":"AGREE","damage_taken":0,"max_hp_gain":0,"max_hp_loss":0,"event_name":"Liars Game","floor":3,"gold_loss":0,"cards_obtained":["Doubt"]},{"damage_healed":0,"gold_gain":0,"player_choice":"Success","damage_taken":11,"relics_obtained":["Tiny Chest"],"max_hp_gain":0,"max_hp_loss":0,"event_name":"Scrap Ooze","floor":4,"gold_loss":0},{"damage_healed":0,"gold_gain":275,"player_choice":"Desecrate","damage_taken":0,"max_hp_gain":0,"max_hp_loss":0,"event_name":"Golden Shrine","floor":20,"gold_loss":0,"cards_obtained":["Regret"]},{"damage_healed":0,"gold_gain":200,"player_choice":"Gold","damage_taken":0,"max_hp_gain":0,"max_hp_loss":0,"event_name":"Wheel of Change","floor":22,"gold_loss":0}],"is_beta":false,"boss_relics":[{"not_picked":["SacredBark","Calling Bell"],"picked":"WristBlade"}],"items_purged_floors":[],"is_endless":false,"potions_floor_spawned":[5,10,16,21],"killed_by":"Book of Stabbing","ascension_level":15}}