{"host":"xmrw7jl1ir2912vf","time":1611715286,"event":{"mods":["BaseMod","Minty Spire (QoL Compilation)","Relic Stats"],"gold_per_floor":[109,122,122,138,11,44,44,58,58,92,92,92,112,146,146,276,276,295,51,51,75,100,141,141,180,203,224,260,260,260,284,284,284,284],"floor_reached":33,"language":"ENG","playtime":2206,"items_purged":["Strike_B","Strike_B"],"score":544,"play_id":"772e5b6b-438d-4318-bac1-7729fadcbcec","local_time":"20210126214126","is_ascension_mode":true,"campfire_choices":[{"data":"Sunder","floor":7,"key":"SMITH"},{"floor":11,"key":"REST"},{"floor":15,"key":"REST"},{"data":"Strike_B","floor":24,"key":"PURGE"},{"data":"Doubt","floor":29,"key":"PURGE"},{"floor":32,"key":"REST"}],"circlet_count":0,"master_deck":["Strike_B","Defend_B+1","Defend_B","Defend_B","Defend_B+1","Zap","Dualcast","Rip and Tear","Sunder+1","Rebound","Cold Snap","Buffer","Tempest","Redo","Glacier","Leap","Multi-Cast","Consume","Glacier","Leap+1","Darkness","Seek","Tempest","Electrodynamics"],"relics":["Nuclear Battery","Golden Idol","Ice Cream","Peace Pipe","Emotion Chip","Gremlin Horn","Letter Opener","Cursed Key","War Paint","Regal Pillow","Shovel","Omamori","Du-Vu Doll"],"acts_visited":["Exordium","TheCity"],"potions_floor_usage":[8,8,8,14,25],"damage_taken":[{"damage":3,"enemies":"2 Louse","floor":1,"turns":3},{"damage":0,"enemies":"Cultist","floor":2,"turns":4},{"damage":7,"enemies":"Jaw Worm","floor":4,"turns":2},{"damage":31,"enemies":"Lagavulin","floor":6,"turns":4},{"damage":0,"enemies":"Gremlin Gang","floor":8,"turns":2},{"damage":20,"enemies":"Gremlin Nob","floor":10,"turns":4},{"damage":19,"enemies":"Lots of Slimes","floor":13,"turns":3},{"damage":0,"enemies":"Lagavulin","floor":14,"turns":6},{"damage":10,"enemies":"The Guardian","floor":16,"turns":10},{"damage":4,"enemies":"3 Byrds","floor":18,"turns":3},{"damage":13,"enemies":"2 Thieves","floor":21,"turns":4},{"damage":0,"enemies":"Snecko","floor":22,"turns":3},{"damage":0,"enemies":"Gremlin Leader","floor":23,"turns":7},{"damage":22,"enemies":"Slavers","floor":25,"turns":4},{"damage":0,"enemies":"Shelled Parasite and Fungi","floor":27,"turns":1},{"damage":22,"enemies":"Book of Stabbing","floor":28,"turns":4},{"damage":3,"enemies":"Centurion and Healer","floor":31,"turns":4},{"damage":51,"enemies":"Automaton","floor":33,"turns":8}],"seed_played":"5369828247262303974","potions_obtained":[{"floor":2,"key":"EssenceOfDarkness"},{"floor":6,"key":"EntropicBrew"},{"floor":10,"key":"Weak Potion"},{"floor":14,"key":"FocusPotion"},{"floor":16,"key":"CultistPotion"},{"floor":25,"key":"PotionOfCapacity"}],"is_trial":false,"path_per_floor":["M","M","?","M","$","E","R","M","T","E","R","?","M","E","R","B",null,"M","$","?","M","M","E","R","E","T","M","E","R","?","M","R","B"],"character_chosen":"DEFECT","items_purchased":["Cold Snap","War Paint"],"campfire_rested":3,"item_purchase_floors":[5,19],"current_hp_per_floor":[65,65,65,58,58,27,27,27,27,7,27,27,8,8,28,18,56,52,52,69,56,56,56,56,34,34,34,12,12,12,9,44,0,0],"gold":284,"neow_bonus":"BOSS_RELIC","is_daily":false,"chose_seed":false,"campfire_upgraded":1,"win_rate":0.0,"timestamp":1611715286,"path_taken":["M","M","?","M","$","E","R","M","T","E","R","?","?","E","R","BOSS","M","$","?","?","M","E","R","E","T","M","E","R","?","M","R","BOSS"],"items_purchased_type":["Card","Relic"],"build_version":"2020-12-22","purchased_purges":2,"victory":false,"max_hp_per_floor":[75,75,69,69,69,69,69,69,69,69,69,69,69,69,69,69,69,69,69,69,69,69,69,69,69,69,69,69,69,69,69,69,69,69],"relic_stats":{"Peace Pipe":3,"Emotion Chip":[27,13,7,3,4],"Regal Pillow":15,"Shovel":0,"Gremlin Horn":[15,15],"counters":[18,76],"Golden Idol":103,"Letter Opener":[123],"War Paint":["Defend_B","Defend_B"],"Cursed Key":1,"obtain_stats":[{"Ice Cream":6,"Regal Pillow":23,"Gremlin Horn":12,"Golden Idol":3,"Omamori":26,"Letter Opener":14,"War Paint":19,"Cursed Key":17,"Nuclear Battery":0,"Peace Pipe":9,"Du-Vu Doll":28,"Emotion Chip":10,"Shovel":25,"Cracked Core":0},{"Ice Cream":4,"Regal Pillow":13,"Gremlin Horn":6,"Golden Idol":2,"Omamori":14,"Letter Opener":8,"War Paint":10,"Cursed Key":9,"Nuclear Battery":0,"Peace Pipe":5,"Du-Vu Doll":16,"Emotion Chip":6,"Shovel":14,"Cracked Core":0},{"Ice Cream":13,"Regal Pillow":55,"Gremlin Horn":19,"Golden Idol":7,"Omamori":59,"Letter Opener":28,"War Paint":41,"Cursed Key":38,"Nuclear Battery":0,"Peace Pipe":15,"Du-Vu Doll":64,"Emotion Chip":19,"Shovel":59,"Cracked Core":0}]},"card_choices":[{"not_picked":["Stack","Turbo"],"picked":"Rip and Tear","floor":1},{"not_picked":["Darkness","Compile Driver"],"picked":"Sunder","floor":2},{"not_picked":["Stack","Melter"],"picked":"Rebound","floor":4},{"not_picked":["Static Discharge","Conserve Battery"],"picked":"Buffer","floor":6},{"not_picked":["Turbo","Barrage"],"picked":"Tempest","floor":8},{"not_picked":["Go for the Eyes","Skim"],"picked":"Redo","floor":10},{"not_picked":["Rebound","Streamline"],"picked":"Glacier","floor":13},{"not_picked":["Cold Snap","Hologram"],"picked":"Leap","floor":14},{"not_picked":["Seek","Rainbow"],"picked":"Multi-Cast","floor":16},{"not_picked":["Rebound","Sweeping Beam"],"picked":"Consume","floor":18},{"not_picked":["Redo","Hologram"],"picked":"Glacier","floor":21},{"not_picked":["Beam Cell","Streamline+1"],"picked":"Leap+1","floor":22},{"not_picked":["Genetic Algorithm","Buffer"],"picked":"Darkness","floor":23},{"not_picked":["Go for the Eyes","Turbo"],"picked":"Seek","floor":25},{"not_picked":["Conserve Battery+1","Steam","Leap"],"picked":"SKIP","floor":27},{"not_picked":["Streamline","Gash"],"picked":"Tempest","floor":28},{"not_picked":["Chill","Darkness"],"picked":"Electrodynamics","floor":31}],"player_experience":525602,"relics_obtained":[{"floor":6,"key":"Ice Cream"},{"floor":9,"key":"Peace Pipe"},{"floor":10,"key":"Emotion Chip"},{"floor":14,"key":"Letter Opener"},{"floor":23,"key":"Regal Pillow"},{"floor":25,"key":"Shovel"},{"floor":26,"key":"Omamori"},{"floor":28,"key":"Du-Vu Doll"}],"event_choices":[{"damage_healed":0,"gold_gain":0,"player_choice":"Lose Max HP","damage_taken":0,"relics_obtained":["Golden Idol"],"max_hp_gain":0,"max_hp_loss":6,"event_name":"Golden Idol","floor":3,"gold_loss":0},{"damage_healed":0,"gold_gain":0,"player_choice":"Gave Potion","damage_taken":0,"relics_obtained":["Gremlin Horn"],"max_hp_gain":0,"max_hp_loss":0,"event_name":"WeMeetAgain","floor":12,"gold_loss":0},{"damage_healed":17,"gold_gain":0,"player_choice":"Full Heal","damage_taken":0,"max_hp_gain":0,"max_hp_loss":0,"event_name":"Wheel of Change","floor":20,"gold_loss":0},{"damage_healed":0,"gold_gain":0,"player_choice":"Bought 0 Potions","damage_taken":0,"max_hp_gain":0,"max_hp_loss":0,"event_name":"The Woman in Blue","floor":30,"gold_loss":0}],"is_beta":false,"boss_relics":[{"not_picked":["Sozu","Velvet Choker"],"picked":"Cursed Key"}],"items_purged_floors":[5,19],"is_endless":false,"potions_floor_spawned":[2,6,10,14,16,23,25,28],"killed_by":"Automaton","ascension_level":9}}