{"host":"gaqyve1328ta0etl","time":1611737974,"event":{"mods":["BaseMod","Colored Map","Colored Powertips","Googly Eyes","Minty Spire (QoL Compilation)","Shop Mod","StSLib","SuperFastMode","The Hierophant","The Runesmith"],"gold_per_floor":[112,38,38,38,38,38,38,71,71,71,71,147,147,72,72,150,150,164,195,95,95,95,95,95,95,95,95,125,179,179,199,199,273,323,340,357,382,382,209,209,239,239,239,257,257,281,66,96,96,96,96,96],"floor_reached":51,"language":"ENG","playtime":1683,"items_purged":["Sucker Punch","Bouncing Flask","Backflip"],"score":1389,"play_id":"38225c6d-b3a2-4da0-b15d-9b181059b34a","local_time":"20210127005934","daily_mods":["Draft","Heirloom","Flight","DeadlyEvents","Binary","Elite Swarm"],"is_ascension_mode":true,"campfire_choices":[{"data":"Noxious Fumes","floor":6.0,"key":"SMITH"},{"data":"Noxious Fumes","floor":7.0,"key":"SMITH"},{"data":"After Image","floor":10.0,"key":"SMITH"},{"data":"Catalyst","floor":11.0,"key":"SMITH"},{"data":"Well Laid Plans","floor":13.0,"key":"SMITH"},{"floor":15.0,"key":"REST"},{"floor":23.0,"key":"REST"},{"floor":24.0,"key":"REST"},{"data":"Sucker Punch","floor":27,"key":"SMITH"},{"floor":30,"key":"REST"},{"floor":32,"key":"REST"},{"data":"Grand Finale","floor":40,"key":"SMITH"},{"data":"Escape Plan","floor":42,"key":"SMITH"},{"floor":45,"key":"REST"},{"floor":49,"key":"REST"}],"circlet_count":0,"master_deck":["AscendersBane","Backflip","Noxious Fumes+1","Escape Plan+1","Well Laid Plans+1","Blur","Noxious Fumes+1","Poisoned Stab","Deflect+1","Noxious Fumes+1","Backflip","Sucker Punch+1","Catalyst+1","After Image+1","Adrenaline+1","Grand Finale+1","Adrenaline+1","Corpse Explosion+1","Outmaneuver+1","Good Instincts+1"],"relics":["Ring of the Snake","Lizard Tail","Strawberry","Toxic Egg 2","Blue Candle","HoveringKite","Red Mask","StrikeDummy","TungstenRod","Omamori","Tiny House","Bird Faced Urn","Medical Kit","Potion Belt","Frozen Egg 2","Snake Skull","The Courier"],"acts_visited":["Exordium","TheCity","TheBeyond"],"potions_floor_usage":[31,44,44,44,48,48,50],"damage_taken":[{"damage":0.0,"enemies":"Small Slimes","floor":1.0,"turns":4.0},{"damage":48.0,"enemies":"Gremlin Nob","floor":8.0,"turns":5.0},{"damage":22.0,"enemies":"The Guardian","floor":16.0,"turns":6.0},{"damage":5.0,"enemies":"Spheric Guardian","floor":18.0,"turns":4.0},{"damage":77.0,"enemies":"Masked Bandits","floor":19.0,"turns":5.0},{"damage":56,"enemies":"Gremlin Leader","floor":28,"turns":6},{"damage":9,"enemies":"Chosen","floor":31,"turns":5},{"damage":25,"enemies":"Automaton","floor":33,"turns":8},{"damage":0,"enemies":"3 Shapes","floor":35,"turns":4},{"damage":0,"enemies":"Orb Walker","floor":36,"turns":3},{"damage":0,"enemies":"Mind Bloom Boss Battle","floor":37,"turns":6},{"damage":8,"enemies":"Giant Head","floor":41,"turns":7},{"damage":19,"enemies":"Spire Growth","floor":44,"turns":4},{"damage":74,"enemies":"Reptomancer","floor":48,"turns":5},{"damage":8,"enemies":"Donu and Deca","floor":50,"turns":6},{"damage":49,"enemies":"Awakened One","floor":51,"turns":4}],"seed_played":"-1332409775737662464","potions_obtained":[{"floor":1.0,"key":"FearPotion"},{"floor":16.0,"key":"Poison Potion"},{"floor":28,"key":"BlessingOfTheForge"},{"floor":34,"key":"EntropicBrew"},{"floor":41,"key":"SkillPotion"}],"is_trial":true,"path_per_floor":["M","$","?","?","?","R","R","E","T","R","R","T","R","$","R","B",null,"M","?","$","$","$","R","R","?","T","R","E","T","R","M","R","B",null,"M","M","?","?","$","R","E","R","T","M","R","T","$","E","R","B","B"],"character_chosen":"THE_SILENT","items_purchased":["Catalyst","Medical Kit","Good Instincts+1"],"campfire_rested":7,"item_purchase_floors":[2,39,47],"current_hp_per_floor":[59,59,59,59,59,59,59,18,18,18,18,18,18,18,39,17,59,54,26,26,26,26,47,68,68,68,68,12,12,33,24,45,20,65,65,65,65,65,65,65,66,66,66,57,74,74,74,2,24,26,0,0],"gold":96,"neow_bonus":"","is_daily":false,"chose_seed":false,"campfire_upgraded":8,"win_rate":0.0,"timestamp":1611737974,"path_taken":["M","$","?","?","?","R","R","?","T","R","R","?","R","$","R","BOSS","M","?","$","$","$","R","R","?","T","R","?","?","R","?","R","BOSS","M","?","?","?","?","R","?","R","T","?","R","?","$","?","R","BOSS","BOSS"],"items_purchased_type":["Card","Relic","Card"],"build_version":"2020-12-22","purchased_purges":3,"victory":false,"max_hp_per_floor":[66,66,66,66,66,66,66,73,73,73,73,73,73,73,73,73,73,73,73,73,73,73,73,73,73,73,73,73,73,73,73,73,73,78,78,78,78,74,74,74,74,74,74,74,74,74,74,74,74,74,74,74],"card_choices":[{"not_picked":["Bane","Quick Slash"],"picked":"Bouncing Flask","floor":0.0},{"not_picked":["Dagger Spray","Blade Dance"],"picked":"Dash","floor":0.0},{"not_picked":["Dagger Spray","Deflect"],"picked":"Backflip","floor":0.0},{"not_picked":["Cloak And Dagger","Outmaneuver"],"picked":"Noxious Fumes","floor":0.0},{"not_picked":["All Out Attack","Deflect"],"picked":"Escape Plan","floor":0.0},{"not_picked":["Cloak And Dagger","PiercingWail"],"picked":"Well Laid Plans","floor":0.0},{"not_picked":["Sucker Punch","Dagger Throw"],"picked":"Blur","floor":0.0},{"not_picked":["Calculated Gamble","Choke"],"picked":"Noxious Fumes","floor":0.0},{"not_picked":["Well Laid Plans","Blade Dance"],"picked":"Poisoned Stab","floor":0.0},{"not_picked":["Blade Dance","Outmaneuver"],"picked":"Deflect","floor":0.0},{"not_picked":["PiercingWail","Blade Dance"],"picked":"Backflip","floor":0.0},{"not_picked":["Cloak And Dagger","Concentrate"],"picked":"Noxious Fumes","floor":0.0},{"not_picked":["Deflect","Slice"],"picked":"Backflip","floor":0.0},{"not_picked":["Tactician","Acrobatics"],"picked":"Sucker Punch","floor":0.0},{"not_picked":["Prepared","Dagger Throw"],"picked":"Sucker Punch","floor":0.0},{"not_picked":["Dagger Spray","Flying Knee"],"picked":"SKIP","floor":1.0},{"not_picked":["Venomology"],"picked":"After Image","floor":8.0},{"not_picked":["Venomology+1"],"picked":"Adrenaline+1","floor":16.0},{"not_picked":["Poisoned Stab","Quick Slash+1"],"picked":"SKIP","floor":18.0},{"not_picked":["Storm of Steel+1"],"picked":"Grand Finale","floor":28},{"not_picked":["Caltrops","Flying Knee"],"picked":"SKIP","floor":31},{"not_picked":["Glass Knife"],"picked":"Adrenaline+1","floor":33},{"not_picked":["Eviscerate+1","Prepared+1"],"picked":"SKIP","floor":35},{"not_picked":["Sucker Punch","Bane+1"],"picked":"SKIP","floor":36},{"not_picked":["Glass Knife"],"picked":"Corpse Explosion+1","floor":41},{"not_picked":["Footwork+1"],"picked":"Outmaneuver+1","floor":44},{"not_picked":["Envenom+1","Wraith Form v2+1"],"picked":"SKIP","floor":48}],"player_experience":2043448,"relics_obtained":[{"floor":8.0,"key":"Strawberry"},{"floor":9.0,"key":"Toxic Egg 2"},{"floor":12.0,"key":"Blue Candle"},{"floor":19.0,"key":"Red Mask"},{"floor":26.0,"key":"StrikeDummy"},{"floor":28,"key":"TungstenRod"},{"floor":29,"key":"Omamori"},{"floor":37,"key":"Bird Faced Urn"},{"floor":41,"key":"Potion Belt"},{"floor":43,"key":"Frozen Egg 2"},{"floor":46,"key":"Snake Skull"},{"floor":48,"key":"The Courier"}],"event_choices":[{"damage_healed":0.0,"max_hp_gain":0.0,"max_hp_loss":0.0,"gold_gain":0.0,"event_name":"Shining Light","player_choice":"Ignored","floor":3.0,"gold_loss":0.0,"damage_taken":0.0},{"damage_healed":0.0,"max_hp_gain":0.0,"max_hp_loss":0.0,"gold_gain":0.0,"event_name":"Liars Game","player_choice":"Ignored","floor":4.0,"gold_loss":0.0,"damage_taken":0.0},{"damage_healed":0.0,"max_hp_gain":0.0,"max_hp_loss":0.0,"gold_gain":0.0,"event_name":"Accursed Blacksmith","player_choice":"Forge","floor":5.0,"gold_loss":0.0,"damage_taken":0.0,"cards_upgraded":["Noxious Fumes"]},{"damage_healed":0.0,"max_hp_gain":0.0,"max_hp_loss":0.0,"gold_gain":0.0,"event_name":"Masked Bandits","player_choice":"Fought Bandits","floor":19.0,"gold_loss":0.0,"damage_taken":0.0},{"cards_removed":["Dash"],"damage_healed":0.0,"max_hp_gain":0.0,"max_hp_loss":0.0,"gold_gain":0.0,"event_name":"Purifier","player_choice":"Purged","floor":25.0,"gold_loss":0.0,"damage_taken":0.0},{"damage_healed":0,"gold_gain":0,"player_choice":"Fight","damage_taken":0,"max_hp_gain":0,"max_hp_loss":0,"event_name":"MindBloom","floor":37,"gold_loss":0},{"damage_healed":0,"gold_gain":0,"player_choice":"Max HP","damage_taken":0,"max_hp_gain":0,"max_hp_loss":4,"event_name":"Winding Halls","floor":38,"gold_loss":0}],"is_beta":false,"boss_relics":[{"not_picked":["Astrolabe","Snecko Eye"],"picked":"HoveringKite"},{"not_picked":["Runic Dome","Calling Bell"],"picked":"Tiny House"}],"items_purged_floors":[14,20,47],"is_endless":false,"potions_floor_spawned":[1,16,28,41],"killed_by":"Awakened One","ascension_level":20}}