{"host":"gmuvwrmxgyh1poc6","time":1611769731,"event":{"mods":["BaseMod","Better Third Choice","BetterRewards","Conspire","Downfall","Infinite Spire","Minty Spire (QoL Compilation)","Relic Stats","Replay The Spire","StSLib"],"gold_per_floor":[99,110110,102581,102599,102599,102623,102646,99652,99166,99207,99229,99262,99162,99162,99180,99301,99301,99201,99225,99253,99253,99253,99297,99297,99297,99297,99326,99380,99398,94284,94288,94324,94454,94454,94354,94379,88212,88252,81768,81814,81814,81481,81481,81529,81529,81565,81565,81620,81648,81696,81696,81748,81626,81626,81704,81748],"floor_reached":57,"language":"ENG","playtime":35427,"items_purged":["champ:AdrenalArmor","champ:SteelEdge"],"score":1730,"play_id":"8650f9d6-3e35-4ada-9445-205bab83f7f8","local_time":"20210127104851","is_ascension_mode":false,"campfire_choices":[{"data":"champ:Taunt","floor":1,"key":"SMITH"},{"floor":13,"key":"RECALL"},{"data":"1","floor":18,"key":"LIFT"},{"data":"2","floor":25,"key":"LIFT"},{"data":"3","floor":35,"key":"LIFT"},{"data":"champ:AdrenalArmor","floor":45,"key":"SMITH"},{"data":"champ:Execute+1","floor":45,"key":"SMITH"},{"data":"champ:Execute+2","floor":47,"key":"SMITH"},{"data":"champ:Execute+3","floor":47,"key":"SMITH"},{"data":"champ:Execute+4","floor":54,"key":"SMITH"},{"data":"champ:Execute+5","floor":54,"key":"SMITH"}],"circlet_count":22,"master_deck":["champ:Execute+6","champ:Taunt+1","champ:AdrenalArmor+1","champ:EndlessRage+1","champ:AdrenalArmor+1","champ:StrikeOfGenius+1"],"relics":["champ:ChampionCrown","The Courier","conspire:TreasureMap","Ice Cream","Whetstone","Meat on the Bone","Gremlin Food","Thread and Needle","infinitespire:Lucky Rock","ReplayFunnel","Frozen Egg 2","conspire:DeflatedDodgeball","Mummified Hand","MealTicket","champ:FightingForDummies","Orichalcum","Durian","Onion Ring","Nunchaku","Juzu Bracelet","Ancient Tea Set","PreservedInsect","Quantum Egg","Boot","Pocketwatch","infinitespire:Lychee Nut","Dream Catcher","Replay:Accelerometer","Replay:Baseball","Lantern","Replay:Bandana","Du-Vu Doll","Ornamental Fan","FossilizedHelix","Bag of Marbles","Mirror","Art of War","ReplayTheSpireMod:Lightbulb","Happy Flower","Girya","Replay:WaspNest","Sundial","Replay:Mystery Machine","Replay:Bottled Eggs","conspire:TopHat","Replay:Rubber Ducky","Anchor","Matryoshka","infinitespire:Eraser","infinitespire:Satchel","TheAbacus","champ:GladiatorsBookOfMartialProwess","infinitespire:FocusingShard","War Paint","Iron Hammer","CaptainsWheel","HornCleat","infinitespire:Golems Mask","Question Card","Peace Pipe","Blue Candle","StoneCalendar","ReplayTheSpireMod:Shallot","Pantograph","Pear","infinitespire:EmpoweringShard","champ:DefensiveTrainingManual","downfall:HeartBlessingBlue","champ:LiftRelic","Sozu","downfall:HeartBlessingRed","MutagenicStrength","infinitespire:Beetle Shell","Blue Doll","Omamori","Potion Belt","Torii","Toy Ornithopter","conspire:GiftBox","Replay:Towering Pillar of Hats","conspire:Dentures","infinitespire:Midas Blood","Blood Vial","Replay:Ringing Soul","Bronze Scales","Ginger","ReplayTheSpireMod:TigerMarble","infinitespire:PuzzleCube","Bag of Preparation","TungstenRod","Strawberry","Replay:PocketPolymizer","Tiny Chest","WingedGreaves","Singing Bowl","Regal Pillow","ReplayTheSpireMod:Ninjato","Pen Nib","Oddly Smooth Stone","infinitespire:ShieldingShard","Kunai","Letter Opener","Mercury Hourglass","Unceasing Top","Golden Egg","Coffee Dripper","downfall:HeartBlessingGreen","Replay:Arrowhead","conspire:InfiniteJournal","infinitespire:WardingShard","Gremlin Horn","Lizard Tail","Frozen Eye","InkBottle","Toxic Egg 2","Mango","infinitespire:CheckeredPen","Darkstone Periapt","Replay:Multitool","Divine Protection","Chameleon Ring","Molten Egg 2","Incense Burner","Prayer Wheel","infinitespire:Broken Mirror","infinitespire:Joker Card","Counterbalance","White Beast Statue","infinitespire:Magic Flask","Calipers","Turnip","conspire:GlowingRock","Replay:Kaleidoscope","Bird Faced Urn","conspire:Boomerang","Sling","Circlet","Shuriken","Garlic","Guide Book"],"acts_visited":["Exordium","TheCity","TheBeyond","TheEnding"],"potions_floor_usage":[11,11,16,16],"damage_taken":[{"damage":20,"enemies":"Jaw Worm","floor":2,"turns":3},{"damage":95,"enemies":"downfall:FleeingMerchant","floor":3,"turns":1},{"damage":44,"enemies":"Small Slimes","floor":4,"turns":3},{"damage":23,"enemies":"Cultist","floor":6,"turns":2},{"damage":39,"enemies":"3 Sentries","floor":10,"turns":4},{"damage":25,"enemies":"Lots of Slimes","floor":11,"turns":3},{"damage":34,"enemies":"Gremlin Nob","floor":12,"turns":2},{"damage":39,"enemies":"2 Fungi Beasts","floor":15,"turns":2},{"damage":84,"enemies":"DF_ARCHETYPE_STREAMLINE","floor":16,"turns":3},{"damage":41,"enemies":"Shell Parasite","floor":19,"turns":2},{"damage":66,"enemies":"3 Cultists","floor":20,"turns":3},{"damage":48,"enemies":"Slavers","floor":23,"turns":3},{"damage":0,"enemies":"Nightmare","floor":27,"turns":1},{"damage":63,"enemies":"conspire:MimicChest","floor":28,"turns":3},{"damage":15,"enemies":"Snake Plant","floor":29,"turns":1},{"damage":33,"enemies":"Chosen and Byrds","floor":32,"turns":2},{"damage":53,"enemies":"IC_MUSHROOM_ARCHETYPE","floor":33,"turns":1},{"damage":20,"enemies":"Orb Walker","floor":36,"turns":1},{"damage":42,"enemies":"3 Shapes","floor":38,"turns":1},{"damage":54,"enemies":"3 Darklings","floor":40,"turns":1},{"damage":65,"enemies":"Maw","floor":44,"turns":1},{"damage":41,"enemies":"Spire Growth","floor":46,"turns":1},{"damage":36,"enemies":"Nightmare","floor":48,"turns":1},{"damage":0,"enemies":"Writhing Mass","floor":49,"turns":1},{"damage":69,"enemies":"WA_ARCHETYPE_DIVINITY","floor":50,"turns":2},{"damage":29,"enemies":"downfall:CharBossMerchant","floor":52,"turns":1},{"damage":107,"enemies":"downfall:NeowBoss","floor":55,"turns":3},{"damage":40,"enemies":"downfall:NeowBossFinal","floor":56,"turns":2}],"seed_played":"-9122869577748633364","potions_obtained":[{"floor":4,"key":"CultistPotion"},{"floor":10,"key":"champ:TechniquePotion"},{"floor":12,"key":"PowerPotion"},{"floor":15,"key":"Strength Potion"}],"is_trial":false,"path_per_floor":["R","M","$","M","?","M","T","$","?","E","M","E","R","?","M","B",null,"R","M","M","?","?","E","T","R","AVR","NM","?","M","$","?","M","B",null,"R","M","?","M","$","M","T","?","T","M","R","M","R","NM","M","B",null,"E","$","R","B","B",null],"character_chosen":"THE_CHAMP","items_purchased":["conspire:TreasureMap","Ice Cream","Whetstone","Meat on the Bone","Gremlin Food","Thread and Needle","infinitespire:Lucky Rock","ReplayFunnel","Frozen Egg 2","conspire:DeflatedDodgeball","Mummified Hand","MealTicket","champ:FightingForDummies","Orichalcum","Durian","Onion Ring","Nunchaku","Juzu Bracelet","Ancient Tea Set","PreservedInsect","Quantum Egg","Boot","Pocketwatch","infinitespire:Lychee Nut","Dream Catcher","Replay:Accelerometer","Replay:Baseball","Lantern","Replay:Bandana","Du-Vu Doll","Ornamental Fan","FossilizedHelix","Bag of Marbles","Mirror","Art of War","ReplayTheSpireMod:Lightbulb","Happy Flower","Girya","Replay:WaspNest","Sundial","Replay:Mystery Machine","Replay:Bottled Eggs","conspire:TopHat","Replay:Rubber Ducky","Anchor","Matryoshka","infinitespire:Eraser","TheAbacus","champ:GladiatorsBookOfMartialProwess","infinitespire:FocusingShard","War Paint","Iron Hammer","CaptainsWheel","HornCleat","infinitespire:Golems Mask","Question Card","Peace Pipe","Blue Candle","StoneCalendar","ReplayTheSpireMod:Shallot","Pantograph","Pear","Toy Ornithopter","conspire:GiftBox","Replay:Towering Pillar of Hats","conspire:Dentures","infinitespire:Midas Blood","Blood Vial","Replay:Ringing Soul","Bronze Scales","Ginger","ReplayTheSpireMod:TigerMarble","infinitespire:PuzzleCube","Bag of Preparation","TungstenRod","Strawberry","Replay:PocketPolymizer","Tiny Chest","WingedGreaves","Singing Bowl","Regal Pillow","ReplayTheSpireMod:Ninjato","Pen Nib","Oddly Smooth Stone","infinitespire:ShieldingShard","Kunai","Letter Opener","Mercury Hourglass","Unceasing Top","Golden Egg","Replay:Arrowhead","conspire:InfiniteJournal","infinitespire:WardingShard","Gremlin Horn","Lizard Tail","Frozen Eye","InkBottle","Toxic Egg 2","Mango","infinitespire:CheckeredPen","Darkstone Periapt","Replay:Multitool","Divine Protection","Chameleon Ring","Molten Egg 2","Incense Burner","Prayer Wheel","infinitespire:Broken Mirror","infinitespire:Joker Card","Counterbalance","White Beast Statue","infinitespire:Magic Flask","Calipers","Turnip","conspire:GlowingRock","Replay:Kaleidoscope","Bird Faced Urn","conspire:Boomerang","Sling","Circlet","Circlet","Circlet","Circlet","Circlet","Circlet","Circlet","Circlet","Circlet","Circlet","Circlet","Circlet","Circlet","Circlet","Circlet","Circlet","Circlet","Circlet","Circlet","Circlet","Guide Book"],"campfire_rested":0,"item_purchase_floors":[3,3,3,3,3,3,3,3,3,3,3,3,3,3,3,3,3,3,3,3,3,3,3,3,3,3,3,3,3,3,3,3,3,3,3,3,3,3,3,3,3,3,3,3,3,3,3,8,8,8,8,8,8,8,8,8,8,8,8,8,8,8,30,30,30,30,30,30,30,30,30,30,30,30,30,30,30,30,30,30,30,30,30,30,30,30,30,30,30,30,37,37,37,37,37,37,37,37,37,37,37,37,37,37,37,37,37,37,37,37,37,37,37,37,37,37,37,37,39,39,39,39,39,39,39,39,39,39,39,39,39,39,39,39,39,39,39,39,39,53],"current_hp_per_floor":[99,99,78,78,78,78,78,88,88,88,88,88,98,98,98,98,98,98,98,98,98,98,98,98,98,98,98,98,98,105,77,96,109,109,109,111,125,129,129,133,133,150,150,154,154,158,158,160,164,164,164,166,166,166,166,166],"gold":81748,"neow_bonus":"TEN_PERCENT_HP_BONUS","is_daily":false,"chose_seed":false,"campfire_upgraded":7,"win_rate":0.0,"timestamp":1611769731,"path_taken":["R","M","$","M","?","M","T","$","?","E","M","E","R","?","M","BOSS","R","M","M","?","?","E","T","R","AVR","NM","?","M","?","?","M","BOSS","R","M","?","M","$","M","T","?","?","M","R","M","R","NM","M","BOSS","E","$","R","BOSS","BOSS"],"items_purchased_type":["Relic","Relic","Relic","Relic","Relic","Relic","Relic","Relic","Relic","Relic","Relic","Relic","Relic","Relic","Relic","Relic","Relic","Relic","Relic","Relic","Relic","Relic","Relic","Relic","Relic","Relic","Relic","Relic","Relic","Relic","Relic","Relic","Relic","Relic","Relic","Relic","Relic","Relic","Relic","Relic","Relic","Relic","Relic","Relic","Relic","Relic","Relic","Relic","Relic","Relic","Relic","Relic","Relic","Relic","Relic","Relic","Relic","Relic","Relic","Relic","Relic","Relic","Relic","Relic","Relic","Relic","Relic","Relic","Relic","Relic","Relic","Relic","Relic","Relic","Relic","Relic","Relic","Relic","Relic","Relic","Relic","Relic","Relic","Relic","Relic","Relic","Relic","Relic","Relic","Relic","Relic","Relic","Relic","Relic","Relic","Relic","Relic","Relic","Relic","Relic","Relic","Relic","Relic","Relic","Relic","Relic","Relic","Relic","Relic","Relic","Relic","Relic","Relic","Relic","Relic","Relic","Relic","Relic","Relic","Undefined","Undefined","Undefined","Undefined","Undefined","Undefined","Undefined","Undefined","Undefined","Undefined","Undefined","Undefined","Undefined","Undefined","Undefined","Undefined","Undefined","Undefined","Undefined","Undefined","Relic"],"build_version":"2020-12-22","purchased_purges":2,"victory":true,"max_hp_per_floor":[99,99,78,78,78,78,78,88,88,88,88,88,98,98,98,98,98,98,98,98,98,98,98,98,98,98,98,98,98,105,105,107,109,109,109,111,125,129,129,133,133,150,150,154,154,158,158,160,164,164,164,166,166,166,166,166],"relic_stats":{"Darkstone Periapt":0,"Regal Pillow":0,"Torii":4,"Singing Bowl":30,"Gremlin Horn":[6,6],"StoneCalendar":[0],"Juzu Bracelet":2,"Bag of Preparation":[14],"Whetstone":["champ:Strike","champ:Strike"],"Ginger":[3],"Boot":[0],"Sozu":12,"Blood Vial":4,"Nunchaku":[8],"Dream Catcher":0,"Lizard Tail":0,"TheAbacus":[552],"Mummified Hand":[58],"Sundial":[66],"Pantograph":9,"MealTicket":0,"Tiny Chest":1,"Prayer Wheel":5,"Kunai":[11],"InkBottle":[20],"Happy Flower":[16],"counters":[28,54],"Blue Candle":[10],"PreservedInsect":343,"Pen Nib":[5],"Letter Opener":[273],"Orichalcum":[6],"War Paint":["champ:AdrenalArmor"],"Question Card":35,"Mercury Hourglass":[60],"Peace Pipe":0,"Ornamental Fan":[52],"Shuriken":[9],"Bronze Scales":[12],"Bird Faced Urn":[32],"Turnip":[3],"Art of War":[0],"obtain_stats":[{"Replay:Accelerometer":3,"Golden Egg":30,"downfall:HeartBlessingGreen":35,"Whetstone":3,"Ginger":30,"Boot":3,"Sling":39,"Blood Vial":30,"Replay:Ringing Soul":30,"conspire:GlowingRock":37,"infinitespire:ShieldingShard":30,"Sundial":3,"champ:DefensiveTrainingManual":12,"MealTicket":3,"infinitespire:Golems Mask":8,"Kunai":30,"champ:FightingForDummies":3,"conspire:TreasureMap":3,"Pear":8,"Blue Candle":8,"Counterbalance":37,"Pen Nib":30,"infinitespire:Magic Flask":37,"infinitespire:Lychee Nut":3,"infinitespire:Broken Mirror":37,"MutagenicStrength":21,"Bird Faced Urn":37,"infinitespire:PuzzleCube":30,"Unceasing Top":30,"Lantern":3,"Regal Pillow":30,"Torii":28,"Singing Bowl":30,"champ:ChampionCrown":0,"StoneCalendar":8,"Blue Doll":24,"Bag of Preparation":30,"Replay:Multitool":37,"Ancient Tea Set":3,"Replay:Rubber Ducky":3,"conspire:InfiniteJournal":37,"Matryoshka":3,"WingedGreaves":30,"Replay:Bottled Eggs":3,"infinitespire:Eraser":3,"InkBottle":37,"Potion Belt":27,"downfall:HeartBlessingRed":18,"Circlet":39,"Thread and Needle":3,"The Courier":2,"PreservedInsect":3,"infinitespire:Joker Card":37,"Omamori":24,"infinitespire:Lucky Rock":3,"infinitespire:CheckeredPen":37,"Frozen Egg 2":3,"Replay:Arrowhead":37,"champ:GladiatorsBookOfMartialProwess":8,"Ornamental Fan":3,"champ:LiftRelic":14,"Turnip":37,"Durian":3,"Art of War":3,"Garlic":48,"conspire:DeflatedDodgeball":3,"ReplayTheSpireMod:Lightbulb":3,"Toy Ornithopter":30,"infinitespire:Midas Blood":30,"Ice Cream":3,"Divine Protection":37,"Calipers":37,"Gremlin Horn":37,"Sozu":17,"Lizard Tail":37,"HornCleat":8,"Strawberry":30,"Prayer Wheel":37,"Iron Hammer":8,"Toxic Egg 2":37,"conspire:Dentures":30,"Girya":3,"Happy Flower":3,"Oddly Smooth Stone":30,"infinitespire:Beetle Shell":23,"conspire:Boomerang":37,"Letter Opener":30,"Replay:Kaleidoscope":37,"War Paint":8,"Question Card":8,"Du-Vu Doll":3,"Replay:Baseball":3,"conspire:GiftBox":30,"ReplayTheSpireMod:Shallot":8,"Shuriken":41,"Bronze Scales":30,"Onion Ring":3,"Molten Egg 2":37,"infinitespire:EmpoweringShard":10,"ReplayTheSpireMod:TigerMarble":30,"Mirror":3,"Meat on the Bone":3,"Pocketwatch":3,"ReplayFunnel":3,"Darkstone Periapt":37,"Replay:PocketPolymizer":30,"Mango":37,"Juzu Bracelet":3,"Incense Burner":37,"Replay:Mystery Machine":3,"conspire:TopHat":3,"Frozen Eye":37,"Nunchaku":3,"Dream Catcher":3,"Replay:Bandana":3,"TheAbacus":8,"Chameleon Ring":37,"Mummified Hand":3,"downfall:HeartBlessingBlue":13,"Pantograph":8,"Tiny Chest":30,"Gremlin Food":3,"ReplayTheSpireMod:Ninjato":30,"Replay:Towering Pillar of Hats":30,"Quantum Egg":3,"Guide Book":53,"Replay:WaspNest":3,"infinitespire:FocusingShard":8,"Orichalcum":3,"White Beast Statue":37,"Mercury Hourglass":30,"Peace Pipe":8,"Anchor":3,"CaptainsWheel":8,"infinitespire:WardingShard":37,"infinitespire:Satchel":7,"Bag of Marbles":3,"Coffee Dripper":34,"FossilizedHelix":3,"TungstenRod":30},{"Replay:Accelerometer":2,"Golden Egg":15,"downfall:HeartBlessingGreen":17,"Whetstone":2,"Ginger":15,"Boot":2,"Sling":19,"Blood Vial":15,"Replay:Ringing Soul":15,"conspire:GlowingRock":18,"infinitespire:ShieldingShard":15,"Sundial":2,"champ:DefensiveTrainingManual":7,"MealTicket":2,"infinitespire:Golems Mask":4,"Kunai":15,"champ:FightingForDummies":2,"conspire:TreasureMap":2,"Pear":4,"Blue Candle":4,"Counterbalance":18,"Pen Nib":15,"infinitespire:Magic Flask":18,"infinitespire:Lychee Nut":2,"infinitespire:Broken Mirror":18,"MutagenicStrength":11,"Bird Faced Urn":18,"infinitespire:PuzzleCube":15,"Unceasing Top":15,"Lantern":2,"Regal Pillow":15,"Torii":14,"Singing Bowl":15,"champ:ChampionCrown":0,"StoneCalendar":4,"Blue Doll":12,"Bag of Preparation":15,"Replay:Multitool":18,"Ancient Tea Set":2,"Replay:Rubber Ducky":2,"conspire:InfiniteJournal":18,"Matryoshka":2,"WingedGreaves":15,"Replay:Bottled Eggs":2,"infinitespire:Eraser":2,"InkBottle":18,"Potion Belt":13,"downfall:HeartBlessingRed":9,"Circlet":19,"Thread and Needle":2,"The Courier":1,"PreservedInsect":2,"infinitespire:Joker Card":18,"Omamori":12,"infinitespire:Lucky Rock":2,"infinitespire:CheckeredPen":18,"Frozen Egg 2":2,"Replay:Arrowhead":18,"champ:GladiatorsBookOfMartialProwess":4,"Ornamental Fan":2,"champ:LiftRelic":7,"Turnip":18,"Durian":2,"Art of War":2,"Garlic":23,"conspire:DeflatedDodgeball":2,"ReplayTheSpireMod:Lightbulb":2,"Toy Ornithopter":15,"infinitespire:Midas Blood":15,"Ice Cream":2,"Divine Protection":18,"Calipers":18,"Gremlin Horn":18,"Sozu":9,"Lizard Tail":18,"HornCleat":4,"Strawberry":15,"Prayer Wheel":18,"Iron Hammer":4,"Toxic Egg 2":18,"conspire:Dentures":15,"Girya":2,"Happy Flower":2,"Oddly Smooth Stone":15,"infinitespire:Beetle Shell":12,"conspire:Boomerang":18,"Letter Opener":15,"Replay:Kaleidoscope":18,"War Paint":4,"Question Card":4,"Du-Vu Doll":2,"Replay:Baseball":2,"conspire:GiftBox":15,"ReplayTheSpireMod:Shallot":4,"Shuriken":20,"Bronze Scales":15,"Onion Ring":2,"Molten Egg 2":18,"infinitespire:EmpoweringShard":5,"ReplayTheSpireMod:TigerMarble":15,"Mirror":2,"Meat on the Bone":2,"Pocketwatch":2,"ReplayFunnel":2,"Darkstone Periapt":18,"Replay:PocketPolymizer":15,"Mango":18,"Juzu Bracelet":2,"Incense Burner":18,"Replay:Mystery Machine":2,"conspire:TopHat":2,"Frozen Eye":18,"Nunchaku":2,"Dream Catcher":2,"Replay:Bandana":2,"TheAbacus":4,"Chameleon Ring":18,"Mummified Hand":2,"downfall:HeartBlessingBlue":7,"Pantograph":4,"Tiny Chest":15,"Gremlin Food":2,"ReplayTheSpireMod:Ninjato":15,"Replay:Towering Pillar of Hats":15,"Quantum Egg":2,"Guide Book":26,"Replay:WaspNest":2,"infinitespire:FocusingShard":4,"Orichalcum":2,"White Beast Statue":18,"Mercury Hourglass":15,"Peace Pipe":4,"Anchor":2,"CaptainsWheel":4,"infinitespire:WardingShard":18,"infinitespire:Satchel":4,"Bag of Marbles":2,"Coffee Dripper":17,"FossilizedHelix":2,"TungstenRod":15},{"Replay:Accelerometer":4,"Golden Egg":36,"downfall:HeartBlessingGreen":39,"Whetstone":4,"Ginger":36,"Boot":4,"Sling":41,"Blood Vial":36,"Replay:Ringing Soul":36,"conspire:GlowingRock":40,"infinitespire:ShieldingShard":36,"Sundial":4,"champ:DefensiveTrainingManual":18,"MealTicket":4,"infinitespire:Golems Mask":9,"Kunai":36,"champ:FightingForDummies":4,"conspire:TreasureMap":4,"Pear":9,"Blue Candle":9,"Counterbalance":40,"Pen Nib":36,"infinitespire:Magic Flask":40,"infinitespire:Lychee Nut":4,"infinitespire:Broken Mirror":40,"MutagenicStrength":28,"Bird Faced Urn":40,"infinitespire:PuzzleCube":36,"Unceasing Top":36,"Lantern":4,"Regal Pillow":36,"Torii":35,"Singing Bowl":36,"champ:ChampionCrown":0,"StoneCalendar":9,"Blue Doll":31,"Bag of Preparation":36,"Replay:Multitool":40,"Ancient Tea Set":4,"Replay:Rubber Ducky":4,"conspire:InfiniteJournal":40,"Matryoshka":4,"WingedGreaves":36,"Replay:Bottled Eggs":4,"infinitespire:Eraser":4,"InkBottle":40,"Potion Belt":32,"downfall:HeartBlessingRed":23,"Circlet":41,"Thread and Needle":4,"The Courier":3,"PreservedInsect":4,"infinitespire:Joker Card":40,"Omamori":31,"infinitespire:Lucky Rock":4,"infinitespire:CheckeredPen":40,"Frozen Egg 2":4,"Replay:Arrowhead":40,"champ:GladiatorsBookOfMartialProwess":9,"Ornamental Fan":4,"champ:LiftRelic":18,"Turnip":40,"Durian":4,"Art of War":4,"Garlic":45,"conspire:DeflatedDodgeball":4,"ReplayTheSpireMod:Lightbulb":4,"Toy Ornithopter":36,"infinitespire:Midas Blood":36,"Ice Cream":4,"Divine Protection":40,"Calipers":40,"Gremlin Horn":40,"Sozu":23,"Lizard Tail":40,"HornCleat":9,"Strawberry":36,"Prayer Wheel":40,"Iron Hammer":9,"Toxic Egg 2":40,"conspire:Dentures":36,"Girya":4,"Happy Flower":4,"Oddly Smooth Stone":36,"infinitespire:Beetle Shell":31,"conspire:Boomerang":40,"Letter Opener":36,"Replay:Kaleidoscope":40,"War Paint":9,"Question Card":9,"Du-Vu Doll":4,"Replay:Baseball":4,"conspire:GiftBox":36,"ReplayTheSpireMod:Shallot":9,"Shuriken":42,"Bronze Scales":36,"Onion Ring":4,"Molten Egg 2":40,"infinitespire:EmpoweringShard":13,"ReplayTheSpireMod:TigerMarble":36,"Mirror":4,"Meat on the Bone":4,"Pocketwatch":4,"ReplayFunnel":4,"Darkstone Periapt":40,"Replay:PocketPolymizer":36,"Mango":40,"Juzu Bracelet":4,"Incense Burner":40,"Replay:Mystery Machine":4,"conspire:TopHat":4,"Frozen Eye":40,"Nunchaku":4,"Dream Catcher":4,"Replay:Bandana":4,"TheAbacus":9,"Chameleon Ring":40,"Mummified Hand":4,"downfall:HeartBlessingBlue":18,"Pantograph":9,"Tiny Chest":36,"Gremlin Food":4,"ReplayTheSpireMod:Ninjato":36,"Replay:Towering Pillar of Hats":36,"Quantum Egg":4,"Guide Book":49,"Replay:WaspNest":4,"infinitespire:FocusingShard":9,"Orichalcum":4,"White Beast Statue":40,"Mercury Hourglass":36,"Peace Pipe":9,"Anchor":4,"CaptainsWheel":9,"infinitespire:WardingShard":40,"infinitespire:Satchel":9,"Bag of Marbles":4,"Coffee Dripper":39,"FossilizedHelix":4,"TungstenRod":36}],"Toy Ornithopter":0,"TungstenRod":127,"Unceasing Top":[27],"Meat on the Bone":0,"Pocketwatch":[0]},"card_choices":[{"not_picked":["champ:PreciseThrust","champ:Duel"],"picked":"champ:AdrenalArmor","floor":2},{"not_picked":["champ:Backstep","champ:FanOfKnives"],"picked":"champ:AdrenalArmor","floor":3},{"not_picked":["champ:DeathBlow","champ:FlashCut"],"picked":"champ:EndlessRage+1","floor":4},{"not_picked":["champ:EnGarde","champ:BringItOn","champ:ShieldSlam"],"picked":"SKIP","floor":6},{"not_picked":["champ:RecklessLeap","champ:Haymaker","champ:Duel","champ:LastStand+1"],"picked":"SKIP","floor":10},{"not_picked":["champ:EnGarde","champ:Endure","champ:FlashCut"],"picked":"champ:AdrenalArmor","floor":11},{"not_picked":["champ:Endure","champ:Shatter","champ:GladiatorStyle+1","champ:BringItOn"],"picked":"SKIP","floor":12},{"not_picked":["champ:FlashCut","champ:FanOfKnives","champ:StrikeOfGenius+1","champ:EnGarde"],"picked":"SKIP","floor":15},{"not_picked":["champ:CrookedStrike+1","champ:EnGarde","champ:DefensiveShout+1","champ:GutPunch"],"picked":"SKIP","floor":19},{"not_picked":["champ:PreciseThrust","champ:Backstep+1","champ:Circumvent","champ:BringItOn"],"picked":"SKIP","floor":20},{"not_picked":["champ:StanceDance+1","champ:CrookedStrike","champ:Shatter","champ:HoldFirm"],"picked":"SKIP","floor":23},{"not_picked":["champ:RecklessLeap","champ:EnGarde+1","champ:FanOfKnives+1","champ:CrownThrow"],"picked":"SKIP","floor":27},{"not_picked":["champ:TornadoPunch","champ:StanceDance","champ:Shatter"],"picked":"champ:SteelEdge","floor":28},{"not_picked":["champ:BerserkersShout","champ:HeartStrike","champ:HoldFirm","champ:PreemptiveStrike"],"picked":"SKIP","floor":29},{"not_picked":["champ:CheapShot","champ:TripleStrike","champ:DancingMaster+1"],"picked":"champ:StrikeOfGenius+1","floor":30},{"not_picked":["champ:PreemptiveStrike","champ:GutPunch","champ:Backstep","champ:PerfectedStrike"],"picked":"Singing Bowl","floor":32},{"not_picked":["champ:TripleStrike","champ:ShieldThrow","champ:CheapShot","champ:GladiatorForm+1"],"picked":"Singing Bowl","floor":33},{"not_picked":["champ:BerserkersShout+1","champ:CrownThrow+1","champ:Shatter","champ:FocusedDefense"],"picked":"Singing Bowl","floor":36},{"not_picked":["champ:RecklessLeap+1","champ:HeartStrike+1","champ:EnragedBash+1","champ:BerserkersShout+1"],"picked":"Singing Bowl","floor":38},{"not_picked":["champ:Haymaker+1","champ:DefensiveShout+1","champ:Shatter+1","champ:HeartStrike+1"],"picked":"Singing Bowl","floor":38},{"not_picked":["champ:TornadoPunch+1","champ:BringItOn+1","champ:HeavySlash+1","champ:Parry+1"],"picked":"Singing Bowl","floor":40},{"not_picked":["champ:GutPunch+1","champ:FalseCounter+1","champ:BerserkersShout+1","champ:GladiatorStyle+1"],"picked":"Singing Bowl","floor":40},{"not_picked":["champ:Backstep+1","champ:PerfectedStrike+1","champ:Shatter+1","champ:MurderStrike+1"],"picked":"Singing Bowl","floor":44},{"not_picked":["champ:AdrenalArmor+1","champ:DeathBlow+1","champ:BladeFlurry+1","champ:Shatter+1"],"picked":"Singing Bowl","floor":44},{"not_picked":["champ:ShieldWall+1","champ:BerserkersShout+1","champ:EnGarde+1","champ:Backstep+1"],"picked":"Singing Bowl","floor":46},{"not_picked":["champ:FocusedBerserking+1","champ:GutPunch+1","champ:DefensiveShout+1","champ:BladeFlurry+1"],"picked":"Singing Bowl","floor":46},{"not_picked":["champ:SkillfulDodge+1","champ:BladeFlurry+1","champ:RisingSlash+1","champ:RecklessLeap+1"],"picked":"Singing Bowl","floor":48},{"not_picked":["champ:DefensiveShout+1","champ:AdrenalArmor+1","champ:BringItOn+1","champ:ArenaPreparation+1"],"picked":"Singing Bowl","floor":49},{"not_picked":["champ:Encircle+1","champ:FocusedBerserking+1","champ:IgnorePain+1","champ:FocusedDefense+1"],"picked":"Singing Bowl","floor":49},{"not_picked":["champ:Haymaker+1","champ:FlashCut+1","champ:DefensiveShout+1","champ:SetATrap+1"],"picked":"Singing Bowl","floor":52}],"player_experience":116933,"relics_obtained":[{"floor":7,"key":"infinitespire:Satchel"},{"floor":10,"key":"infinitespire:EmpoweringShard"},{"floor":12,"key":"champ:DefensiveTrainingManual"},{"floor":23,"key":"infinitespire:Beetle Shell"},{"floor":24,"key":"Blue Doll"},{"floor":24,"key":"Omamori"},{"floor":27,"key":"Potion Belt"},{"floor":28,"key":"Torii"},{"floor":41,"key":"Shuriken"},{"floor":43,"key":"Circlet"},{"floor":48,"key":"Garlic"},{"floor":52,"key":"Circlet"}],"event_choices":[{"damage_healed":0,"gold_gain":0,"player_choice":"Inject Mutagens","damage_taken":0,"relics_obtained":["MutagenicStrength"],"max_hp_gain":0,"max_hp_loss":0,"event_name":"Drug Dealer","floor":21,"gold_loss":0}],"is_beta":false,"boss_relics":[{"not_picked":["conspire:SlowCooker","Runic Dome"],"picked":"Sozu"},{"not_picked":["Tiny House","Pandora\u0027s Box"],"picked":"Coffee Dripper"}],"items_purged_floors":[3,30],"is_endless":false,"potions_floor_spawned":[4,10,12,15,23,27,28,32,33,38,40,44,46,48,49,52],"ascension_level":0}}