{"host":"8ef2eyqaps3igadt","time":1611764526,"event":{"mods":["AchievementEnabler","Act Like it!","Aspiration","BaseMod","Better Altar","Better Match","Better Skull","Better Third Choice","Better Vampires","BetterRewards","Conspire","Curses Come First","Defuse TimeMaze Blight","Disable Question Mark Monsters","Displayed Cursed Tome","Energized Spire","Fox Events","GifTheSpireLib","Hallownest","Highlight Path","Hubris","Infinite Spire","Marked Mod","Mimic Mod","Minty Spire (QoL Compilation)","Quick Restart","Replay The Spire","Shop Mod","Spicy Shops","Spikes Relics","StS++","StSLib","Stuff the Spire","SuperFastMode","The Marked","Trackpad","Unceasing Turn Reminder","Virulent Crown","Wandering Minibosses"],"gold_per_floor":[116,44,44,44,44,79,97,131,154,182,182,210,210,210,210,306,306,363,363,313,11,22,51,66,96,122,122,122,158,186,186,186,186,186],"floor_reached":33,"language":"ENG","playtime":627,"items_purged":["Injury"],"score":442,"play_id":"381acdff-fd8b-41b8-aef4-be7f687f4d39","local_time":"20210127172206","is_ascension_mode":true,"campfire_choices":[{"data":"Pain","floor":13,"key":"PURGE"},{"floor":15,"key":"REST"},{"data":"Armaments","floor":32,"key":"SMITH"}],"circlet_count":0,"master_deck":["Strike_R","Strike_R","Strike_R","Strike_R","Strike_R","Defend_R","Defend_R","Defend_R","Defend_R+1","Bash","Pommel Strike","Perfected Strike","Heavy Blade","Armaments+1","conspire:Charge","Whirlwind","StuffTheSpire:Resist+1","Rupture+1"],"relics":["Burning Blood","NeowsBlessing","hubris:EmptyBottle","WarpedTongs","Frozen Egg 2","hubris:ToyBattleship","trackpad:WritersBlock","Gremlin Food","Peace Pipe","GiantMaggot","StuffTheSpire:MayFlowers","energizedSpire:OgreHead","trackpad:CultistFigurine","BicycleWheel","MerchantsRug","aspiration:Lifesprig","Magic Flower","trackpad:SneckoScepter","Replay:Wax Seal","Replay:WaspNest"],"acts_visited":["Exordium","TheCity"],"potions_floor_usage":[24,25,29,29,29,30,30,30],"damage_taken":[{"damage":0,"enemies":"Cultist","floor":1,"turns":1},{"damage":0,"enemies":"3 Sentries","floor":6,"turns":2},{"damage":2,"enemies":"2 Louse","floor":7,"turns":1},{"damage":27,"enemies":"Gremlin Nob","floor":8,"turns":4},{"damage":27,"enemies":"Lagavulin","floor":10,"turns":6},{"damage":12,"enemies":"Gremlin Nob","floor":12,"turns":4},{"damage":0,"enemies":"Slime Boss","floor":16,"turns":6},{"damage":22,"enemies":"Chosen","floor":18,"turns":6},{"damage":28,"enemies":"Shell Parasite","floor":22,"turns":4},{"damage":37,"enemies":"Nightmare","floor":23,"turns":7},{"damage":12,"enemies":"3 Cultists","floor":24,"turns":4},{"damage":42,"enemies":"Book of Stabbing","floor":25,"turns":6},{"damage":15,"enemies":"Snake Plant","floor":29,"turns":4},{"damage":21,"enemies":"Slavers","floor":30,"turns":5},{"damage":26,"enemies":"Collector","floor":33,"turns":2}],"seed_played":"-323360264319404501","potions_obtained":[{"floor":7,"key":"EssenceOfSteel"},{"floor":8,"key":"BloodPotion"},{"floor":18,"key":"PowerPotion"},{"floor":25,"key":"Adrenaline Potion"}],"is_trial":false,"path_per_floor":["M","$","?","?","?","E","M","E","T","E","?","E","R","?","R","B",null,"M","AVR","?","$","M","NM","M","E","T","?","?","M","E","$","R","B"],"character_chosen":"IRONCLAD","items_purchased":["hubris:EmptyBottle","MerchantsRug","aspiration:Lifesprig"],"campfire_rested":1,"item_purchase_floors":[2,21,21],"current_hp_per_floor":[80,80,80,80,80,80,80,59,59,38,35,29,29,29,53,62,80,67,67,67,67,45,19,40,36,36,36,36,30,18,18,18,0,0],"gold":186,"neow_bonus":"THREE_ENEMY_KILL","is_daily":false,"chose_seed":false,"campfire_upgraded":1,"win_rate":0.0,"timestamp":1611764526,"path_taken":["M","$","?","?","?","E","M","E","T","E","?","E","R","?","R","BOSS","M","AVR","?","$","?","NM","M","E","T","?","?","M","E","?","R","BOSS"],"items_purchased_type":["Relic","Relic","Relic"],"build_version":"2020-12-22","purchased_purges":1,"victory":false,"max_hp_per_floor":[80,80,80,80,80,80,80,80,80,80,80,80,80,80,80,80,80,80,80,80,80,80,80,80,80,80,80,80,80,80,80,80,80,80],"card_choices":[{"not_picked":["StuffTheSpire:Slingshot","Armaments"],"picked":"Pommel Strike","floor":1},{"not_picked":["hubris:ReadiedAction","Power Through"],"picked":"Perfected Strike","floor":6},{"not_picked":["Cleave","Run Through"],"picked":"Heavy Blade","floor":7},{"not_picked":["StuffTheSpire:TitanForm+1","StSpp:TheBiggerTheyAre"],"picked":"Armaments","floor":8},{"not_picked":["Heavy Blade","Perfected Strike"],"picked":"conspire:Charge","floor":10},{"not_picked":["Perfected Strike","StSpp:Succumb"],"picked":"Whirlwind","floor":12},{"not_picked":["StuffTheSpire:RockThrow+1","Perfected Strike","ReplayTheSpireMod:Strike From Hell"],"picked":"SKIP","floor":18},{"not_picked":["Dark Embrace+1","ReplayTheSpireMod:Muscle Training+1"],"picked":"StuffTheSpire:Resist+1","floor":22},{"not_picked":["StSpp:MuscleMemory+1","Burning Pact","Heavy Blade"],"picked":"SKIP","floor":23},{"not_picked":["StuffTheSpire:Slingshot","Burning Pact"],"picked":"Rupture+1","floor":24},{"not_picked":["Massacre+1","True Grit+1","hubris:ReadiedAction"],"picked":"SKIP","floor":25},{"not_picked":["Burning Pact","StuffTheSpire:Slingshot+1","Searing Blow"],"picked":"SKIP","floor":29},{"not_picked":["ReplayTheSpireMod:Strike From Hell","StuffTheSpire:RagingBull","Reckless Charge"],"picked":"SKIP","floor":30}],"player_experience":4885,"relics_obtained":[{"floor":6,"key":"hubris:ToyBattleship"},{"floor":8,"key":"trackpad:WritersBlock"},{"floor":9,"key":"Gremlin Food"},{"floor":10,"key":"Peace Pipe"},{"floor":12,"key":"StuffTheSpire:MayFlowers"},{"floor":23,"key":"Magic Flower"},{"floor":25,"key":"trackpad:SneckoScepter"},{"floor":26,"key":"Replay:Wax Seal"},{"floor":30,"key":"Replay:WaspNest"}],"event_choices":[{"damage_healed":0,"gold_gain":0,"player_choice":"Rummage","damage_taken":0,"relics_obtained":["WarpedTongs"],"max_hp_gain":0,"max_hp_loss":0,"event_name":"Accursed Blacksmith","floor":3,"gold_loss":0,"cards_obtained":["Pain"]},{"damage_healed":0,"gold_gain":0,"player_choice":"Disagree","damage_taken":0,"max_hp_gain":0,"max_hp_loss":0,"event_name":"conspire:LoneGhost","floor":4,"gold_loss":0},{"damage_healed":0,"gold_gain":0,"player_choice":"Relic ","damage_taken":3,"max_hp_gain":0,"max_hp_loss":0,"event_name":"betterThird:BetterScrap","floor":11,"gold_loss":0,"cards_obtained":["MarkedMod:OneThousandNeedles"]},{"damage_healed":0,"gold_gain":0,"player_choice":"Ignored","damage_taken":0,"max_hp_gain":0,"max_hp_loss":0,"event_name":"Transmorgrifier","floor":14,"gold_loss":0},{"damage_healed":0,"gold_gain":0,"player_choice":"Paid Gold","damage_taken":0,"relics_obtained":["BicycleWheel"],"max_hp_gain":0,"max_hp_loss":0,"event_name":"WeMeetAgain","floor":20,"gold_loss":50},{"damage_healed":0,"gold_gain":0,"player_choice":"Ignored","damage_taken":0,"max_hp_gain":0,"max_hp_loss":0,"event_name":"Ghosts","floor":27,"gold_loss":0}],"is_beta":false,"boss_relics":[{"not_picked":["hubris:ScarierMask","StuffTheSpire:ModemDavis"],"picked":"energizedSpire:OgreHead"}],"items_purged_floors":[19],"is_endless":false,"potions_floor_spawned":[7,8,16,18,23,24,25],"killed_by":"Collector","ascension_level":2}}