{"host":"qrt7o4dq2qslzw13","time":1611759754,"event":{"mods":["BaseMod","Colored Map","Colored Powertips","Minty Spire (QoL Compilation)","Quick Restart","Replay The Spire","Shop Mod","StSLib","SuperFastMode"],"gold_per_floor":[113,113,6,181,195,230,230,259,259,273,273,273,293,293,293,413,413,431,431,431,431],"floor_reached":20,"language":"ENG","playtime":410,"items_purged":[],"score":267,"play_id":"7a9000bd-3556-4d7a-b948-96cff612cef0","local_time":"20210127100234","is_ascension_mode":true,"campfire_choices":[{"data":"Eruption","floor":7.0,"key":"SMITH"},{"floor":12.0,"key":"REST"},{"floor":15.0,"key":"REST"}],"circlet_count":0,"master_deck":["Strike_P","Strike_P","Strike_P","Defend_P","Defend_P","Defend_P","Eruption+1","Vigilance","Nirvana","FearNoEvil","FearNoEvil","Halt","Doubt","ThirdEye","Replay:Battleflow","Worship","SashWhip+1","CutThroughFate+1","ForeignInfluence","Steam","Establishment","Replay:Hum","Decay"],"relics":["HolyWater","NeowsBlessing","InkBottle","Replay:Wax Seal","Replay:Accelerometer","Molten Egg 2","Garlic"],"acts_visited":["Exordium","TheCity"],"potions_floor_usage":[],"damage_taken":[{"damage":0.0,"enemies":"Small Slimes","floor":1.0,"turns":1.0},{"damage":0.0,"enemies":"2 Louse","floor":5.0,"turns":2.0},{"damage":0.0,"enemies":"3 Sentries","floor":6.0,"turns":2.0},{"damage":22.0,"enemies":"Gremlin Nob","floor":8.0,"turns":4.0},{"damage":2.0,"enemies":"Jaw Worm","floor":10.0,"turns":5.0},{"damage":3.0,"enemies":"Exordium Thugs","floor":13.0,"turns":4.0},{"damage":21.0,"enemies":"Slime Boss","floor":16.0,"turns":14.0},{"damage":39.0,"enemies":"Shell Parasite","floor":18.0,"turns":5.0},{"damage":25,"enemies":"Spheric Guardian","floor":20,"turns":3}],"seed_played":"-8918063064594246660","potions_obtained":[{"floor":6.0,"key":"SpeedPotion"},{"floor":10.0,"key":"BlessingOfTheForge"},{"floor":18.0,"key":"SpeedPotion"}],"is_trial":false,"path_per_floor":["M","?","$","?","M","E","R","E","T","M","T","R","M","?","R","B",null,"M","?","M"],"character_chosen":"WATCHER","items_purchased":["FearNoEvil","Halt"],"campfire_rested":2,"item_purchase_floors":[3,3],"current_hp_per_floor":[65,47,47,47,47,47,47,25,25,23,23,44,41,41,62,41,64,25,25,0,0],"gold":431,"neow_bonus":"THREE_ENEMY_KILL","is_daily":false,"chose_seed":false,"campfire_upgraded":1,"win_rate":0.0,"timestamp":1611759754,"path_taken":["M","?","$","?","M","E","R","E","T","?","?","R","M","?","R","BOSS","M","?","M"],"items_purchased_type":["Card","Card"],"build_version":"2020-12-22","purchased_purges":0,"victory":false,"max_hp_per_floor":[72,72,72,72,72,72,72,72,72,72,72,72,72,72,72,72,72,72,72,72,72],"card_choices":[{"not_picked":["ClearTheMind","SashWhip"],"picked":"Nirvana","floor":1.0},{"not_picked":["Evaluate","Protect"],"picked":"ThirdEye","floor":5.0},{"not_picked":["Tantrum","Nirvana"],"picked":"Replay:Battleflow","floor":6.0},{"not_picked":["Replay:AtTheReady","FlyingSleeves"],"picked":"Worship","floor":8.0},{"not_picked":["ClearTheMind","Tantrum+1"],"picked":"SashWhip+1","floor":10.0},{"not_picked":["FlyingSleeves+1","BowlingBash+1"],"picked":"CutThroughFate+1","floor":13.0},{"not_picked":["Alpha","SpiritShield"],"picked":"Establishment","floor":16.0},{"not_picked":["CrushJoints+1","InnerPeace"],"picked":"Replay:Hum","floor":18.0}],"player_experience":597615,"relics_obtained":[{"floor":6.0,"key":"Replay:Wax Seal"},{"floor":8.0,"key":"Replay:Accelerometer"},{"floor":9.0,"key":"Molten Egg 2"},{"floor":11.0,"key":"Garlic"}],"event_choices":[{"damage_healed":0.0,"max_hp_gain":0.0,"max_hp_loss":0.0,"gold_gain":0.0,"event_name":"Scrap Ooze","player_choice":"Success","floor":2.0,"gold_loss":0.0,"damage_taken":18.0,"relics_obtained":["InkBottle"]},{"damage_healed":0.0,"max_hp_gain":0.0,"max_hp_loss":0.0,"gold_gain":175.0,"event_name":"Liars Game","player_choice":"AGREE","floor":4.0,"gold_loss":0.0,"damage_taken":0.0,"cards_obtained":["Doubt"]},{"damage_healed":0.0,"max_hp_gain":0.0,"max_hp_loss":0.0,"gold_gain":0.0,"event_name":"Forgotten Altar","player_choice":"Smashed Altar","floor":19.0,"gold_loss":0.0,"damage_taken":0.0,"cards_obtained":["Decay"]}],"is_beta":false,"boss_relics":[{"not_picked":["Cursed Key","Black Star"],"picked":"HolyWater"}],"items_purged_floors":[],"is_endless":false,"potions_floor_spawned":[6,10,18],"killed_by":"Spheric Guardian","ascension_level":6}}