{"host":"ihp6kf8pnegdur9i","time":1611760656,"event":{"mods":["Act Like it!","BaseMod","Conspire","Gensokyo","GifTheSpireLib","Hallownest","Marisa£®ÏF”Í°°ƒß¿Ì…≥£©","Minty Spire (QoL Compilation)","Pale of the Ancients","Replay The Spire","StSLib","The Servant 0.9.4","Youmu£®ªÍ∆«—˝√Œ£©"],"gold_per_floor":[111,128,78,78,95,95,110,129,129,129,129,18,18,18,18,18,18],"floor_reached":16,"language":"ZHS","playtime":1453,"items_purged":[],"score":126,"play_id":"f761029f-eaa5-4621-9996-e73c57668b67","local_time":"20210127231736","is_ascension_mode":true,"campfire_choices":[{"floor":6.0,"key":"REST"},{"data":"6A","floor":10.0,"key":"SMITH"},{"data":"Gensokyo:MarisaTwilightSpark","floor":15.0,"key":"SMITH"}],"circlet_count":0,"master_deck":["Strike_MRS","Strike_MRS","Strike_MRS","Strike_MRS","Defend_MRS","Defend_MRS","Defend_MRS","Defend_MRS","MasterSpark","UpSweep","Gensokyo:BlessingOfVigor","SporeBomb","6A+1","AbsoluteMagnitude","BlazeAway","Gensokyo:MarisaTwilightSpark+1","Gensokyo:LockedMedkit","Gensokyo:Shovel"],"relics":["MiniHakkero","Gensokyo:MarisaPhilosophersStone","Quantum Egg","ReplayTheSpireMod:Shallot"],"acts_visited":["Gensokyo:Gensokyo"],"potions_floor_usage":[],"damage_taken":[{"damage":7.0,"enemies":"Gensokyo:Python","floor":1.0,"turns":3.0},{"damage":2.0,"enemies":"Gensokyo:3_Fairies","floor":2.0,"turns":4.0},{"damage":48.0,"enemies":"","floor":4.0,"turns":7.0},{"damage":1.0,"enemies":"Gensokyo:2_Kodama","floor":5.0,"turns":2.0},{"damage":0.0,"enemies":"Gensokyo:Kitsune","floor":7.0,"turns":2.0},{"damage":8.0,"enemies":"Gensokyo:3_Kodama","floor":8.0,"turns":5.0},{"damage":0,"enemies":"Gensokyo:Yukari","floor":16,"turns":2}],"seed_played":"-1955872974750343540","potions_obtained":[{"floor":1.0,"key":"Weak Potion"}],"is_trial":false,"path_per_floor":["M","M","?","?","M","R","M","M","T","R","?","COS","T","?","R","B"],"character_chosen":"MARISA","items_purchased":[],"campfire_rested":1,"item_purchase_floors":[],"current_hp_per_floor":[57,55,55,7,6,32,32,24,24,24,24,24,24,24,24,24,24],"gold":18,"neow_bonus":"TWENTY_PERCENT_HP_BONUS","is_daily":false,"chose_seed":false,"campfire_upgraded":2,"win_rate":0.0,"timestamp":1611760656,"path_taken":["M","M","?","?","M","R","M","M","T","R","?","COS","?","?","R","BOSS"],"items_purchased_type":[],"build_version":"2020-12-22","purchased_purges":0,"victory":false,"max_hp_per_floor":[89,89,89,89,89,89,89,89,89,89,89,89,89,89,89,89,89],"card_choices":[{"not_picked":["EnergyFlow","Singularity","NonDirectionalLaser"],"picked":"SKIP","floor":1.0},{"not_picked":["DoubleSpark","GravityBeat","IllusionStar"],"picked":"SKIP","floor":2.0},{"not_picked":["MagicAbsorber","AsteroidBelt"],"picked":"6A","floor":5.0},{"not_picked":["IllusionStar","PowerUp"],"picked":"AbsoluteMagnitude","floor":7.0},{"not_picked":["DoubleSpark","6A"],"picked":"BlazeAway","floor":8.0}],"player_experience":235065,"relics_obtained":[{"floor":4.0,"key":"Gensokyo:MarisaPhilosophersStone"},{"floor":9.0,"key":"Quantum Egg"},{"floor":13.0,"key":"ReplayTheSpireMod:Shallot"}],"event_choices":[],"is_beta":false,"boss_relics":[],"items_purged_floors":[],"is_endless":false,"potions_floor_spawned":[1],"killed_by":"Gensokyo:Yukari","ascension_level":8}}