{"host":"d4nr47a59rmbesnz","time":1611741770,"event":{"mods":["A Magickal Journey","BaseMod","Better Third Choice","Hermit","Minty Spire (QoL Compilation)","Quick Restart","Shade Mod","StSLib","The Bladedancer","The Cursed","The Death Knight","The Disciple","The Forsaken","The Hierophant","The Necromancer","The Spell Scribe","The Valiant"],"gold_per_floor":[111,131,143,154,154,154,179,179,179,27,40,57,57,84,84,186,186,205,30,45,45,45,45],"floor_reached":22,"language":"ENG","playtime":1112,"items_purged":[],"score":186,"play_id":"742dc349-8466-4b48-9b4a-1878b6e65a7b","local_time":"20210127130250","is_ascension_mode":false,"campfire_choices":[{"data":"DeathKnight:RuneStrike","floor":6,"key":"SMITH"},{"floor":8,"key":"REST"},{"floor":15,"key":"REST"}],"circlet_count":0,"master_deck":["DeathKnight:Strike_DeathKnight","DeathKnight:Strike_DeathKnight","DeathKnight:Strike_DeathKnight+1","DeathKnight:Strike_DeathKnight+1","DeathKnight:Strike_DeathKnight","DeathKnight:Defend_DeathKnight","DeathKnight:Defend_DeathKnight","DeathKnight:Defend_DeathKnight","DeathKnight:Defend_DeathKnight","DeathKnight:Defend_DeathKnight","DeathKnight:RuneTap","DeathKnight:RuneStrike+1","DeathKnight:BloodTap","DeathKnight:DeathCoil","DeathKnight:DeathGrip","DeathKnight:ShatteringStrikes","DeathKnight:Obliterate","DeathKnight:UnholyAssault","DeathKnight:IceboundArmor","DeathKnight:FoulBulwark","DeathKnight:HowlingBlast","DeathKnight:ThirstingStrike","Parasite","DeathKnight:Frostscythe","DeathKnight:BloodBoil","DeathKnight:MindFreeze","DeathKnight:FrosPresence","DeathKnight:HornOfWinter","DeathKnight:DeathAndDecay","DeathKnight:BloodBoil"],"relics":["DeathKnight:ReforgedRuneblade","Happy Flower","Whetstone","Nunchaku","theForsaken:PaleLantern"],"acts_visited":["Exordium","TheCity"],"potions_floor_usage":[12,16,16],"damage_taken":[{"damage":2,"enemies":"2 Louse","floor":1,"turns":3},{"damage":5,"enemies":"Cultist","floor":2,"turns":4},{"damage":10,"enemies":"Jaw Worm","floor":3,"turns":3},{"damage":7,"enemies":"Exordium Wildlife","floor":4,"turns":4},{"damage":48,"enemies":"3 Sentries","floor":7,"turns":9},{"damage":7,"enemies":"3 Louse","floor":11,"turns":3},{"damage":12,"enemies":"Blue Slaver","floor":12,"turns":3},{"damage":25,"enemies":"Hexaghost","floor":16,"turns":10},{"damage":15,"enemies":"Shell Parasite","floor":18,"turns":4},{"damage":58,"enemies":"3 Byrds","floor":20,"turns":7},{"damage":13,"enemies":"Shelled Parasite and Fungi","floor":22,"turns":2}],"seed_played":"-2083252008876636895","potions_obtained":[{"floor":1,"key":"Strength Potion"},{"floor":3,"key":"LiquidBronze"},{"floor":11,"key":"Dexterity Potion"},{"floor":12,"key":"GamblersBrew"},{"floor":20,"key":"LiquidMemories"}],"is_trial":false,"path_per_floor":["M","M","M","M","?","R","E","R","T","$","M","M","?","T","R","B",null,"M","$","M","?","M"],"character_chosen":"DEATH_KNIGHT","items_purchased":["DeathKnight:UnholyAssault","DeathKnight:IceboundArmor","DeathKnight:FoulBulwark","DeathKnight:MindFreeze","DeathKnight:FrosPresence","DeathKnight:HornOfWinter","DeathKnight:DeathAndDecay"],"campfire_rested":2,"item_purchase_floors":[10,10,10,19,19,19,19],"current_hp_per_floor":[80,75,65,58,58,58,10,34,34,34,27,15,35,35,59,34,82,67,67,9,9,0,0],"gold":45,"neow_bonus":"TEN_PERCENT_HP_BONUS","is_daily":false,"chose_seed":false,"campfire_upgraded":1,"win_rate":0.0,"timestamp":1611741770,"path_taken":["M","M","M","M","?","R","E","R","T","$","M","?","?","?","R","BOSS","M","$","M","?","M"],"items_purchased_type":["Card","Card","Card","Card","Card","Card","Card"],"build_version":"2020-12-22","purchased_purges":0,"victory":false,"max_hp_per_floor":[82,82,82,82,82,82,82,82,82,82,82,82,82,82,82,82,82,82,82,82,82,82,82],"card_choices":[{"not_picked":["DeathKnight:ChainsOfIce","DeathKnight:BoneSpear"],"picked":"DeathKnight:BloodTap","floor":1},{"not_picked":["DeathKnight:Runeguard","DeathKnight:BoneSpear"],"picked":"DeathKnight:DeathCoil","floor":2},{"not_picked":["DeathKnight:GargoyleSkin","DeathKnight:Pestilence"],"picked":"DeathKnight:DeathGrip","floor":3},{"not_picked":["DeathKnight:Pestilence","DeathKnight:PathOfFrost"],"picked":"DeathKnight:ShatteringStrikes","floor":4},{"not_picked":["DeathKnight:BladedArmor","DeathKnight:DancingRuneblade"],"picked":"DeathKnight:Obliterate","floor":7},{"not_picked":["DeathKnight:DeathRune","DeathKnight:ScourgeStrike"],"picked":"DeathKnight:HowlingBlast","floor":11},{"not_picked":["DeathKnight:DeathCoil","DeathKnight:MarkOfBlood"],"picked":"DeathKnight:ThirstingStrike","floor":12},{"not_picked":["DeathKnight:Simulacrum","DeathKnight:Runesurge"],"picked":"DeathKnight:Frostscythe","floor":16},{"not_picked":["DeathKnight:Hysteria","DeathKnight:UnholyPresence"],"picked":"DeathKnight:BloodBoil","floor":18},{"not_picked":["DeathKnight:Culling","DeathKnight:BladedArmor"],"picked":"DeathKnight:BloodBoil","floor":20}],"player_experience":59844,"relics_obtained":[{"floor":7,"key":"Happy Flower"},{"floor":9,"key":"Whetstone"},{"floor":14,"key":"Nunchaku"}],"event_choices":[{"damage_healed":0,"gold_gain":0,"player_choice":"Ignored","damage_taken":0,"max_hp_gain":0,"max_hp_loss":0,"event_name":"Purifier","floor":5,"gold_loss":0},{"damage_healed":20,"gold_gain":0,"player_choice":"Healed and dodged fight","damage_taken":0,"max_hp_gain":0,"max_hp_loss":0,"event_name":"Mushrooms","floor":13,"gold_loss":0,"cards_obtained":["Parasite"]}],"is_beta":false,"boss_relics":[{"not_picked":["Fusion Hammer","Runic Dome"],"picked":"theForsaken:PaleLantern"}],"items_purged_floors":[],"is_endless":false,"potions_floor_spawned":[1,3,11,12,20],"killed_by":"Shelled Parasite and Fungi","ascension_level":0}}