{"host":"ojezjkpqju62j8xy","time":1611754897,"event":{"mods":["ATMod(°¢èªMod)","Act Like it!","Aspiration","BaseMod","Conspire","Minty Spire (QoL Compilation)","Pale of the Ancients","Replay The Spire","Spicy Shops","StSLib","[GremlinLeader]The Maniac","¡¾ÒÅÎï¿¨ÅÆ¡¿REMEMod"],"gold_per_floor":[118,118,143,2,22,55,81,119,131,167,205,247,259,307,319,440,452,485,522,30,30,76,114,143,172,226,239,280,301,216,236,236,357,357,397,397,397,420,448,481,521,558,558,54,87,87,16,35,35,55,85,125,125,125,125,149,149,218,218,242],"floor_reached":61,"language":"ZHS","playtime":2454,"items_purged":["Looming Evil","Injury"],"score":2233,"play_id":"c51d03c7-9c46-41a3-8fe3-84f079149cc1","local_time":"20210127214137","is_ascension_mode":true,"campfire_choices":[{"floor":13.0,"key":"REST"},{"floor":15.0,"key":"REST"},{"floor":32.0,"key":"REST"},{"floor":46,"key":"RECALL"},{"data":"Electrodynamics","floor":49,"key":"SMITH"},{"data":"Electrodynamics","floor":55,"key":"SMITH"},{"floor":57,"key":"REST"}],"circlet_count":0,"master_deck":["AscendersBane","Strike_B+1","Strike_B+1","Strike_B+1","Strike_B+1","Defend_B+1","Defend_B+1","Defend_B+1","Defend_B+1","Zap","Dualcast","AT_IchimonjiDouble","REME_HeartOfCthun","Rebound","Loop","Ball Lightning","Doom and Gloom+1","Chill","Sweeping Beam","AT_HeatAcrobatics+1","Double Energy+1","ReplayTheSpireMod:Calculation Training+1","ReplayTheSpireMod:Repulse+1","Chill+1","Leap+1","Echo Form","ReplayTheSpireMod:Calculation Training+1","Electrodynamics+1","Electrodynamics+1","CurseOfTheBell","Ball Lightning+1","Crystallizer+1","Turbo+1","Ball Lightning","Storm","Auto Shields+1","Capacitor+1","Redo+1","Hologram+1","Conserve Battery+1","ReplayTheSpireMod:Calculation Training+1","Sunder","Sunder+1","Seek+1","Leap+1","Beam Cell","Reboot+1","Redo+1","Go for the Eyes+1","Time Bomb+1","Self Repair+1","Tempest+1","Ball Lightning+1","Double Energy+1","Sweeping Beam+1","Redo+1","Leap+1","Loop","Leap+1","Redo+1","White Noise+1","Thunder Strike","Panic Button+1","Cold Snap+1","REME_Whirling+1","Turbo+1","AT_HeatAcrobatics+1","Redo+1"],"relics":["Cracked Core","AT_ATBox","REME_ComplimentaryCards","Prayer Wheel","Matryoshka","Toxic Egg 2","MawBank","AT_BladeRuinedKing","Replay:Accelerometer","Replay:Bandana","aspiration:StickyExplosives_weak","Replay:Kaleidoscope","Calling Bell","PreservedInsect","conspire:Dentures","TungstenRod","Tiny Chest","Anchor","Orichalcum","conspire:Boomerang","AT_EbonyIvory","MealTicket","Toy Ornithopter","Bag of Preparation","conspire:RunicOctahedron","Oddly Smooth Stone","conspire:InfiniteJournal","conspire:DeflatedDodgeball","aspiration:HummingbirdHeart","Bottled Lightning","Akabeko","Replay:Bottled Snecko","conspire:TreasureMap","paleoftheancients:Timepiece","paleoftheancients:KeyRelic","Ice Cream","CultistMask","paleoftheancients:SoulOfTheShowman","AT_RedNoBalance","AT_ForceNature","Replay:Bottled Flurry"],"acts_visited":["Exordium","TheCity","TheBeyond","paleoftheancients:PaleOfTheAncients"],"potions_floor_usage":[41,50,50,60,60],"damage_taken":[{"damage":1.0,"enemies":"Cultist","floor":1.0,"turns":3.0},{"damage":19.0,"enemies":"conspire:MimicChest","floor":3.0,"turns":4.0},{"damage":5.0,"enemies":"Small Slimes","floor":5.0,"turns":2.0},{"damage":13.0,"enemies":"Lagavulin","floor":6.0,"turns":3.0},{"damage":6.0,"enemies":"3 Sentries","floor":8.0,"turns":5.0},{"damage":7.0,"enemies":"Jaw Worm","floor":10.0,"turns":2.0},{"damage":7.0,"enemies":"Red Slaver","floor":11.0,"turns":2.0},{"damage":0.0,"enemies":"Large Slime","floor":12.0,"turns":3.0},{"damage":9.0,"enemies":"Lagavulin","floor":14.0,"turns":4.0},{"damage":20.0,"enemies":"Slime Boss","floor":16.0,"turns":5.0},{"damage":16.0,"enemies":"2 Thieves","floor":18.0,"turns":2.0},{"damage":13.0,"enemies":"Shell Parasite","floor":19.0,"turns":4.0},{"damage":9.0,"enemies":"Book of Stabbing","floor":23.0,"turns":4.0},{"damage":0.0,"enemies":"3 Cultists","floor":24.0,"turns":4.0},{"damage":5.0,"enemies":"Gremlin Leader","floor":25.0,"turns":4.0},{"damage":9.0,"enemies":"Sentry and Sphere","floor":27.0,"turns":4.0},{"damage":7.0,"enemies":"Slavers","floor":28.0,"turns":2.0},{"damage":8.0,"enemies":"Snake Plant","floor":29.0,"turns":2.0},{"damage":0.0,"enemies":"Snecko","floor":31.0,"turns":3.0},{"damage":2.0,"enemies":"Collector","floor":33.0,"turns":7.0},{"damage":7.0,"enemies":"3 Darklings","floor":35.0,"turns":3.0},{"damage":0,"enemies":"Orb Walker","floor":38,"turns":2},{"damage":28,"enemies":"Spire Growth","floor":39,"turns":3},{"damage":17,"enemies":"Giant Head","floor":40,"turns":6},{"damage":12,"enemies":"Writhing Mass","floor":41,"turns":3},{"damage":5,"enemies":"R_Hoarder","floor":42,"turns":6},{"damage":1,"enemies":"Giant Head","floor":45,"turns":5},{"damage":0,"enemies":"Maw","floor":48,"turns":5},{"damage":37,"enemies":"conspire:OrnateMirror","floor":50,"turns":5},{"damage":6,"enemies":"conspire:OrnateMirror","floor":51,"turns":6},{"damage":0,"enemies":"conspire:OrnateMirror","floor":52,"turns":4},{"damage":0,"enemies":"conspire:OrnateMirror","floor":56,"turns":1},{"damage":182,"enemies":"paleoftheancients:N","floor":60,"turns":5}],"seed_played":"576138200507770371","potions_obtained":[{"floor":8.0,"key":"SteroidPotion"},{"floor":12.0,"key":"SkillPotion"},{"floor":16.0,"key":"LiquidMemories"},{"floor":23.0,"key":"EssenceOfDarkness"},{"floor":31.0,"key":"FocusPotion"},{"floor":33.0,"key":"Swift Potion"},{"floor":39,"key":"Fire Potion"},{"floor":41,"key":"SmokeBomb"},{"floor":48,"key":"Block Potion"},{"floor":52,"key":"Fire Potion"},{"floor":56,"key":"PowerPotion"}],"is_trial":false,"path_per_floor":["M","T","?","$","M","E","T","E","T","M","M","M","R","E","R","B",null,"M","M","$","?","T","E","M","E","T","M","E","M","?","M","R","B",null,"M","T","?","M","M","E","M","E","T","$","E","R","$","M","R","B","M","M","T","T","R","M","R","T","?","B",null],"character_chosen":"DEFECT","items_purchased":["Doom and Gloom+1","Tiny Chest","Anchor","Fruit Juice","Storm","Loop","Bottled Lightning","Akabeko","Leap+1","conspire:TreasureMap"],"campfire_rested":4,"item_purchase_floors":[4,20,20,20,20,44,44,44,44,47],"current_hp_per_floor":[67,67,48,48,43,30,30,24,24,17,10,10,32,23,45,25,63,47,34,41,41,41,32,32,27,27,18,11,8,8,13,37,40,72,65,65,58,58,30,23,26,21,21,36,35,35,50,70,70,72,82,82,82,82,82,63,82,82,82,82],"gold":242,"neow_bonus":"ONE_RARE_RELIC","is_daily":false,"chose_seed":false,"campfire_upgraded":2,"win_rate":0.0,"timestamp":1611754897,"path_taken":["M","?","?","$","M","E","?","E","T","M","M","?","R","E","R","BOSS","M","M","$","?","?","E","M","E","T","M","E","M","?","M","R","BOSS","M","?","?","?","M","E","M","E","T","?","E","R","$","M","R","BOSS","M","M","?","T","R","M","R","T","?","BOSS"],"items_purchased_type":["Card","Relic","Relic","Potion","Card","Card","Relic","Relic","Card","Relic"],"build_version":"2020-12-22","purchased_purges":2,"victory":true,"max_hp_per_floor":[75,75,75,75,75,75,75,75,75,75,75,75,75,75,75,75,75,75,75,82,82,82,82,82,82,82,82,82,82,82,82,82,82,82,82,82,82,82,82,82,82,82,82,82,82,82,82,82,82,82,82,82,82,82,82,82,82,82,82,82],"card_choices":[{"not_picked":["BasicCrystalCard","Force Field"],"picked":"Rebound","floor":1.0},{"not_picked":["AT_StudyProgram","AT_HeatAcrobatics"],"picked":"Loop","floor":1.0},{"not_picked":["conspire:SharedLibrary","Turbo"],"picked":"Ball Lightning","floor":3.0},{"not_picked":["ReplayGash","ReplayTheSpireMod:System Scan"],"picked":"Chill","floor":5.0},{"not_picked":["ReplayTheSpireMod:Repulse","Gash"],"picked":"Sweeping Beam","floor":5.0},{"not_picked":["Go for the Eyes","Crystallizer"],"picked":"AT_HeatAcrobatics+1","floor":6.0},{"not_picked":["Hologram+1","REME_DataAnalysis"],"picked":"Double Energy+1","floor":8.0},{"not_picked":["Defragment","AT_HeatAcrobatics+1"],"picked":"ReplayTheSpireMod:Calculation Training+1","floor":10.0},{"not_picked":["ReplayGash","BasicCrystalCard+1"],"picked":"ReplayTheSpireMod:Repulse+1","floor":10.0},{"not_picked":["Cold Snap","ReplayTheSpireMod:Dual Polarity+1"],"picked":"Chill+1","floor":11.0},{"not_picked":["Stack+1","Consume+1"],"picked":"Leap+1","floor":11.0},{"not_picked":["BasicCrystalCard+1","ReplayTheSpireMod:Reroute Power+1"],"picked":"Echo Form","floor":12.0},{"not_picked":["Beam Cell","Turbo+1"],"picked":"ReplayTheSpireMod:Calculation Training+1","floor":12.0},{"not_picked":["Consume+1","Hyperbeam"],"picked":"Electrodynamics","floor":14.0},{"not_picked":["Thunder Strike","REME_ForAll"],"picked":"Electrodynamics","floor":16.0},{"not_picked":["Cold Snap","Stack+1"],"picked":"Ball Lightning+1","floor":18.0},{"not_picked":["Lockon+1","ReplayTheSpireMod:System Scan+1"],"picked":"Crystallizer+1","floor":18.0},{"not_picked":["Leap+1","Crystallizer+1"],"picked":"Turbo+1","floor":19.0},{"not_picked":["Reprogram+1","AT_HeatAcrobatics+1"],"picked":"Ball Lightning","floor":19.0},{"not_picked":["Reboot+1","REME_ForAll"],"picked":"Auto Shields+1","floor":23.0},{"not_picked":["Redo+1","Sweeping Beam+1"],"picked":"Capacitor+1","floor":24.0},{"not_picked":["conspire:Rain+1","Go for the Eyes+1"],"picked":"Redo+1","floor":24.0},{"not_picked":["Multi-Cast+1","Seek+1"],"picked":"Hologram+1","floor":25.0},{"not_picked":["Gash","aspiration:Polymerization+1"],"picked":"Conserve Battery+1","floor":27.0},{"not_picked":["Crystallizer","Cold Snap+1"],"picked":"ReplayTheSpireMod:Calculation Training+1","floor":27.0},{"not_picked":["Compile Driver","ReplayTheSpireMod:Reroute Power+1"],"picked":"Sunder","floor":28.0},{"not_picked":["Streamline","Ball Lightning+1"],"picked":"Sunder+1","floor":29.0},{"not_picked":["Streamline","Go for the Eyes"],"picked":"Seek+1","floor":29.0},{"not_picked":["Hologram+1","Beam Cell"],"picked":"Leap+1","floor":31.0},{"not_picked":["Stack+1","Rip and Tear"],"picked":"Beam Cell","floor":31.0},{"not_picked":["Mirror Shield+1","Core Surge"],"picked":"Reboot+1","floor":33.0},{"not_picked":["ReplayTheSpireMod:Reroute Power+1","Streamline"],"picked":"Redo+1","floor":35.0},{"not_picked":["Gash+1","Stack+1"],"picked":"Go for the Eyes+1","floor":35.0},{"not_picked":["Sweeping Beam+1","AT_WarpDrive+1"],"picked":"Time Bomb+1","floor":38},{"not_picked":["FTL","Rip and Tear"],"picked":"Self Repair+1","floor":38},{"not_picked":["Streamline","Rebound+1"],"picked":"Tempest+1","floor":39},{"not_picked":["Compile Driver+1","Barrage"],"picked":"Ball Lightning+1","floor":39},{"not_picked":["Cold Snap","Leap+1"],"picked":"Double Energy+1","floor":40},{"not_picked":["Ball Lightning","Hologram+1"],"picked":"Sweeping Beam+1","floor":41},{"not_picked":["Barrage","Steam+1"],"picked":"Redo+1","floor":41},{"not_picked":["Compile Driver+1","Creative AI"],"picked":"Leap+1","floor":42},{"not_picked":["Go for the Eyes","REME_Whirling+1"],"picked":"Redo+1","floor":45},{"not_picked":["AT_WarpDrive+1","REME_DataAnalysis"],"picked":"White Noise+1","floor":48},{"not_picked":["Sweeping Beam","Hologram+1"],"picked":"Thunder Strike","floor":48},{"not_picked":["BasicCrystalCard+1","Scrape"],"picked":"Panic Button+1","floor":51},{"not_picked":["AT_HeatAcrobatics+1","Rebound+1"],"picked":"Cold Snap+1","floor":51},{"not_picked":["Reprogram+1","FIFO Queue"],"picked":"REME_Whirling+1","floor":52},{"not_picked":["Coolheaded+1","Steam Power+1"],"picked":"Turbo+1","floor":52},{"not_picked":["Leap+1","Steam+1"],"picked":"AT_HeatAcrobatics+1","floor":56},{"not_picked":["BootSequence+1","Panic Button+1"],"picked":"Redo+1","floor":56}],"player_experience":1396163,"relics_obtained":[{"floor":3.0,"key":"Matryoshka"},{"floor":6.0,"key":"Toxic Egg 2"},{"floor":7.0,"key":"MawBank"},{"floor":7.0,"key":"AT_BladeRuinedKing"},{"floor":8.0,"key":"Replay:Accelerometer"},{"floor":9.0,"key":"Replay:Bandana"},{"floor":9.0,"key":"aspiration:StickyExplosives_weak"},{"floor":14.0,"key":"Replay:Kaleidoscope"},{"floor":17.0,"key":"PreservedInsect"},{"floor":17.0,"key":"conspire:Dentures"},{"floor":17.0,"key":"TungstenRod"},{"floor":22.0,"key":"Orichalcum"},{"floor":23.0,"key":"conspire:Boomerang"},{"floor":25.0,"key":"AT_EbonyIvory"},{"floor":26.0,"key":"MealTicket"},{"floor":28.0,"key":"Toy Ornithopter"},{"floor":36.0,"key":"Oddly Smooth Stone"},{"floor":40,"key":"conspire:InfiniteJournal"},{"floor":42,"key":"conspire:DeflatedDodgeball"},{"floor":43,"key":"aspiration:HummingbirdHeart"},{"floor":45,"key":"Replay:Bottled Snecko"},{"floor":51,"key":"paleoftheancients:SoulOfTheShowman"},{"floor":53,"key":"AT_SilverBalance"},{"floor":54,"key":"AT_ForceNature"},{"floor":58,"key":"Replay:Bottled Flurry"}],"event_choices":[{"damage_healed":0.0,"max_hp_gain":0.0,"max_hp_loss":0.0,"gold_gain":0.0,"event_name":"Back to Basics","player_choice":"Simplicity","floor":21.0,"gold_loss":0.0,"damage_taken":0.0,"cards_upgraded":["Strike_B","Strike_B","Strike_B","Strike_B","Defend_B","Defend_B","Defend_B","Defend_B"]},{"damage_healed":0.0,"max_hp_gain":0.0,"max_hp_loss":0.0,"gold_gain":0.0,"event_name":"Addict","player_choice":"Obtained Relic","floor":30.0,"gold_loss":85.0,"damage_taken":0.0,"relics_obtained":["Bag of Preparation"]},{"damage_healed":0,"gold_gain":0,"player_choice":"Damaged","damage_taken":8,"max_hp_gain":0,"max_hp_loss":0,"event_name":"Wheel of Change","floor":37,"gold_loss":0}],"is_beta":false,"boss_relics":[{"not_picked":["Runic Dome","conspire:SeveredTorchhead"],"picked":"Calling Bell"},{"not_picked":["Snecko Eye","Velvet Choker"],"picked":"conspire:RunicOctahedron"}],"items_purged_floors":[4,20],"is_endless":false,"potions_floor_spawned":[8,12,16,23,24,27,28,31,33,39,40,41,48,52,56],"ascension_level":11}}