{"host":"khoyd8a1tvki7k1f","time":1611763236,"event":{"mods":["AchievementEnabler","BaseMod","Colored Powertips","Curses Come First","Downfall","Googly Eyes","Hermit","Highlight Path","Minty Spire (QoL Compilation)","Quick Restart","Relic Sorter","Robot Space Explorer","Shop Mod","StSLib","Synergy Search","The Bug Knight","The Cursed","The Disciple","The Hierophant","The Marked","The Necromancer","The Poker Player","The Runesmith","slay the spire mod where everything is the same but ironclad has a cowboy hat"],"gold_per_floor":[99,119,55,69,79,79,79,79,113,113,141,180,180,180,207,308,308,308,332,332,106,123,148,148,164,164,8,22,44,66,104,126,238,238,238,264,283,283,301,334,334,384,494,524,61,61,61,74,93,93],"floor_reached":51,"language":"ENG","playtime":4932,"items_purged":["hexamod:Strike","hexamod:Strike"],"score":766,"play_id":"154f2ccc-5276-45b4-abbc-b8697dce4915","local_time":"20210127100036","is_ascension_mode":false,"campfire_choices":[{"data":"hexamod:Float","floor":1.0,"key":"SMITH"},{"data":"hexamod:TimeOfNeed","floor":6.0,"key":"SMITH"},{"data":"hexamod:ChargedBarrage","floor":10.0,"key":"SMITH"},{"data":"hexamod:WildfireWeapon","floor":18.0,"key":"SMITH"},{"floor":26.0,"key":"REST"},{"data":"hexamod:TurnItUp","floor":35.0,"key":"SMITH"},{"floor":47,"key":"DIG"}],"circlet_count":0,"master_deck":["hexamod:Strike","hexamod:Defend+1","hexamod:Defend","hexamod:Defend","hexamod:Defend","hexamod:Sear","hexamod:Float+1","hexamod:FastForward","hexamod:TimeOfNeed+1","hexamod:FastForward","hexamod:FastForward","hexamod:SoulSteal+1","hexamod:ChargedBarrage+1","hexamod:UnlimitedPower","hexamod:PhantomFireball","hexamod:HeatMetal","hexamod:WildfireWeapon+1","hexamod:TimeWarp","hexamod:NightmareGuise","hexamod:UnlimitedPower+1","hexamod:EmpoweredFlame","hexamod:HexaLevel","hexamod:EmpoweredFlame+1","hexamod:Again+1","hexamod:TurnItUp+1","hexamod:ForkedFlame+1","hexamod:RadiantFlame","hexamod:HauntingEcho","hexamod:EmpoweredFlame+1","hexamod:HexaLevel+1","expansioncontent:DashGenerateEvil+1"],"relics":["hexamod:SpiritBrand","Darkstone Periapt","Pantograph","Thread and Needle","Snecko Eye","Dream Catcher","Orichalcum","Centennial Puzzle","Sozu","hexamod:TheBrokenSeal","HollowMod:StagPassRelic","Toxic Egg 2","Shovel","Juzu Bracelet","War Paint","Oddly Smooth Stone","Bird Faced Urn"],"acts_visited":["Exordium","TheCity","TheBeyond"],"potions_floor_usage":[40,40],"damage_taken":[{"damage":5.0,"enemies":"Small Slimes","floor":2.0,"turns":3.0},{"damage":5.0,"enemies":"downfall:FleeingMerchant","floor":3.0,"turns":4.0},{"damage":6.0,"enemies":"Jaw Worm","floor":4.0,"turns":3.0},{"damage":0.0,"enemies":"2 Louse","floor":5.0,"turns":3.0},{"damage":13.0,"enemies":"Lagavulin","floor":9.0,"turns":6.0},{"damage":16.0,"enemies":"Exordium Wildlife","floor":11.0,"turns":5.0},{"damage":9.0,"enemies":"3 Sentries","floor":12.0,"turns":4.0},{"damage":10.0,"enemies":"Gremlin Gang","floor":15.0,"turns":3.0},{"damage":50.0,"enemies":"WA_ARCHETYPE_RETAIN","floor":16.0,"turns":9.0},{"damage":0.0,"enemies":"3 Byrds","floor":19.0,"turns":3.0},{"damage":0.0,"enemies":"downfall:FleeingMerchant","floor":21.0,"turns":4.0},{"damage":4.0,"enemies":"Shelled Parasite and Fungi","floor":22.0,"turns":4.0},{"damage":4.0,"enemies":"3 Cultists","floor":23.0,"turns":3.0},{"damage":10.0,"enemies":"Centurion and Healer","floor":25.0,"turns":3.0},{"damage":0.0,"enemies":"downfall:FleeingMerchant","floor":27.0,"turns":4.0},{"damage":22.0,"enemies":"Snake Plant","floor":28.0,"turns":3.0},{"damage":21.0,"enemies":"Cultist and Chosen","floor":29.0,"turns":6.0},{"damage":2.0,"enemies":"Snecko","floor":30.0,"turns":5.0},{"damage":43.0,"enemies":"Slavers","floor":31.0,"turns":4.0},{"damage":9.0,"enemies":"3 Cultists","floor":32.0,"turns":4.0},{"damage":44.0,"enemies":"IC_MUSHROOM_ARCHETYPE","floor":33.0,"turns":7.0},{"damage":11.0,"enemies":"Orb Walker","floor":36.0,"turns":3.0},{"damage":9.0,"enemies":"3 Darklings","floor":37.0,"turns":7.0},{"damage":5.0,"enemies":"4 Shapes","floor":39.0,"turns":4.0},{"damage":49,"enemies":"Reptomancer","floor":40,"turns":6},{"damage":18,"enemies":"Reptomancer","floor":42,"turns":3},{"damage":9,"enemies":"downfall:FleeingMerchant","floor":43,"turns":3},{"damage":5,"enemies":"Giant Head","floor":44,"turns":6},{"damage":23,"enemies":"Spire Growth","floor":48,"turns":3},{"damage":10,"enemies":"Transient","floor":49,"turns":5},{"damage":36,"enemies":"DF_ARCHETYPE_ORBS","floor":50,"turns":3}],"seed_played":"6541177387636747367","potions_obtained":[{"floor":2.0,"key":"Energy Potion"},{"floor":4.0,"key":"Regen Potion"},{"floor":15.0,"key":"Regen Potion"},{"floor":30.0,"key":"LiquidMemories"},{"floor":30.0,"key":"Regen Potion"},{"floor":32.0,"key":"Fruit Juice"},{"floor":33.0,"key":"Explosive Potion"}],"is_trial":false,"path_per_floor":["R","M","$","M","M","R","T","?","E","R","M","E","?","?","M","B",null,"R","M","?","$","M","M","T","M","R","$","M","M","M","E","M","B",null,"R","M","M","?","M","E","T","?","$","E","$","?","R","M","M","B",null],"character_chosen":"THE_SPIRIT","items_purchased":["hexamod:FastForward","Dream Catcher","hexamod:TurnItUp","hexamod:HexaLevel","War Paint","Oddly Smooth Stone","expansioncontent:DashGenerateEvil"],"campfire_rested":1,"item_purchase_floors":[3,21,27,43,45,45,45],"current_hp_per_floor":[77,72,67,61,61,61,61,61,48,48,32,23,48,48,38,13,77,77,77,77,77,73,69,69,59,77,77,55,34,66,23,19,15,82,82,71,62,62,57,88,88,74,65,60,60,52,52,33,31,42],"gold":93,"neow_bonus":"TEN_PERCENT_HP_BONUS","is_daily":false,"chose_seed":false,"campfire_upgraded":5,"win_rate":0.0,"timestamp":1611763236,"path_taken":["R","M","$","M","M","R","T","?","E","R","M","E","?","?","M","BOSS","R","M","?","$","?","M","T","M","R","$","?","?","M","E","M","BOSS","R","M","M","?","M","E","T","?","$","E","$","?","R","M","M","BOSS"],"items_purchased_type":["Card","Relic","Card","Card","Relic","Relic","Card"],"build_version":"2020-12-22","purchased_purges":2,"victory":true,"max_hp_per_floor":[77,77,77,77,77,77,77,77,77,77,77,77,77,77,77,77,77,77,77,77,77,77,77,77,77,77,77,77,77,77,77,82,82,82,82,82,82,82,82,92,92,92,92,92,92,92,92,92,92,92],"card_choices":[{"not_picked":["hexamod:InspiringFlames","hexamod:AdvancingGuard"],"picked":"hexamod:FastForward","floor":2.0},{"not_picked":["hexamod:GhostOfSpirePresent","hexamod:AdvancingGuard"],"picked":"hexamod:TimeOfNeed","floor":3.0},{"not_picked":["hexamod:PhantomCloak","hexamod:FourthSeal"],"picked":"hexamod:ThirdSeal","floor":4.0},{"not_picked":["hexamod:GhostLash","hexamod:BacktrackSmack"],"picked":"hexamod:FastForward","floor":5.0},{"not_picked":["hexamod:FastForward","hexamod:NightmareGuise"],"picked":"hexamod:SoulSteal","floor":5.0},{"not_picked":["hexamod:BurningTouch","hexamod:ThirdSeal"],"picked":"hexamod:SecondSeal","floor":9.0},{"not_picked":["hexamod:HeatMetal","hexamod:DynamicBlow"],"picked":"hexamod:ChargedBarrage","floor":9.0},{"not_picked":["hexamod:InspiringFlames","hexamod:PhantomCloak","hexamod:RetreatToShadows"],"picked":"SKIP","floor":11.0},{"not_picked":["hexamod:Hexaguard","hexamod:Firestarter","hexamod:Rewind"],"picked":"SKIP","floor":11.0},{"not_picked":["hexamod:HeatMetal","hexamod:AdvancingGuard"],"picked":"hexamod:UnlimitedPower","floor":12.0},{"not_picked":["hexamod:InspiringFlames","hexamod:HeatMetal"],"picked":"hexamod:PhantomFireball","floor":12.0},{"not_picked":["hexamod:Firestarter","hexamod:FastForward"],"picked":"hexamod:HeatMetal","floor":15.0},{"not_picked":["hexamod:InspiringFlames","hexamod:NightmareStrike","hexamod:StepThrough"],"picked":"SKIP","floor":15.0},{"not_picked":["hexamod:UnleashSpirits","hexamod:GhostflameInferno"],"picked":"hexamod:WildfireWeapon","floor":16.0},{"not_picked":["hexamod:UnlimitedPower","hexamod:ParanormalForm"],"picked":"hexamod:TimeWarp","floor":16.0},{"not_picked":["hexamod:HauntingEcho","hexamod:FastForward"],"picked":"hexamod:NightmareGuise","floor":19.0},{"not_picked":["hexamod:BacktrackSmack","hexamod:SwordOfDarkness+1","hexamod:GhostLash"],"picked":"SKIP","floor":19.0},{"not_picked":["hexamod:NecessarySacrifice","hexamod:ExtraCrispy"],"picked":"hexamod:FourthSeal","floor":21.0},{"not_picked":["hexamod:NightmareGuise+1","hexamod:PhantomFireball"],"picked":"hexamod:EmpoweredFlame","floor":21.0},{"not_picked":["hexamod:NightmareStrike+1","hexamod:SoulSteal"],"picked":"hexamod:HexaLevel","floor":22.0},{"not_picked":["hexamod:ShieldOfDarkness","hexamod:InspiringFlames","hexamod:RetreatToShadows"],"picked":"SKIP","floor":22.0},{"not_picked":["hexamod:SoulSteal+1","hexamod:FastForward"],"picked":"hexamod:EmpoweredFlame+1","floor":23.0},{"not_picked":["hexamod:HeatMetal+1","hexamod:NightmareGuise+1","hexamod:GhostShield"],"picked":"SKIP","floor":23.0},{"not_picked":["hexamod:AdvancingGuard","hexamod:NightmareGuise","hexamod:SwordOfDarkness"],"picked":"SKIP","floor":25.0},{"not_picked":["hexamod:FastForward","hexamod:HeatCrush","hexamod:SpectersWail"],"picked":"SKIP","floor":25.0},{"not_picked":["hexamod:Rewind","hexamod:BurningTouch"],"picked":"hexamod:Again+1","floor":27.0},{"not_picked":["hexamod:EmpoweredFlame+1","hexamod:FastForward"],"picked":"hexamod:ForkedFlame","floor":28.0},{"not_picked":["hexamod:ThermalTransfer","hexamod:ThirdSeal","hexamod:NightmareStrike"],"picked":"SKIP","floor":29.0},{"not_picked":["hexamod:InspiringFlames","hexamod:FastForward"],"picked":"hexamod:RadiantFlame","floor":30.0},{"not_picked":["hexamod:Firestarter","hexamod:Hexaguard","hexamod:SpectersWail"],"picked":"SKIP","floor":30.0},{"not_picked":["hexamod:DynamicBlow+1","hexamod:SecondSeal"],"picked":"hexamod:HauntingEcho","floor":31.0},{"not_picked":["hexamod:HeatCrush+1","hexamod:ThirdSeal","hexamod:SpectersWail"],"picked":"SKIP","floor":31.0},{"not_picked":["hexamod:HauntingEcho","hexamod:GhostShield"],"picked":"hexamod:EmpoweredFlame+1","floor":32.0},{"not_picked":["hexamod:PhantomFireball","hexamod:WildfireWeapon","hexamod:GhostOfSpirePast"],"picked":"SKIP","floor":32.0},{"not_picked":["hexamod:ForkedFlame","hexamod:TimeOfNeed"],"picked":"hexamod:FifthSeal","floor":33.0},{"not_picked":["hexamod:BurningTouch+1","hexamod:FastForward+1","hexamod:SwordOfDarkness"],"picked":"SKIP","floor":36.0},{"not_picked":["hexamod:SoulSteal+1","hexamod:Firestarter","hexamod:Hexaguard"],"picked":"SKIP","floor":36.0},{"not_picked":["hexamod:SecondSeal","hexamod:FirstSeal"],"picked":"hexamod:SixthSeal","floor":37.0},{"not_picked":["hexamod:EmpoweredFlame","hexamod:ExtraCrispy+1","hexamod:GhostLash"],"picked":"SKIP","floor":37.0},{"not_picked":["hexamod:SixthSeal","hexamod:SecondSeal"],"picked":"hexamod:FirstSeal","floor":39.0},{"not_picked":["hexamod:FirstSeal","hexamod:FifthSeal","hexamod:StepThrough"],"picked":"SKIP","floor":39.0},{"not_picked":["hexamod:GhostOfSpireFuture","hexamod:CatchUp","hexamod:SoulSteal"],"picked":"SKIP","floor":40},{"not_picked":["hexamod:GhostOfSpireFuture","hexamod:CatchUp","hexamod:SoulSteal"],"picked":"SKIP","floor":40},{"not_picked":["hexamod:BurningTouch+1","hexamod:Hexaguard+1","hexamod:ThirdSeal"],"picked":"SKIP","floor":43},{"not_picked":["hexamod:Incineration+1","hexamod:InspiringFlames+1","hexamod:GhostOfSpirePast"],"picked":"SKIP","floor":44},{"not_picked":["hexamod:Hexaguard+1","hexamod:FirstSeal","hexamod:BacktrackSmack"],"picked":"SKIP","floor":48},{"not_picked":["hexamod:GhostLash","hexamod:InspiringFlames+1","hexamod:Rewind+1"],"picked":"SKIP","floor":49}],"player_experience":352882,"relics_obtained":[{"floor":7.0,"key":"Darkstone Periapt"},{"floor":9.0,"key":"Pantograph"},{"floor":12.0,"key":"Thread and Needle"},{"floor":24.0,"key":"Orichalcum"},{"floor":31.0,"key":"Centennial Puzzle"},{"floor":40,"key":"HollowMod:StagPassRelic"},{"floor":41,"key":"Toxic Egg 2"},{"floor":42,"key":"Shovel"},{"floor":44,"key":"Juzu Bracelet"},{"floor":47,"key":"Bird Faced Urn"}],"event_choices":[{"damage_healed":25.0,"max_hp_gain":0.0,"max_hp_loss":0.0,"gold_gain":0.0,"event_name":"Big Fish","player_choice":"Banana","floor":13.0,"gold_loss":0.0,"damage_taken":0.0}],"is_beta":false,"boss_relics":[{"not_picked":["Astrolabe","bronze:MakeshiftBattery"],"picked":"Snecko Eye"},{"not_picked":["Busted Crown","Velvet Choker"],"picked":"Sozu"}],"items_purged_floors":[21,43],"is_endless":false,"potions_floor_spawned":[2,4,15,16,23,29,30,31,32,33,39,44,48],"ascension_level":0}}