{"host":"np9ouipdmi0bkas5","time":1611735310,"event":{"mods":["AchievementEnabler","Aspiration","BaseMod","Colored Map","Downfall","Highlight Path","Hubris","Infinite Spire","Minty Spire (QoL Compilation)","Replay The Spire","StSLib"],"gold_per_floor":[112,125,125,125,125,125,136,136,136,155,155,155,182,182,182,216,216,216,216],"floor_reached":18,"language":"ENG","playtime":613,"items_purged":[],"score":124,"play_id":"f9faaad9-da33-4b9a-8b3d-a48b85c99ccb","local_time":"20210127001510","is_ascension_mode":true,"campfire_choices":[{"data":"Bash","floor":8,"key":"SMITH"},{"data":"Armaments","floor":12,"key":"SMITH"},{"floor":14,"key":"REST"},{"data":"Limit Break","floor":17,"key":"SMITH"}],"circlet_count":0,"master_deck":["Strike_R","Strike_R","Strike_R","Strike_R","Strike_R","Defend_R","Defend_R","Defend_R","Bash+1","Perfected Strike","Armaments+1","Limit Break+1"],"relics":["Burning Blood","infinitespire:EmpoweringShard","aspiration:StickyExplosives_weak","Replay:Rubber Ducky","Pantograph"],"acts_visited":["Exordium"],"potions_floor_usage":[7,10,13,13,13,16,16],"damage_taken":[{"damage":7,"enemies":"Jaw Worm","floor":1,"turns":5},{"damage":2,"enemies":"2 Louse","floor":2,"turns":2},{"damage":4,"enemies":"Small Slimes","floor":7,"turns":3},{"damage":0,"enemies":"Looter","floor":10,"turns":2},{"damage":14,"enemies":"Gremlin Nob","floor":13,"turns":3},{"damage":11,"enemies":"Replay:BlueRogue","floor":16,"turns":5},{"damage":89,"enemies":"Hexaghost","floor":18,"turns":11}],"seed_played":"-294373620290480615","potions_obtained":[{"floor":1,"key":"Block Potion"},{"floor":2,"key":"ColorlessPotion"},{"floor":10,"key":"EntropicBrew"},{"floor":13,"key":"Reflective Coating"}],"is_trial":false,"path_per_floor":["M","M","PTL","PTL","?","?","M","R","?","M","T","R","E","R","?","E","R","B"],"character_chosen":"IRONCLAD","items_purchased":[],"campfire_rested":1,"item_purchase_floors":[],"current_hp_per_floor":[84,85,85,85,85,78,80,80,73,79,79,79,71,85,85,80,80,0,0],"gold":216,"neow_bonus":"RANDOM_EVENT","is_daily":false,"chose_seed":false,"campfire_upgraded":3,"win_rate":0.0,"timestamp":1611735310,"path_taken":["M","M","PTL","PTL","?","?","M","R","?","?","T","R","E","R","?","E","R","BOSS"],"items_purchased_type":[],"build_version":"2020-12-22","purchased_purges":0,"victory":false,"max_hp_per_floor":[85,85,85,85,85,85,85,85,85,85,85,85,85,85,85,85,85,85,85],"card_choices":[{"not_picked":["Run Through","Replay:Undeath\u0027s Touch"],"picked":"Perfected Strike","floor":1},{"not_picked":["Perfected Strike","Evolve"],"picked":"Brutality","floor":2},{"not_picked":["Infernal Blade","Warcry","ReplayTheSpireMod:Stacked"],"picked":"SKIP","floor":7},{"not_picked":["Ghostly Armor","Wild Strike"],"picked":"Armaments","floor":10},{"not_picked":["Defy Death","Feed","Clash"],"picked":"SKIP","floor":13},{"not_picked":["Run Through","Flame Barrier"],"picked":"Limit Break","floor":16}],"player_experience":113604,"relics_obtained":[{"floor":11,"key":"aspiration:StickyExplosives_weak"},{"floor":13,"key":"Replay:Rubber Ducky"},{"floor":16,"key":"Pantograph"}],"event_choices":[{"damage_healed":0,"gold_gain":0,"player_choice":"Donut","damage_taken":0,"max_hp_gain":5,"max_hp_loss":0,"event_name":"Big Fish","floor":0,"gold_loss":0},{"cards_removed":["Brutality"],"damage_healed":0,"gold_gain":0,"player_choice":"Card Removal","damage_taken":7,"max_hp_gain":0,"max_hp_loss":0,"event_name":"Golden Wing","floor":6,"gold_loss":0},{"damage_healed":0,"gold_gain":0,"player_choice":"Success","damage_taken":7,"relics_obtained":["infinitespire:EmpoweringShard"],"max_hp_gain":0,"max_hp_loss":0,"event_name":"Scrap Ooze","floor":9,"gold_loss":0}],"is_beta":false,"boss_relics":[],"items_purged_floors":[],"is_endless":false,"potions_floor_spawned":[1,2,10,13],"killed_by":"Hexaghost","ascension_level":1}}