{"host":"dyzdf8svqmiivg97","time":1611760173,"event":{"mods":["AchievementEnabler","BaseMod","Colored Map","DeckTracker","Minty Spire (QoL Compilation)","Permanent Neow","Quick Restart","Rare Cards Sparkle","SuperFastMode"],"gold_per_floor":[19,29,29,43,57,85,102,102,102,102,52,52,52,85,85,185,185,200,115,55,55,55,89,89,100,100,119,119,119,136,136,136,235,235,247,261,315,415,428,428,458,317,317,103,116,143,158,38,38,38],"floor_reached":51,"language":"KOR","playtime":1241,"items_purged":["Defend_P","Collect","Perseverance","TalkToTheHand+1"],"score":990,"play_id":"efe43ac4-086f-4510-9b10-e8e4ea9c1ab9","local_time":"20210128000933","is_ascension_mode":true,"campfire_choices":[{"floor":10.0,"key":"REST"},{"data":"WheelKick","floor":12.0,"key":"SMITH"},{"data":"CrushJoints","floor":15.0,"key":"SMITH"},{"data":"Strike_P","floor":24,"key":"PURGE"},{"data":"Strike_P","floor":28,"key":"PURGE"},{"data":"Decay","floor":32,"key":"PURGE"},{"data":"Study","floor":40,"key":"PURGE"},{"floor":49,"key":"REST"}],"circlet_count":0,"master_deck":["Eruption+1","Vigilance","MentalFortress","CarveReality","WheelKick+1","EmptyMind","MentalFortress","EmptyFist","CrushJoints+1","Ragnarok+1","Necronomicurse","Indignation","FearNoEvil+1","Tantrum+1","DeusExMachina","Scrawl","MentalFortress+1","Adaptation+1","Adaptation+1"],"relics":["PureWater","Prayer Wheel","Pantograph","Molten Egg 2","Darkstone Periapt","Philosopher\u0027s Stone","The Courier","Necronomicon","Peace Pipe","Ornamental Fan","Pandora\u0027s Box","Ice Cream","Nunchaku","Akabeko","DollysMirror","Vajra"],"acts_visited":["Exordium","TheCity","TheBeyond"],"potions_floor_usage":[23,23,33,36,45,50,50],"damage_taken":[{"damage":10.0,"enemies":"Jaw Worm","floor":1.0,"turns":5.0},{"damage":0.0,"enemies":"2 Louse","floor":2.0,"turns":2.0},{"damage":0.0,"enemies":"Small Slimes","floor":4.0,"turns":3.0},{"damage":0.0,"enemies":"3 Louse","floor":5.0,"turns":2.0},{"damage":16.0,"enemies":"3 Sentries","floor":6.0,"turns":6.0},{"damage":0.0,"enemies":"Exordium Thugs","floor":7.0,"turns":2.0},{"damage":0.0,"enemies":"Lagavulin","floor":14.0,"turns":4.0},{"damage":0,"enemies":"Slime Boss","floor":16,"turns":3},{"damage":14,"enemies":"Chosen","floor":18,"turns":3},{"damage":8,"enemies":"Slavers","floor":23,"turns":4},{"damage":0,"enemies":"Spheric Guardian","floor":25,"turns":2},{"damage":2,"enemies":"Chosen and Byrds","floor":27,"turns":3},{"damage":0,"enemies":"Snake Plant","floor":30,"turns":1},{"damage":28,"enemies":"Champ","floor":33,"turns":3},{"damage":0,"enemies":"Orb Walker","floor":35,"turns":1},{"damage":20,"enemies":"3 Shapes","floor":36,"turns":2},{"damage":0,"enemies":"2 Orb Walkers","floor":37,"turns":2},{"damage":14,"enemies":"Jaw Worm Horde","floor":39,"turns":3},{"damage":15,"enemies":"Nemesis","floor":41,"turns":3},{"damage":0,"enemies":"Transient","floor":45,"turns":5},{"damage":0,"enemies":"Giant Head","floor":46,"turns":3},{"damage":0,"enemies":"Spire Growth","floor":47,"turns":2},{"damage":76,"enemies":"Donu and Deca","floor":50,"turns":5}],"seed_played":"-6462164589880982346","potions_obtained":[{"floor":1.0,"key":"ColorlessPotion"},{"floor":6.0,"key":"Ancient Potion"},{"floor":7.0,"key":"PowerPotion"},{"floor":14.0,"key":"Block Potion"},{"floor":16,"key":"Block Potion"},{"floor":23,"key":"Dexterity Potion"},{"floor":27,"key":"FearPotion"},{"floor":33,"key":"AttackPotion"},{"floor":37,"key":"Block Potion"},{"floor":47,"key":"FairyPotion"}],"is_trial":false,"path_per_floor":["M","M","?","M","M","E","M","?","T","R","?","R","?","E","R","B",null,"M","?","$","?","?","E","R","M","T","M","R","?","M","?","R","B",null,"M","M","?","?","M","R","E","$","T","$","M","E","M","$","R","B",null],"character_chosen":"WATCHER","items_purchased":["DuplicationPotion","DollysMirror"],"campfire_rested":2,"item_purchase_floors":[42,44],"current_hp_per_floor":[62,62,62,62,62,46,46,13,13,34,34,34,34,34,34,59,72,58,58,58,48,48,40,40,40,40,38,38,44,44,44,44,41,84,84,64,64,64,50,50,35,35,35,35,35,35,35,35,60,8],"gold":38,"neow_bonus":"ONE_RARE_RELIC","is_daily":false,"chose_seed":false,"campfire_upgraded":2,"win_rate":0.0,"timestamp":1611760173,"path_taken":["M","M","?","M","M","E","M","?","T","R","?","R","?","E","R","BOSS","M","?","$","?","?","E","R","M","T","?","R","?","M","?","R","BOSS","M","M","?","?","?","R","E","$","T","$","M","E","M","?","R","BOSS"],"items_purchased_type":["Potion","Relic"],"build_version":"2020-12-22","purchased_purges":4,"victory":true,"max_hp_per_floor":[72,72,72,72,72,72,72,72,72,72,72,72,72,72,72,72,72,72,72,72,78,78,78,78,78,78,78,78,84,84,84,84,84,84,84,84,84,84,84,84,84,84,84,84,84,84,84,84,84,84],"card_choices":[{"not_picked":["DeceiveReality","Halt"],"picked":"MentalFortress","floor":1.0},{"not_picked":["Consecrate","Crescendo"],"picked":"CarveReality","floor":1.0},{"not_picked":["SashWhip","MentalFortress"],"picked":"WheelKick","floor":2.0},{"not_picked":["FlyingSleeves","Consecrate"],"picked":"EmptyMind","floor":2.0},{"not_picked":["SashWhip","ThirdEye"],"picked":"MentalFortress","floor":4.0},{"not_picked":["Study","Devotion"],"picked":"EmptyFist","floor":4.0},{"not_picked":["SashWhip","Halt"],"picked":"CrushJoints","floor":5.0},{"not_picked":["SashWhip","FollowUp","CrushJoints"],"picked":"SKIP","floor":5.0},{"not_picked":["WheelKick","SandsOfTime","PathToVictory"],"picked":"SKIP","floor":6.0},{"not_picked":["FlurryOfBlows","Nirvana","Protect"],"picked":"SKIP","floor":7.0},{"not_picked":["EmptyMind","ClearTheMind","Fasting2"],"picked":"SKIP","floor":7.0},{"not_picked":["FlurryOfBlows+1","BowlingBash+1"],"picked":"Ragnarok+1","floor":14.0},{"not_picked":["FollowUp+1","Crescendo","Sanctity"],"picked":"SKIP","floor":18},{"not_picked":["Protect+1","ThirdEye+1","CutThroughFate+1"],"picked":"SKIP","floor":18},{"not_picked":["ClearTheMind","CutThroughFate+1","Halt"],"picked":"SKIP","floor":23},{"not_picked":["EmptyBody","Halt+1"],"picked":"FearNoEvil+1","floor":25},{"not_picked":["WaveOfTheHand","Halt+1"],"picked":"Tantrum+1","floor":25},{"not_picked":["EmptyFist+1","CutThroughFate+1"],"picked":"DeusExMachina","floor":27},{"not_picked":["Halt","Sanctity","FlyingSleeves+1"],"picked":"SKIP","floor":27},{"not_picked":["FollowUp+1","CutThroughFate+1","Protect"],"picked":"SKIP","floor":30},{"not_picked":["Swivel","EmptyMind","PathToVictory+1"],"picked":"SKIP","floor":30},{"not_picked":["ConjureBlade","SpiritShield"],"picked":"Scrawl","floor":33},{"not_picked":["Crescendo+1","ThirdEye"],"picked":"TalkToTheHand+1","floor":35},{"not_picked":["ClearTheMind","BowlingBash+1","PathToVictory"],"picked":"SKIP","floor":35},{"not_picked":["BowlingBash+1","Prostrate+1"],"picked":"MentalFortress+1","floor":36},{"not_picked":["EmptyMind","Meditate+1","BattleHymn+1"],"picked":"SKIP","floor":36},{"not_picked":["SashWhip+1","Consecrate+1"],"picked":"Adaptation+1","floor":39},{"not_picked":["CutThroughFate+1","BattleHymn","FollowUp+1"],"picked":"SKIP","floor":39},{"not_picked":["JustLucky+1","DeusExMachina","Wish"],"picked":"SKIP","floor":41},{"not_picked":["SashWhip+1","BowlingBash+1","Protect+1"],"picked":"SKIP","floor":45},{"not_picked":["EmptyFist+1","FlurryOfBlows+1","Crescendo"],"picked":"SKIP","floor":45},{"not_picked":["Omniscience","WaveOfTheHand","CrushJoints+1"],"picked":"SKIP","floor":46},{"not_picked":["EmptyFist+1","PathToVictory","EmptyMind"],"picked":"SKIP","floor":47},{"not_picked":["PathToVictory","FlyingSleeves+1","Consecrate+1"],"picked":"SKIP","floor":47}],"player_experience":557697,"relics_obtained":[{"floor":6.0,"key":"Pantograph"},{"floor":14.0,"key":"Darkstone Periapt"},{"floor":21,"key":"Necronomicon"},{"floor":23,"key":"Peace Pipe"},{"floor":26,"key":"Ornamental Fan"},{"floor":37,"key":"Ice Cream"},{"floor":41,"key":"Nunchaku"},{"floor":43,"key":"Akabeko"},{"floor":46,"key":"Vajra"}],"event_choices":[{"damage_healed":0.0,"max_hp_gain":0.0,"max_hp_loss":0.0,"gold_gain":0.0,"event_name":"Living Wall","player_choice":"Grow","floor":3.0,"gold_loss":0.0,"damage_taken":0.0,"cards_upgraded":["Eruption"]},{"damage_healed":0.0,"max_hp_gain":0.0,"max_hp_loss":0.0,"gold_gain":0.0,"event_name":"Scrap Ooze","player_choice":"Success","floor":8.0,"gold_loss":0.0,"damage_taken":33.0,"relics_obtained":["Molten Egg 2"]},{"cards_removed":["Strike_P"],"damage_healed":0.0,"max_hp_gain":0.0,"max_hp_loss":0.0,"gold_gain":0.0,"event_name":"The Cleric","player_choice":"Card Removal","floor":11.0,"gold_loss":50.0,"damage_taken":0.0},{"cards_removed":["Strike_P"],"damage_healed":0.0,"max_hp_gain":0.0,"max_hp_loss":0.0,"gold_gain":0.0,"event_name":"Purifier","player_choice":"Purged","floor":13.0,"gold_loss":0.0,"damage_taken":0.0},{"damage_healed":0,"gold_gain":0,"player_choice":"Obtained Relic","damage_taken":0,"relics_obtained":["The Courier"],"max_hp_gain":0,"max_hp_loss":0,"event_name":"Addict","floor":19,"gold_loss":85},{"damage_healed":0,"gold_gain":0,"player_choice":"Obtained Book","damage_taken":16,"max_hp_gain":0,"max_hp_loss":0,"event_name":"Cursed Tome","floor":21,"gold_loss":0},{"damage_healed":0,"gold_gain":0,"player_choice":"Read","damage_taken":0,"max_hp_gain":0,"max_hp_loss":0,"event_name":"The Library","floor":22,"gold_loss":0,"cards_obtained":["Indignation"]},{"damage_healed":0,"gold_gain":0,"player_choice":"Smashed Altar","damage_taken":0,"max_hp_gain":0,"max_hp_loss":0,"event_name":"Forgotten Altar","floor":29,"gold_loss":0,"cards_obtained":["Decay"]},{"damage_healed":0,"gold_gain":0,"player_choice":"Ignored","damage_taken":0,"max_hp_gain":0,"max_hp_loss":0,"event_name":"Vampires","floor":31,"gold_loss":0},{"damage_healed":0,"gold_gain":0,"player_choice":"Fight","damage_taken":0,"max_hp_gain":0,"max_hp_loss":0,"event_name":"Mysterious Sphere","floor":37,"gold_loss":0},{"damage_healed":0,"gold_gain":100,"player_choice":"Pray","damage_taken":0,"max_hp_gain":0,"max_hp_loss":0,"event_name":"Golden Shrine","floor":38,"gold_loss":0}],"is_beta":false,"boss_relics":[{"not_picked":["SlaversCollar","Runic Pyramid"],"picked":"Philosopher\u0027s Stone"},{"not_picked":["Tiny House","Busted Crown"],"picked":"Pandora\u0027s Box"}],"items_purged_floors":[20,42,44,48],"is_endless":false,"potions_floor_spawned":[1,6,7,14,16,23,27,33,35,37,41,47],"ascension_level":4}}