{"host":"kydqlojjt9mno5rv","time":1611764628,"event":{"mods":["AchievementEnabler","BaseMod","Colored Powertips","DeckTracker","Minty Spire (QoL Compilation)","Spicy Shops","StSLib","SuperFastMode","Synergy Search","Weighted Paths"],"gold_per_floor":[116,291,291,306,306,306,346,346,371,392,405,23,46,70,70,195,195,213,113,113,28,52,52,95,95,95,126,147,163,163,184,184,184,184],"floor_reached":33,"language":"ENG","playtime":1054,"items_purged":["Shame","Defend_G"],"score":301,"play_id":"fbc1e38b-6d5e-44eb-ad48-51adeda63ad0","local_time":"20210127112348","is_ascension_mode":true,"campfire_choices":[{"floor":6,"key":"RECALL"},{"floor":8,"key":"REST"},{"floor":15,"key":"REST"},{"floor":23,"key":"REST"},{"floor":25,"key":"REST"},{"floor":32,"key":"REST"}],"circlet_count":0,"master_deck":["Strike_G","Strike_G","Strike_G","Strike_G","Strike_G","Defend_G","Defend_G","Defend_G","Survivor","Neutralize","Apotheosis","Crippling Poison","Injury","Deadly Poison","Bane","Backflip","Poisoned Stab","Wraith Form v2","Outmaneuver","Backflip+1","Pain","Concentrate","Catalyst","Prepared"],"relics":["Ring of the Snake","Golden Idol","Question Card","Orichalcum","TwistedFunnel","Cursed Key","Boot","Calipers","Sundial","MealTicket"],"acts_visited":["Exordium","TheCity"],"potions_floor_usage":[],"damage_taken":[{"damage":7,"enemies":"Jaw Worm","floor":1,"turns":4},{"damage":7,"enemies":"2 Louse","floor":4,"turns":2},{"damage":43,"enemies":"Gremlin Nob","floor":7,"turns":6},{"damage":5,"enemies":"Small Slimes","floor":10,"turns":5},{"damage":9,"enemies":"2 Fungi Beasts","floor":11,"turns":5},{"damage":6,"enemies":"Lots of Slimes","floor":13,"turns":2},{"damage":4,"enemies":"Red Slaver","floor":14,"turns":4},{"damage":8,"enemies":"The Guardian","floor":16,"turns":9},{"damage":13,"enemies":"2 Thieves","floor":18,"turns":4},{"damage":8,"enemies":"Spheric Guardian","floor":22,"turns":4},{"damage":13,"enemies":"Book of Stabbing","floor":24,"turns":6},{"damage":13,"enemies":"Slavers","floor":27,"turns":6},{"damage":30,"enemies":"Shelled Parasite and Fungi","floor":28,"turns":4},{"damage":10,"enemies":"Snake Plant","floor":29,"turns":3},{"damage":12,"enemies":"Snecko","floor":31,"turns":5},{"damage":40,"enemies":"Champ","floor":33,"turns":6}],"seed_played":"-6001953412557527460","potions_obtained":[{"floor":10,"key":"Fire Potion"},{"floor":13,"key":"SkillPotion"},{"floor":14,"key":"ColorlessPotion"},{"floor":16,"key":"Poison Potion"},{"floor":24,"key":"EntropicBrew"}],"is_trial":false,"path_per_floor":["M","?","?","M","?","R","E","R","T","M","M","$","M","M","R","B",null,"M","$","?","?","M","R","E","R","T","E","M","M","?","M","R","B"],"character_chosen":"THE_SILENT","items_purchased":["Orichalcum","TwistedFunnel"],"campfire_rested":5,"item_purchase_floors":[12,12],"current_hp_per_floor":[63,63,63,56,56,56,13,34,34,29,20,20,14,10,31,23,70,57,57,57,57,49,70,57,70,70,57,27,17,17,5,26,0,0],"gold":184,"neow_bonus":"RANDOM_COLORLESS_2","is_daily":false,"chose_seed":false,"campfire_upgraded":0,"win_rate":0.0,"timestamp":1611764628,"path_taken":["M","?","?","M","?","R","E","R","T","M","M","$","M","?","R","BOSS","M","$","?","?","M","R","E","R","T","E","M","M","?","M","R","BOSS"],"items_purchased_type":["Relic","Relic"],"build_version":"2020-12-22","purchased_purges":2,"victory":false,"max_hp_per_floor":[70,70,70,70,70,70,70,70,70,70,70,70,70,70,70,70,70,70,70,70,70,70,70,70,70,70,70,70,70,70,70,70,70,70],"card_choices":[{"not_picked":["HandOfGreed","The Bomb"],"picked":"Apotheosis","floor":0},{"not_picked":["Footwork","PiercingWail"],"picked":"Crippling Poison","floor":1},{"not_picked":["Quick Slash","PiercingWail","Cloak And Dagger"],"picked":"SKIP","floor":4},{"not_picked":["Escape Plan","Footwork","Backstab"],"picked":"SKIP","floor":7},{"not_picked":["Dash","Concentrate","Deflect"],"picked":"Deadly Poison","floor":10},{"not_picked":["Infinite Blades","Backstab","Cloak And Dagger"],"picked":"Bane","floor":11},{"not_picked":["Deflect","Dagger Throw","Skewer"],"picked":"Backflip","floor":13},{"not_picked":["Finisher","Underhanded Strike","Prepared"],"picked":"Poisoned Stab","floor":14},{"not_picked":["Die Die Die","Envenom","Phantasmal Killer"],"picked":"Wraith Form v2","floor":16},{"not_picked":["Blade Dance","Distraction","Flying Knee+1","Backstab"],"picked":"SKIP","floor":18},{"not_picked":["All Out Attack+1","Choke","Dagger Throw"],"picked":"Outmaneuver","floor":22},{"not_picked":["Blur+1","Setup","Distraction"],"picked":"Backflip+1","floor":24},{"not_picked":["Deflect+1","Underhanded Strike+1","A Thousand Cuts","Skewer"],"picked":"SKIP","floor":27},{"not_picked":["Choke","Finisher+1","Eviscerate","Dagger Spray"],"picked":"SKIP","floor":28},{"not_picked":["Terror","Infinite Blades","Dodge and Roll"],"picked":"Concentrate","floor":29},{"not_picked":["Backstab+1","Blade Dance+1","Cloak And Dagger+1"],"picked":"Prepared","floor":31}],"player_experience":134391,"relics_obtained":[{"floor":7,"key":"Question Card"},{"floor":24,"key":"Calipers"},{"floor":26,"key":"Sundial"},{"floor":27,"key":"MealTicket"}],"event_choices":[{"damage_healed":0,"gold_gain":175,"player_choice":"AGREE","damage_taken":0,"max_hp_gain":0,"max_hp_loss":0,"event_name":"Liars Game","floor":2,"gold_loss":0,"cards_obtained":["Doubt"]},{"damage_healed":0,"gold_gain":0,"player_choice":"Take Wound","damage_taken":0,"relics_obtained":["Golden Idol"],"max_hp_gain":0,"max_hp_loss":0,"event_name":"Golden Idol","floor":3,"gold_loss":0,"cards_obtained":["Injury"]},{"cards_removed":["Doubt"],"damage_healed":0,"gold_gain":0,"player_choice":"Forget","damage_taken":0,"max_hp_gain":0,"max_hp_loss":0,"event_name":"Living Wall","floor":5,"gold_loss":0},{"cards_removed":["Defend_G"],"damage_healed":0,"gold_gain":0,"player_choice":"Elegance","damage_taken":0,"max_hp_gain":0,"max_hp_loss":0,"event_name":"Back to Basics","floor":20,"gold_loss":0},{"damage_healed":0,"gold_gain":0,"player_choice":"Obtained Relic","damage_taken":0,"relics_obtained":["Boot"],"max_hp_gain":0,"max_hp_loss":0,"event_name":"Addict","floor":21,"gold_loss":85},{"damage_healed":0,"gold_gain":0,"player_choice":"Read","damage_taken":0,"max_hp_gain":0,"max_hp_loss":0,"event_name":"The Library","floor":30,"gold_loss":0,"cards_obtained":["Catalyst"]}],"is_beta":false,"boss_relics":[{"not_picked":["Ectoplasm","SacredBark"],"picked":"Cursed Key"}],"items_purged_floors":[12,19],"is_endless":false,"potions_floor_spawned":[10,13,14,16,24,28,29,31],"killed_by":"Champ","ascension_level":1}}