{"host":"vrsxkkch9ccrec7k","time":1611724839,"event":{"mods":["Act Like it!","BaseMod","Bestiary","Better Altar","Better Match","Better Note","Better Sensory Stone","Better Skull","Better Third Choice","Better Vampires","Downfall","Minty Spire (QoL Compilation)","Permanent Neow","Relic Stats","Spicy Shops","StSLib"],"gold_per_floor":[99,113,213,213,225,225,525,540,540,54,54,65,65,1,18,120,120,120,136,5,5,19,19,97,97,197,197,197,227,227,256,269,365,365,365,377,377,377,377,402,427,127,127,138,138,172,201,15,28,28,28],"floor_reached":50,"language":"ENG","playtime":3611,"items_purged":["Shame"],"score":1091,"play_id":"6cb35940-304b-41b8-aeaf-a9cb57673829","local_time":"20210127002039","daily_mods":["SealedDeck","Flight","downfall:Jewelcrafting","downfall:WorldOfGoo"],"is_ascension_mode":true,"campfire_choices":[{"floor":11.0,"key":"REST"},{"data":"bronze:Repulsor","floor":13.0,"key":"SMITH"},{"data":"bronze:Assembly","floor":23.0,"key":"SMITH"},{"floor":28,"key":"REST"},{"floor":30,"key":"REST"},{"floor":35,"key":"RECALL"},{"data":"Guardian:ExploitGems","floor":43,"key":"SMITH"},{"data":"bronze:Repulsor","floor":45,"key":"SMITH"}],"circlet_count":0,"master_deck":["AscendersBane","Guardian:ExploitGems+1","Guardian:ExploitGems+1","bronze:Return","bronze:Branch","bronze:DigitalCarnage","bronze:BugBarrage","bronze:Boost","bronze:Shield","bronze:InfiniteBeams","bronze:Allocate","bronze:Repulsor+1","bronze:Repulsor+1","bronze:ChosenStrike","bronze:DarkDash","bronze:BugBarrage","Apotheosis","bronze:BuggyMess","bronze:Flail","bronze:Assembly+1","bronze:Frontload+1","bronze:BugBarrage+1","bronze:Refactor+1","bronze:Iterate","bronze:Allocate+1","Dark Shackles+1","Panache","bronze:Fortify+1","bronze:BuggyMess+1","bronze:Fortify+1","Blind+1"],"relics":["bronze:BronzeCore","Guardian:PickAxe","Nunchaku","Old Coin","Guardian:BottledAnomaly","Oddly Smooth Stone","sneckomod:SneckoTalon","Shuriken","Lantern","Toxic Egg 2","MutagenicStrength","bronze:ProtectiveGoggles","bronze:CableSpool","bronze:ElectromagneticCoil","Du-Vu Doll","downfall:HeartBlessingRed","downfall:HeartBlessingBlue","downfall:HeartBlessingGreen","The Courier","StoneCalendar","Bronze Scales"],"acts_visited":["Exordium","TheCity","TheBeyond"],"potions_floor_usage":[29,31,44,47,50],"damage_taken":[{"damage":0.0,"enemies":"Jaw Worm","floor":2.0,"turns":2.0},{"damage":0.0,"enemies":"Cultist","floor":5.0,"turns":3.0},{"damage":6.0,"enemies":"2 Louse","floor":8.0,"turns":2.0},{"damage":0.0,"enemies":"downfall:FleeingMerchant","floor":10.0,"turns":4.0},{"damage":5.0,"enemies":"Gremlin Gang","floor":12.0,"turns":3.0},{"damage":0.0,"enemies":"downfall:FleeingMerchant","floor":14.0,"turns":4.0},{"damage":0.0,"enemies":"Large Slime","floor":15.0,"turns":2.0},{"damage":17.0,"enemies":"IC_STATUS_ARCHETYPE","floor":16.0,"turns":4.0},{"damage":2.0,"enemies":"Spheric Guardian","floor":19.0,"turns":3.0},{"damage":0.0,"enemies":"downfall:FleeingMerchant","floor":20.0,"turns":4.0},{"damage":0.0,"enemies":"Shell Parasite","floor":22.0,"turns":3.0},{"damage":21.0,"enemies":"downfall:Augmenter","floor":26.0,"turns":4.0},{"damage":9,"enemies":"Gremlin Leader","floor":29,"turns":4},{"damage":0,"enemies":"Slavers","floor":31,"turns":4},{"damage":3,"enemies":"Centurion and Healer","floor":32,"turns":4},{"damage":0,"enemies":"WA_ARCHETYPE_CALM","floor":33,"turns":4},{"damage":5,"enemies":"3 Shapes","floor":36,"turns":6},{"damage":0,"enemies":"Giant Head","floor":40,"turns":4},{"damage":7,"enemies":"3 Darklings","floor":44,"turns":4},{"damage":41,"enemies":"Nemesis","floor":46,"turns":5},{"damage":0,"enemies":"Reptomancer","floor":47,"turns":2},{"damage":0,"enemies":"Sphere and 2 Shapes","floor":49,"turns":3},{"damage":34,"enemies":"DF_ARCHETYPE_ORBS","floor":50,"turns":6}],"seed_played":"-3028761612469390363","potions_obtained":[{"floor":5.0,"key":"CultistPotion"},{"floor":12.0,"key":"champ:CounterPotion"},{"floor":15.0,"key":"SpeedPotion"},{"floor":29,"key":"PowerPotion"},{"floor":31,"key":"BlessingOfTheForge"},{"floor":32,"key":"bronze:BuildAFunctionPotion"},{"floor":36,"key":"bronze:BurnAndBuffPotion"},{"floor":46,"key":"Dexterity Potion"},{"floor":47,"key":"Guardian:BlockOnCardUsePotion"}],"is_trial":true,"path_per_floor":["R","M","?","?","M","?","T","M","?","$","R","M","R","$","M","B",null,"R","M","$","?","M","R","T","?","?","?","R","E","R","E","M","B",null,"R","M","?","?","?","E","T","R","R","M","R","E","E","$","M","B"],"character_chosen":"THE_AUTOMATON","items_purchased":["Apotheosis","Guardian:BottledAnomaly","Oddly Smooth Stone","bronze:BugBarrage","Shuriken","Lantern","Bronze Scales","Blind+1"],"campfire_rested":3,"item_purchase_floors":[10,10,10,14,20,20,48,48],"current_hp_per_floor":[63,63,63,37,37,37,37,31,31,31,52,47,47,47,47,30,60,60,58,58,58,58,58,58,45,23,23,45,36,58,58,55,55,70,70,65,65,65,65,65,65,75,75,68,68,27,27,27,27,0,0],"gold":28,"neow_bonus":"","is_daily":false,"chose_seed":false,"campfire_upgraded":4,"win_rate":0.0,"timestamp":1611724839,"path_taken":["R","M","?","?","?","?","T","?","?","$","R","M","R","?","M","BOSS","R","M","$","?","?","R","T","?","?","?","R","E","R","E","M","BOSS","R","M","?","?","?","E","T","R","R","?","R","E","E","$","M","BOSS"],"items_purchased_type":["Card","Relic","Relic","Card","Relic","Relic","Relic","Card"],"build_version":"2020-12-22","purchased_purges":1,"victory":false,"max_hp_per_floor":[70,70,70,70,70,70,70,70,70,70,70,70,70,70,70,70,70,70,70,70,70,70,70,70,75,75,75,75,75,75,75,75,75,75,75,75,75,75,75,75,75,85,85,85,85,85,85,85,85,85,85],"relic_stats":{"Nunchaku":[19],"counters":[23,84],"Shuriken":[23],"Bronze Scales":[9],"StoneCalendar":[0],"obtain_stats":[{"Lantern":20,"bronze:ElectromagneticCoil":34,"bronze:BronzeCore":0,"downfall:HeartBlessingRed":42,"Oddly Smooth Stone":10,"downfall:HeartBlessingGreen":42,"StoneCalendar":47,"The Courier":46,"sneckomod:SneckoTalon":17,"Old Coin":7,"bronze:CableSpool":31,"Guardian:PickAxe":0,"Du-Vu Doll":40,"Nunchaku":4,"bronze:ProtectiveGoggles":29,"Shuriken":20,"downfall:HeartBlessingBlue":42,"MutagenicStrength":26,"Bronze Scales":48,"Guardian:BottledAnomaly":10,"Toxic Egg 2":24},{"Lantern":10,"bronze:ElectromagneticCoil":16,"bronze:BronzeCore":0,"downfall:HeartBlessingRed":18,"Oddly Smooth Stone":4,"downfall:HeartBlessingGreen":18,"StoneCalendar":21,"The Courier":20,"sneckomod:SneckoTalon":8,"Old Coin":2,"bronze:CableSpool":14,"Guardian:PickAxe":0,"Du-Vu Doll":18,"Nunchaku":1,"bronze:ProtectiveGoggles":13,"Shuriken":10,"downfall:HeartBlessingBlue":18,"MutagenicStrength":12,"Bronze Scales":21,"Guardian:BottledAnomaly":4,"Toxic Egg 2":11},{"Lantern":31,"bronze:ElectromagneticCoil":54,"bronze:BronzeCore":0,"downfall:HeartBlessingRed":64,"Oddly Smooth Stone":11,"downfall:HeartBlessingGreen":64,"StoneCalendar":75,"The Courier":73,"sneckomod:SneckoTalon":24,"Old Coin":5,"bronze:CableSpool":46,"Guardian:PickAxe":0,"Du-Vu Doll":64,"Nunchaku":2,"bronze:ProtectiveGoggles":42,"Shuriken":31,"downfall:HeartBlessingBlue":64,"MutagenicStrength":38,"Bronze Scales":75,"Guardian:BottledAnomaly":11,"Toxic Egg 2":34}]},"card_choices":[{"not_picked":["bronze:Refactor","bronze:DelayedSlice"],"picked":"bronze:Allocate","floor":2.0},{"not_picked":["bronze:ClassDefault","bronze:Overheat"],"picked":"bronze:Repulsor","floor":5.0},{"not_picked":["bronze:DigitalCarnage","bronze:OilSpill","bronze:WhirlingStrike"],"picked":"SKIP","floor":8.0},{"not_picked":["bronze:Philosophize","bronze:FineTuning"],"picked":"bronze:BugBarrage","floor":10.0},{"not_picked":["bronze:Overheat","bronze:BitShift"],"picked":"bronze:BuggyMess","floor":12.0},{"not_picked":["bronze:Return","bronze:BronzeArmor"],"picked":"bronze:Flail","floor":14.0},{"not_picked":["bronze:Invalidate","bronze:DarkDash","bronze:NullPointer"],"picked":"SKIP","floor":15.0},{"not_picked":["bronze:TinkerersToolbox","bronze:Hardcode"],"picked":"bronze:Assembly","floor":16.0},{"not_picked":["bronze:BuggyMess","bronze:WildBeam","bronze:Separator"],"picked":"SKIP","floor":19.0},{"not_picked":["bronze:BuggyMess+1","bronze:Invalidate"],"picked":"bronze:Frontload+1","floor":20.0},{"not_picked":["bronze:FineTuning","bronze:WildBeam","bronze:BronzeOrb"],"picked":"SKIP","floor":22.0},{"not_picked":["bronze:WildBeam+1","bronze:CloningBeam+1"],"picked":"bronze:BugBarrage+1","floor":26},{"not_picked":["bronze:Turbo+1","bronze:ShipIt"],"picked":"bronze:Refactor+1","floor":29},{"not_picked":["bronze:Repulsor","bronze:Overheat"],"picked":"bronze:Iterate","floor":31},{"not_picked":["bronze:Refactor+1","bronze:ChildClass+1"],"picked":"bronze:Allocate+1","floor":32},{"not_picked":["bronze:Flail","bronze:Branch+1","bronze:Constructor+1"],"picked":"SKIP","floor":36},{"not_picked":["Forethought+1","The Bomb+1"],"picked":"Dark Shackles+1","floor":38},{"not_picked":["Dramatic Entrance","Purity+1"],"picked":"Panache","floor":38},{"not_picked":["bronze:Repair+1","bronze:DigitalCarnage+1"],"picked":"bronze:Fortify+1","floor":40},{"not_picked":["bronze:Separator","bronze:Deprecate+1"],"picked":"bronze:BuggyMess+1","floor":44},{"not_picked":["bronze:BronzeOrb+1","bronze:DelayedGuard+1","bronze:Backtrace"],"picked":"SKIP","floor":46},{"not_picked":["bronze:BronzeOrb+1","bronze:DelayedGuard+1","bronze:Backtrace"],"picked":"SKIP","floor":46},{"not_picked":["bronze:DigitalCarnage+1","bronze:Boost+1"],"picked":"bronze:Fortify+1","floor":47},{"not_picked":["bronze:Branch+1","bronze:FollowUp","bronze:DelayedGuard+1"],"picked":"SKIP","floor":49}],"player_experience":1757426,"relics_obtained":[{"floor":7.0,"key":"Old Coin"},{"floor":24.0,"key":"Toxic Egg 2"},{"floor":26,"key":"MutagenicStrength"},{"floor":29,"key":"bronze:ProtectiveGoggles"},{"floor":31,"key":"bronze:CableSpool"},{"floor":40,"key":"Du-Vu Doll"},{"floor":46,"key":"The Courier"},{"floor":47,"key":"StoneCalendar"}],"event_choices":[{"damage_healed":0.0,"max_hp_gain":0.0,"max_hp_loss":0.0,"gold_gain":0.0,"event_name":"betterSkull:BetterSkull","player_choice":"UP RE ","floor":4.0,"gold_loss":0.0,"damage_taken":30.0,"cards_upgraded":["Guardian:ExploitGems"],"relics_obtained":["Nunchaku"]},{"damage_healed":0,"gold_gain":0,"player_choice":"","damage_taken":1,"relics_obtained":[],"max_hp_gain":0,"max_hp_loss":0,"event_name":"betterSkull:BetterSkull","floor":26,"gold_loss":0,"cards_upgraded":[]},{"damage_healed":0,"gold_gain":0,"player_choice":"Ignored","damage_taken":0,"max_hp_gain":0,"max_hp_loss":0,"event_name":"Ghosts","floor":27,"gold_loss":0},{"damage_healed":0,"gold_gain":3,"player_choice":"1","damage_taken":0,"max_hp_gain":0,"max_hp_loss":0,"event_name":"betterStone:BetterStone","floor":38,"gold_loss":0},{"cards_removed":["bronze:BugBarrage"],"damage_healed":0,"gold_gain":0,"player_choice":"Removed Attack","damage_taken":0,"max_hp_gain":0,"max_hp_loss":0,"event_name":"Falling","floor":39,"gold_loss":0}],"is_beta":false,"boss_relics":[{"not_picked":["Coffee Dripper","Philosopher\u0027s Stone"],"picked":"sneckomod:SneckoTalon"},{"not_picked":["Fusion Hammer","Empty Cage"],"picked":"bronze:ElectromagneticCoil"}],"items_purged_floors":[20],"is_endless":false,"potions_floor_spawned":[5,12,15,29,31,32,36,46,47],"killed_by":"DF_ARCHETYPE_ORBS","ascension_level":10}}