{"host":"lnaqncbfopcj593v","time":1611780835,"event":{"mods":["AchievementEnabler","BaseMod","Colored Map","Downfall","Minty Spire (QoL Compilation)","StSLib"],"gold_per_floor":[99,116,108,108,16,16,16,36,58,93,59,69,90,90,107,210,210,210,227,227,253,253,286,356,93,93,93,93],"floor_reached":26,"language":"ENG","playtime":2056,"items_purged":["hexamod:Strike"],"score":251,"play_id":"fa991a7a-1999-4a0b-bed0-3f28d209d613","local_time":"20210128055355","is_ascension_mode":false,"campfire_choices":[{"floor":1.0,"key":"RECALL"},{"data":"hexamod:GhostOfSpireFuture","floor":6.0,"key":"SMITH"},{"data":"hexamod:ChargedBarrage","floor":18.0,"key":"SMITH"}],"circlet_count":0,"master_deck":["hexamod:Defend","hexamod:Defend","hexamod:Defend+1","hexamod:Defend","hexamod:Sear","hexamod:Float+1","hexamod:GhostOfSpireFuture+1","hexamod:ChargedBarrage+1","hexamod:EmpoweredFlame","hexamod:SpectersWail+1","hexamod:Rewind","hexamod:FastForward","hexamod:ChargedBarrage","hexamod:WildfireWeapon","hexamod:HeatCrush","hexamod:Hexaguard","hexamod:ShieldOfDarkness","hexamod:Firestarter","hexamod:Firestarter","hexamod:HeatShield","downfall:Malfunctioning","hexamod:AdvancingGuard+1","hexamod:FirstSeal","hexamod:ShieldOfDarkness+1","hexamod:EtherealExpedition+1","hexamod:HeatMetal","hexamod:GhostOfSpirePresent","hexamod:Incineration","hexamod:ExtraCrispy","expansioncontent:QuickStudy"],"relics":["hexamod:SpiritBrand","Letter Opener","Astrolabe","downfall:RedIOU","hexamod:TheBrokenSeal","Anchor","Bottled Flame"],"acts_visited":["Exordium","TheCity"],"potions_floor_usage":[],"damage_taken":[{"damage":10.0,"enemies":"Small Slimes","floor":2.0,"turns":4.0},{"damage":0.0,"enemies":"downfall:FleeingMerchant","floor":5.0,"turns":4.0},{"damage":8.0,"enemies":"2 Louse","floor":8.0,"turns":5.0},{"damage":1.0,"enemies":"Jaw Worm","floor":9.0,"turns":3.0},{"damage":24.0,"enemies":"Lagavulin","floor":10.0,"turns":6.0},{"damage":10.0,"enemies":"downfall:FleeingMerchant","floor":11.0,"turns":4.0},{"damage":1.0,"enemies":"3 Louse","floor":12.0,"turns":3.0},{"damage":0.0,"enemies":"Blue Slaver","floor":13.0,"turns":3.0},{"damage":10.0,"enemies":"2 Fungi Beasts","floor":15.0,"turns":4.0},{"damage":39.0,"enemies":"WA_ARCHETYPE_RETAIN","floor":16.0,"turns":10.0},{"damage":19.0,"enemies":"Chosen","floor":19.0,"turns":8.0},{"damage":42.0,"enemies":"Snecko","floor":21.0,"turns":8.0},{"damage":42.0,"enemies":"Slavers","floor":23.0,"turns":5.0},{"damage":1,"enemies":"downfall:FleeingMerchant","floor":25,"turns":4},{"damage":43,"enemies":"3 Cultists","floor":26,"turns":4}],"seed_played":"-5679312988553665503","potions_obtained":[{"floor":9.0,"key":"bronze:BurnAndBuffPotion"},{"floor":12.0,"key":"SkillPotion"},{"floor":13.0,"key":"Swift Potion"},{"floor":23.0,"key":"ColorlessPotion"}],"is_trial":false,"path_per_floor":["R","M","?","?","$","R","T","M","M","E","$","M","M","?","M","B",null,"R","M","?","M","?","E","T","$","M"],"character_chosen":"THE_SPIRIT","items_purchased":["hexamod:EmpoweredFlame","hexamod:Firestarter","expansioncontent:QuickStudy"],"campfire_rested":0,"item_purchase_floors":[5,11,25],"current_hp_per_floor":[77,67,60,57,64,64,64,63,69,45,42,48,48,48,45,6,77,77,65,65,78,78,36,36,42,0,0,0],"gold":93,"neow_bonus":"TEN_PERCENT_HP_BONUS","is_daily":false,"chose_seed":false,"campfire_upgraded":2,"win_rate":0.0,"timestamp":1611780835,"path_taken":["R","M","?","?","?","R","T","M","M","E","$","M","M","?","M","BOSS","R","M","?","M","?","E","T","$","M"],"items_purchased_type":["Card","Card","Card"],"build_version":"2020-12-22","purchased_purges":1,"victory":false,"max_hp_per_floor":[77,77,77,77,77,77,77,77,77,77,77,77,77,77,77,77,77,77,77,77,87,87,87,87,87,87,87,87],"card_choices":[{"not_picked":["hexamod:GhostLash","hexamod:AdvancingGuard"],"picked":"hexamod:BurningTouch","floor":2.0},{"not_picked":["hexamod:BacktrackSmack","hexamod:FastForward"],"picked":"hexamod:GhostOfSpireFuture","floor":5.0},{"not_picked":["hexamod:RetreatToShadows","hexamod:GhostflameBarrier"],"picked":"hexamod:ChargedBarrage","floor":5.0},{"not_picked":["hexamod:ThirdSeal","hexamod:ShieldOfDarkness"],"picked":"hexamod:SpectersWail","floor":8.0},{"not_picked":["hexamod:Again","hexamod:NightmareStrike"],"picked":"hexamod:Rewind","floor":8.0},{"not_picked":["hexamod:SwordOfDarkness","hexamod:ThirdSeal"],"picked":"hexamod:FastForward","floor":9.0},{"not_picked":["hexamod:Rewind","hexamod:SkipABeat"],"picked":"hexamod:ChargedBarrage","floor":9.0},{"not_picked":["hexamod:Firestarter","hexamod:Hexaguard"],"picked":"hexamod:WildfireWeapon","floor":10.0},{"not_picked":["hexamod:FourthSeal","hexamod:GhostOfSpirePast"],"picked":"hexamod:HeatCrush","floor":10.0},{"not_picked":["hexamod:FastForward","hexamod:GhostOfSpireFuture"],"picked":"hexamod:Hexaguard","floor":11.0},{"not_picked":["hexamod:GhostShield","hexamod:GhostLash"],"picked":"hexamod:ShieldOfDarkness","floor":11.0},{"not_picked":["hexamod:PhantomFireball","hexamod:SpectersWail"],"picked":"hexamod:Firestarter","floor":12.0},{"not_picked":["hexamod:InspiringFlames","hexamod:NightmareGuise","hexamod:GhostOfSpireFuture"],"picked":"SKIP","floor":12.0},{"not_picked":["hexamod:Firestarter","hexamod:ThermalTransfer"],"picked":"hexamod:HeatShield","floor":13.0},{"not_picked":["hexamod:SpectersWail","hexamod:SkipABeat"],"picked":"hexamod:FifthSeal","floor":15.0},{"not_picked":["hexamod:Again","hexamod:NightmareStrike","hexamod:EtherealExpedition"],"picked":"SKIP","floor":15.0},{"not_picked":["hexamod:UnleashSpirits","hexamod:WildfireWeapon"],"picked":"hexamod:SixthSeal","floor":16.0},{"not_picked":["hexamod:ThirdSeal","hexamod:SecondSeal"],"picked":"hexamod:FourthSeal","floor":19.0},{"not_picked":["hexamod:SpectralAdrenaline","hexamod:NightmareStrike"],"picked":"hexamod:EtherealExpedition+1","floor":19.0},{"not_picked":["hexamod:Haunt","hexamod:GhostLash"],"picked":"hexamod:HeatMetal","floor":19.0},{"not_picked":["hexamod:SkipABeat","hexamod:SpectersWail"],"picked":"hexamod:GhostOfSpirePresent","floor":21.0},{"not_picked":["hexamod:HeatMetal","hexamod:ChargedBarrage"],"picked":"hexamod:Incineration","floor":21.0},{"not_picked":["hexamod:FourthSeal","hexamod:TurnItUp","hexamod:GhostShield"],"picked":"SKIP","floor":23.0},{"not_picked":["hexamod:ThermalTransfer","hexamod:SecondSeal"],"picked":"hexamod:ExtraCrispy","floor":25}],"player_experience":57233,"relics_obtained":[{"floor":10.0,"key":"Letter Opener"},{"floor":23.0,"key":"Anchor"},{"floor":24.0,"key":"Bottled Flame"}],"event_choices":[{"damage_healed":0.0,"max_hp_gain":0.0,"max_hp_loss":0.0,"gold_gain":0.0,"event_name":"Scrap Ooze","player_choice":"Success","floor":4.0,"gold_loss":0.0,"damage_taken":3.0,"relics_obtained":["Lantern"]},{"damage_healed":0.0,"max_hp_gain":0.0,"max_hp_loss":0.0,"gold_gain":0.0,"event_name":"Vampires","player_choice":"Ignored","floor":22.0,"gold_loss":0.0,"damage_taken":0.0}],"is_beta":false,"boss_relics":[{"not_picked":["bronze:MakeshiftBattery","Velvet Choker"],"picked":"Astrolabe"}],"items_purged_floors":[25],"is_endless":false,"potions_floor_spawned":[9,12,13,15,23],"killed_by":"3 Cultists","ascension_level":0}}