{"host":"zhec3g4cvsmevugl","time":1611760516,"event":{"mods":["BaseMod","BetterRewards","Minty Spire (QoL Compilation)","Relic Stats","Slay-I","StSLib"],"gold_per_floor":[139,171,247,322,287,287,335,335,335,370,370,414,146,321,321,445,445,460,496,116,160,160,214,38,38,38,38,55,73,104,118,118,218,268,283,283,303,303,316,332,382,14,62,62,102,102,102,128,128,128],"floor_reached":51,"language":"ENG","playtime":2681,"items_purged":[],"score":992,"play_id":"effd25f1-5a87-4e9e-acf3-a84ffb076459","local_time":"20210127231516","is_ascension_mode":true,"campfire_choices":[{"floor":6,"key":"REST"},{"data":"HandOfGreed","floor":8,"key":"SMITH"},{"floor":15,"key":"REST"},{"floor":25,"key":"REST"},{"floor":32,"key":"REST"},{"floor":46,"key":"RECALL"},{"floor":49,"key":"REST"}],"circlet_count":0,"master_deck":["Strike_B","Strike_B","Strike_B","Strike_B","Defend_B","Defend_B","Defend_B+1","Zap","Dualcast","HandOfGreed+1","Dramatic Entrance+1","Steam","Streamline+1","BootSequence","Cold Snap+1","Storm+1","Rip and Tear+1","Go for the Eyes+1","Ball Lightning+1","Reboot+1","Conserve Battery","Hyperbeam+1","Self Repair","Barrage+1","Beam Cell+1","Defragment+1","Glacier+1","Go for the Eyes+1","Barrage+1","Cold Snap+1","Core Surge+1","Turbo+1","Beam Cell+1","Multi-Cast","Turbo+1","Chill","Defragment+1","Double Energy","Beam Cell+1","Undo","Discovery","Ball Lightning+1"],"relics":["Cracked Core","Omamori","Dream Catcher","Molten Egg 2","Anchor","Mummified Hand","TheAbacus","Black Star","Membership Card","Orichalcum","War Paint","MutagenicStrength","Potion Belt","Happy Flower","Bird Faced Urn","Mango","Strawberry","Gambling Chip","Tiny House","Bag of Marbles","Cables","Mercury Hourglass","InkBottle","Sling","Boot","FossilizedHelix","The Courier"],"acts_visited":["Exordium","TheCity","TheBeyond"],"potions_floor_usage":[7,16,23,23,30,40,40,40,50],"damage_taken":[{"damage":0,"enemies":"Cultist","floor":1,"turns":2},{"damage":0,"enemies":"2 Louse","floor":2,"turns":1},{"damage":8,"enemies":"Gremlin Nob","floor":7,"turns":3},{"damage":0,"enemies":"Jaw Worm","floor":10,"turns":3},{"damage":6,"enemies":"Blue Slaver","floor":12,"turns":3},{"damage":4,"enemies":"Slime Boss","floor":16,"turns":8},{"damage":15,"enemies":"Shell Parasite","floor":18,"turns":5},{"damage":0,"enemies":"Chosen","floor":19,"turns":3},{"damage":4,"enemies":"Centurion and Healer","floor":21,"turns":3},{"damage":33,"enemies":"Gremlin Leader","floor":23,"turns":6},{"damage":7,"enemies":"Shelled Parasite and Fungi","floor":28,"turns":3},{"damage":0,"enemies":"Snake Plant","floor":29,"turns":2},{"damage":34,"enemies":"Slavers","floor":30,"turns":3},{"damage":6,"enemies":"Sentry and Sphere","floor":31,"turns":3},{"damage":74,"enemies":"Collector","floor":33,"turns":9},{"damage":1,"enemies":"Orb Walker","floor":35,"turns":2},{"damage":9,"enemies":"3 Darklings","floor":37,"turns":3},{"damage":2,"enemies":"Spire Growth","floor":39,"turns":3},{"damage":8,"enemies":"Maw","floor":40,"turns":5},{"damage":51,"enemies":"Nemesis","floor":41,"turns":7},{"damage":16,"enemies":"4 Shapes","floor":45,"turns":3},{"damage":0,"enemies":"Giant Head","floor":48,"turns":7},{"damage":86,"enemies":"Time Eater","floor":50,"turns":8}],"seed_played":"446413815960223999","potions_obtained":[{"floor":2,"key":"Energy Potion"},{"floor":7,"key":"AttackPotion"},{"floor":18,"key":"ColorlessPotion"},{"floor":23,"key":"BlessingOfTheForge"},{"floor":31,"key":"BlessingOfTheForge"},{"floor":33,"key":"SmokeBomb"},{"floor":34,"key":"ColorlessPotion"},{"floor":37,"key":"FairyPotion"},{"floor":38,"key":"Block Potion"},{"floor":38,"key":"ColorlessPotion"},{"floor":45,"key":"Ancient Potion"}],"is_trial":false,"path_per_floor":["M","M","?","?","?","R","E","R","T","M","?","M","$","?","R","B",null,"M","M","$","M","?","E","$","R","T","?","M","M","E","M","R","B",null,"M","?","M","?","M","M","E","$","T","?","M","R","?","E","R","B",null],"character_chosen":"DEFECT","items_purchased":["Omamori","Dream Catcher","HandOfGreed","Molten Egg 2","Dramatic Entrance+1","TheAbacus","Rip and Tear+1","Go for the Eyes+1","Membership Card","Orichalcum","War Paint","Self Repair","Fire Potion","Explosive Potion","Bird Faced Urn","Sweeping Beam+1","Mercury Hourglass","InkBottle","Sling","FairyPotion"],"campfire_rested":5,"item_purchase_floors":[0,0,0,0,0,13,13,13,20,20,20,20,20,20,24,24,42,42,42,42],"current_hp_per_floor":[40,40,40,29,47,69,61,61,61,61,61,55,55,55,75,71,75,60,60,60,63,63,37,37,59,73,73,79,81,56,63,91,30,101,101,101,92,92,90,97,57,57,57,57,43,43,43,62,92,21],"gold":128,"neow_bonus":"","is_daily":false,"chose_seed":false,"campfire_upgraded":1,"win_rate":0.0,"timestamp":1611760516,"path_taken":["M","M","?","?","?","R","E","R","T","?","?","M","$","?","R","BOSS","M","M","$","M","?","E","?","R","T","?","M","M","E","?","R","BOSS","M","?","?","?","?","M","E","$","T","?","M","R","?","E","R","BOSS"],"items_purchased_type":["Relic","Relic","Card","Relic","Card","Relic","Card","Card","Relic","Relic","Relic","Card","Potion","Potion","Relic","Card","Relic","Relic","Relic","Potion"],"build_version":"2020-12-22","purchased_purges":0,"victory":true,"max_hp_per_floor":[75,75,75,75,75,75,75,75,75,75,75,75,75,75,75,75,75,75,75,75,75,75,75,75,75,89,89,89,89,96,96,96,96,101,101,101,101,101,101,101,101,101,101,101,101,101,101,101,101,101],"relic_stats":{"Happy Flower":[19],"counters":[23,94],"Orichalcum":[72],"War Paint":["Reboot","Defend_B"],"Boot":[2],"Cables":[15,12,3,0,0],"Mercury Hourglass":[71],"Dream Catcher":5,"TheAbacus":[96],"Mummified Hand":[40],"Bird Faced Urn":[57],"Gambling Chip":[22],"Black Star":4,"obtain_stats":[{"Tiny House":34,"Mango":26,"Sling":42,"Boot":43,"Dream Catcher":0,"TheAbacus":13,"Mummified Hand":9,"Strawberry":30,"Gambling Chip":30,"Cracked Core":0,"InkBottle":42,"Potion Belt":23,"Happy Flower":23,"The Courier":48,"Omamori":0,"Orichalcum":20,"War Paint":20,"Cables":41,"Mercury Hourglass":42,"Anchor":7,"MutagenicStrength":22,"Bird Faced Urn":24,"Molten Egg 2":0,"Black Star":17,"Bag of Marbles":41,"Membership Card":20,"FossilizedHelix":48},{"Tiny House":15,"Mango":10,"Sling":20,"Boot":20,"Dream Catcher":0,"TheAbacus":5,"Mummified Hand":3,"Strawberry":13,"Gambling Chip":13,"Cracked Core":0,"InkBottle":20,"Potion Belt":10,"Happy Flower":10,"The Courier":22,"Omamori":0,"Orichalcum":8,"War Paint":8,"Cables":20,"Mercury Hourglass":20,"Anchor":3,"MutagenicStrength":9,"Bird Faced Urn":10,"Molten Egg 2":0,"Black Star":6,"Bag of Marbles":20,"Membership Card":8,"FossilizedHelix":22},{"Tiny House":57,"Mango":37,"Sling":77,"Boot":77,"Dream Catcher":0,"TheAbacus":12,"Mummified Hand":6,"Strawberry":45,"Gambling Chip":45,"Cracked Core":0,"InkBottle":77,"Potion Belt":37,"Happy Flower":37,"The Courier":86,"Omamori":0,"Orichalcum":28,"War Paint":28,"Cables":77,"Mercury Hourglass":77,"Anchor":6,"MutagenicStrength":31,"Bird Faced Urn":37,"Molten Egg 2":0,"Black Star":20,"Bag of Marbles":77,"Membership Card":28,"FossilizedHelix":86}],"InkBottle":[7]},"card_choices":[{"not_picked":["Blizzard+1","Beam Cell+1"],"picked":"Steam","floor":1},{"not_picked":["Compile Driver+1","Barrage+1"],"picked":"Streamline+1","floor":2},{"not_picked":["Genetic Algorithm","Leap"],"picked":"BootSequence","floor":6},{"not_picked":["Steam","White Noise"],"picked":"Cold Snap+1","floor":7},{"not_picked":["Reprogram","Beam Cell+1"],"picked":"Storm","floor":10},{"not_picked":["Double Energy","Fusion","Gash+1"],"picked":"SKIP","floor":12},{"not_picked":["Beam Cell+1","Go for the Eyes+1"],"picked":"Ball Lightning+1","floor":15},{"not_picked":["Fission","Seek"],"picked":"Reboot","floor":16},{"not_picked":["Streamline+1","Turbo"],"picked":"Conserve Battery","floor":18},{"not_picked":["Stack","Consume"],"picked":"Hyperbeam+1","floor":19},{"not_picked":["Stack+1","Force Field"],"picked":"Barrage+1","floor":21},{"not_picked":["Blizzard+1","Gash+1"],"picked":"Beam Cell+1","floor":23},{"not_picked":["Rebound+1","Compile Driver+1"],"picked":"Defragment","floor":25},{"not_picked":["Hello World","Turbo"],"picked":"Glacier+1","floor":28},{"not_picked":["Fusion","Rebound+1","Gash+1"],"picked":"SKIP","floor":29},{"not_picked":["Defragment","Rebound+1"],"picked":"Go for the Eyes+1","floor":30},{"not_picked":["Rebound+1","Hologram+1"],"picked":"Barrage+1","floor":31},{"not_picked":["Seek","Turbo"],"picked":"Cold Snap+1","floor":32},{"not_picked":["Fission","Amplify"],"picked":"Core Surge+1","floor":33},{"not_picked":["Sweeping Beam+1","Coolheaded"],"picked":"Turbo+1","floor":34},{"not_picked":["Stack+1","Turbo"],"picked":"Beam Cell+1","floor":35},{"not_picked":["Scrape+1","Stack"],"picked":"Turbo+1","floor":37},{"not_picked":["Redo+1","Skim+1"],"picked":"Chill","floor":39},{"not_picked":["Go for the Eyes+1","Turbo"],"picked":"Defragment+1","floor":40},{"not_picked":["Hologram","Reboot"],"picked":"Double Energy","floor":41},{"not_picked":["Steam Power","Rebound+1"],"picked":"Beam Cell+1","floor":45},{"not_picked":["Leap","Fusion+1","Redo"],"picked":"SKIP","floor":48},{"not_picked":["Sweeping Beam+1","Stack"],"picked":"Ball Lightning+1","floor":49}],"player_experience":229998,"relics_obtained":[{"floor":7,"key":"Anchor"},{"floor":9,"key":"Mummified Hand"},{"floor":23,"key":"Potion Belt"},{"floor":23,"key":"Happy Flower"},{"floor":26,"key":"Mango"},{"floor":30,"key":"Strawberry"},{"floor":30,"key":"Gambling Chip"},{"floor":41,"key":"Bag of Marbles"},{"floor":41,"key":"Cables"},{"floor":43,"key":"Boot"},{"floor":48,"key":"FossilizedHelix"},{"floor":48,"key":"The Courier"}],"event_choices":[{"damage_healed":0,"gold_gain":76,"player_choice":"Gained Gold","damage_taken":0,"max_hp_gain":0,"max_hp_loss":0,"event_name":"Golden Wing","floor":3,"gold_loss":0},{"damage_healed":0,"gold_gain":75,"player_choice":"Gather Gold","damage_taken":11,"max_hp_gain":0,"max_hp_loss":0,"event_name":"World of Goop","floor":4,"gold_loss":0},{"damage_healed":18,"gold_gain":0,"player_choice":"Healed","damage_taken":0,"max_hp_gain":0,"max_hp_loss":0,"event_name":"The Cleric","floor":5,"gold_loss":35},{"damage_healed":0,"gold_gain":0,"player_choice":"Grow","damage_taken":0,"max_hp_gain":0,"max_hp_loss":0,"event_name":"Living Wall","floor":11,"gold_loss":0,"cards_upgraded":["Storm"]},{"damage_healed":0,"gold_gain":175,"player_choice":"AGREE","damage_taken":0,"max_hp_gain":0,"max_hp_loss":0,"event_name":"Liars Game","floor":14,"gold_loss":0,"cards_obtained":["Doubt"]},{"damage_healed":0,"gold_gain":0,"player_choice":"Inject Mutagens","damage_taken":0,"relics_obtained":["MutagenicStrength"],"max_hp_gain":0,"max_hp_loss":0,"event_name":"Drug Dealer","floor":22,"gold_loss":0},{"damage_healed":0,"gold_gain":0,"player_choice":"Cursed","damage_taken":0,"max_hp_gain":0,"max_hp_loss":0,"event_name":"Wheel of Change","floor":27,"gold_loss":0,"cards_obtained":["Decay"]},{"damage_healed":0,"gold_gain":0,"cards_transformed":["Defend_B"],"player_choice":"Transformed","damage_taken":0,"max_hp_gain":0,"max_hp_loss":0,"event_name":"Transmorgrifier","floor":36,"gold_loss":0,"cards_obtained":["Multi-Cast"]},{"damage_healed":0,"gold_gain":0,"player_choice":"Got Potions","damage_taken":0,"max_hp_gain":0,"max_hp_loss":0,"event_name":"Lab","floor":38,"gold_loss":0},{"cards_removed":["Sweeping Beam"],"damage_healed":0,"gold_gain":0,"player_choice":"Removed Attack","damage_taken":0,"max_hp_gain":0,"max_hp_loss":0,"event_name":"Falling","floor":44,"gold_loss":0},{"damage_healed":0,"gold_gain":0,"player_choice":"2 cards matched","damage_taken":0,"max_hp_gain":0,"max_hp_loss":0,"event_name":"Match and Keep!","floor":47,"gold_loss":0,"cards_obtained":["Undo","Discovery"]}],"is_beta":false,"boss_relics":[{"not_picked":["Fusion Hammer","Cursed Key"],"picked":"Black Star"},{"not_picked":["Velvet Choker","Astrolabe"],"picked":"Tiny House"}],"items_purged_floors":[],"is_endless":false,"potions_floor_spawned":[2,7,18,23,31,33,37,39,45],"ascension_level":2}}