{"host":"rolltorest","time":1611712403,"event":{"mods":["BaseMod","Jorbs\u0027s Wanderer Trilogy","Koishi","Minty Spire (QoL Compilation)","Relic Stats","Robot Space Explorer","Slay the Relics Exporter","StSLib","The Servant 0.9.4"],"gold_per_floor":[118,128,278,335,102,102,112,125,125,153,170,196,196,212,212,212,212],"floor_reached":16,"language":"ENG","playtime":429,"items_purged":["Doubt"],"score":224,"play_id":"262eea0a-4da9-42dd-b78f-15934a03c491","local_time":"20210126175323","is_ascension_mode":true,"campfire_choices":[{"data":"ShatteredReality","floor":6,"key":"SMITH"},{"floor":13,"key":"REST"},{"data":"Sunlight","floor":15,"key":"SMITH"}],"circlet_count":0,"master_deck":["AscendersBane","Strike_S","Strike_S","Strike_S","Strike_S","Defend_S","Defend_S","Defend_S","Defend_S","KidneyShot","Exchange","DoubleEdge","Defy","TimeWarp","Starlight","Moonlight","ShatteredReality+1","TimeWarp","Misdirection","Spin","Sunlight+1","Potential","Contraction"],"relics":["Uniform","Oddly Smooth Stone","Orrery","Ornamental Fan","Art of War","StrikeDummy"],"acts_visited":["Exordium"],"potions_floor_usage":[10,16,16],"damage_taken":[{"damage":0,"enemies":"Cultist","floor":1,"turns":3},{"damage":1,"enemies":"2 Louse","floor":2,"turns":3},{"damage":3,"enemies":"Jaw Worm","floor":7,"turns":2},{"damage":15,"enemies":"Gremlin Gang","floor":8,"turns":3},{"damage":12,"enemies":"3 Sentries","floor":10,"turns":3},{"damage":0,"enemies":"Blue Slaver","floor":11,"turns":2},{"damage":10,"enemies":"Gremlin Nob","floor":12,"turns":3},{"damage":0,"enemies":"3 Louse","floor":14,"turns":2},{"damage":38,"enemies":"The Guardian","floor":16,"turns":14}],"seed_played":"-523711494958490415","potions_obtained":[{"floor":2,"key":"Dexterity Potion"},{"floor":8,"key":"ColorlessPotion"},{"floor":11,"key":"SkillPotion"},{"floor":14,"key":"Regen Potion"}],"is_trial":false,"path_per_floor":["M","M","?","?","$","R","M","M","T","E","M","E","R","M","R","B"],"character_chosen":"THE_SERVANT","items_purchased":["Orrery"],"campfire_rested":1,"item_purchase_floors":[5],"current_hp_per_floor":[54,53,53,53,53,53,50,35,35,23,23,13,31,31,31,8,8],"gold":212,"neow_bonus":"RANDOM_COMMON_RELIC","is_daily":false,"chose_seed":false,"campfire_upgraded":2,"win_rate":0.0,"timestamp":1611712403,"path_taken":["M","M","?","?","$","R","?","?","T","E","M","E","R","M","R","BOSS"],"items_purchased_type":["Relic"],"build_version":"2020-12-18","purchased_purges":1,"victory":false,"max_hp_per_floor":[60,60,60,60,60,60,60,60,60,60,60,60,60,60,60,60,60],"relic_stats":{"counters":[9,35],"Ornamental Fan":[20],"Art of War":[4],"obtain_stats":[{"Ornamental Fan":9,"Oddly Smooth Stone":0,"Orrery":5,"Uniform":0,"Art of War":10,"StrikeDummy":12},{"Ornamental Fan":4,"Oddly Smooth Stone":0,"Orrery":2,"Uniform":0,"Art of War":5,"StrikeDummy":7},{"Ornamental Fan":11,"Oddly Smooth Stone":0,"Orrery":6,"Uniform":0,"Art of War":14,"StrikeDummy":19}]},"card_choices":[{"not_picked":["Unruled","SilverBlades"],"picked":"DoubleEdge","floor":1},{"not_picked":["SilverBlades","SpecialFormula"],"picked":"Defy","floor":2},{"not_picked":["FastForward","Read"],"picked":"TimeWarp","floor":5},{"not_picked":["Defy","InstantArmor"],"picked":"Starlight","floor":5},{"not_picked":["ShatteredReality","WasteNot"],"picked":"Moonlight","floor":5},{"not_picked":["FanOfKnives","KillingDoll"],"picked":"ShatteredReality","floor":5},{"not_picked":["Rewind","SpecialFormula"],"picked":"TimeWarp","floor":5},{"not_picked":["FastForward","TimeTheft"],"picked":"Misdirection","floor":7},{"not_picked":["Replace","Starlight"],"picked":"Spin","floor":8},{"not_picked":["Rearm","Revamp"],"picked":"Sunlight","floor":10},{"not_picked":["FastForward","InstantArmor"],"picked":"Potential","floor":11},{"not_picked":["StarChef","TimeWarp"],"picked":"Contraction","floor":12},{"not_picked":["Shuttle","FastForward","Defy"],"picked":"SKIP","floor":14}],"player_experience":2239488,"relics_obtained":[{"floor":9,"key":"Ornamental Fan"},{"floor":10,"key":"Art of War"},{"floor":12,"key":"StrikeDummy"}],"event_choices":[{"damage_healed":0,"gold_gain":150,"player_choice":"AGREE","damage_taken":0,"max_hp_gain":0,"max_hp_loss":0,"event_name":"Liars Game","floor":3,"gold_loss":0,"cards_obtained":["Doubt"]},{"damage_healed":0,"gold_gain":57,"player_choice":"Gained Gold","damage_taken":0,"max_hp_gain":0,"max_hp_loss":0,"event_name":"Golden Wing","floor":4,"gold_loss":0}],"is_beta":true,"boss_relics":[],"items_purged_floors":[5],"is_endless":false,"potions_floor_spawned":[2,8,11,14],"killed_by":"The Guardian","ascension_level":20}}