{"host":"95ip98gf8c4vrv08","time":1611739547,"event":{"mods":["ATMod(??Mod)","BaseMod","Downfall","Minty Spire (QoL Compilation)","Quick Restart","Reimu??????","Relic Stats","Spicy Shops","StSLib","The Senshi","??????REMEMod","????"],"gold_per_floor":[99,112,125,125,141,170,170,185,85,45,495,495,11,25,38,38,38,38],"floor_reached":16,"language":"ZHS","playtime":679,"items_purged":["downfall:Icky","downfall:Icky"],"score":102,"play_id":"091314d5-5cd1-4ed5-88e4-45f8ff728d4f","local_time":"20210127172547","is_ascension_mode":false,"campfire_choices":[{"floor":9,"key":"REST"},{"floor":12,"key":"RECALL"}],"circlet_count":0,"master_deck":["sneckomod:Strike","sneckomod:Strike","sneckomod:Strike","sneckomod:Defend","sneckomod:Defend","sneckomod:Defend","sneckomod:TailWhip","sneckomod:SnekBite","sneckomod:Unknown","REME_Shoggoth","sneckomod:UnknownBlock","sneckomod:RainOfDice","sneckomod:SnekBeam","sneckomod:DiceCrush","sneckomod:UnknownUncommonPower","downfall:Icky","sneckomod:SerpentMind","sneckomod:QuickMove","sneckomod:DiceBlock"],"relics":["sneckomod:SneckoSoul","REME_ComplimentaryCards","AT_ATBox","Ornamental Fan","MealTicket","downfall:HeartBlessingGreen","PaintedHorse:ReiMu","Juzu Bracelet","Medical Kit"],"acts_visited":["Exordium"],"potions_floor_usage":[2,16],"damage_taken":[{"damage":0,"enemies":"2 Louse","floor":2,"turns":2},{"damage":6,"enemies":"Cultist","floor":3,"turns":3},{"damage":10,"enemies":"Jaw Worm","floor":5,"turns":4},{"damage":49,"enemies":"3 Sentries","floor":6,"turns":8},{"damage":6,"enemies":"Exordium Wildlife","floor":8,"turns":4},{"damage":2,"enemies":"downfall:FleeingMerchant","floor":13,"turns":4},{"damage":14,"enemies":"Blue Slaver","floor":14,"turns":3},{"damage":15,"enemies":"2 Fungi Beasts","floor":15,"turns":4},{"damage":48,"enemies":"WA_ARCHETYPE_RETAIN","floor":16,"turns":7}],"seed_played":"275358363320613996","potions_obtained":[{"floor":2,"key":"REME_GoldPotion"},{"floor":8,"key":"Swift Potion"},{"floor":14,"key":"LiquidBronze"},{"floor":15,"key":"LiquidMemories"}],"is_trial":false,"path_per_floor":["R","M","M","?","M","E","T","M","R","?","?","R","$","M","M","B"],"character_chosen":"THE_SNECKO","items_purchased":["Juzu Bracelet","Medical Kit"],"campfire_rested":1,"item_purchase_floors":[13,13],"current_hp_per_floor":[99,99,93,93,83,34,34,28,57,57,57,57,70,56,41,0,0,0],"gold":38,"neow_bonus":"TEN_PERCENT_HP_BONUS","is_daily":false,"chose_seed":false,"campfire_upgraded":0,"win_rate":0.0,"timestamp":1611739547,"path_taken":["R","M","M","?","?","E","T","M","R","?","?","R","?","M","M","BOSS"],"items_purchased_type":["Relic","Relic"],"build_version":"2020-12-22","purchased_purges":2,"victory":false,"max_hp_per_floor":[99,99,99,99,99,99,99,99,99,99,99,99,99,99,99,99,99,99],"relic_stats":{"counters":[9,39],"Ornamental Fan":[24],"MealTicket":15,"Juzu Bracelet":0,"Medical Kit":[0],"obtain_stats":[{"AT_ATBox":0,"Ornamental Fan":6,"PaintedHorse:ReiMu":10,"MealTicket":7,"downfall:HeartBlessingGreen":9,"Juzu Bracelet":13,"sneckomod:SneckoSoul":0,"Medical Kit":13,"REME_ComplimentaryCards":0},{"AT_ATBox":0,"Ornamental Fan":4,"PaintedHorse:ReiMu":5,"MealTicket":4,"downfall:HeartBlessingGreen":5,"Juzu Bracelet":6,"sneckomod:SneckoSoul":0,"Medical Kit":6,"REME_ComplimentaryCards":0},{"AT_ATBox":0,"Ornamental Fan":17,"PaintedHorse:ReiMu":21,"MealTicket":17,"downfall:HeartBlessingGreen":21,"Juzu Bracelet":25,"sneckomod:SneckoSoul":0,"Medical Kit":25,"REME_ComplimentaryCards":0}]},"card_choices":[{"not_picked":["sneckomod:WideSting","sneckomod:DiceCrush"],"picked":"sneckomod:UnknownBlock","floor":2},{"not_picked":["sneckomod:TrashToTreasure","sneckomod:Nope"],"picked":"sneckomod:RainOfDice","floor":3},{"not_picked":["sneckomod:RainOfDice","sneckomod:SoulRoll"],"picked":"sneckomod:SnekBeam","floor":5},{"not_picked":["sneckomod:SnakeSap","sneckomod:UnknownStrike"],"picked":"sneckomod:DiceCrush","floor":6},{"not_picked":["sneckomod:RainOfDice","sneckomod:SoulDraw"],"picked":"sneckomod:UnknownUncommonPower","floor":8},{"not_picked":["sneckomod:UnknownBlock","sneckomod:UnknownCommonSkill"],"picked":"sneckomod:SerpentMind","floor":13},{"not_picked":["sneckomod:SoulRoll","sneckomod:UnknownCommonAttack"],"picked":"sneckomod:QuickMove","floor":14},{"not_picked":["sneckomod:UnknownWeak","sneckomod:SnekBeam"],"picked":"sneckomod:DiceBlock","floor":15}],"player_experience":209035,"relics_obtained":[{"floor":6,"key":"Ornamental Fan"},{"floor":7,"key":"MealTicket"}],"event_choices":[{"damage_healed":0,"gold_gain":0,"player_choice":"Ignored","damage_taken":0,"max_hp_gain":0,"max_hp_loss":0,"event_name":"NoteForYourself","floor":4,"gold_loss":0},{"damage_healed":0,"gold_gain":0,"player_choice":"??","damage_taken":0,"relics_obtained":["PaintedHorse:ReiMu"],"max_hp_gain":0,"max_hp_loss":0,"event_name":"yidonshenshe","floor":10,"gold_loss":40}],"is_beta":false,"boss_relics":[],"items_purged_floors":[13,13],"is_endless":false,"potions_floor_spawned":[2,8,14,15],"killed_by":"WA_ARCHETYPE_RETAIN","ascension_level":0}}