{"host":"uv5ws9rdk87e8i5k","time":1611717281,"event":{"mods":["AchievementEnabler","BaseMod","Colored Map","Minty Spire (QoL Compilation)","Permanent Neow","Quick Restart","StSLib","SuperFastMode","The Animator","The Cursed","The Hierophant","The Necromancer"],"gold_per_floor":[117,136,153,165,165,192,192,227,227,242,255,325,325,357,357,456,456,486,548,578,603,665,677,689,689],"floor_reached":24,"language":"ENG","playtime":756,"items_purged":[],"score":444,"play_id":"1667ee37-b21c-4403-981e-a2a1427d0679","local_time":"20210126211441","is_ascension_mode":true,"campfire_choices":[{"data":"Skeleton_Dragon","floor":7.0,"key":"SMITH"},{"data":"Bone_Shift","floor":13.0,"key":"SMITH"},{"data":"Blood_Whip","floor":15.0,"key":"SMITH"},{"data":"Spectral_Walk","floor":23.0,"key":"SMITH"}],"circlet_count":0,"master_deck":["AscendersBane","Defend_W","Defend_W","Defend_W","Defend_W","Negative_Energy_Arrows","Bone_Wall","Blood_Whip+1","Skeleton_Dragon+1","Bone_Shift+1","Spectral_Walk+1","Detonate_Bones","CurseOfTheBell","Bone_Bullets","Bite","Bite","Bite","Bite","Bite","Bone_Bullets"],"relics":["Vampire_Amulet","Thread and Needle","SsserpentHead","Bronze Scales","Art of War","Nunchaku","Meat on the Bone","Calling Bell","MawBank","Singing Bowl","Calipers","Frozen Egg 2"],"acts_visited":["Exordium","TheCity"],"potions_floor_usage":[],"damage_taken":[{"damage":3.0,"enemies":"Jaw Worm","floor":1.0,"turns":6.0},{"damage":0.0,"enemies":"Cultist","floor":2.0,"turns":4.0},{"damage":2.0,"enemies":"Small Slimes","floor":3.0,"turns":3.0},{"damage":3.0,"enemies":"Looter","floor":4.0,"turns":4.0},{"damage":19.0,"enemies":"3 Sentries","floor":6.0,"turns":9.0},{"damage":2.0,"enemies":"Gremlin Nob","floor":8.0,"turns":3.0},{"damage":5.0,"enemies":"Exordium Thugs","floor":10.0,"turns":6.0},{"damage":8.0,"enemies":"2 Fungi Beasts","floor":11.0,"turns":3.0},{"damage":6.0,"enemies":"Large Slime","floor":12.0,"turns":7.0},{"damage":2.0,"enemies":"3 Sentries","floor":14.0,"turns":4.0},{"damage":28.0,"enemies":"Slime Boss","floor":16.0,"turns":11.0},{"damage":25.0,"enemies":"Shell Parasite","floor":18.0,"turns":8.0},{"damage":18.0,"enemies":"3 Byrds","floor":20.0,"turns":6.0},{"damage":37.0,"enemies":"Snecko","floor":21.0,"turns":6.0},{"damage":30,"enemies":"Slavers","floor":24,"turns":5}],"seed_played":"-8836125685038421322","potions_obtained":[{"floor":2.0,"key":"LiquidBronze"},{"floor":4.0,"key":"SneckoOil"},{"floor":10.0,"key":"Fruit Juice"},{"floor":11.0,"key":"DistilledChaos"}],"is_trial":false,"path_per_floor":["M","M","M","M","?","E","R","E","T","M","M","M","R","E","R","B",null,"M","?","M","M","?","R","E"],"character_chosen":"NECROMANCER","items_purchased":[],"campfire_rested":0,"item_purchase_floors":[],"current_hp_per_floor":[67,68,68,67,67,54,54,54,54,53,49,47,47,51,51,48,67,44,44,45,30,30,30,8,8],"gold":689,"neow_bonus":"ONE_RARE_RELIC","is_daily":false,"chose_seed":false,"campfire_upgraded":4,"win_rate":0.0,"timestamp":1611717281,"path_taken":["M","M","M","M","?","E","R","E","T","M","M","?","R","E","R","BOSS","M","?","M","M","?","R","E"],"items_purchased_type":[],"build_version":"2020-12-22","purchased_purges":0,"victory":false,"max_hp_per_floor":[68,68,68,68,68,68,68,68,68,68,68,68,68,68,68,73,73,73,51,51,53,53,53,53,53],"card_choices":[{"not_picked":["Bone_Armor","Death_March_Dance","Negative_Energy_Mist"],"picked":"SKIP","floor":1.0},{"not_picked":["Bone_Spikes","Death_March_Dance"],"picked":"Blood_Whip","floor":2.0},{"not_picked":["Negative_Energy_Shield","Deaths_Shadow","Death_Coil"],"picked":"SKIP","floor":3.0},{"not_picked":["Bone_Bullets","Blood_Curse","Life_Tap"],"picked":"SKIP","floor":4.0},{"not_picked":["Negative_Energy_Shield","Bone_Armor"],"picked":"Skeleton_Dragon","floor":6.0},{"not_picked":["Negative_Energy_Sphere","Death_March_Dance"],"picked":"Bone_Shift","floor":8.0},{"not_picked":["Blood_Whip","Deaths_Shadow","Negative_Energy_Mist"],"picked":"SKIP","floor":10.0},{"not_picked":["Negative_Energy_Sphere","Bones_to_Steel"],"picked":"Spectral_Walk","floor":11.0},{"not_picked":["Epidemic","Finger_Of_Death","Death_Coil"],"picked":"SKIP","floor":12.0},{"not_picked":["Strike_from_Beyond","Blood_Shield","Bones_to_Steel"],"picked":"SKIP","floor":14.0},{"not_picked":["Reap_The_Weak","Blood_Magic"],"picked":"Detonate_Bones","floor":16.0},{"not_picked":["Negative_Energy_Mist+1","Finger_Of_Death"],"picked":"Bone_Bullets","floor":18.0},{"not_picked":["Corrupt","Negative_Energy_Sphere+1"],"picked":"Bone_Bullets","floor":20.0},{"not_picked":["Death_Coil","Toxic_Smoke_Screen","Summon_Death_Knight"],"picked":"Singing Bowl","floor":21.0}],"player_experience":295267,"relics_obtained":[{"floor":6.0,"key":"Bronze Scales"},{"floor":8.0,"key":"Art of War"},{"floor":9.0,"key":"Nunchaku"},{"floor":14.0,"key":"Meat on the Bone"},{"floor":17.0,"key":"MawBank"},{"floor":17.0,"key":"Singing Bowl"},{"floor":17.0,"key":"Calipers"}],"event_choices":[{"damage_healed":0.0,"max_hp_gain":0.0,"max_hp_loss":0.0,"gold_gain":0.0,"event_name":"FaceTrader","player_choice":"Trade","floor":5.0,"gold_loss":0.0,"damage_taken":0.0,"relics_obtained":["SsserpentHead"]},{"damage_healed":0.0,"max_hp_gain":0.0,"max_hp_loss":22.0,"gold_gain":0.0,"event_name":"Vampires","player_choice":"Became a vampire","floor":19.0,"gold_loss":0.0,"damage_taken":0.0,"cards_obtained":["Bite","Bite","Bite","Bite","Bite"]},{"damage_healed":0.0,"max_hp_gain":0.0,"max_hp_loss":0.0,"gold_gain":0.0,"event_name":"The Mausoleum","player_choice":"Opened","floor":22.0,"gold_loss":0.0,"damage_taken":0.0,"relics_obtained":["Frozen Egg 2"]}],"is_beta":false,"boss_relics":[{"not_picked":["Ectoplasm","Coffee Dripper"],"picked":"Calling Bell"}],"items_purged_floors":[],"is_endless":false,"potions_floor_spawned":[2,4,10,11,12],"killed_by":"Slavers","ascension_level":11}}