{"host":"w2kjv12xyhtt0cv2","time":1611763617,"event":{"mods":["Act Like it!","BaseMod","Colored Map","Friendly Minions","Gensokyo","GifTheSpireLib","Highlight Path","Hubris","Kiyohime（清姬）","Marisa（F雨　魔理沙）","Minty Spire (QoL Compilation)","Quick Restart","Reimu（博丽灵梦）","Relic Stats","Replay The Spire","RumiaBox-露米娅的神秘盒子","Shop Mod","Spicy Shops","StSLib","The Cursed","The Servant 0.9.4","UnlockEverythingMod","Waifu the Spire","[功能]功能增强和修复MOD","vexMod","【功能Mod】Neow奖励","【遗物卡牌】REMEMod","没有小屋子和绿帽子啦"],"gold_per_floor":[116,48,68,143,155,155,155],"floor_reached":6,"language":"ZHS","playtime":372,"items_purged":["TheCursedMod:Strike_TheCursed"],"score":52,"play_id":"ee763f0e-4e9b-439c-a3d3-f43d0e3b1568","local_time":"20210128000657","is_ascension_mode":true,"campfire_choices":[],"circlet_count":0,"master_deck":["TheCursedMod:Strike_TheCursed","TheCursedMod:Strike_TheCursed","TheCursedMod:Strike_TheCursed","TheCursedMod:Defend_TheCursed","TheCursedMod:Defend_TheCursed","TheCursedMod:Defend_TheCursed","TheCursedMod:Defend_TheCursed","TheCursedMod:CursedWand","TheCursedMod:CleanUpWorkshop","TheCursedMod:Dregs","FloweringNight","TheCursedMod:CursedBlade","TheCursedMod:SpitefulPlan","TheCursedMod:TroublousMinions"],"relics":["REME_ComplimentaryCards","Ring of Chaos"],"acts_visited":["Exordium"],"potions_floor_usage":[],"damage_taken":[{"damage":10.0,"enemies":"Cultist","floor":1.0,"turns":5.0},{"damage":0.0,"enemies":"Small Slimes","floor":3.0,"turns":2.0},{"damage":15,"enemies":"Jaw Worm","floor":5,"turns":4},{"damage":34,"enemies":"Gremlin Nob","floor":6,"turns":5}],"seed_played":"-6955451913774204617","potions_obtained":[{"floor":1.0,"key":"Explosive Potion"}],"is_trial":false,"path_per_floor":["M","$","M","?","M","E"],"character_chosen":"THE_CURSED","items_purchased":[],"campfire_rested":0,"item_purchase_floors":[],"current_hp_per_floor":[58,58,58,51,36,2,2],"gold":155,"neow_bonus":"BOSS_RELIC","is_daily":false,"chose_seed":false,"campfire_upgraded":0,"win_rate":0.0,"timestamp":1611763617,"path_taken":["M","$","?","?","?","E"],"items_purchased_type":[],"build_version":"2020-12-22","purchased_purges":1,"victory":false,"max_hp_per_floor":[75,75,75,75,75,75,75],"relic_stats":{"counters":[4,16],"obtain_stats":[{"TheCursedMod:BlackMagic101":0,"Ring of Chaos":0,"REME_ComplimentaryCards":0},{"TheCursedMod:BlackMagic101":0,"Ring of Chaos":0,"REME_ComplimentaryCards":0},{"TheCursedMod:BlackMagic101":0,"Ring of Chaos":0,"REME_ComplimentaryCards":0}]},"card_choices":[{"not_picked":["TheCursedMod:Stretching","TheCursedMod:DoubleShield"],"picked":"TheCursedMod:CursedBlade","floor":1.0},{"not_picked":["TheCursedMod:WearCloak","TheCursedMod:CircleOfWindfury"],"picked":"TheCursedMod:SpitefulPlan","floor":3.0},{"not_picked":["TheCursedMod:SpitefulPray","TheCursedMod:SpitefulStrike"],"picked":"TheCursedMod:TroublousMinions","floor":5}],"player_experience":222753,"relics_obtained":[],"event_choices":[{"damage_healed":0,"gold_gain":75,"player_choice":"Touch","damage_taken":7,"max_hp_gain":0,"max_hp_loss":0,"event_name":"FaceTrader","floor":4,"gold_loss":0}],"is_beta":false,"boss_relics":[],"items_purged_floors":[2],"is_endless":false,"potions_floor_spawned":[1],"killed_by":"Gremlin Nob","ascension_level":9}}