{"host":"bxn2em57qlx5u4i0","time":1611720479,"event":{"mods":["BaseMod","Colored Map","Colored Powertips","Highlight Path","Minty Spire (QoL Compilation)","Random Character Button","Relic Sorter","Relic Stats","StSLib","SuperFastMode"],"gold_per_floor":[109,109,16,91,91,116,116,151,176,194,80,93,121,141,141,141,141],"floor_reached":16,"language":"ENG","playtime":258,"items_purged":["Strike_G"],"score":336,"play_id":"93b181f3-63df-4eac-82fb-0dd32a88031f","local_time":"20210126230759","is_ascension_mode":true,"campfire_choices":[{"data":"Predator","floor":7.0,"key":"SMITH"},{"data":"Footwork","floor":15,"key":"SMITH"}],"circlet_count":0,"master_deck":["AscendersBane","Strike_G+1","Strike_G+1","Strike_G","Defend_G","Defend_G","Defend_G","Defend_G","Defend_G","Survivor","Neutralize","Accuracy","Predator+1","Unload","Cloak And Dagger","Noxious Fumes","Noxious Fumes","Footwork+1","Dagger Spray+1"],"relics":["Ring of the Snake","NeowsBlessing","Question Card","MealTicket","Whetstone","Molten Egg 2"],"acts_visited":["Exordium"],"potions_floor_usage":[13,16],"damage_taken":[{"damage":0.0,"enemies":"Jaw Worm","floor":1.0,"turns":1.0},{"damage":0.0,"enemies":"Gremlin Nob","floor":6.0,"turns":1.0},{"damage":0.0,"enemies":"Lagavulin","floor":8.0,"turns":1.0},{"damage":0.0,"enemies":"2 Louse","floor":10.0,"turns":2.0},{"damage":1.0,"enemies":"Cultist","floor":12.0,"turns":3.0},{"damage":24,"enemies":"Gremlin Nob","floor":13,"turns":4},{"damage":5,"enemies":"Blue Slaver","floor":14,"turns":5},{"damage":36,"enemies":"Hexaghost","floor":16,"turns":9}],"seed_played":"4192103193526853038","potions_obtained":[{"floor":6.0,"key":"Explosive Potion"}],"is_trial":false,"path_per_floor":["M","?","$","?","?","E","R","E","T","M","$","M","E","M","R","B"],"character_chosen":"THE_SILENT","items_purchased":["Predator","Strength Potion","Noxious Fumes"],"campfire_rested":0,"item_purchase_floors":[3,3,11],"current_hp_per_floor":[59,52,52,41,63,63,63,63,63,63,66,65,41,36,36,0,0],"gold":141,"neow_bonus":"THREE_ENEMY_KILL","is_daily":false,"chose_seed":false,"campfire_upgraded":2,"win_rate":0.0,"timestamp":1611720479,"path_taken":["M","?","$","?","?","E","R","E","T","M","$","M","E","M","R","BOSS"],"items_purchased_type":["Card","Potion","Card"],"build_version":"2020-12-22","purchased_purges":1,"victory":false,"max_hp_per_floor":[66,66,66,66,66,66,66,66,66,66,66,66,66,66,66,66,66],"relic_stats":{"counters":[8,26],"MealTicket":3,"Whetstone":["Strike_G","Strike_G"],"Question Card":5,"obtain_stats":[{"NeowsBlessing":0,"MealTicket":8,"Molten Egg 2":13,"Whetstone":9,"Question Card":6,"Ring of the Snake":0},{"NeowsBlessing":0,"MealTicket":3,"Molten Egg 2":6,"Whetstone":3,"Question Card":2,"Ring of the Snake":0},{"NeowsBlessing":0,"MealTicket":3,"Molten Egg 2":12,"Whetstone":3,"Question Card":2,"Ring of the Snake":0}],"Ring of the Snake":[16]},"card_choices":[{"not_picked":["Prepared","Acrobatics"],"picked":"Accuracy","floor":1.0},{"not_picked":["Backflip","Masterful Stab"],"picked":"Unload","floor":6.0},{"not_picked":["Prepared","Deflect","Acrobatics"],"picked":"Cloak And Dagger","floor":8.0},{"not_picked":["PiercingWail","Quick Slash","Dodge and Roll"],"picked":"Noxious Fumes","floor":10.0},{"not_picked":["Deflect","Reflex","Endless Agony","Dagger Spray"],"picked":"SKIP","floor":12.0},{"not_picked":["Dagger Spray+1","Blur","Distraction"],"picked":"Footwork","floor":13},{"not_picked":["Heel Hook+1","Choke+1","Finisher+1"],"picked":"Dagger Spray+1","floor":14}],"player_experience":2945254,"relics_obtained":[{"floor":6.0,"key":"Question Card"},{"floor":8.0,"key":"MealTicket"},{"floor":9.0,"key":"Whetstone"},{"floor":13,"key":"Molten Egg 2"}],"event_choices":[{"cards_removed":["Strike_G"],"damage_healed":0.0,"max_hp_gain":0.0,"max_hp_loss":0.0,"gold_gain":0.0,"event_name":"Golden Wing","player_choice":"Card Removal","floor":2.0,"gold_loss":0.0,"damage_taken":7.0},{"damage_healed":0.0,"max_hp_gain":0.0,"max_hp_loss":0.0,"gold_gain":75.0,"event_name":"World of Goop","player_choice":"Gather Gold","floor":4.0,"gold_loss":0.0,"damage_taken":11.0},{"damage_healed":22.0,"max_hp_gain":0.0,"max_hp_loss":0.0,"gold_gain":0.0,"event_name":"Big Fish","player_choice":"Banana","floor":5.0,"gold_loss":0.0,"damage_taken":0.0}],"is_beta":false,"boss_relics":[],"items_purged_floors":[11],"is_endless":false,"potions_floor_spawned":[6,8,10],"killed_by":"Hexaghost","ascension_level":20}}