{"host":"wg29woj1pduqw9vg","time":1611753226,"event":{"mods":["BaseMod","Bestiary","Better Third Choice","Colored Map","Downfall","Highlight Path","Minty Spire (QoL Compilation)","Quick Restart","StSLib"],"gold_per_floor":[99,113,113,123,136,165,189,205,217,231,250,250,265,293,309,309,309,309],"floor_reached":16,"language":"ENG","playtime":1115,"items_purged":[],"score":130,"play_id":"ba4653f5-0457-4da5-8911-2e4358e6e88b","local_time":"20210127051346","is_ascension_mode":true,"campfire_choices":[{"data":"Guardian:TwinSlam","floor":1,"key":"SMITH"},{"floor":12,"key":"REST"}],"circlet_count":0,"master_deck":["Guardian:Strike_Guardian","Guardian:Strike_Guardian","Guardian:Strike_Guardian","Guardian:Strike_Guardian+1","Guardian:Defend_Guardian","Guardian:Defend_Guardian","Guardian:Defend_Guardian","Guardian:Defend_Guardian","Guardian:CurlUp+1","Guardian:TwinSlam+1","Guardian:BronzeOrb+1","Guardian:TimeBomb","Guardian:Recover","Guardian:StasisField","Guardian:Reroute+1","Guardian:StasisStrike","Guardian:TemporalStrike"],"relics":["Guardian:ModeShifter","Regal Pillow","Toy Ornithopter","Whetstone"],"acts_visited":["Exordium"],"potions_floor_usage":[16],"damage_taken":[{"damage":7,"enemies":"2 Louse","floor":2,"turns":3},{"damage":0,"enemies":"Cultist","floor":4,"turns":3},{"damage":0,"enemies":"Jaw Worm","floor":5,"turns":2},{"damage":11,"enemies":"Lagavulin","floor":6,"turns":8},{"damage":10,"enemies":"Exordium Thugs","floor":8,"turns":6},{"damage":3,"enemies":"Lots of Slimes","floor":9,"turns":5},{"damage":0,"enemies":"Large Slime","floor":10,"turns":6},{"damage":8,"enemies":"Blue Slaver","floor":11,"turns":4},{"damage":3,"enemies":"Exordium Thugs","floor":13,"turns":4},{"damage":8,"enemies":"3 Sentries","floor":14,"turns":9},{"damage":1,"enemies":"Large Slime","floor":15,"turns":4},{"damage":35,"enemies":"WA_ARCHETYPE_RETAIN","floor":16,"turns":10}],"seed_played":"8780878948011900225","potions_obtained":[{"floor":5,"key":"Guardian:DefensiveModePotion"},{"floor":6,"key":"BlessingOfTheForge"},{"floor":11,"key":"Block Potion"},{"floor":13,"key":"AttackPotion"}],"is_trial":false,"path_per_floor":["R","M","?","M","M","E","T","M","M","M","M","R","M","E","M","B"],"character_chosen":"GUARDIAN","items_purchased":[],"campfire_rested":1,"item_purchase_floors":[],"current_hp_per_floor":[80,73,73,73,73,62,62,52,49,49,41,80,77,69,68,38,38,38],"gold":309,"neow_bonus":"UPGRADE_CARD","is_daily":false,"chose_seed":false,"campfire_upgraded":1,"win_rate":0.0,"timestamp":1611753226,"path_taken":["R","M","?","M","M","E","T","?","M","M","M","R","M","E","M","BOSS"],"items_purchased_type":[],"build_version":"2020-12-22","purchased_purges":0,"victory":false,"max_hp_per_floor":[80,80,80,80,80,80,80,80,80,80,80,80,80,80,80,80,80,80],"card_choices":[{"not_picked":["Guardian:CrystalBeam","Guardian:DecasProtection"],"picked":"Guardian:BronzeOrb","floor":2},{"not_picked":["Guardian:Planning","Guardian:TemporalShield"],"picked":"Guardian:TimeBomb","floor":4},{"not_picked":["Guardian:SpikerProtocol","Guardian:Gem_Lightblue","Guardian:MultiBeam"],"picked":"SKIP","floor":5},{"not_picked":["Guardian:WalkerClaw","Guardian:RefractedBeam"],"picked":"Guardian:Gem_Red","floor":6},{"not_picked":["Guardian:Emergency","Guardian:Gem_Lightblue"],"picked":"Guardian:Recover","floor":8},{"not_picked":["Guardian:SpikerProtocol","Guardian:PrimingBeam"],"picked":"Guardian:StasisField","floor":9},{"not_picked":["Guardian:PrismaticBarrier","Guardian:WalkerClaw"],"picked":"Guardian:Reroute","floor":10},{"not_picked":["Guardian:Gem_Red","Guardian:ChargeCore"],"picked":"Guardian:Gem_Purple","floor":11},{"not_picked":["Guardian:Gem_Lightblue","Guardian:VentSteam","Guardian:CrystalBeam"],"picked":"SKIP","floor":13},{"not_picked":["Guardian:FierceBash","Guardian:TimeCapacitor"],"picked":"Guardian:StasisStrike","floor":14},{"not_picked":["Guardian:Gem_Cyan","Guardian:Suspension"],"picked":"Guardian:TemporalStrike","floor":15}],"player_experience":53333,"relics_obtained":[{"floor":6,"key":"Regal Pillow"},{"floor":7,"key":"Toy Ornithopter"},{"floor":14,"key":"Whetstone"}],"event_choices":[],"is_beta":false,"boss_relics":[],"items_purged_floors":[],"is_endless":false,"potions_floor_spawned":[5,6,11,13,14],"killed_by":"WA_ARCHETYPE_RETAIN","ascension_level":2}}