{"host":"agdto6ifbg57aw9m","time":1611781606,"event":{"mods":["2.2 Compatiblity","Aspiration","BaseMod","BetterRewards","Duelist Mod","Friendly Minions","GifTheSpireLib","Halation","Infinite Spire","Minty Spire (QoL Compilation)","Replay The Spire","Spikes Relics","StSLib","Stuff the Spire","The Spell Scribe"],"gold_per_floor":[145,157,157,169,181,181,192,226,226,226,257,257,257,269,269,370,370,383,401,110,163,163,198,216,241,241,253,267,283,283,295,295,394,394,405,405,421,434,447,476,525,525,525,542,555,583,594,611,611,611],"floor_reached":51,"language":"ENG","playtime":5815,"items_purged":["Regret"],"score":1117,"play_id":"899b5ec7-9a74-4994-92a6-ef46d595fb52","local_time":"20210127160646","is_ascension_mode":false,"campfire_choices":[{"floor":6,"key":"DIG"},{"floor":13,"key":"DIG"},{"floor":15,"key":"DIG"},{"data":"theDuelist:BerserkerCrush+1","floor":30,"key":"SMITH"},{"floor":32,"key":"DIG"},{"floor":42,"key":"DIG"},{"floor":49,"key":"DIG"}],"circlet_count":0,"master_deck":["theDuelist:WhiteMagicalHat","theDuelist:RainbowKuriboh","theDuelist:HappyLover+1","theDuelist:GiantSoldier","Injury","theDuelist:GiantSoldier","theDuelist:ScrapFactory","theDuelist:RainbowKuriboh+1","theDuelist:BeaverWarrior","theDuelist:HappyLover","theDuelist:ElectromagneticShield","theDuelist:AncientGearFist","theDuelist:CastleWalls","theDuelist:OjamaCountry","theDuelist:BerserkerCrush+2","theDuelist:CastleWalls","theDuelist:Tuningware","theDuelist:DoubleTool+1","theDuelist:Hinotama","theDuelist:Sparks","theDuelist:Downbeat","theDuelist:Sparks","theDuelist:ForbiddenLance+1","theDuelist:Tuningware+1","theDuelist:Wildfire","theDuelist:BeaverWarrior","theDuelist:KamionTimelord","theDuelist:OjamaDeltaHurricane","theDuelist:Hinotama+1","theDuelist:SpellShatteringArrow+1","theDuelist:Tuningware+1","theDuelist:InfernoFireBlast","Parasite","theDuelist:AmuletAmbition+1","theDuelist:FuryFire+1","theDuelist:LegendHeart+1","theDuelist:EvilswarmHeliotrope+1","theDuelist:MagnumShield+1","theDuelist:CombinationAttack+1","theDuelist:AncientGearFist+1","theDuelist:BigFire+1","Bandage Up+1"],"relics":["theDuelist:MillenniumPuzzle","theDuelist:CardPoolRelic","theDuelist:CardPoolBasicRelic","theDuelist:BoosterPackPoolRelic","theDuelist:CardPoolAddRelic","theDuelist:CardPoolMinusRelic","theDuelist:CardPoolSaveRelic","theDuelist:CardPoolOptionsRelic","Shovel","theDuelist:ElectricToken","theDuelist:SpellMaxHPRelic","halation:TwoAmDonut","Blood Vial","theDuelist:MillenniumArmor","StuffTheSpire:RedRose","theDuelist:BlessingAnubis","Thread and Needle","halation:Risk","Bag of Preparation","Basket Of Snakes","Lizard Tail","theDuelist:ArmorPlateD","Nilry\u0027s Codex","ReplayTheSpireMod:Lightbulb","Replay:Rubber Ducky","Bottled Flame","halation:BlackBeret","Replay:Ancient Bell","Omamori","infinitespire:EmpoweringShard","StuffTheSpire:Expresso","StuffTheSpire:OldFever","Tingsha","ShockBauble","Vajra","StuffTheSpire:Mouthbags","Centennial Puzzle"],"acts_visited":["Exordium","TheCity","TheBeyond"],"potions_floor_usage":[23,25,41],"damage_taken":[{"damage":1.0,"enemies":"2 Louse","floor":1.0,"turns":3.0},{"damage":0,"enemies":"Jaw Worm","floor":2,"turns":3},{"damage":0,"enemies":"Small Slimes","floor":4,"turns":3},{"damage":0,"enemies":"Looter","floor":5,"turns":3},{"damage":0,"enemies":"3 Louse","floor":7,"turns":3},{"damage":0,"enemies":"3 Sentries","floor":8,"turns":6},{"damage":4,"enemies":"Gremlin Nob","floor":11,"turns":3},{"damage":0,"enemies":"Blue Slaver","floor":14,"turns":2},{"damage":0,"enemies":"Hexaghost","floor":16,"turns":6},{"damage":0,"enemies":"Shell Parasite","floor":18,"turns":6},{"damage":4,"enemies":"2 Thieves","floor":19,"turns":4},{"damage":0,"enemies":"2 Thieves","floor":21,"turns":9},{"damage":0,"enemies":"Replay:Snechameleon","floor":23,"turns":6},{"damage":0,"enemies":"3 Cultists","floor":24,"turns":4},{"damage":0,"enemies":"theDuelist:KaibaA2","floor":25,"turns":4},{"damage":0,"enemies":"Shelled Parasite and Fungi","floor":27,"turns":3},{"damage":0,"enemies":"Snecko","floor":28,"turns":5},{"damage":0,"enemies":"Snake Plant","floor":29,"turns":3},{"damage":0,"enemies":"3 Cultists","floor":31,"turns":5},{"damage":0,"enemies":"Collector","floor":33,"turns":5},{"damage":0,"enemies":"Orb Walker","floor":35,"turns":2},{"damage":0,"enemies":"3 Darklings","floor":37,"turns":2},{"damage":0,"enemies":"Transient","floor":38,"turns":5},{"damage":0,"enemies":"Writhing Mass","floor":39,"turns":7},{"damage":0,"enemies":"R_Hoarder","floor":40,"turns":8},{"damage":0,"enemies":"2 Orb Walkers","floor":41,"turns":3},{"damage":0,"enemies":"3 Darklings","floor":44,"turns":4},{"damage":0,"enemies":"Spire Growth","floor":45,"turns":4},{"damage":0,"enemies":"Nemesis","floor":46,"turns":3},{"damage":0,"enemies":"Writhing Mass","floor":47,"turns":6},{"damage":0,"enemies":"3 Darklings","floor":48,"turns":3},{"damage":0,"enemies":"Time Eater","floor":50,"turns":6}],"seed_played":"-5599981658418305916","potions_obtained":[{"floor":1,"key":"theDuelist:DebuffArmorPotion"},{"floor":5,"key":"SteroidPotion"},{"floor":11,"key":"BlessingOfTheForge"},{"floor":29,"key":"theDuelist:VoidBottle"},{"floor":39,"key":"Elixir"},{"floor":45,"key":"theDuelist:VoidBottle"}],"is_trial":false,"path_per_floor":["M","M","?","M","M","R","M","E","T","?","E","?","R","M","R","B",null,"M","M","$","?","?","E","M","E","T","M","M","M","R","M","R","B",null,"M","?","M","M","M","E","?","R","T","M","M","E","M","M","R","B",null],"character_chosen":"THE_DUELIST","items_purchased":["theDuelist:ElectromagneticShield","Bag of Preparation"],"campfire_rested":0,"item_purchase_floors":[20,20],"current_hp_per_floor":[71,71,65,65,65,65,66,67,67,67,65,65,65,68,68,70,75,76,73,74,77,61,63,65,68,68,70,73,76,76,78,78,80,82,83,83,83,84,85,86,87,87,87,87,88,89,90,90,90,90],"gold":611,"neow_bonus":"ONE_RARE_RELIC","is_daily":false,"chose_seed":false,"campfire_upgraded":1,"win_rate":0.0,"timestamp":1611781606,"path_taken":["M","M","?","M","M","R","M","E","T","?","E","?","R","M","R","BOSS","M","M","$","?","?","E","M","E","T","M","M","M","R","M","R","BOSS","M","?","M","M","M","E","?","R","T","M","M","E","M","M","R","BOSS"],"items_purchased_type":["Card","Relic"],"build_version":"2020-12-22","purchased_purges":1,"victory":true,"max_hp_per_floor":[72,72,72,72,72,72,73,74,74,74,74,74,74,75,75,75,75,76,77,78,79,79,79,79,80,80,80,81,82,82,82,82,82,82,83,83,83,84,85,86,87,87,87,87,88,89,90,90,90,90],"card_choices":[{"not_picked":["theDuelist:SilentDoom","theDuelist:PineappleBlast","theDuelist:OnslaughtFireKings","theDuelist:MiracleFertilizer"],"picked":"theDuelist:OjamaDeltaHurricane","floor":1},{"not_picked":["theDuelist:GiantSoldier","theDuelist:BeaverWarrior"],"picked":"SKIP","floor":2},{"not_picked":["theDuelist:SparkBlaster","theDuelist:OjamaCountry","theDuelist:BigKoala","theDuelist:GravityBlaster"],"picked":"theDuelist:HappyLover","floor":4},{"not_picked":["theDuelist:CoreBlaster","theDuelist:SwordDeepSeated","theDuelist:DoubleTool","theDuelist:ChaosSeed"],"picked":"theDuelist:Tuningware","floor":5},{"not_picked":["theDuelist:CombinationAttack","theDuelist:SpiritHarp","theDuelist:Invigoration","theDuelist:CoreBlaster"],"picked":"theDuelist:Downbeat","floor":7},{"not_picked":["theDuelist:LegendarySword+1","theDuelist:CrystalRaigeki+1"],"picked":"theDuelist:BerserkerCrush+1","floor":8},{"not_picked":["theDuelist:SangaEarth","theDuelist:MythicalBeast","theDuelist:RainbowNeos","theDuelist:Eva"],"picked":"theDuelist:WhiteMagicalHat","floor":11},{"not_picked":["theDuelist:FairyBox","theDuelist:Eva","theDuelist:OnslaughtFireKings","theDuelist:Ojamatch"],"picked":"theDuelist:Hinotama","floor":14},{"not_picked":["theDuelist:RainbowNeos","theDuelist:KamionTimelord","theDuelist:Eva","theDuelist:RainbowOverdragon"],"picked":"theDuelist:RainbowKuriboh","floor":16},{"not_picked":["theDuelist:VenomShot+1","theDuelist:MeteorDestruction+1","theDuelist:FeatherShot+1","theDuelist:CharcoalInpachi"],"picked":"theDuelist:ForbiddenLance+1","floor":18},{"not_picked":["theDuelist:RainbowNeos","theDuelist:DarkBurningAttack","theDuelist:PowerWall","theDuelist:BigKoala+1"],"picked":"theDuelist:Hinotama+1","floor":19},{"not_picked":["theDuelist:Sangan","theDuelist:ForbiddenLance"],"picked":"theDuelist:Wildfire","floor":21},{"not_picked":["theDuelist:WhiteMagicalHat+1","theDuelist:SolarWindJammer","theDuelist:Babycerasaurus+1","theDuelist:NaturiaBeans+1"],"picked":"theDuelist:HappyLover+1","floor":23},{"not_picked":["theDuelist:FrontierWiseman","theDuelist:BlackPendant","theDuelist:PreventRat","theDuelist:BattleOx+1"],"picked":"theDuelist:Tuningware+1","floor":24},{"not_picked":["theDuelist:MeteorDestruction","theDuelist:AfterTheStorm","theDuelist:WhiteMagicalHat","theDuelist:PotDuality+1"],"picked":"theDuelist:DoubleTool+1","floor":25},{"not_picked":["theDuelist:RainbowNeos+1","theDuelist:HappyLover","theDuelist:BlueBloodedOni","theDuelist:GreenGraveOni","theDuelist:GreyGreedOni"],"picked":"SKIP","floor":27},{"not_picked":["theDuelist:ChaosSeed","theDuelist:HappyLover","theDuelist:BerserkerCrush","theDuelist:InstantFusion"],"picked":"theDuelist:AncientGearFist","floor":28},{"not_picked":["theDuelist:Downbeat+1","theDuelist:WhiteMagicalHat","theDuelist:OjamaCountry","theDuelist:Hinotama"],"picked":"theDuelist:CombinationAttack+1","floor":29},{"not_picked":["theDuelist:RainbowNeos","theDuelist:HappyLover","theDuelist:Eva","theDuelist:RainbowOverdragon"],"picked":"theDuelist:KamionTimelord","floor":31},{"not_picked":["theDuelist:RainbowNeos+1","theDuelist:KamionTimelord","theDuelist:HappyLover","theDuelist:Eva"],"picked":"theDuelist:RainbowKuriboh+1","floor":33},{"not_picked":["Shame","CurseOfTheBell"],"picked":"theDuelist:CurseAnubis","floor":34},{"not_picked":["ReplayTheSpireMod:Doomed","ReplayTheSpireMod:Faulty Equipment"],"picked":"Voices","floor":34},{"not_picked":["CurseOfTheBell","ReplayTheSpireMod:Faulty Equipment"],"picked":"Injury","floor":34},{"not_picked":["theDuelist:MeteorDestruction+1","theDuelist:LightningVortex","theDuelist:BigFire","theDuelist:CrystalRaigeki"],"picked":"theDuelist:SpellShatteringArrow+1","floor":35},{"not_picked":["theDuelist:RainbowNeos+1","theDuelist:DarkBurningAttack+1","theDuelist:FairyBox+1","theDuelist:BigKoala+1"],"picked":"theDuelist:Tuningware+1","floor":37},{"not_picked":["theDuelist:DoubleTool+2","theDuelist:RainbowNeos","theDuelist:StarBlast+1","theDuelist:MythicalBeast"],"picked":"theDuelist:InfernoFireBlast","floor":38},{"not_picked":["theDuelist:AncientGearFist+2","theDuelist:Sangan+1","theDuelist:CircleFireKings+1","theDuelist:Mathematician"],"picked":"theDuelist:AmuletAmbition+1","floor":39},{"not_picked":["theDuelist:SpellShatteringArrow","theDuelist:MeteorDestruction","theDuelist:DoubleTool","theDuelist:CoreBlaster+2"],"picked":"theDuelist:FuryFire+1","floor":40},{"not_picked":["theDuelist:DoubleTool","theDuelist:BigFire+1","theDuelist:EgoBoost+1","theDuelist:Downbeat"],"picked":"theDuelist:LegendHeart+1","floor":41},{"not_picked":["theDuelist:WormKing","theDuelist:FluteKuriboh+1","theDuelist:Wiseman","theDuelist:ReinforcementsArmy"],"picked":"theDuelist:EvilswarmHeliotrope+1","floor":44},{"not_picked":["theDuelist:StarBlast+1","theDuelist:SpiritHarp","theDuelist:Ojamagic+1","theDuelist:BerserkerCrush"],"picked":"theDuelist:MagnumShield+1","floor":45},{"not_picked":["theDuelist:SpellShatteringArrow","theDuelist:MeteorDestruction+2","theDuelist:CombinationAttack+1","theDuelist:RainbowNeos+1"],"picked":"theDuelist:AncientGearFist+1","floor":46},{"not_picked":["theDuelist:Hinotama+1","theDuelist:CombinationAttack+2","theDuelist:RainbowNeos","theDuelist:SpellShatteringArrow+1"],"picked":"theDuelist:BigFire+1","floor":47},{"not_picked":["Master of Strategy","Mind Blast","Swift Strike+1"],"picked":"Bandage Up+1","floor":48}],"player_experience":527270,"relics_obtained":[{"floor":6,"key":"theDuelist:SpellMaxHPRelic"},{"floor":8,"key":"halation:TwoAmDonut"},{"floor":9,"key":"Blood Vial"},{"floor":11,"key":"theDuelist:MillenniumArmor"},{"floor":13,"key":"theDuelist:BlessingAnubis"},{"floor":15,"key":"Thread and Needle"},{"floor":21,"key":"Basket Of Snakes"},{"floor":21,"key":"Lizard Tail"},{"floor":21,"key":"theDuelist:ArmorPlateD"},{"floor":22,"key":"Nilry\u0027s Codex"},{"floor":23,"key":"ReplayTheSpireMod:Lightbulb"},{"floor":25,"key":"Replay:Rubber Ducky"},{"floor":26,"key":"Bottled Flame"},{"floor":32,"key":"halation:BlackBeret"},{"floor":40,"key":"StuffTheSpire:OldFever"},{"floor":41,"key":"Tingsha"},{"floor":42,"key":"ShockBauble"},{"floor":43,"key":"Vajra"},{"floor":46,"key":"StuffTheSpire:Mouthbags"},{"floor":49,"key":"Centennial Puzzle"}],"event_choices":[{"damage_healed":0,"gold_gain":0,"player_choice":"Dig - random Duelist relic","duelist":true,"damage_taken":0,"max_hp_gain":0,"max_hp_loss":0,"event_name":"Aknamkanon\u0027s Tomb","floor":3,"gold_loss":0},{"damage_healed":0,"gold_gain":0,"player_choice":"Traded Final Flame for Ojama Country","duelist":true,"damage_taken":0,"max_hp_gain":0,"max_hp_loss":0,"event_name":"Card Trader","floor":10,"gold_loss":0},{"damage_healed":0,"gold_gain":0,"player_choice":"Fight","duelist":true,"damage_taken":0,"max_hp_gain":0,"max_hp_loss":0,"event_name":"Battle City","floor":21,"gold_loss":0},{"damage_healed":0,"gold_gain":0,"player_choice":"Obtained Book","damage_taken":16,"max_hp_gain":0,"max_hp_loss":0,"event_name":"Cursed Tome","floor":22,"gold_loss":0},{"damage_healed":0,"gold_gain":0,"player_choice":"Fight","damage_taken":0,"max_hp_gain":0,"max_hp_loss":0,"event_name":"Mysterious Sphere","floor":41,"gold_loss":0}],"is_beta":false,"boss_relics":[{"not_picked":["halation:Yufonium","Snecko Scales"],"picked":"halation:Risk"},{"not_picked":["Replay:Drink Me","Velvet Choker"],"picked":"Replay:Ancient Bell"},{"not_picked":["Potion Belt","theDuelist:ArmorPlateB"],"picked":"Omamori"},{"not_picked":["Toxic Egg 2","StuffTheSpire:Tea"],"picked":"infinitespire:EmpoweringShard"},{"not_picked":["halation:SwordOfLegend","Durian"],"picked":"StuffTheSpire:Expresso"}],"items_purged_floors":[20],"is_endless":false,"potions_floor_spawned":[1,5,11,14,19,21,23,24,29,39,40,45,46,48],"ascension_level":0}}