{"host":"hjajo0rafoe1e6c4","time":1611720744,"event":{"mods":["AchievementEnabler","BaseMod","Bestiary","Colored Map","Colored Powertips","Highlight Path","Minty Spire (QoL Compilation)","Relic Stats"],"gold_per_floor":[109,59,75,75,75,109,120,120,143,163,223,255,1,21,21,121,121,133,146,146,162,122,151,166,194,194,194,214,214,214,2,2,101,101,115,115,127,145,145,145,173,173,199,199,226,240,272,290,290,290],"floor_reached":51,"language":"ENG","playtime":3490,"items_purged":[],"score":1039,"play_id":"e167a3da-177d-4845-b20d-797e6ee3514c","local_time":"20210126231224","is_ascension_mode":true,"campfire_choices":[{"data":"Leg Sweep","floor":8,"key":"SMITH"},{"data":"Cloak And Dagger","floor":15,"key":"SMITH"},{"data":"Crippling Poison","floor":27,"key":"SMITH"},{"data":"Infinite Blades","floor":29,"key":"SMITH"},{"data":"Infinite Blades","floor":32,"key":"SMITH"},{"data":"Noxious Fumes","floor":40,"key":"SMITH"},{"data":"After Image","floor":42,"key":"SMITH"},{"data":"Panache","floor":44,"key":"SMITH"},{"data":"Blade Dance","floor":49,"key":"SMITH"}],"circlet_count":0,"master_deck":["Strike_G+1","Strike_G+1","Strike_G+1","Strike_G+1","Strike_G+1","Defend_G+1","Defend_G+1","Defend_G+1","Survivor","Neutralize+1","Leg Sweep+1","Caltrops","Dagger Throw","Deadly Poison","Dash","Backflip+1","Infinite Blades+1","Cloak And Dagger+1","After Image+1","Noxious Fumes+1","Flying Knee","Crippling Poison+1","Cloak And Dagger+1","Choke+1","Backstab","Infinite Blades+1","Flash of Steel","Backflip","Bane+1","Panache+1","Escape Plan+1","Blur+1","Sucker Punch+1","Prepared+1","Blade Dance+1","Flying Knee+1"],"relics":["Ring of the Snake","NeowsBlessing","Nunchaku","Toy Ornithopter","Bag of Preparation","Happy Flower","Turnip","Kunai","Coffee Dripper","Orichalcum","Mummified Hand","Paper Crane","Philosopher\u0027s Stone","War Paint","Omamori","Anchor","Ornamental Fan"],"acts_visited":["Exordium","TheCity","TheBeyond"],"potions_floor_usage":[11,12,12,23,28,38,45,47,50],"damage_taken":[{"damage":0,"enemies":"2 Louse","floor":1,"turns":2},{"damage":0,"enemies":"Small Slimes","floor":3,"turns":1},{"damage":0,"enemies":"Lagavulin","floor":6,"turns":1},{"damage":0,"enemies":"Jaw Worm","floor":7,"turns":4},{"damage":27,"enemies":"Large Slime","floor":10,"turns":14},{"damage":21,"enemies":"Lagavulin Event","floor":11,"turns":7},{"damage":8,"enemies":"3 Sentries","floor":12,"turns":7},{"damage":0,"enemies":"Gremlin Gang","floor":14,"turns":5},{"damage":3,"enemies":"Slime Boss","floor":16,"turns":15},{"damage":0,"enemies":"Chosen","floor":18,"turns":6},{"damage":0,"enemies":"Spheric Guardian","floor":19,"turns":4},{"damage":0,"enemies":"Centurion and Healer","floor":21,"turns":8},{"damage":18,"enemies":"Slavers","floor":23,"turns":6},{"damage":19,"enemies":"Chosen and Byrds","floor":24,"turns":5},{"damage":13,"enemies":"Gremlin Leader","floor":25,"turns":6},{"damage":2,"enemies":"Snecko","floor":28,"turns":4},{"damage":0,"enemies":"Collector","floor":33,"turns":7},{"damage":0,"enemies":"Orb Walker","floor":35,"turns":2},{"damage":0,"enemies":"3 Shapes","floor":37,"turns":3},{"damage":7,"enemies":"3 Darklings","floor":38,"turns":3},{"damage":17,"enemies":"Reptomancer","floor":41,"turns":4},{"damage":0,"enemies":"Nemesis","floor":45,"turns":5},{"damage":0,"enemies":"Spire Growth","floor":46,"turns":3},{"damage":0,"enemies":"Reptomancer","floor":47,"turns":5},{"damage":0,"enemies":"Writhing Mass","floor":48,"turns":5},{"damage":4,"enemies":"Awakened One","floor":50,"turns":13}],"seed_played":"-4521090144192422216","potions_obtained":[{"floor":1,"key":"CunningPotion"},{"floor":3,"key":"SkillPotion"},{"floor":6,"key":"LiquidBronze"},{"floor":11,"key":"DistilledChaos"},{"floor":14,"key":"Dexterity Potion"},{"floor":21,"key":"Regen Potion"},{"floor":24,"key":"Block Potion"},{"floor":28,"key":"Ancient Potion"},{"floor":38,"key":"BlessingOfTheForge"},{"floor":45,"key":"Strength Potion"},{"floor":47,"key":"SkillPotion"}],"is_trial":false,"path_per_floor":["M","?","M","?","?","E","M","R","T","M","?","E","$","M","R","B",null,"M","M","?","M","?","E","M","E","T","R","M","R","?","$","R","B",null,"M","?","M","M","?","R","E","R","T","R","E","M","E","M","R","B",null],"character_chosen":"THE_SILENT","items_purchased":["Kunai","Infinite Blades","Flash of Steel","Backflip"],"campfire_rested":0,"item_purchase_floors":[13,31,31,31],"current_hp_per_floor":[70,70,70,70,63,63,63,63,63,36,20,22,22,22,22,19,70,70,70,70,70,70,70,51,38,38,38,41,41,64,64,64,64,70,70,70,70,68,68,68,51,51,51,51,56,56,61,61,61,62],"gold":290,"neow_bonus":"THREE_ENEMY_KILL","is_daily":false,"chose_seed":false,"campfire_upgraded":9,"win_rate":0.0,"timestamp":1611720744,"path_taken":["M","?","M","?","?","E","M","R","T","M","?","E","$","M","R","BOSS","M","M","?","M","?","E","M","E","T","R","?","R","?","$","R","BOSS","M","?","M","M","?","R","E","R","T","R","E","M","E","M","R","BOSS"],"items_purchased_type":["Relic","Card","Card","Card"],"build_version":"2020-12-22","purchased_purges":0,"victory":true,"max_hp_per_floor":[70,70,70,70,70,70,70,70,70,70,70,70,70,70,70,70,70,70,70,70,70,70,70,70,70,70,70,70,70,70,70,70,70,70,70,70,70,70,70,70,70,70,70,70,70,70,70,70,70,70],"relic_stats":{"Happy Flower":[38],"counters":[26,145],"Bag of Preparation":[44],"Orichalcum":[6],"War Paint":["Cloak And Dagger","Blur"],"Nunchaku":[47],"Mummified Hand":[63],"Ornamental Fan":[104],"Turnip":[23],"Kunai":[109],"obtain_stats":[{"NeowsBlessing":0,"Happy Flower":11,"Bag of Preparation":9,"Omamori":43,"Orichalcum":23,"Paper Crane":26,"War Paint":41,"Nunchaku":4,"Anchor":45,"Mummified Hand":25,"Ornamental Fan":47,"Philosopher\u0027s Stone":34,"Turnip":12,"Coffee Dripper":17,"Kunai":13,"Toy Ornithopter":6,"Ring of the Snake":0},{"NeowsBlessing":0,"Happy Flower":6,"Bag of Preparation":4,"Omamori":21,"Orichalcum":13,"Paper Crane":15,"War Paint":21,"Nunchaku":2,"Anchor":22,"Mummified Hand":15,"Ornamental Fan":24,"Philosopher\u0027s Stone":17,"Turnip":7,"Coffee Dripper":9,"Kunai":7,"Toy Ornithopter":3,"Ring of the Snake":0},{"NeowsBlessing":0,"Happy Flower":29,"Bag of Preparation":8,"Omamori":114,"Orichalcum":80,"Paper Crane":91,"War Paint":114,"Nunchaku":3,"Anchor":119,"Mummified Hand":91,"Ornamental Fan":127,"Philosopher\u0027s Stone":102,"Turnip":36,"Coffee Dripper":56,"Kunai":36,"Toy Ornithopter":4,"Ring of the Snake":0}],"Toy Ornithopter":45,"Ring of the Snake":[52]},"card_choices":[{"not_picked":["Caltrops","Dash"],"picked":"Leg Sweep","floor":1},{"not_picked":["Bouncing Flask","Backflip"],"picked":"Caltrops","floor":3},{"not_picked":["Slice","Deflect"],"picked":"Dagger Throw","floor":6},{"not_picked":["Bane","Sucker Punch"],"picked":"Deadly Poison","floor":7},{"not_picked":["Endless Agony","Tactician"],"picked":"Dash","floor":10},{"not_picked":["Predator","Reflex"],"picked":"Backflip","floor":11},{"not_picked":["Dodge and Roll","Bane"],"picked":"Infinite Blades","floor":12},{"not_picked":["Poisoned Stab","Glass Knife"],"picked":"Cloak And Dagger","floor":14},{"not_picked":["Phantasmal Killer","Doppelganger"],"picked":"After Image","floor":16},{"not_picked":["Outmaneuver","Slice","Deadly Poison"],"picked":"SKIP","floor":18},{"not_picked":["Backflip","Flying Knee"],"picked":"Noxious Fumes","floor":19},{"not_picked":["Leg Sweep","Storm of Steel"],"picked":"Flying Knee","floor":21},{"not_picked":["Bane+1","Quick Slash+1"],"picked":"Crippling Poison","floor":23},{"not_picked":["Quick Slash","All Out Attack"],"picked":"Cloak And Dagger","floor":24},{"not_picked":["Poisoned Stab","Dodge and Roll"],"picked":"Choke+1","floor":25},{"not_picked":["Poisoned Stab","Dagger Spray"],"picked":"Backstab","floor":28},{"not_picked":["Underhanded Strike","Sucker Punch+1"],"picked":"Bane+1","floor":35},{"not_picked":["Master of Strategy","Good Instincts"],"picked":"Panache","floor":36},{"not_picked":["PiercingWail+1","Outmaneuver+1"],"picked":"Escape Plan+1","floor":37},{"not_picked":["Accuracy+1","Slice"],"picked":"Blur","floor":38},{"not_picked":["Leg Sweep","Flechettes+1"],"picked":"Sucker Punch+1","floor":41},{"not_picked":["Deadly Poison+1","Cloak And Dagger"],"picked":"Prepared+1","floor":45},{"not_picked":["Dodge and Roll+1","Dagger Spray"],"picked":"Blade Dance","floor":46},{"not_picked":["Prepared+1","Reflex"],"picked":"Flying Knee+1","floor":47},{"not_picked":["Outmaneuver+1","Poisoned Stab","Malaise"],"picked":"SKIP","floor":48}],"player_experience":176365,"relics_obtained":[{"floor":6,"key":"Toy Ornithopter"},{"floor":9,"key":"Bag of Preparation"},{"floor":11,"key":"Happy Flower"},{"floor":12,"key":"Turnip"},{"floor":23,"key":"Orichalcum"},{"floor":25,"key":"Mummified Hand"},{"floor":26,"key":"Paper Crane"},{"floor":41,"key":"War Paint"},{"floor":43,"key":"Omamori"},{"floor":45,"key":"Anchor"},{"floor":47,"key":"Ornamental Fan"}],"event_choices":[{"cards_removed":["Defend_G"],"damage_healed":0,"gold_gain":0,"player_choice":"Card Removal","damage_taken":0,"max_hp_gain":0,"max_hp_loss":0,"event_name":"The Cleric","floor":2,"gold_loss":50},{"damage_healed":0,"gold_gain":0,"player_choice":"Box","damage_taken":0,"relics_obtained":["Nunchaku"],"max_hp_gain":0,"max_hp_loss":0,"event_name":"Big Fish","floor":4,"gold_loss":0,"cards_obtained":["Regret"]},{"cards_removed":["Regret"],"damage_healed":0,"gold_gain":0,"player_choice":"Card Removal","damage_taken":7,"max_hp_gain":0,"max_hp_loss":0,"event_name":"Golden Wing","floor":5,"gold_loss":0},{"damage_healed":0,"gold_gain":0,"player_choice":"Searched \u00272\u0027 times","damage_taken":0,"max_hp_gain":0,"max_hp_loss":0,"event_name":"Dead Adventurer","floor":11,"gold_loss":0},{"damage_healed":0,"gold_gain":0,"player_choice":"Simplicity","damage_taken":0,"max_hp_gain":0,"max_hp_loss":0,"event_name":"Back to Basics","floor":20,"gold_loss":0,"cards_upgraded":["Strike_G","Strike_G","Strike_G","Strike_G","Strike_G","Defend_G","Defend_G","Defend_G","Defend_G"]},{"damage_healed":0,"gold_gain":0,"player_choice":"Upgraded Two","damage_taken":0,"max_hp_gain":0,"max_hp_loss":0,"event_name":"Designer","floor":22,"gold_loss":40,"cards_upgraded":["Neutralize","Backflip"]},{"damage_healed":23,"gold_gain":0,"player_choice":"Heal","damage_taken":0,"max_hp_gain":0,"max_hp_loss":0,"event_name":"The Library","floor":30,"gold_loss":0},{"damage_healed":0,"gold_gain":0,"player_choice":"Memory 1","damage_taken":0,"max_hp_gain":0,"max_hp_loss":0,"event_name":"SensoryStone","floor":36,"gold_loss":0},{"cards_removed":["Defend_G"],"damage_healed":0,"gold_gain":0,"player_choice":"Removed Skill","damage_taken":0,"max_hp_gain":0,"max_hp_loss":0,"event_name":"Falling","floor":39,"gold_loss":0}],"is_beta":false,"boss_relics":[{"not_picked":["Fusion Hammer","Ectoplasm"],"picked":"Coffee Dripper"},{"not_picked":["Busted Crown","Ring of the Serpent"],"picked":"Philosopher\u0027s Stone"}],"items_purged_floors":[],"is_endless":false,"potions_floor_spawned":[1,3,6,11,14,21,24,25,28,35,38,41,45,47],"ascension_level":3}}