{"host":"na09lpbrez4gbfiz","time":1611733547,"event":{"mods":["Act Like it!","BaseMod","BetterRewards","Colored Map","Colored Powertips","DeckTracker","Googly Eyes","Highlight Path","Minty Spire (QoL Compilation)","Quick Restart","Spicy Shops","StSLib","SuperFastMode","Synergy Search"],"gold_per_floor":[118,118,118,193,203,203,238,10,35,35,54,54,68,99,99,99,99],"floor_reached":16,"language":"ENG","playtime":438,"items_purged":["Strike_R"],"score":173,"play_id":"a88fa2f1-6fe4-4a15-932e-6eebffc9ee2f","local_time":"20210127084547","is_ascension_mode":true,"campfire_choices":[{"floor":6,"key":"REST"},{"floor":10,"key":"REST"},{"data":"Shrug It Off","floor":15,"key":"SMITH"}],"circlet_count":0,"master_deck":["Strike_R","Strike_R","Strike_R","Strike_R","Defend_R","Defend_R","Defend_R","Defend_R","Bash+1","Clothesline+1","Shrug It Off+1"],"relics":["Snecko Eye","Nunchaku","TungstenRod","Anchor","Tiny Chest","Bottled Lightning"],"acts_visited":["Exordium"],"potions_floor_usage":[14,16],"damage_taken":[{"damage":4,"enemies":"Jaw Worm","floor":1,"turns":3},{"damage":11,"enemies":"2 Louse","floor":5,"turns":4},{"damage":10,"enemies":"Lagavulin","floor":7,"turns":5},{"damage":3,"enemies":"Cultist","floor":11,"turns":3},{"damage":0,"enemies":"Blue Slaver","floor":13,"turns":2},{"damage":0,"enemies":"3 Sentries","floor":14,"turns":6},{"damage":67,"enemies":"Slime Boss","floor":16,"turns":9}],"seed_played":"1807945972348889132","potions_obtained":[{"floor":11,"key":"GamblersBrew"},{"floor":13,"key":"SneckoOil"}],"is_trial":false,"path_per_floor":["M","?","?","?","M","R","E","$","T","R","M","$","M","E","R","B"],"character_chosen":"IRONCLAD","items_purchased":["Anchor"],"campfire_rested":2,"item_purchase_floors":[8],"current_hp_per_floor":[68,65,49,38,27,51,41,41,41,65,62,62,62,62,62,0,0],"gold":99,"neow_bonus":"BOSS_RELIC","is_daily":false,"chose_seed":false,"campfire_upgraded":1,"win_rate":0.0,"timestamp":1611733547,"path_taken":["M","?","?","?","?","R","E","$","T","R","M","$","M","E","R","BOSS"],"items_purchased_type":["Relic"],"build_version":"2020-12-22","purchased_purges":1,"victory":false,"max_hp_per_floor":[80,80,80,80,80,80,80,80,80,80,80,80,80,80,80,80,80],"card_choices":[{"not_picked":["Twin Strike","Ghostly Armor"],"picked":"Clothesline","floor":1},{"not_picked":["Bloodletting","Pommel Strike","True Grit"],"picked":"SKIP","floor":5},{"not_picked":["Brutality","Evolve","Corruption"],"picked":"SKIP","floor":7},{"not_picked":["Armaments","Wild Strike","Body Slam"],"picked":"SKIP","floor":11},{"not_picked":["Intimidate","Clash"],"picked":"Shrug It Off","floor":13},{"not_picked":["Armaments","Clothesline","Shockwave"],"picked":"SKIP","floor":14}],"player_experience":169641,"relics_obtained":[{"floor":7,"key":"TungstenRod"},{"floor":9,"key":"Tiny Chest"},{"floor":14,"key":"Bottled Lightning"}],"event_choices":[{"damage_healed":0,"gold_gain":0,"player_choice":"Success","damage_taken":3,"relics_obtained":["Nunchaku"],"max_hp_gain":0,"max_hp_loss":0,"event_name":"Scrap Ooze","floor":2,"gold_loss":0},{"damage_healed":0,"gold_gain":0,"player_choice":"Entered Light","damage_taken":16,"max_hp_gain":0,"max_hp_loss":0,"event_name":"Shining Light","floor":3,"gold_loss":0,"cards_upgraded":["Bash","Clothesline"]},{"damage_healed":0,"gold_gain":75,"player_choice":"Gather Gold","damage_taken":11,"max_hp_gain":0,"max_hp_loss":0,"event_name":"World of Goop","floor":4,"gold_loss":0}],"is_beta":false,"boss_relics":[],"items_purged_floors":[8],"is_endless":false,"potions_floor_spawned":[11,13],"killed_by":"Slime Boss","ascension_level":6}}