{"host":"9l4mw5jqza9qz9hr","time":1611755995,"event":{"mods":["AchievementEnabler","Always Whale","BaseMod","Colored Map","Minty Spire (QoL Compilation)","StSLib","SuperFastMode"],"gold_per_floor":[114,189,189,239,257,257,282,301,352,352,89,89,116,2,2,74,74,86,136,51,51,69,69,69,69],"floor_reached":24,"language":"KOR","playtime":399,"items_purged":["Strike_B"],"score":333,"play_id":"72c52696-c3f7-40dc-9310-3db8ed5c4714","local_time":"20210127225955","is_ascension_mode":true,"campfire_choices":[{"floor":6,"key":"REST"},{"floor":10,"key":"REST"},{"floor":12,"key":"REST"},{"data":"Defragment","floor":15,"key":"SMITH"},{"data":"Capacitor","floor":23,"key":"SMITH"}],"circlet_count":0,"master_deck":["AscendersBane","Defend_B","Defend_B","Defend_B","Defend_B","Zap","Dualcast+1","Thunder Strike","Steam","Conserve Battery+1","Defragment+1","Cold Snap","White Noise","Storm","Ball Lightning","Capacitor+1","Electrodynamics","Cold Snap","Coolheaded","Core Surge"],"relics":["Cracked Core","Vajra","Potion Belt","Membership Card","Odd Mushroom","War Paint","Empty Cage","Lee\u0027s Waffle"],"acts_visited":["Exordium","TheCity"],"potions_floor_usage":[24],"damage_taken":[{"damage":2,"enemies":"Jaw Worm","floor":1,"turns":3},{"damage":9,"enemies":"2 Louse","floor":5,"turns":2},{"damage":53,"enemies":"Gremlin Nob","floor":7,"turns":5},{"damage":1,"enemies":"Cultist","floor":8,"turns":3},{"damage":21,"enemies":"The Mushroom Lair","floor":13,"turns":4},{"damage":15,"enemies":"Hexaghost","floor":16,"turns":8},{"damage":18,"enemies":"Shell Parasite","floor":18,"turns":5},{"damage":4,"enemies":"Spheric Guardian","floor":22,"turns":4},{"damage":74,"enemies":"Slavers","floor":24,"turns":4}],"seed_played":"-2983985851102301507","potions_obtained":[{"floor":5,"key":"Ancient Potion"},{"floor":8,"key":"EssenceOfSteel"},{"floor":16,"key":"LiquidBronze"},{"floor":18,"key":"SteroidPotion"}],"is_trial":false,"path_per_floor":["M","?","?","?","M","R","E","M","T","R","$","R","?","$","R","B",null,"M","?","$","?","M","R","E"],"character_chosen":"DEFECT","items_purchased":["Membership Card","Cold Snap","White Noise","Storm","Capacitor","War Paint","Lee\u0027s Waffle","Coolheaded"],"campfire_rested":3,"item_purchase_floors":[11,11,11,11,14,14,20,20],"current_hp_per_floor":[62,51,44,44,35,56,3,2,2,23,23,44,23,23,23,8,55,37,37,78,78,74,74,0,0],"gold":69,"neow_bonus":"ONE_RANDOM_RARE_CARD","is_daily":false,"chose_seed":false,"campfire_upgraded":2,"win_rate":0.0,"timestamp":1611755995,"path_taken":["M","?","?","?","M","R","E","?","T","R","$","R","?","$","R","BOSS","M","?","$","?","M","R","E"],"items_purchased_type":["Relic","Card","Card","Card","Card","Relic","Relic","Card"],"build_version":"2020-12-22","purchased_purges":1,"victory":false,"max_hp_per_floor":[71,71,71,71,71,71,71,71,71,71,71,71,71,71,71,71,71,71,71,78,78,78,78,78,78],"card_choices":[{"not_picked":["Streamline","Stack"],"picked":"Steam","floor":1},{"not_picked":["Stack","Barrage","Skim"],"picked":"SKIP","floor":5},{"not_picked":["Darkness","Static Discharge"],"picked":"Conserve Battery","floor":7},{"not_picked":["Coolheaded","Reboot"],"picked":"Defragment","floor":8},{"not_picked":["Hello World","Storm"],"picked":"Ball Lightning","floor":13},{"not_picked":["Rainbow","Biased Cognition"],"picked":"Electrodynamics","floor":16},{"not_picked":["Stack","Barrage"],"picked":"Cold Snap","floor":18},{"not_picked":["Barrage+1","Cold Snap","Streamline"],"picked":"SKIP","floor":22}],"player_experience":264896,"relics_obtained":[{"floor":7,"key":"Vajra"},{"floor":9,"key":"Potion Belt"},{"floor":13,"key":"Odd Mushroom"}],"event_choices":[{"damage_healed":0,"gold_gain":75,"player_choice":"Gather Gold","damage_taken":11,"max_hp_gain":0,"max_hp_loss":0,"event_name":"World of Goop","floor":2,"gold_loss":0},{"cards_removed":["Strike_B"],"damage_healed":0,"gold_gain":0,"player_choice":"Card Removal","damage_taken":7,"max_hp_gain":0,"max_hp_loss":0,"event_name":"Golden Wing","floor":3,"gold_loss":0},{"damage_healed":0,"gold_gain":50,"player_choice":"Pray","damage_taken":0,"max_hp_gain":0,"max_hp_loss":0,"event_name":"Golden Shrine","floor":4,"gold_loss":0},{"damage_healed":0,"gold_gain":0,"player_choice":"Fought Mushrooms","damage_taken":0,"max_hp_gain":0,"max_hp_loss":0,"event_name":"Mushrooms","floor":13,"gold_loss":0},{"damage_healed":0,"gold_gain":50,"player_choice":"Stole From Cult","damage_taken":0,"max_hp_gain":0,"max_hp_loss":0,"event_name":"Nest","floor":19,"gold_loss":0},{"damage_healed":0,"gold_gain":0,"player_choice":"1 cards matched","damage_taken":0,"max_hp_gain":0,"max_hp_loss":0,"event_name":"Match and Keep!","floor":21,"gold_loss":0,"cards_obtained":["Core Surge"]}],"is_beta":false,"boss_relics":[{"not_picked":["Coffee Dripper","Ectoplasm"],"picked":"Empty Cage"}],"items_purged_floors":[11],"is_endless":false,"potions_floor_spawned":[5,8,16,18],"killed_by":"Slavers","ascension_level":15}}