{"host":"na09lpbrez4gbfiz","time":1611734026,"event":{"mods":["Act Like it!","BaseMod","BetterRewards","Colored Map","Colored Powertips","DeckTracker","Googly Eyes","Highlight Path","Minty Spire (QoL Compilation)","Quick Restart","Spicy Shops","StSLib","SuperFastMode","Synergy Search"],"gold_per_floor":[117,117,134,154,170,203,203,203,230,11,29,29,57,76,76,76,76],"floor_reached":16,"language":"ENG","playtime":449,"items_purged":["Strike_R"],"score":146,"play_id":"423d52ee-fef1-4e81-b91b-31f20b768527","local_time":"20210127085346","is_ascension_mode":true,"campfire_choices":[{"data":"True Grit","floor":8.0,"key":"SMITH"},{"data":"Shrug It Off","floor":12.0,"key":"SMITH"},{"floor":15.0,"key":"REST"}],"circlet_count":0,"master_deck":["Strike_R","Strike_R","Strike_R","Strike_R","Defend_R","Defend_R","Defend_R","Defend_R","Bash","True Grit+1","Shrug It Off+1","Shrug It Off"],"relics":["Busted Crown","Ancient Tea Set","Happy Flower","Medical Kit","Centennial Puzzle"],"acts_visited":["Exordium"],"potions_floor_usage":[],"damage_taken":[{"damage":2.0,"enemies":"2 Louse","floor":1.0,"turns":2.0},{"damage":0.0,"enemies":"Cultist","floor":3.0,"turns":4.0},{"damage":2.0,"enemies":"Jaw Worm","floor":4.0,"turns":3.0},{"damage":18.0,"enemies":"Exordium Thugs","floor":5.0,"turns":6.0},{"damage":18.0,"enemies":"Lagavulin","floor":6.0,"turns":5.0},{"damage":0.0,"enemies":"3 Louse","floor":11.0,"turns":5.0},{"damage":10.0,"enemies":"Gremlin Nob","floor":13.0,"turns":4.0},{"damage":0.0,"enemies":"Lots of Slimes","floor":14.0,"turns":3.0},{"damage":96,"enemies":"Slime Boss","floor":16,"turns":12}],"seed_played":"8243350515114134417","potions_obtained":[{"floor":3.0,"key":"Regen Potion"},{"floor":4.0,"key":"PowerPotion"},{"floor":7.0,"key":"FairyPotion"},{"floor":7.0,"key":"DistilledChaos"},{"floor":7.0,"key":"ColorlessPotion"},{"floor":13.0,"key":"Explosive Potion"}],"is_trial":false,"path_per_floor":["M","?","M","M","M","E","?","R","T","$","M","R","E","M","R","B"],"character_chosen":"IRONCLAD","items_purchased":["Medical Kit"],"campfire_rested":1,"item_purchase_floors":[10],"current_hp_per_floor":[70,70,70,68,50,44,44,44,44,44,44,44,34,34,58,0,0],"gold":76,"neow_bonus":"BOSS_RELIC","is_daily":false,"chose_seed":false,"campfire_upgraded":2,"win_rate":0.0,"timestamp":1611734026,"path_taken":["M","?","?","M","M","E","?","R","T","?","M","R","E","M","R","BOSS"],"items_purchased_type":["Relic"],"build_version":"2020-12-22","purchased_purges":1,"victory":false,"max_hp_per_floor":[80,80,80,80,80,80,80,80,80,80,80,80,80,80,80,80,80],"card_choices":[{"not_picked":["Twin Strike"],"picked":"SKIP","floor":1.0},{"not_picked":["Flex"],"picked":"SKIP","floor":3.0},{"not_picked":["Havoc"],"picked":"SKIP","floor":4.0},{"not_picked":[],"picked":"True Grit","floor":5.0},{"not_picked":[],"picked":"Shrug It Off","floor":6.0},{"not_picked":[],"picked":"Shrug It Off","floor":11.0},{"not_picked":["Perfected Strike"],"picked":"SKIP","floor":13.0},{"not_picked":["Iron Wave"],"picked":"SKIP","floor":14.0}],"player_experience":169641,"relics_obtained":[{"floor":6.0,"key":"Ancient Tea Set"},{"floor":9.0,"key":"Happy Flower"},{"floor":13.0,"key":"Centennial Puzzle"}],"event_choices":[{"damage_healed":0.0,"max_hp_gain":0.0,"max_hp_loss":0.0,"gold_gain":0.0,"event_name":"Match and Keep!","player_choice":"0 cards matched","floor":2.0,"gold_loss":0.0,"damage_taken":0.0,"cards_obtained":[]},{"damage_healed":0.0,"max_hp_gain":0.0,"max_hp_loss":0.0,"gold_gain":0.0,"event_name":"Lab","player_choice":"Got Potions","floor":7.0,"gold_loss":0.0,"damage_taken":0.0}],"is_beta":false,"boss_relics":[],"items_purged_floors":[10],"is_endless":false,"potions_floor_spawned":[3,4,11,13],"killed_by":"Slime Boss","ascension_level":6}}