{"host":"Qube","time":1611783912,"event":{"mods":["AchievementEnabler","BaseMod","Colored Map","Colored Powertips","Highlight Path","Minty Spire (QoL Compilation)","Permanent Neow","Quick Restart","Random Character Button","StSLib"],"gold_per_floor":[116,185,198,213,231,231,264,274,274,274,12,12,42,53,53,125,175,191,204,215,235,250,282,282,282,333,333,344,344,7,39,39,118,118,136,136,148,60,77,77,93,110,163,63,77,87,87,106,106,106,106],"floor_reached":52,"language":"ENG","playtime":4395,"items_purged":["Strike_B","Strike_B"],"score":1820,"play_id":"51c0788c-dfab-47ad-a5d6-98deddbe7365","local_time":"20210127134512","is_ascension_mode":true,"campfire_choices":[{"data":"Zap","floor":6.0,"key":"SMITH"},{"data":"Go for the Eyes","floor":12.0,"key":"SMITH"},{"data":"Conserve Battery","floor":15.0,"key":"SMITH"},{"data":"Streamline","floor":24.0,"key":"SMITH"},{"data":"Skim","floor":27.0,"key":"SMITH"},{"data":"Sweeping Beam","floor":29.0,"key":"SMITH"},{"data":"Glacier","floor":32.0,"key":"SMITH"},{"data":"Glacier","floor":40.0,"key":"SMITH"},{"data":"Core Surge","floor":47.0,"key":"SMITH"},{"data":"Cold Snap","floor":49.0,"key":"SMITH"}],"circlet_count":0,"master_deck":["AscendersBane","Strike_B","Defend_B","Defend_B","Defend_B","Defend_B+1","Zap+1","Dualcast","Streamline+1","Self Repair+1","Echo Form+1","Rebound","Sweeping Beam+1","Cold Snap+1","Sadistic Nature+1","Go for the Eyes+1","Core Surge+1","Conserve Battery+1","Machine Learning+1","Ball Lightning","Glacier+1","Glacier+1","Static Discharge+1","Blizzard+1","Skim+1","Capacitor+1","Defragment+1","Mayhem+1","Stack","Echo Form+1","Zap","Blizzard+1","Heatsinks+1","Loop+1"],"relics":["Coffee Dripper","Frozen Egg 2","Orichalcum","Gremlin Horn","Pen Nib","Tiny House","Shuriken","Mummified Hand","DataDisk","Thread and Needle","Snecko Eye","MealTicket"],"acts_visited":["Exordium","TheCity","TheBeyond"],"potions_floor_usage":[],"damage_taken":[{"damage":1.0,"enemies":"Cultist","floor":1.0,"turns":4.0},{"damage":0.0,"enemies":"2 Louse","floor":3.0,"turns":1.0},{"damage":7.0,"enemies":"Jaw Worm","floor":4.0,"turns":2.0},{"damage":12.0,"enemies":"Large Slime","floor":5.0,"turns":6.0},{"damage":20.0,"enemies":"Lagavulin","floor":7.0,"turns":6.0},{"damage":7.0,"enemies":"Blue Slaver","floor":8.0,"turns":3.0},{"damage":14.0,"enemies":"Gremlin Nob","floor":13.0,"turns":4.0},{"damage":5.0,"enemies":"Looter","floor":14.0,"turns":2.0},{"damage":28.0,"enemies":"Hexaghost","floor":16.0,"turns":7.0},{"damage":17.0,"enemies":"Shell Parasite","floor":18.0,"turns":4.0},{"damage":3.0,"enemies":"2 Thieves","floor":19.0,"turns":5.0},{"damage":3.0,"enemies":"Centurion and Healer","floor":20.0,"turns":6.0},{"damage":3.0,"enemies":"Chosen and Byrds","floor":21.0,"turns":6.0},{"damage":8.0,"enemies":"Snecko","floor":22.0,"turns":6.0},{"damage":5.0,"enemies":"Gremlin Leader","floor":23.0,"turns":7.0},{"damage":0.0,"enemies":"Cultist and Chosen","floor":28.0,"turns":5.0},{"damage":56.0,"enemies":"Slavers","floor":31.0,"turns":5.0},{"damage":23.0,"enemies":"Collector","floor":33.0,"turns":7.0},{"damage":11.0,"enemies":"3 Darklings","floor":35.0,"turns":6.0},{"damage":12.0,"enemies":"3 Shapes","floor":37.0,"turns":4.0},{"damage":0.0,"enemies":"Spire Growth","floor":39.0,"turns":4.0},{"damage":0.0,"enemies":"Writhing Mass","floor":41.0,"turns":5.0},{"damage":0.0,"enemies":"Maw","floor":42.0,"turns":7.0},{"damage":0.0,"enemies":"4 Shapes","floor":45.0,"turns":4.0},{"damage":5.0,"enemies":"Transient","floor":46.0,"turns":6.0},{"damage":0.0,"enemies":"Maw","floor":48.0,"turns":7.0},{"damage":0.0,"enemies":"Donu and Deca","floor":50.0,"turns":5.0},{"damage":22,"enemies":"Time Eater","floor":51,"turns":10}],"seed_played":"5953821619823234882","potions_obtained":[{"floor":4.0,"key":"Block Potion"},{"floor":5.0,"key":"Strength Potion"},{"floor":13.0,"key":"ColorlessPotion"},{"floor":16.0,"key":"BlessingOfTheForge"},{"floor":17.0,"key":"SpeedPotion"},{"floor":19.0,"key":"Explosive Potion"},{"floor":20.0,"key":"Regen Potion"},{"floor":28.0,"key":"EntropicBrew"},{"floor":33.0,"key":"GamblersBrew"},{"floor":37.0,"key":"SmokeBomb"},{"floor":42.0,"key":"Explosive Potion"},{"floor":46.0,"key":"Explosive Potion"}],"is_trial":false,"path_per_floor":["M","T","M","M","M","R","E","M","T","?","$","R","E","M","R","B",null,"M","M","M","M","M","E","R","T","T","R","M","R","$","E","R","B",null,"M","?","M","$","M","R","M","M","T","$","M","M","R","M","R","B","B",null],"character_chosen":"DEFECT","items_purchased":["Sadistic Nature+1","Go for the Eyes","SteroidPotion","Defragment+1","Mayhem+1","Heatsinks+1"],"campfire_rested":0,"item_purchase_floors":[11,11,11,30,30,38],"current_hp_per_floor":[63,63,63,66,64,64,54,57,57,57,57,57,53,58,58,40,68,71,68,75,76,76,76,76,76,76,76,76,76,76,42,42,29,64,63,63,61,61,71,71,76,76,76,76,76,76,76,76,76,76,64],"gold":106,"neow_bonus":"BOSS_RELIC","is_daily":false,"chose_seed":false,"campfire_upgraded":10,"win_rate":0.0,"timestamp":1611783912,"path_taken":["M","?","M","M","?","R","E","M","T","?","$","R","E","M","R","BOSS","M","M","?","M","M","E","R","?","T","R","M","R","$","E","R","BOSS","M","?","M","$","M","R","M","M","T","$","?","M","R","?","R","BOSS","BOSS"],"items_purchased_type":["Card","Card","Potion","Card","Card","Card"],"build_version":"2020-12-18","purchased_purges":2,"victory":true,"max_hp_per_floor":[71,71,71,71,71,71,71,71,71,71,71,71,71,71,71,71,76,76,76,76,76,76,76,76,76,76,76,76,76,76,76,76,76,76,76,76,76,76,76,76,76,76,76,76,76,76,76,76,76,76,76],"card_choices":[{"not_picked":["Ball Lightning","Capacitor"],"picked":"Streamline","floor":1.0},{"not_picked":["Stack","Sunder"],"picked":"Self Repair+1","floor":3.0},{"not_picked":["Fusion","Hologram"],"picked":"Echo Form+1","floor":4.0},{"not_picked":["Redo","Compile Driver"],"picked":"Rebound","floor":5.0},{"not_picked":["Meteor Strike","Streamline"],"picked":"Sweeping Beam","floor":7.0},{"not_picked":["Go for the Eyes","Coolheaded"],"picked":"Cold Snap","floor":8.0},{"not_picked":["Reprogram","Static Discharge+1"],"picked":"Core Surge","floor":13.0},{"not_picked":["Redo","Cold Snap"],"picked":"Conserve Battery","floor":14.0},{"not_picked":["Echo Form+1","Fission"],"picked":"Machine Learning+1","floor":16.0},{"not_picked":["Redo","Steam Power"],"picked":"Ball Lightning","floor":17.0},{"not_picked":["Tempest","Hello World+1"],"picked":"Glacier","floor":18.0},{"not_picked":["Cold Snap","Conserve Battery"],"picked":"Glacier","floor":19.0},{"not_picked":["Self Repair+1","Coolheaded"],"picked":"Static Discharge+1","floor":20.0},{"not_picked":["Barrage","Stack"],"picked":"Blizzard+1","floor":21.0},{"not_picked":["Coolheaded","Gash"],"picked":"Skim","floor":22.0},{"not_picked":["Conserve Battery","Rebound","BootSequence"],"picked":"SKIP","floor":23.0},{"not_picked":["Loop+1","Stack"],"picked":"Capacitor+1","floor":28.0},{"not_picked":["Darkness+1","Streamline"],"picked":"Stack","floor":31.0},{"not_picked":["All For One","Core Surge"],"picked":"Echo Form+1","floor":33.0},{"not_picked":["Double Energy","Gash","Go for the Eyes"],"picked":"SKIP","floor":35.0},{"not_picked":["Stack+1","Cold Snap"],"picked":"Blizzard+1","floor":37.0},{"not_picked":["Lockon","Redo+1","Streamline+1"],"picked":"SKIP","floor":39.0},{"not_picked":["Steam","Genetic Algorithm","Amplify"],"picked":"SKIP","floor":41.0},{"not_picked":["FTL","Auto Shields","Redo"],"picked":"SKIP","floor":42.0},{"not_picked":["Steam+1","White Noise"],"picked":"Loop+1","floor":45.0},{"not_picked":["Streamline","Beam Cell","Reinforced Body"],"picked":"SKIP","floor":46.0},{"not_picked":["Hello World+1","Conserve Battery","Steam"],"picked":"SKIP","floor":48.0}],"player_experience":976517,"relics_obtained":[{"floor":2.0,"key":"Frozen Egg 2"},{"floor":7.0,"key":"Orichalcum"},{"floor":9.0,"key":"Gremlin Horn"},{"floor":13.0,"key":"Pen Nib"},{"floor":23.0,"key":"Shuriken"},{"floor":25.0,"key":"Mummified Hand"},{"floor":26.0,"key":"DataDisk"},{"floor":31.0,"key":"Thread and Needle"},{"floor":43.0,"key":"MealTicket"}],"event_choices":[{"cards_removed":["Strike_B"],"damage_healed":0.0,"max_hp_gain":0.0,"max_hp_loss":0.0,"gold_gain":0.0,"event_name":"Purifier","player_choice":"Purged","floor":10.0,"gold_loss":0.0,"damage_taken":0.0},{"damage_healed":0.0,"max_hp_gain":0.0,"max_hp_loss":0.0,"gold_gain":0.0,"event_name":"Match and Keep!","player_choice":"1 cards matched","floor":36.0,"gold_loss":0.0,"damage_taken":0.0,"cards_obtained":["Zap"]}],"is_beta":true,"boss_relics":[{"not_picked":["Fusion Hammer","Sozu"],"picked":"Tiny House"},{"not_picked":["SacredBark","Runic Dome"],"picked":"Snecko Eye"}],"items_purged_floors":[30,44],"is_endless":false,"potions_floor_spawned":[4,5,13,16,19,20,28,33,37,42,46],"ascension_level":20}}