{"host":"i9wanet4r0ff4t9y","time":1611734210,"event":{"mods":["2.2 Compatiblity","Act Like it!","BaseMod","Bestiary","Better Altar","Better Match","Better Note","Better Sensory Stone","Better Skull","Better Third Choice","Better Vampires","BetterRewards","CapriCore","Curses Come First","Downfall","Minty Spire (QoL Compilation)","Quick Restart","READ ME - Guardian Mod","READ ME - Snecko Mod","Relic Stats","Say the Spire","Spicy Shops","StSLib","The Disciple","The Poker Player","Waifu the Spire"],"gold_per_floor":[113,113,136,236,236,236,270,295,321,321,342,363,388,456,456,552,552,575,575,575,25,40,83,83,83,109,109,109,109],"floor_reached":28,"language":"POL","playtime":694,"items_purged":[],"score":729,"play_id":"ae9f7c81-f3f5-4cf5-b574-0b09110d31bf","local_time":"20210127085650","is_ascension_mode":true,"campfire_choices":[{"data":"Limit Break","floor":6,"key":"SMITH"},{"data":"Fire Breathing","floor":10,"key":"SMITH"},{"floor":15,"key":"REST"}],"circlet_count":0,"master_deck":["AscendersBane","Strike_R","Strike_R","Strike_R","Strike_R","Strike_R","Defend_R","Defend_R","Defend_R+1","Defend_R","Bash","Seeing Red+1","Clothesline","Fire Breathing+1","Injury","Limit Break+1","Decay","Reckless Charge","Anger","downfall:Haunted","Normality","Thunderclap","Ghostly Armor","Feed","Anger","Anger","Limit Break","CurseOfTheBell","Whirlwind","downfall:Bewildered","Parasite","Writhe","Apotheosis","Combust","Flex+1","Fiend Fire","Shame","Mayhem","Dark Shackles","downfall:Bewildered","Clumsy"],"relics":["Burning Blood","Toolbox","Strawberry","Golden Idol","downfall:ExtraCursedKey","Spirit Poop","Orichalcum","Juzu Bracelet","Dream Catcher","Calling Bell","Toy Ornithopter","Pantograph","Ginger","sneckomod:BabySnecko","Singing Bowl","PreservedInsect","Potion Belt","War Paint","Lantern","Nloth\u0027s Gift"],"acts_visited":["Exordium","TheCity"],"potions_floor_usage":[11,13,14,16,16],"damage_taken":[{"damage":1,"enemies":"2 Louse","floor":1,"turns":3},{"damage":0,"enemies":"Jaw Worm","floor":3,"turns":3},{"damage":32,"enemies":"3 Sentries","floor":7,"turns":5},{"damage":10,"enemies":"Cultist","floor":8,"turns":5},{"damage":21,"enemies":"3 Louse","floor":11,"turns":4},{"damage":7,"enemies":"Exordium Wildlife","floor":12,"turns":4},{"damage":0,"enemies":"Large Slime","floor":13,"turns":4},{"damage":9,"enemies":"Lagavulin Event","floor":14,"turns":5},{"damage":22,"enemies":"Slime Boss","floor":16,"turns":7},{"damage":43,"enemies":"2 Thieves","floor":18,"turns":5},{"damage":21,"enemies":"Spheric Guardian","floor":22,"turns":4},{"damage":62,"enemies":"Slavers","floor":23,"turns":5},{"damage":24,"enemies":"Snecko","floor":28,"turns":4}],"seed_played":"-2242762937737448971","potions_obtained":[{"floor":1,"key":"ElixirPotion"},{"floor":3,"key":"BlessingOfTheForge"},{"floor":12,"key":"GamblersBrew"},{"floor":13,"key":"Explosive Potion"},{"floor":14,"key":"ColorlessPotion"},{"floor":18,"key":"Strength Potion"}],"is_trial":false,"path_per_floor":["M","?","M","?","?","R","E","M","T","R","M","M","M","?","R","B",null,"M","?","T","$","M","E","?","?","T","?","M"],"character_chosen":"IRONCLAD","items_purchased":["Toolbox","Strawberry","Seeing Red","Apotheosis","Lee\u0027s Waffle","PreservedInsect","Combust"],"campfire_rested":1,"item_purchase_floors":[0,0,0,21,21,21,21],"current_hp_per_floor":[62,62,68,73,73,73,47,43,43,43,28,27,33,30,53,40,72,38,38,38,92,77,21,21,21,21,21,0,0],"gold":109,"neow_bonus":"","is_daily":false,"chose_seed":false,"campfire_upgraded":2,"win_rate":0.0,"timestamp":1611734210,"path_taken":["M","?","M","?","?","R","E","M","T","R","M","M","M","?","R","BOSS","M","?","?","$","M","E","?","?","T","?","M"],"items_purchased_type":["Relic","Relic","Card","Card","Relic","Relic","Card"],"build_version":"2020-12-22","purchased_purges":0,"victory":false,"max_hp_per_floor":[82,74,74,79,79,79,79,79,79,79,79,79,79,79,79,82,82,85,85,85,92,92,92,92,92,92,92,92,92],"relic_stats":{"Singing Bowl":0,"counters":[606,2714],"Golden Idol":122,"PreservedInsect":42,"Juzu Bracelet":2,"Ginger":[2],"Orichalcum":[114],"War Paint":["Seeing Red","Defend_R"],"Burning Blood":3421,"Dream Catcher":1,"Pantograph":0,"Nloth\u0027s Gift":0,"obtain_stats":[{"Replay:Accelerometer":0,"Spirit Poop":4,"Sling":47,"Ring of Searing":15,"Blood Vial":22,"downfall:ExtraCursedKey":4,"Replay:Bottled Flurry":49,"HandDrill":31,"Necronomicon":19,"Replay:Bottled Steam":23,"Blue Candle":7,"Eternal Feather":17,"Pen Nib":0,"Akabeko":31,"Bird Faced Urn":9,"ReplayTheSpireMod:Ring of Collecting":5,"StrikeDummy":0,"Unceasing Top":0,"Regal Pillow":24,"Torii":47,"Singing Bowl":0,"King of Hearts":47,"Smiling Mask":27,"Burning Blood":0,"Pet Ghost":44,"Toolbox":0,"Chemical X":21,"Replay:Bottled Eggs":0,"InkBottle":34,"Potion Belt":36,"Lee\u0027s Waffle":44,"Golden Idol":3,"PreservedInsect":22,"Ring of Greed":10,"Replay:Arrowhead":48,"Ornamental Fan":37,"Ring of Misfortune":36,"betterThird:SlimedRelic":3,"Ectoplasm":17,"Art of War":40,"Garlic":12,"Durian":0,"hexamod:BolsterEngine":11,"Ice Cream":6,"Divine Protection":0,"Calipers":6,"Tiny House":36,"Gremlin Horn":10,"Nilry\u0027s Codex":22,"Sozu":34,"Centennial Puzzle":2,"Honey Jar":17,"Prayer Wheel":40,"Philosopher\u0027s Stone":17,"Iron Hammer":9,"Girya":23,"ReplayTheSpireMod:CursedCoin":19,"Replay:Grab Bag":34,"Charon\u0027s Ashes":0,"WarpedTongs":29,"Du-Vu Doll":0,"ReplayTheSpireMod:Spearhead":31,"Onion Ring":54,"Mirror":45,"Pocketwatch":10,"Black Blood":34,"Juzu Bracelet":19,"Replay:Mystery Machine":26,"Empty Cage":34,"Nunchaku":45,"Dream Catcher":9,"Chameleon Ring":49,"TheAbacus":0,"Red Mask":41,"Replay:Bottled Snecko":0,"Runic Pyramid":34,"Guide Book":38,"Replay:WaspNest":3,"Odd Mushroom":12,"Mercury Hourglass":43,"Calling Bell":17,"Strange Spoon":44,"Pondfish Scales":0,"Bag of Marbles":0,"Membership Card":24,"FossilizedHelix":12,"ReplayTheSpireMod:ShopPack":20,"Golden Egg":34,"Ginger":17,"Whetstone":27,"Bottled Tornado":10,"Old Coin":24,"Replay:Ringing Soul":47,"Sundial":17,"MealTicket":26,"Kunai":10,"Replay:Wax Seal":0,"Electric Blood":17,"Pear":0,"betterAltar:BloodRelic":27,"ReplayTheSpireMod:Ring of Addiction":36,"Replay:Ancient Bell":34,"SlaversCollar":17,"Ooze Armor":34,"Pandora\u0027s Box":34,"Mark of Pain":17,"Lantern":34,"Magic Flower":0,"StoneCalendar":0,"Blue Doll":43,"Replay:Multitool":25,"Bag of Preparation":54,"Cursed Key":34,"Replay:Rubber Ducky":34,"Shovel":34,"Ring of Peace":5,"WingedGreaves":37,"Paper Frog":23,"Self Forming Clay":6,"Thread and Needle":20,"The Courier":9,"betterThird:NestCultRelic":22,"Omamori":42,"Frozen Egg 2":0,"MawBank":27,"sneckomod:BabySnecko":20,"Busted Crown":17,"Bloody Idol":22,"Orrery":36,"Turnip":23,"Champion Belt":20,"ReplayTheSpireMod:Lightbulb":27,"Toy Ornithopter":28,"CeramicFish":24,"Vajra":8,"Lizard Tail":42,"HornCleat":52,"downfall:GremlinWheel":0,"FaceOfCleric":13,"DollysMirror":44,"Strawberry":10,"Toxic Egg 2":36,"Happy Flower":14,"Ring of Hypnosis":27,"Dead Branch":17,"Oddly Smooth Stone":41,"Letter Opener":9,"Replay:Kaleidoscope":37,"War Paint":6,"Question Card":19,"Bottled Flame":26,"Replay:Baseball":38,"ReplayTheSpireMod:Shallot":27,"Shuriken":34,"Bronze Scales":45,"Molten Egg 2":43,"Simple Rune":27,"ReplayTheSpireMod:TigerMarble":23,"Nloth\u0027s Gift":0,"Black Star":17,"Grinning Jar":6,"Meat on the Bone":45,"ReplayFunnel":14,"Darkstone Periapt":0,"ReplayTheSpireMod:Ring of Exchange":26,"Replay:PocketPolymizer":34,"Mango":40,"Incense Burner":0,"ClockworkSouvenir":44,"Frozen Eye":0,"SsserpentHead":20,"Replay:Bandana":20,"Mummified Hand":9,"Pantograph":0,"Gambling Chip":0,"Tiny Chest":12,"Red Skull":17,"Gremlin Food":37,"BargainBundle":19,"hexamod:CandleOfCauterizing":46,"ReplayTheSpireMod:Ninjato":48,"Replay:Towering Pillar of Hats":50,"Quantum Egg":42,"Orichalcum":43,"White Beast Statue":36,"Peace Pipe":0,"CaptainsWheel":0,"Anchor":38,"ChewingGum":17,"Another Sword":47,"Snack Pack":28,"Coffee Dripper":0,"TungstenRod":7},{"Replay:Accelerometer":210,"Spirit Poop":432,"Sling":102,"Ring of Searing":340,"Blood Vial":39,"downfall:ExtraCursedKey":595,"Replay:Bottled Flurry":153,"HandDrill":200,"Necronomicon":553,"Replay:Bottled Steam":399,"Blue Candle":234,"Eternal Feather":480,"Pen Nib":387,"Akabeko":94,"Bird Faced Urn":7,"ReplayTheSpireMod:Ring of Collecting":186,"StrikeDummy":404,"Unceasing Top":429,"Regal Pillow":14,"Torii":77,"Singing Bowl":104,"King of Hearts":102,"Smiling Mask":281,"Burning Blood":0,"Pet Ghost":75,"Toolbox":28,"Chemical X":13,"Replay:Bottled Eggs":321,"InkBottle":122,"Potion Belt":47,"Lee\u0027s Waffle":75,"Golden Idol":186,"PreservedInsect":140,"Ring of Greed":134,"Replay:Arrowhead":183,"Ornamental Fan":177,"Ring of Misfortune":47,"betterThird:SlimedRelic":105,"Ectoplasm":526,"Art of War":49,"Garlic":136,"Durian":156,"hexamod:BolsterEngine":366,"Ice Cream":83,"Divine Protection":243,"Calipers":32,"Tiny House":350,"Gremlin Horn":250,"Nilry\u0027s Codex":13,"Sozu":511,"Centennial Puzzle":105,"Honey Jar":276,"Prayer Wheel":23,"Philosopher\u0027s Stone":253,"Iron Hammer":33,"Girya":115,"ReplayTheSpireMod:CursedCoin":113,"Replay:Grab Bag":261,"Charon\u0027s Ashes":184,"WarpedTongs":67,"Du-Vu Doll":519,"ReplayTheSpireMod:Spearhead":200,"Onion Ring":55,"Mirror":265,"Pocketwatch":217,"Black Blood":261,"Juzu Bracelet":113,"Replay:Mystery Machine":66,"Empty Cage":201,"Nunchaku":51,"Dream Catcher":249,"Chameleon Ring":53,"TheAbacus":321,"Red Mask":23,"Replay:Bottled Snecko":293,"Runic Pyramid":261,"Guide Book":379,"Replay:WaspNest":29,"Odd Mushroom":9,"Mercury Hourglass":75,"Calling Bell":11,"Strange Spoon":151,"Pondfish Scales":130,"Bag of Marbles":104,"Membership Card":66,"FossilizedHelix":34,"ReplayTheSpireMod:ShopPack":194,"Golden Egg":146,"Ginger":226,"Whetstone":417,"Bottled Tornado":235,"Old Coin":92,"Replay:Ringing Soul":102,"Sundial":11,"MealTicket":14,"Kunai":33,"Replay:Wax Seal":28,"Electric Blood":62,"Pear":519,"betterAltar:BloodRelic":171,"ReplayTheSpireMod:Ring of Addiction":47,"Replay:Ancient Bell":46,"SlaversCollar":369,"Ooze Armor":175,"Pandora\u0027s Box":420,"Mark of Pain":37,"Lantern":46,"Magic Flower":28,"StoneCalendar":55,"Blue Doll":180,"Replay:Multitool":117,"Bag of Preparation":155,"Cursed Key":19,"Replay:Rubber Ducky":122,"Shovel":46,"Ring of Peace":186,"WingedGreaves":287,"Paper Frog":40,"Self Forming Clay":272,"Thread and Needle":167,"The Courier":324,"betterThird:NestCultRelic":329,"Omamori":100,"Frozen Egg 2":156,"MawBank":92,"sneckomod:BabySnecko":481,"Busted Crown":112,"Bloody Idol":39,"Orrery":421,"Turnip":141,"Champion Belt":456,"ReplayTheSpireMod:Lightbulb":92,"Toy Ornithopter":92,"CeramicFish":66,"Vajra":7,"Lizard Tail":24,"HornCleat":54,"downfall:GremlinWheel":387,"FaceOfCleric":9,"DollysMirror":151,"Strawberry":85,"Toxic Egg 2":20,"Happy Flower":36,"Ring of Hypnosis":375,"Dead Branch":11,"Oddly Smooth Stone":75,"Letter Opener":60,"Replay:Kaleidoscope":73,"War Paint":160,"Question Card":396,"Bottled Flame":41,"Replay:Baseball":97,"ReplayTheSpireMod:Shallot":67,"Shuriken":46,"Bronze Scales":127,"Molten Egg 2":24,"Simple Rune":118,"ReplayTheSpireMod:TigerMarble":66,"Nloth\u0027s Gift":387,"Black Star":439,"Grinning Jar":106,"Meat on the Bone":290,"ReplayFunnel":137,"Darkstone Periapt":293,"ReplayTheSpireMod:Ring of Exchange":197,"Replay:PocketPolymizer":122,"Mango":99,"Incense Burner":156,"ClockworkSouvenir":75,"Frozen Eye":184,"SsserpentHead":441,"Replay:Bandana":254,"Mummified Hand":216,"Pantograph":55,"Gambling Chip":581,"Tiny Chest":410,"Red Skull":11,"Gremlin Food":47,"BargainBundle":89,"hexamod:CandleOfCauterizing":469,"ReplayTheSpireMod:Ninjato":129,"Replay:Towering Pillar of Hats":358,"Quantum Egg":50,"Orichalcum":100,"White Beast Statue":47,"Peace Pipe":156,"CaptainsWheel":0,"Anchor":123,"ChewingGum":138,"Another Sword":102,"Snack Pack":92,"Coffee Dripper":130,"TungstenRod":59},{"Replay:Accelerometer":982,"Spirit Poop":2006,"Sling":464,"Ring of Searing":1582,"Blood Vial":183,"downfall:ExtraCursedKey":2662,"Replay:Bottled Flurry":727,"HandDrill":928,"Necronomicon":2493,"Replay:Bottled Steam":1866,"Blue Candle":1086,"Eternal Feather":2208,"Pen Nib":1804,"Akabeko":436,"Bird Faced Urn":28,"ReplayTheSpireMod:Ring of Collecting":865,"StrikeDummy":1896,"Unceasing Top":1996,"Regal Pillow":52,"Torii":381,"Singing Bowl":473,"King of Hearts":464,"Smiling Mask":1297,"Burning Blood":0,"Pet Ghost":375,"Toolbox":125,"Chemical X":46,"Replay:Bottled Eggs":1495,"InkBottle":565,"Potion Belt":228,"Lee\u0027s Waffle":375,"Golden Idol":865,"PreservedInsect":668,"Ring of Greed":637,"Replay:Arrowhead":853,"Ornamental Fan":833,"Ring of Misfortune":228,"betterThird:SlimedRelic":475,"Ectoplasm":2380,"Art of War":239,"Garlic":644,"Durian":749,"hexamod:BolsterEngine":1700,"Ice Cream":404,"Divine Protection":1125,"Calipers":142,"Tiny House":1630,"Gremlin Horn":1157,"Nilry\u0027s Codex":46,"Sozu":2321,"Centennial Puzzle":475,"Honey Jar":1274,"Prayer Wheel":101,"Philosopher\u0027s Stone":1174,"Iron Hammer":146,"Girya":519,"ReplayTheSpireMod:CursedCoin":506,"Replay:Grab Bag":1209,"Charon\u0027s Ashes":860,"WarpedTongs":338,"Du-Vu Doll":2358,"ReplayTheSpireMod:Spearhead":928,"Onion Ring":286,"Mirror":1228,"Pocketwatch":1017,"Black Blood":1209,"Juzu Bracelet":506,"Replay:Mystery Machine":335,"Empty Cage":935,"Nunchaku":256,"Dream Catcher":1150,"Chameleon Ring":267,"TheAbacus":1495,"Red Mask":101,"Replay:Bottled Snecko":1364,"Runic Pyramid":1209,"Guide Book":1761,"Replay:WaspNest":129,"Odd Mushroom":32,"Mercury Hourglass":375,"Calling Bell":38,"Strange Spoon":718,"Pondfish Scales":625,"Bag of Marbles":473,"Membership Card":335,"FossilizedHelix":150,"ReplayTheSpireMod:ShopPack":898,"Golden Egg":696,"Ginger":1054,"Whetstone":1947,"Bottled Tornado":1090,"Old Coin":431,"Replay:Ringing Soul":464,"Sundial":38,"MealTicket":52,"Kunai":146,"Replay:Wax Seal":125,"Electric Blood":319,"Pear":2358,"betterAltar:BloodRelic":802,"ReplayTheSpireMod:Ring of Addiction":228,"Replay:Ancient Bell":224,"SlaversCollar":1719,"Ooze Armor":825,"Pandora\u0027s Box":1961,"Mark of Pain":174,"Lantern":224,"Magic Flower":125,"StoneCalendar":286,"Blue Doll":845,"Replay:Multitool":528,"Bag of Preparation":741,"Cursed Key":81,"Replay:Rubber Ducky":565,"Shovel":224,"Ring of Peace":865,"WingedGreaves":1330,"Paper Frog":188,"Self Forming Clay":1254,"Thread and Needle":782,"The Courier":1501,"betterThird:NestCultRelic":1532,"Omamori":460,"Frozen Egg 2":749,"MawBank":431,"sneckomod:BabySnecko":2211,"Busted Crown":501,"Bloody Idol":183,"Orrery":1965,"Turnip":671,"Champion Belt":2117,"ReplayTheSpireMod:Lightbulb":431,"Toy Ornithopter":431,"CeramicFish":335,"Vajra":28,"Lizard Tail":102,"HornCleat":280,"downfall:GremlinWheel":1804,"FaceOfCleric":32,"DollysMirror":718,"Strawberry":409,"Toxic Egg 2":85,"Happy Flower":161,"Ring of Hypnosis":1743,"Dead Branch":38,"Oddly Smooth Stone":375,"Letter Opener":306,"Replay:Kaleidoscope":363,"War Paint":759,"Question Card":1848,"Bottled Flame":193,"Replay:Baseball":448,"ReplayTheSpireMod:Shallot":338,"Shuriken":224,"Bronze Scales":593,"Molten Egg 2":102,"Simple Rune":534,"ReplayTheSpireMod:TigerMarble":335,"Nloth\u0027s Gift":1804,"Black Star":2041,"Grinning Jar":479,"Meat on the Bone":1347,"ReplayFunnel":648,"Darkstone Periapt":1364,"ReplayTheSpireMod:Ring of Exchange":916,"Replay:PocketPolymizer":565,"Mango":458,"Incense Burner":749,"ClockworkSouvenir":375,"Frozen Eye":860,"SsserpentHead":2050,"Replay:Bandana":1178,"Mummified Hand":1010,"Pantograph":286,"Gambling Chip":2606,"Tiny Chest":1920,"Red Skull":38,"Gremlin Food":228,"BargainBundle":422,"hexamod:CandleOfCauterizing":2176,"ReplayTheSpireMod:Ninjato":608,"Replay:Towering Pillar of Hats":1662,"Quantum Egg":245,"Orichalcum":460,"White Beast Statue":228,"Peace Pipe":749,"CaptainsWheel":0,"Anchor":570,"ChewingGum":659,"Another Sword":464,"Snack Pack":431,"Coffee Dripper":625,"TungstenRod":303}],"Toy Ornithopter":0},"card_choices":[{"not_picked":["Twin Strike","Bloodletting"],"picked":"Clothesline","floor":1},{"not_picked":["Armaments","Second Wind"],"picked":"Fire Breathing","floor":3},{"not_picked":["Shrug It Off","Evolve"],"picked":"Reckless Charge","floor":7},{"not_picked":["Intimidate","Evolve"],"picked":"Anger","floor":8},{"not_picked":["Wild Strike","Shrug It Off"],"picked":"Thunderclap","floor":11},{"not_picked":["Armaments","True Grit"],"picked":"Ghostly Armor","floor":12},{"not_picked":["Havoc","Clash"],"picked":"Feed","floor":13},{"not_picked":["Sentinel","Thunderclap"],"picked":"Anger","floor":14},{"not_picked":["Thunderclap","Twin Strike"],"picked":"Anger","floor":15},{"not_picked":["Impervious","Exhume"],"picked":"Limit Break","floor":16},{"not_picked":["Reckless Charge","Pummel"],"picked":"Whirlwind","floor":18},{"not_picked":["Havoc","Sever Soul"],"picked":"Flex+1","floor":22},{"not_picked":["Evolve","Sever Soul"],"picked":"Fiend Fire","floor":23},{"not_picked":["Jack Of All Trades","Trip"],"picked":"Mayhem","floor":25},{"not_picked":["PanicButton","Blind"],"picked":"Dark Shackles","floor":25}],"player_experience":438438,"relics_obtained":[{"floor":7,"key":"Orichalcum"},{"floor":9,"key":"Juzu Bracelet"},{"floor":14,"key":"Dream Catcher"},{"floor":17,"key":"Toy Ornithopter"},{"floor":17,"key":"Pantograph"},{"floor":17,"key":"Ginger"},{"floor":20,"key":"Singing Bowl"},{"floor":23,"key":"Potion Belt"},{"floor":26,"key":"Lantern"}],"event_choices":[{"damage_healed":0,"gold_gain":0,"player_choice":"Lose Max HP","damage_taken":0,"relics_obtained":["Golden Idol"],"max_hp_gain":0,"max_hp_loss":8,"event_name":"Golden Idol","floor":2,"gold_loss":0},{"cards_removed":["downfall:Icky"],"damage_healed":0,"gold_gain":0,"player_choice":"Offered Curse","damage_taken":0,"relics_obtained":["Spirit Poop"],"max_hp_gain":0,"max_hp_loss":0,"event_name":"Bonfire Elementals","floor":5,"gold_loss":0},{"damage_healed":0,"gold_gain":30,"player_choice":"Searched \u00272\u0027 times","damage_taken":0,"max_hp_gain":0,"max_hp_loss":0,"event_name":"Dead Adventurer","floor":14,"gold_loss":0},{"damage_healed":0,"gold_gain":0,"player_choice":"Stole Relic","damage_taken":0,"relics_obtained":["War Paint"],"max_hp_gain":0,"max_hp_loss":0,"event_name":"Addict","floor":24,"gold_loss":0,"cards_obtained":["Shame"]},{"damage_healed":0,"gold_gain":2,"player_choice":"1","damage_taken":0,"max_hp_gain":0,"max_hp_loss":0,"event_name":"betterStone:BetterStone","floor":25,"gold_loss":0},{"damage_healed":0,"gold_gain":0,"player_choice":"Traded Relic","damage_taken":0,"relics_obtained":["Nloth\u0027s Gift"],"max_hp_gain":0,"max_hp_loss":0,"event_name":"N\u0027loth","floor":27,"relics_lost":["Lee\u0027s Waffle"],"gold_loss":0}],"is_beta":false,"boss_relics":[{"not_picked":["Runic Dome","Philosopher\u0027s Stone"],"picked":"Calling Bell"}],"items_purged_floors":[],"is_endless":false,"potions_floor_spawned":[1,3,12,13,14,18],"killed_by":"Snecko","ascension_level":16}}