{"host":"ojezjkpqju62j8xy","time":1611757359,"event":{"mods":["ATMod(°¢èªMod)","Act Like it!","Aspiration","BaseMod","Conspire","Minty Spire (QoL Compilation)","Pale of the Ancients","Replay The Spire","Spicy Shops","StSLib","[GremlinLeader]The Maniac","¡¾ÒÅÎï¿¨ÅÆ¡¿REMEMod"],"gold_per_floor":[113,123,123,139,139,170,190,190,190,224,284,284,294,309,309,385,385,404,329,339,339,339],"floor_reached":21,"language":"ZHS","playtime":739,"items_purged":[],"score":382,"play_id":"baa5c4af-df33-4913-87ef-c3e47508a175","local_time":"20210127222239","is_ascension_mode":true,"campfire_choices":[{"floor":12,"key":"RECALL"}],"circlet_count":0,"master_deck":["AscendersBane","Strike_R","Strike_R","Strike_R","Strike_R","Strike_R","Defend_R","Defend_R","Bash","AT_FamilyPortrait","Bludgeon+1","Heavy Blade","Life Link","Life Link","REME_SingleHolding+1","Eclipse+1","Infernal Blade","Power Through","Perfected Strike","conspire:ExplosiveBarrier","Second Wind","Reaper","Inflame","Uppercut"],"relics":["Burning Blood","AT_ATBox","REME_ComplimentaryCards","aspiration:DSix","Meat on the Bone","War Paint","Snack Pack","REME_DemonsWealth"],"acts_visited":["Exordium","TheCity"],"potions_floor_usage":[10,13,14],"damage_taken":[{"damage":5.0,"enemies":"2 Louse","floor":1.0,"turns":3.0},{"damage":7.0,"enemies":"Jaw Worm","floor":2.0,"turns":2.0},{"damage":0.0,"enemies":"Cultist","floor":4.0,"turns":2.0},{"damage":40.0,"enemies":"Lagavulin","floor":6.0,"turns":4.0},{"damage":7.0,"enemies":"Looter","floor":7.0,"turns":3.0},{"damage":30,"enemies":"3 Sentries","floor":10,"turns":3},{"damage":31,"enemies":"Gremlin Nob","floor":11,"turns":3},{"damage":2,"enemies":"Exordium Thugs","floor":13,"turns":3},{"damage":0,"enemies":"3 Louse","floor":14,"turns":2},{"damage":48,"enemies":"Fading Forest","floor":16,"turns":13},{"damage":32,"enemies":"Shell Parasite","floor":18,"turns":4},{"damage":35,"enemies":"2 Thieves","floor":20,"turns":3},{"damage":71,"enemies":"3 Cultists","floor":21,"turns":4}],"seed_played":"-3213975065771034174","potions_obtained":[{"floor":6.0,"key":"SkillPotion"},{"floor":7.0,"key":"ElixirPotion"},{"floor":10,"key":"LiquidBronze"},{"floor":11,"key":"Fire Potion"},{"floor":13,"key":"ColorlessPotion"},{"floor":14,"key":"Death Potion"}],"is_trial":false,"path_per_floor":["M","M","?","M","?","E","M","?","T","E","?","R","M","M","R","B",null,"M","?","M","M"],"character_chosen":"IRONCLAD","items_purchased":[],"campfire_rested":0,"item_purchase_floors":[],"current_hp_per_floor":[69,68,68,74,74,40,51,51,51,39,26,26,44,50,50,34,65,51,51,42,0,0],"gold":339,"neow_bonus":"DSIX","is_daily":false,"chose_seed":false,"campfire_upgraded":0,"win_rate":0.0,"timestamp":1611757359,"path_taken":["M","M","?","M","?","E","M","?","T","E","?","R","?","M","R","BOSS","M","?","M","M"],"items_purchased_type":[],"build_version":"2020-12-22","purchased_purges":0,"victory":false,"max_hp_per_floor":[75,75,75,75,75,75,75,75,75,75,75,75,75,75,75,75,75,75,75,75,75,75],"card_choices":[{"not_picked":["Shockwave","Rampage"],"picked":"Heavy Blade","floor":1.0},{"not_picked":["ReplayTheSpireMod:Muscle Training","Abandon"],"picked":"Life Link","floor":2.0},{"not_picked":["True Grit","ReplayTheSpireMod:Corrosion Curse"],"picked":"Life Link","floor":4.0},{"not_picked":["Twin Strike","ReplayTheSpireMod:Strike From Hell"],"picked":"REME_SingleHolding","floor":6.0},{"not_picked":["Combust","Fire Breathing"],"picked":"Eclipse","floor":7.0},{"not_picked":["Carnage","AT_DrawKnifeCut"],"picked":"Infernal Blade","floor":10},{"not_picked":["Sword Boomerang","Dark Embrace"],"picked":"Power Through","floor":11},{"not_picked":["Iron Wave","AT_BodySlamDance"],"picked":"Perfected Strike","floor":13},{"not_picked":["Rampage","Heavy Blade"],"picked":"conspire:ExplosiveBarrier","floor":14},{"not_picked":["Feed","Corruption"],"picked":"Reaper","floor":16},{"not_picked":["Reckless Charge","Bloodletting","Shame"],"picked":"Inflame","floor":18},{"not_picked":["Iron Wave+1","Shrug It Off+1","maniac:Guilty"],"picked":"Uppercut","floor":20}],"player_experience":1400035,"relics_obtained":[{"floor":6.0,"key":"Meat on the Bone"},{"floor":10,"key":"War Paint"}],"event_choices":[{"damage_healed":0.0,"max_hp_gain":0.0,"max_hp_loss":0.0,"gold_gain":0.0,"event_name":"Living Wall","player_choice":"Grow","floor":3.0,"gold_loss":0.0,"damage_taken":0.0,"cards_upgraded":["Bludgeon"]},{"damage_healed":0.0,"max_hp_gain":0.0,"max_hp_loss":0.0,"gold_gain":0.0,"event_name":"conspire:LoneGhost","player_choice":"Disagree","floor":5.0,"gold_loss":0.0,"damage_taken":0.0},{"damage_healed":0.0,"max_hp_gain":0.0,"max_hp_loss":0.0,"gold_gain":0.0,"event_name":"Shining Light","player_choice":"Ignored","floor":8.0,"gold_loss":0.0,"damage_taken":0.0},{"damage_healed":0,"gold_gain":0,"player_choice":"Searched \u00272\u0027 times","damage_taken":0,"relics_obtained":["Snack Pack"],"max_hp_gain":0,"max_hp_loss":0,"event_name":"Dead Adventurer","floor":11,"gold_loss":0},{"damage_healed":0,"gold_gain":0,"cards_transformed":["Defend_R"],"player_choice":"Transformed","damage_taken":0,"max_hp_gain":0,"max_hp_loss":0,"event_name":"Transmorgrifier","floor":15,"gold_loss":0,"cards_obtained":["Second Wind"]},{"cards_removed":["Defend_R"],"damage_healed":0,"gold_gain":0,"player_choice":"Gave Gold","damage_taken":0,"max_hp_gain":0,"max_hp_loss":0,"event_name":"Beggar","floor":19,"gold_loss":75}],"is_beta":false,"boss_relics":[{"not_picked":["REME_DuelDisc","Tiny House"],"picked":"REME_DemonsWealth"}],"items_purged_floors":[],"is_endless":false,"potions_floor_spawned":[6,7,10,11,13,14],"killed_by":"3 Cultists","ascension_level":20}}