{"host":"ds3v42j7tpaaz1mg","time":1611779593,"event":{"mods":["AchievementEnabler","Aspiration","BaseMod","Bestiary","Better Altar","Better Note","Better Sensory Stone","BetterRewards","Block Reminder","Colored Powertips","Conspire","Downfall","Energized Spire","Halation","Hermit","Highlight Path","Hubris","Infinite Spire","Jorbs\u0027s Wanderer Trilogy","Minty Spire (QoL Compilation)","Relic Stats","Replay The Spire","StSLib","The Elementalist","The Servant 0.9.4"],"gold_per_floor":[114,43,57,57,70,70,70,200,273,273,273,273,293,72,72,215,215,254,295,321,321,5,5,48,48,72,72,122,3,39,100,100,266,266,334,92,92,92,92,92,146,146,187,187,275,320,320,387,387,447],"floor_reached":51,"language":"ENG","playtime":1575,"items_purged":["Strike_G","ReplayTheSpireMod:Splinters","Normality"],"score":2065,"play_id":"677dee83-c3e2-4968-a7ad-a2788f753ab8","local_time":"20210127153313","is_ascension_mode":true,"campfire_choices":[{"data":"1","floor":6.0,"key":"LIFT"},{"data":"2","floor":10.0,"key":"LIFT"},{"data":"3","floor":12.0,"key":"LIFT"},{"data":"Searing Blow","floor":15.0,"key":"SMITH"},{"data":"Searing Blow+1","floor":23.0,"key":"SMITH"},{"data":"Searing Blow+2","floor":25.0,"key":"SMITH"},{"data":"Searing Blow+3","floor":27.0,"key":"SMITH"},{"data":"Searing Blow+4","floor":32.0,"key":"SMITH"},{"data":"Searing Blow+5","floor":40,"key":"SMITH"},{"data":"Replay:Hysterical Blindness","floor":44,"key":"SMITH"},{"data":"Searing Blow+6","floor":49,"key":"SMITH"}],"circlet_count":0,"master_deck":["AscendersBane","Strike_R","Strike_R","Defend_R","Defend_R","Defend_R","Defend_R","Bash","Reaper","Twin Strike","Searing Blow+7","Hemokinesis","Pummel","Inflame","Poisoned Stab","Backstab","Metallicize","Demon Form","Replay:Undeath\u0027s Touch","Metallicize","Pummel","Inflame","Limit Break","CurseOfTheBell","Pot Of Greed","Pot Of Greed","Pot Of Greed","Barricade","Trip","Heavy Blade+1","Feed","CommonCold","ReplayTheSpireMod:Faulty Equipment","ReplayTheSpireMod:Splinters","Languid"],"relics":["Burning Blood","Shuriken","conspire:GiftBox","OrangePellets","Meat on the Bone","hubris:TenFootPole","Girya","hubris:Icosahedron","Replay:Mystery Machine","aspiration:SeaSaltIceCream","Golden Idol","Replay:Bandana","energizedSpire:MagnifyingGlass","halation:PromiseList","Bronze Scales","halation:AfternoonTea","aspiration:StickyExplosives_weak","infinitespire:EvilPickle","Calling Bell","Grinning Jar","infinitespire:Midas Blood","hubris:BundleOfHerbs","ReplayTheSpireMod:CursedCoin","downfall:ExtraCursedKey","Ring of Peace","Ring of Searing","CeramicFish","Blue Candle","halation:Komachan","infinitespire:Burning Sword","halation:PrussianBluePaint","Torii","halation:PapillonHeart"],"acts_visited":["Exordium","TheCity","TheBeyond"],"potions_floor_usage":[35,41,41,50],"damage_taken":[{"damage":6.0,"enemies":"Cultist","floor":1.0,"turns":3.0},{"damage":13.0,"enemies":"Jaw Worm","floor":3.0,"turns":4.0},{"damage":4.0,"enemies":"2 Louse","floor":5.0,"turns":3.0},{"damage":29.0,"enemies":"Lagavulin","floor":8.0,"turns":5.0},{"damage":11.0,"enemies":"Looter","floor":13.0,"turns":3.0},{"damage":25.0,"enemies":"Hexaghost","floor":16.0,"turns":6.0},{"damage":7.0,"enemies":"Spheric Guardian","floor":18.0,"turns":3.0},{"damage":35.0,"enemies":"2 Thieves","floor":19.0,"turns":3.0},{"damage":60.0,"enemies":"Snake Plant","floor":20.0,"turns":3.0},{"damage":17.0,"enemies":"Centurion and Healer","floor":24.0,"turns":5.0},{"damage":14.0,"enemies":"Sentry and Sphere","floor":28.0,"turns":3.0},{"damage":23.0,"enemies":"Snake Plant","floor":30.0,"turns":3.0},{"damage":48.0,"enemies":"Gremlin Leader","floor":31.0,"turns":6.0},{"damage":69,"enemies":"Pondfish","floor":33,"turns":9},{"damage":46,"enemies":"3 Shapes","floor":35,"turns":3},{"damage":10,"enemies":"Giant Head","floor":41,"turns":5},{"damage":58,"enemies":"Nightmare","floor":45,"turns":5},{"damage":0,"enemies":"Orb Walker","floor":46,"turns":2},{"damage":30,"enemies":"3 Darklings","floor":48,"turns":3},{"damage":66,"enemies":"infinitespire:MassOfShapes","floor":50,"turns":4}],"seed_played":"5442524946986330760","potions_obtained":[{"floor":1.0,"key":"Elixir"},{"floor":3.0,"key":"EntropicBrew"},{"floor":5.0,"key":"SpeedPotion"},{"floor":13.0,"key":"infinitespire:BlackPotion"},{"floor":19.0,"key":"champ:CounterPotion"},{"floor":24.0,"key":"SkillPotion"},{"floor":28.0,"key":"Energy Potion"},{"floor":30.0,"key":"SkillPotion"},{"floor":33,"key":"Strength Potion"},{"floor":35,"key":"Weak Potion"},{"floor":48,"key":"Explosive Potion"}],"is_trial":false,"path_per_floor":["M","$","M","?","M","R","?","E","T","R","?","R","M","$","R","B",null,"M","M","M","?","$","R","M","R","T","R","M","$","M","E","R","B",null,"M","$","?","?","T","R","E","AVR","T","R","NM","M","?","M","R","B",null],"character_chosen":"IRONCLAD","items_purchased":["Shuriken","OrangePellets","Meat on the Bone","hubris:TenFootPole","Girya","Twin Strike","Searing Blow","Replay:Bandana","Bronze Scales","Metallicize","Fruit Juice","Inflame","SkillPotion","ReplayTheSpireMod:CursedCoin","Barricade","Trip","Heavy Blade"],"campfire_rested":0,"item_purchase_floors":[0,0,0,0,0,0,2,14,22,22,22,29,29,36,36,36,36],"current_hp_per_floor":[36,36,41,41,51,51,51,46,46,46,46,46,51,51,51,55,74,73,59,28,28,28,28,52,52,52,52,83,83,66,55,55,48,76,57,57,57,57,57,57,71,71,71,71,31,49,49,73,73,25],"gold":447,"neow_bonus":"","is_daily":false,"chose_seed":false,"campfire_upgraded":8,"win_rate":0.0,"timestamp":1611779593,"path_taken":["M","$","?","?","M","R","?","E","T","R","?","R","?","?","R","BOSS","M","M","M","?","$","R","M","R","T","R","M","$","M","E","R","BOSS","M","$","?","?","?","R","E","AVR","T","R","NM","?","?","M","R","BOSS"],"items_purchased_type":["Relic","Relic","Relic","Relic","Relic","Card","Card","Relic","Relic","Card","Potion","Card","Potion","Relic","Card","Card","Card"],"build_version":"2020-12-22","purchased_purges":3,"victory":true,"max_hp_per_floor":[80,80,80,80,80,80,80,80,80,80,80,80,80,80,80,80,80,80,80,80,80,80,80,85,85,85,85,85,85,85,85,85,85,85,85,85,85,85,85,85,85,85,85,85,85,85,81,81,81,81],"relic_stats":{"OrangePellets":[7],"Torii":4,"counters":[42,164],"Shuriken":[25],"Golden Idol":136,"Bronze Scales":[150],"CeramicFish":18,"Blue Candle":[6],"obtain_stats":[{"CeramicFish":39,"Vajra":10,"halation:Komachan":42,"Ring of Searing":38,"halation:RedSoulGem":2,"Blood Vial":12,"Centennial Puzzle":24,"Lizard Tail":30,"halation:PrussianBluePaint":43,"Strawberry":10,"downfall:ExtraCursedKey":37,"halation:PromiseList":21,"Replay:Wax Seal":40,"Girya":10,"Happy Flower":8,"ReplayTheSpireMod:CursedCoin":36,"Blue Candle":41,"hubris:FruitBowl":10,"Ring of Chaos":17,"aspiration:SeaSaltIceCream":9,"Akabeko":21,"infinitespire:EvilPickle":33,"OrangePellets":0,"Replay:Baseball":14,"conspire:GiftBox":0,"Shuriken":0,"Bronze Scales":22,"halation:PenCase":9,"conspire:BottledYoYo":44,"hubris:TenFootPole":0,"energizedSpire:MagnifyingGlass":17,"Grinning Jar":34,"Abe\u0027s Treasure":34,"Meat on the Bone":0,"Darkstone Periapt":43,"halation:PapillonHeart":47,"Torii":45,"aspiration:TomeofQuesting":27,"conspire:SpecialSausage":29,"halation:WeightlessCrab":29,"Replay:Mystery Machine":8,"Burning Blood":0,"aspiration:StickyExplosives_weak":31,"Replay:Bandana":14,"hubris:Icosahedron":4,"Ring of Peace":38,"Tiny Chest":26,"hubris:KleinBottle":10,"NeowsBlessing":0,"Golden Idol":9,"hubris:MedicalManual":46,"hubris:Towel":4,"Calling Bell":34,"Ornamental Fan":41,"halation:EternalFortune":36,"hubris:BundleOfHerbs":34,"infinitespire:Burning Sword":42,"halation:AfternoonTea":26,"infinitespire:Midas Blood":34},{"CeramicFish":37,"Vajra":3,"halation:Komachan":38,"Ring of Searing":37,"halation:RedSoulGem":1,"Blood Vial":5,"Centennial Puzzle":9,"Lizard Tail":11,"halation:PrussianBluePaint":38,"Strawberry":3,"downfall:ExtraCursedKey":37,"halation:PromiseList":31,"Replay:Wax Seal":18,"Girya":3,"Happy Flower":3,"ReplayTheSpireMod:CursedCoin":37,"Blue Candle":38,"hubris:FruitBowl":3,"Ring of Chaos":6,"aspiration:SeaSaltIceCream":26,"Akabeko":7,"infinitespire:EvilPickle":13,"OrangePellets":22,"Replay:Baseball":5,"conspire:GiftBox":22,"Shuriken":22,"Bronze Scales":31,"halation:PenCase":3,"conspire:BottledYoYo":18,"hubris:TenFootPole":22,"energizedSpire:MagnifyingGlass":28,"Grinning Jar":36,"Abe\u0027s Treasure":13,"Meat on the Bone":22,"Darkstone Periapt":18,"halation:PapillonHeart":40,"Torii":39,"aspiration:TomeofQuesting":11,"conspire:SpecialSausage":11,"halation:WeightlessCrab":11,"Replay:Mystery Machine":26,"Burning Blood":0,"aspiration:StickyExplosives_weak":35,"Replay:Bandana":27,"hubris:Icosahedron":24,"Ring of Peace":37,"Tiny Chest":10,"hubris:KleinBottle":3,"NeowsBlessing":0,"Golden Idol":26,"hubris:MedicalManual":20,"hubris:Towel":1,"Calling Bell":36,"Ornamental Fan":18,"halation:EternalFortune":14,"hubris:BundleOfHerbs":36,"infinitespire:Burning Sword":38,"halation:AfternoonTea":32,"infinitespire:Midas Blood":36},{"CeramicFish":145,"Vajra":4,"halation:Komachan":150,"Ring of Searing":145,"halation:RedSoulGem":1,"Blood Vial":10,"Centennial Puzzle":28,"Lizard Tail":38,"halation:PrussianBluePaint":150,"Strawberry":4,"downfall:ExtraCursedKey":145,"halation:PromiseList":116,"Replay:Wax Seal":64,"Girya":4,"Happy Flower":4,"ReplayTheSpireMod:CursedCoin":145,"Blue Candle":150,"hubris:FruitBowl":4,"Ring of Chaos":16,"aspiration:SeaSaltIceCream":98,"Akabeko":22,"infinitespire:EvilPickle":47,"OrangePellets":83,"Replay:Baseball":10,"conspire:GiftBox":83,"Shuriken":83,"Bronze Scales":116,"halation:PenCase":4,"conspire:BottledYoYo":64,"hubris:TenFootPole":83,"energizedSpire:MagnifyingGlass":107,"Grinning Jar":142,"Abe\u0027s Treasure":47,"Meat on the Bone":83,"Darkstone Periapt":64,"halation:PapillonHeart":157,"Torii":155,"aspiration:TomeofQuesting":38,"conspire:SpecialSausage":38,"halation:WeightlessCrab":38,"Replay:Mystery Machine":98,"Burning Blood":0,"aspiration:StickyExplosives_weak":133,"Replay:Bandana":101,"hubris:Icosahedron":90,"Ring of Peace":145,"Tiny Chest":34,"hubris:KleinBottle":4,"NeowsBlessing":0,"Golden Idol":98,"hubris:MedicalManual":72,"hubris:Towel":1,"Calling Bell":142,"Ornamental Fan":64,"halation:EternalFortune":48,"hubris:BundleOfHerbs":142,"infinitespire:Burning Sword":150,"halation:AfternoonTea":121,"infinitespire:Midas Blood":142}],"Burning Blood":223,"Meat on the Bone":132},"card_choices":[{"not_picked":["Demonic Infusion","Hemogenesis"],"picked":"Reaper","floor":0.0},{"not_picked":["Clothesline","Warcry","Wild Strike"],"picked":"SKIP","floor":1.0},{"not_picked":["Dark Embrace","Rage"],"picked":"Hemokinesis","floor":3.0},{"not_picked":["Clothesline","Evolve"],"picked":"Pummel","floor":5.0},{"not_picked":["Wild Strike","Flame Barrier"],"picked":"Inflame","floor":8.0},{"not_picked":["Entrench","Second Wind"],"picked":"Metallicize","floor":13.0},{"not_picked":["Fiend Fire","Feed"],"picked":"Demon Form","floor":16.0},{"not_picked":["Clothesline+1","Carnage","Sever Soul"],"picked":"SKIP","floor":18.0},{"not_picked":["Run Through","Sword Boomerang+1","hubris:CleavingFinish"],"picked":"SKIP","floor":19.0},{"not_picked":["Cleave","Twin Strike"],"picked":"Replay:Undeath\u0027s Touch","floor":20.0},{"not_picked":["Fire Breathing","Perfected Strike+1","Warcry"],"picked":"SKIP","floor":24.0},{"not_picked":["Dual Wield","infinitespire:OneForAll+1"],"picked":"Pummel","floor":28.0},{"not_picked":["Sever Soul","conspire:Charge+1","Warcry"],"picked":"SKIP","floor":30.0},{"not_picked":["ReplayReversal+1","Clothesline+1","Dual Wield"],"picked":"SKIP","floor":31.0},{"not_picked":["Offering","Barricade"],"picked":"Limit Break","floor":33},{"not_picked":["Headbutt+1","Clash+1","hubris:SharpeningStone"],"picked":"SKIP","floor":35},{"not_picked":["Flex","Clash+1","Ghostly Armor+1"],"picked":"SKIP","floor":41},{"not_picked":["ReplayTheSpireMod:Corrosion Curse","conspire:ExplosiveBarrier","Flex"],"picked":"SKIP","floor":45},{"not_picked":["Body Slam","Twin Strike","Carnage+1"],"picked":"SKIP","floor":46},{"not_picked":["Carnage+1","Clothesline","ReplayTheSpireMod:Strike From Hell"],"picked":"SKIP","floor":48}],"player_experience":657257,"relics_obtained":[{"floor":8.0,"key":"Replay:Mystery Machine"},{"floor":9.0,"key":"aspiration:SeaSaltIceCream"},{"floor":21.0,"key":"halation:PromiseList"},{"floor":26.0,"key":"halation:AfternoonTea"},{"floor":31.0,"key":"aspiration:StickyExplosives_weak"},{"floor":34,"key":"Grinning Jar"},{"floor":34,"key":"infinitespire:Midas Blood"},{"floor":34,"key":"hubris:BundleOfHerbs"},{"floor":38,"key":"Ring of Peace"},{"floor":38,"key":"Ring of Searing"},{"floor":39,"key":"CeramicFish"},{"floor":41,"key":"Blue Candle"},{"floor":43,"key":"halation:PrussianBluePaint"},{"floor":45,"key":"Torii"}],"event_choices":[{"damage_healed":0.0,"max_hp_gain":0.0,"max_hp_loss":0.0,"gold_gain":0.0,"event_name":"conspire:LoneGhost","player_choice":"Disagree","floor":7.0,"gold_loss":0.0,"damage_taken":0.0},{"damage_healed":0.0,"max_hp_gain":0.0,"max_hp_loss":0.0,"gold_gain":0.0,"event_name":"Wheel of Change","player_choice":"Relic","floor":21.0,"gold_loss":0.0,"damage_taken":0.0}],"is_beta":false,"boss_relics":[{"not_picked":["halation:MonkeysPaw","Abe\u0027s Treasure"],"picked":"energizedSpire:MagnifyingGlass"},{"not_picked":["Ooze Armor","energizedSpire:DeadBattery"],"picked":"Calling Bell"}],"items_purged_floors":[14,36,42],"is_endless":false,"potions_floor_spawned":[1,3,5,13,19,24,28,30,33,35,48],"ascension_level":11}}