{"host":"ojt9u6ra2d449odx","time":1611755643,"event":{"mods":["BaseMod","Curses Come First","Hermit","Hubris","Minty Spire (QoL Compilation)","Potionbrewer","Relic Stats","Replay The Spire","Shade Mod","StSLib","The Cursed","The Disciple","The Necromancer","The Runesmith"],"gold_per_floor":[116,128,142,202,14,42,42,74,99,62,87,99,116,94,94,196,196,216,141,155,155,350,350,369,401,401,415,221,221,234,253,253,355,355,365,377,432,432,432,432,463,363,390,404,404,417,427,444,444,444,444,444,115,144,144],"floor_reached":56,"language":"ENG","playtime":5281,"items_purged":[],"score":1344,"play_id":"a10e0f6d-5a16-4a71-8d6f-e774706aa401","local_time":"20210127145403","is_ascension_mode":true,"campfire_choices":[{"floor":7.0,"key":"REST"},{"floor":15.0,"key":"RECALL"},{"floor":23.0,"key":"REST"},{"floor":29.0,"key":"REST"},{"floor":32.0,"key":"REST"},{"floor":40.0,"key":"REST"},{"floor":49.0,"key":"REST"},{"data":"hubris:EnhanceAbility","floor":52.0,"key":"SMITH"}],"circlet_count":0,"master_deck":["TheCursedMod:Strike_TheCursed","TheCursedMod:Strike_TheCursed","TheCursedMod:Strike_TheCursed","TheCursedMod:Defend_TheCursed+1","TheCursedMod:Defend_TheCursed","TheCursedMod:Defend_TheCursed","TheCursedMod:Defend_TheCursed","TheCursedMod:CursedWand","TheCursedMod:CleanUpWorkshop","TheCursedMod:Dregs","TheCursedMod:SpitefulPlan","TheCursedMod:PrepareRite","TheCursedMod:SpitefulStrike","TheCursedMod:CircleOfAmplification","TheCursedMod:SpreadPlague","TheCursedMod:SpreadPlague+1","The Bomb","Midas Touch+1","hubris:EnhanceAbility+1","TheCursedMod:StunningStrike","TheCursedMod:CursedSpellbook","TheCursedMod:DemonicPact","TheCursedMod:BloodBarrier","TheCursedMod:LuckyCharm","TheCursedMod:DemonSword","TheCursedMod:WearCloak","TheCursedMod:AshesToAshes","ReplayTheSpireMod:Splinters","TheCursedMod:HellfireBreathing","TheCursedMod:CollectTribute","TheCursedMod:AbyssShockwave","TheCursedMod:TroublousMinions+1","hubris:Despair","TheCursedMod:HellfireBreathing","ReplayTheSpireMod:Necrogeddon","Dramatic Entrance","TheCursedMod:Grudge","TheCursedMod:VoidForm","TheCursedMod:VoidForm","TheCursedMod:TroublousMinions+1","TheCursedMod:CircleOfBlood","Flash of Steel","TheCursedMod:CursedSpellbook+1","TheCursedMod:SoulCrush+1","TheCursedMod:CursedBoomerang","TheCursedMod:CursedStaff","Panache","hubris:EnhanceAbility+1"],"relics":["TheCursedMod:BlackMagic101","ReplayTheSpireMod:ShopPack","Pen Nib","Bottled Lightning","MealTicket","hubris:OldNail","Sozu","Dream Catcher","ReplayTheSpireMod:CursedCoin","Replay:Bronze Core","Counterbalance","hubris:Icosahedron","Boot","War Paint","DollysMirror","Lantern"],"acts_visited":["Exordium","TheCity","TheBeyond","TheEnding"],"potions_floor_usage":[55,55,55],"damage_taken":[{"damage":0.0,"enemies":"Cultist","floor":1.0,"turns":4.0},{"damage":6.0,"enemies":"2 Louse","floor":2.0,"turns":4.0},{"damage":1.0,"enemies":"Jaw Worm","floor":3.0,"turns":3.0},{"damage":31.0,"enemies":"Gremlin Nob","floor":6.0,"turns":5.0},{"damage":8.0,"enemies":"Lagavulin","floor":8.0,"turns":7.0},{"damage":0.0,"enemies":"Replay:BlueRogue","floor":11.0,"turns":4.0},{"damage":7.0,"enemies":"2 Fungi Beasts","floor":12.0,"turns":3.0},{"damage":6.0,"enemies":"Gremlin Gang","floor":13.0,"turns":3.0},{"damage":0.0,"enemies":"Slime Boss","floor":16.0,"turns":7.0},{"damage":2.0,"enemies":"Spheric Guardian","floor":18.0,"turns":3.0},{"damage":33.0,"enemies":"2 Thieves","floor":20.0,"turns":4.0},{"damage":11.0,"enemies":"Snake Plant","floor":24.0,"turns":3.0},{"damage":26.0,"enemies":"Slavers","floor":25.0,"turns":4.0},{"damage":6.0,"enemies":"Sentry and Sphere","floor":27.0,"turns":4.0},{"damage":15.0,"enemies":"Chosen and Byrds","floor":30.0,"turns":3.0},{"damage":21.0,"enemies":"Snake Plant","floor":31.0,"turns":3.0},{"damage":22.0,"enemies":"Champ","floor":33.0,"turns":8.0},{"damage":0.0,"enemies":"Orb Walker","floor":35.0,"turns":3.0},{"damage":6.0,"enemies":"3 Shapes","floor":36.0,"turns":3.0},{"damage":41.0,"enemies":"2 Orb Walkers","floor":37.0,"turns":3.0},{"damage":14.0,"enemies":"Giant Head","floor":41.0,"turns":7.0},{"damage":11.0,"enemies":"3 Darklings","floor":44.0,"turns":3.0},{"damage":5.0,"enemies":"Writhing Mass","floor":46.0,"turns":4.0},{"damage":0.0,"enemies":"Transient","floor":47.0,"turns":5.0},{"damage":21.0,"enemies":"Sphere and 2 Shapes","floor":48.0,"turns":2.0},{"damage":25.0,"enemies":"Donu and Deca","floor":50.0,"turns":4.0},{"damage":25.0,"enemies":"Shield and Spear","floor":54.0,"turns":3.0},{"damage":52,"enemies":"The Heart","floor":55,"turns":7}],"seed_played":"-1547912713386769683","potions_obtained":[{"floor":3.0,"key":"Swift Potion"},{"floor":6.0,"key":"Weak Potion"},{"floor":11.0,"key":"potionbrewer:InfectionPotion"}],"is_trial":false,"path_per_floor":["M","M","M","?","$","E","R","E","T","$","E","M","M","?","R","B",null,"M","?","M","?","?","R","M","E","T","M","$","R","M","M","R","B",null,"M","M","?","?","?","R","E","NS","T","M","?","M","M","M","R","B",null,"R","$","E","B",null],"character_chosen":"THE_CURSED","items_purchased":["ReplayTheSpireMod:ShopPack","TheCursedMod:SpreadPlague","TheCursedMod:CursedSpellbook","ReplayTheSpireMod:CursedCoin","TheCursedMod:HellfireBreathing","ReplayTheSpireMod:Necrogeddon","Dramatic Entrance","Panache","DollysMirror"],"campfire_rested":6,"item_purchase_floors":[5,5,10,28,28,28,28,53,53],"current_hp_per_floor":[75,69,68,68,68,37,59,51,51,66,66,59,53,53,53,53,75,73,73,40,40,40,62,51,25,25,19,34,56,41,20,42,20,75,75,69,28,28,28,50,40,40,40,29,29,26,26,11,33,14,75,75,75,50,2],"gold":144,"neow_bonus":"RANDOM_EVENT","is_daily":false,"chose_seed":false,"campfire_upgraded":1,"win_rate":0.0,"timestamp":1611755643,"path_taken":["M","?","M","?","?","E","R","E","T","$","E","?","M","?","R","BOSS","M","?","M","?","?","R","M","E","T","M","$","R","?","M","R","BOSS","M","M","?","?","?","R","E","NS","T","M","?","?","M","M","R","BOSS","R","$","E","BOSS"],"items_purchased_type":["Relic","Card","Card","Relic","Card","Card","Card","Card","Relic"],"build_version":"2020-12-22","purchased_purges":0,"victory":true,"max_hp_per_floor":[75,75,75,75,75,75,75,75,75,75,75,75,75,75,75,75,75,75,75,75,75,75,75,75,75,75,75,75,75,75,75,75,75,75,75,75,75,75,75,75,75,75,75,75,75,75,75,75,75,75,75,75,75,75,75],"relic_stats":{"Sozu":7,"Dream Catcher":4,"counters":[28,116],"MealTicket":30,"Pen Nib":[13],"War Paint":["TheCursedMod:SpreadPlague","TheCursedMod:Defend_TheCursed"],"Boot":[0],"obtain_stats":[{"TheCursedMod:BlackMagic101":0,"Lantern":54,"ReplayTheSpireMod:CursedCoin":28,"Counterbalance":37,"Pen Nib":6,"War Paint":43,"Boot":41,"Sozu":17,"Dream Catcher":25,"hubris:Icosahedron":39,"DollysMirror":53,"Replay:Bronze Core":34,"MealTicket":9,"Bottled Lightning":8,"hubris:OldNail":11,"ReplayTheSpireMod:ShopPack":5},{"TheCursedMod:BlackMagic101":0,"Lantern":27,"ReplayTheSpireMod:CursedCoin":14,"Counterbalance":20,"Pen Nib":4,"War Paint":21,"Boot":21,"Sozu":9,"Dream Catcher":13,"hubris:Icosahedron":20,"DollysMirror":26,"Replay:Bronze Core":17,"MealTicket":5,"Bottled Lightning":5,"hubris:OldNail":6,"ReplayTheSpireMod:ShopPack":3},{"TheCursedMod:BlackMagic101":0,"Lantern":109,"ReplayTheSpireMod:CursedCoin":58,"Counterbalance":81,"Pen Nib":16,"War Paint":88,"Boot":88,"Sozu":40,"Dream Catcher":54,"hubris:Icosahedron":81,"DollysMirror":106,"Replay:Bronze Core":72,"MealTicket":23,"Bottled Lightning":23,"hubris:OldNail":27,"ReplayTheSpireMod:ShopPack":11}]},"card_choices":[{"not_picked":["TheCursedMod:CircleOfFlame","TheCursedMod:DoubleShield"],"picked":"TheCursedMod:PrepareRite","floor":1.0},{"not_picked":["TheCursedMod:CircleOfWindfury","TheCursedMod:Stigma"],"picked":"TheCursedMod:SpitefulStrike","floor":2.0},{"not_picked":["TheCursedMod:SmokeScreen","TheCursedMod:AshesToAshes"],"picked":"TheCursedMod:CircleOfAmplification","floor":3.0},{"not_picked":["Violence","Transmutation"],"picked":"The Bomb","floor":5.0},{"not_picked":["Secret Weapon","Bandage Up"],"picked":"Midas Touch","floor":5.0},{"not_picked":["hubris:Ssssneak","PanicButton"],"picked":"hubris:EnhanceAbility","floor":5.0},{"not_picked":["TheCursedMod:Grudge","TheCursedMod:Obscuration"],"picked":"TheCursedMod:StunningStrike","floor":6.0},{"not_picked":["TheCursedMod:Stigma","TheCursedMod:VitalStrike","TheCursedMod:RavingStaff"],"picked":"SKIP","floor":8.0},{"not_picked":["TheCursedMod:RavingStaff","TheCursedMod:CursedArmor"],"picked":"TheCursedMod:DemonicPact","floor":11.0},{"not_picked":["TheCursedMod:Obscuration","TheCursedMod:CursedAmulet"],"picked":"TheCursedMod:BloodBarrier","floor":12.0},{"not_picked":["TheCursedMod:HellsGateOpen","TheCursedMod:Wield"],"picked":"TheCursedMod:LuckyCharm","floor":13.0},{"not_picked":["TheCursedMod:CollectTribute","TheCursedMod:CircleOfAbyss"],"picked":"TheCursedMod:DemonSword","floor":16.0},{"not_picked":["TheCursedMod:DoubleShield","TheCursedMod:TacticalStrike"],"picked":"TheCursedMod:WearCloak","floor":18.0},{"not_picked":["TheCursedMod:Stigma","TheCursedMod:Torture"],"picked":"TheCursedMod:AshesToAshes","floor":20.0},{"not_picked":["TheCursedMod:CircleOfFlame","TheCursedMod:TacticalStrike"],"picked":"TheCursedMod:HellfireBreathing","floor":22.0},{"not_picked":["TheCursedMod:SpitefulPray","TheCursedMod:FleshFromBone"],"picked":"TheCursedMod:CollectTribute","floor":24.0},{"not_picked":["TheCursedMod:WearCloak","TheCursedMod:SurpriseAttack"],"picked":"TheCursedMod:AbyssShockwave","floor":25.0},{"not_picked":["TheCursedMod:CursedBlade+1","TheCursedMod:SpreadPlague"],"picked":"TheCursedMod:TroublousMinions+1","floor":27.0},{"not_picked":["TheCursedMod:Wield","TheCursedMod:Mangle+1"],"picked":"TheCursedMod:Grudge","floor":29.0},{"not_picked":["TheCursedMod:CursedMace","TheCursedMod:Wield"],"picked":"TheCursedMod:VoidForm","floor":30.0},{"not_picked":["TheCursedMod:CursedMace+1","TheCursedMod:DoubleShield","TheCursedMod:PrepareRite"],"picked":"SKIP","floor":31.0},{"not_picked":["TheCursedMod:CursedShiv+1","TheCursedMod:PrepareRite"],"picked":"TheCursedMod:BlessingInDisguise+1","floor":32.0},{"not_picked":["TheCursedMod:DemonicPact","TheCursedMod:NeowsMight"],"picked":"TheCursedMod:VoidForm","floor":33.0},{"not_picked":["TheCursedMod:FuryStrike","TheCursedMod:Grudge","TheCursedMod:CursedMace"],"picked":"SKIP","floor":35.0},{"not_picked":["TheCursedMod:CursedShiv+1","TheCursedMod:SpitefulPray+1"],"picked":"TheCursedMod:TroublousMinions+1","floor":36.0},{"not_picked":["TheCursedMod:SpitefulStrike+1","TheCursedMod:Stretching+1"],"picked":"TheCursedMod:CircleOfBlood","floor":37.0},{"not_picked":["PanicButton","Forethought"],"picked":"Flash of Steel","floor":38.0},{"not_picked":["TheCursedMod:DoubleShield+1","TheCursedMod:RapidMovement+1"],"picked":"TheCursedMod:CircleOfWindfury+1","floor":40.0},{"not_picked":["TheCursedMod:RavingStaff+1","TheCursedMod:CursedAmulet+1"],"picked":"TheCursedMod:CursedSpellbook+1","floor":41.0},{"not_picked":["TheCursedMod:CircleOfCorruption+1","TheCursedMod:RapidMovement+1"],"picked":"TheCursedMod:SoulCrush+1","floor":44.0},{"not_picked":["TheCursedMod:TacticalStrike+1","TheCursedMod:RapidMovement","TheCursedMod:CursedBlade"],"picked":"SKIP","floor":46.0},{"not_picked":["TheCursedMod:CircleOfFlame","TheCursedMod:SmokeScreen"],"picked":"TheCursedMod:CursedBoomerang","floor":47.0},{"not_picked":["TheCursedMod:Wield+1","TheCursedMod:AntiAging","TheCursedMod:PrepareRite+1"],"picked":"SKIP","floor":48.0},{"not_picked":["TheCursedMod:WearCloak","TheCursedMod:CursedMace"],"picked":"TheCursedMod:CursedStaff","floor":49.0},{"not_picked":["TheCursedMod:VitalStrike","TheCursedMod:SurpriseAttack","TheCursedMod:Stigma"],"picked":"SKIP","floor":54.0}],"player_experience":138242,"relics_obtained":[{"floor":6.0,"key":"Pen Nib"},{"floor":8.0,"key":"Bottled Lightning"},{"floor":9.0,"key":"MealTicket"},{"floor":11.0,"key":"hubris:OldNail"},{"floor":25.0,"key":"Dream Catcher"},{"floor":37.0,"key":"Counterbalance"},{"floor":41.0,"key":"Boot"},{"floor":43.0,"key":"War Paint"},{"floor":54.0,"key":"Lantern"}],"event_choices":[{"damage_healed":0.0,"max_hp_gain":0.0,"max_hp_loss":0.0,"gold_gain":60.0,"event_name":"Golden Wing","player_choice":"Gained Gold","floor":4.0,"gold_loss":0.0,"damage_taken":0.0},{"damage_healed":0.0,"max_hp_gain":0.0,"max_hp_loss":0.0,"gold_gain":0.0,"event_name":"World of Goop","player_choice":"Left Gold","floor":14.0,"gold_loss":22.0,"damage_taken":0.0},{"cards_removed":["TheCursedMod:Strike_TheCursed"],"damage_healed":0.0,"max_hp_gain":0.0,"max_hp_loss":0.0,"gold_gain":0.0,"event_name":"Beggar","player_choice":"Gave Gold","floor":19.0,"gold_loss":75.0,"damage_taken":0.0},{"damage_healed":0.0,"max_hp_gain":0.0,"max_hp_loss":0.0,"gold_gain":0.0,"event_name":"Mysterious Sphere","player_choice":"Fight","floor":37.0,"gold_loss":0.0,"damage_taken":0.0},{"damage_healed":0.0,"max_hp_gain":0.0,"max_hp_loss":0.0,"gold_gain":0.0,"event_name":"SensoryStone","player_choice":"Memory 1","floor":38.0,"gold_loss":0.0,"damage_taken":0.0},{"damage_healed":0.0,"max_hp_gain":0.0,"max_hp_loss":0.0,"gold_gain":0.0,"event_name":"Fountain of Cleansing","player_choice":"Ignored","floor":45.0,"gold_loss":0.0,"damage_taken":0.0}],"is_beta":false,"boss_relics":[{"not_picked":["Astrolabe","hubris:CrackedHourglass"],"picked":"Sozu"},{"not_picked":["Ring of Chaos","hubris:Backtick"],"picked":"Replay:Bronze Core"}],"items_purged_floors":[],"is_endless":false,"potions_floor_spawned":[3,6,11,18,20,31,33,36,41,44],"ascension_level":1}}