{"host":"v3kezv78kizrjutp","time":1611781310,"event":{"mods":["BaseMod","BetterRewards","Colored Map","DeckTracker","Downfall","Duelist Mod","GifTheSpireLib","Highlight Path","Hubris","Infinite Spire","Jorbs\u0027s Wanderer Trilogy","Koishi","Marisa????????","Minty Spire (QoL Compilation)","Permanent Neow","Quick Restart","Random Character Button","Replay The Spire","Robot Space Explorer","Shop Mod","StSLib","Stuff the Spire","SuperFastMode","The Animator","The Blackbeard","The Construct","The Disciple","The Elementalist","The Jungle","The Necromancer","The Poker Player","The Runesmith","The Wild Card","TheBandit","thorton"],"gold_per_floor":[132,177,177,215,190,190,190,252,252,308,358,428,477,541,541,677,677,741,788,395,460,460,460,531,546,546,616,651,699,699,737,737,963,963,1056,1152,1152,1265,1406,1601,1086,1175,1175,1286,1417,1417,1599,1740,1740,1786,1786,1786,842,964,1019],"floor_reached":56,"language":"ENG","playtime":1985,"items_purged":["blackbeard:BlackbeardStrike","blackbeard:BlackbeardStrike","Doubt","ReplayTheSpireMod:Faulty Equipment+1"],"score":1877,"play_id":"aab4f1bf-9bcd-4ac9-906c-b88ca4b9db78","local_time":"20210127220150","is_ascension_mode":true,"campfire_choices":[{"data":"blackbeard:GoldenDefense","floor":6,"key":"SMITH"},{"floor":15,"key":"REST"},{"data":"Replay:Fractal Strike","floor":23,"key":"SMITH"},{"floor":32,"key":"REST"},{"floor":46,"key":"RECALL"},{"data":"infinitespire:DeathsTouch","floor":49,"key":"SMITH"},{"data":"ReplayTheSpireMod:Faulty Equipment","floor":52,"key":"SMITH"}],"circlet_count":0,"master_deck":["blackbeard:BlackbeardStrike","blackbeard:BlackbeardStrike","blackbeard:IntimidatingStrike","blackbeard:BlackbeardDefend","blackbeard:BlackbeardDefend","blackbeard:BlackbeardDefend","blackbeard:BlackbeardDefend","blackbeard:Cutlass","blackbeard:BuriedTreasure","blackbeard:Bandana","blackbeard:GoldenDefense+1","infinitespire:DeathsTouch+1","blackbeard:GoldenStrike","blackbeard:GoldenStrike","blackbeard:Lifeboat","blackbeard:GoldenStrike","blackbeard:GoldenStrike","hubris:Insight","Replay:Fractal Strike+1","stsjorbsmod:Procrastination","blackbeard:GoldenStrike","blackbeard:GoldenStrike","blackbeard:BoostMorale"],"relics":["blackbeard:LoadTheCannons","Ancient Tea Set","Iron Hammer","Durian","infinitespire:Lucky Rock","Busted Crown","BargainBundle","Replay:WaspNest","Boot","Oddly Smooth Stone","infinitespire:Bottled Soul","Snack Pack","StuffTheSpire:DarkSteelAnvil","Blue Candle","infinitespire:EvilPickle","Replay:Ancient Bell","Replay:Baseball","StuffTheSpire:CocoNut","blackbeard:PoorMathSkills","hubris:BottledRain","DollysMirror","Runesmith:Nanobots","StuffTheSpire:Barrel","Toy Ornithopter","Mercury Hourglass","StuffTheSpire:BottledEssence","Bronze Scales"],"acts_visited":["Exordium","TheCity","TheBeyond","TheEnding"],"potions_floor_usage":[11,16,24,24,33,33,33,40,47,50,55,55],"damage_taken":[{"damage":4,"enemies":"Jaw Worm","floor":1,"turns":4},{"damage":1,"enemies":"Cultist","floor":2,"turns":3},{"damage":0,"enemies":"2 Louse","floor":4,"turns":3},{"damage":9,"enemies":"3 Sentries","floor":8,"turns":5},{"damage":0,"enemies":"2 Fungi Beasts","floor":10,"turns":3},{"damage":13,"enemies":"Lagavulin","floor":11,"turns":3},{"damage":0,"enemies":"3 Louse","floor":12,"turns":4},{"damage":2,"enemies":"Large Slime","floor":13,"turns":3},{"damage":9,"enemies":"3 Sentries","floor":14,"turns":2},{"damage":0,"enemies":"Slime Boss","floor":16,"turns":7},{"damage":0,"enemies":"Spheric Guardian","floor":18,"turns":3},{"damage":12,"enemies":"2 Thieves","floor":19,"turns":4},{"damage":0,"enemies":"Snake Plant","floor":21,"turns":3},{"damage":10,"enemies":"Slavers","floor":24,"turns":3},{"damage":0,"enemies":"3 Cultists","floor":25,"turns":2},{"damage":27,"enemies":"Book of Stabbing","floor":27,"turns":4},{"damage":3,"enemies":"Chosen and Byrds","floor":28,"turns":2},{"damage":1,"enemies":"theDuelist:KaibaA2","floor":29,"turns":3},{"damage":3,"enemies":"Cultist and Chosen","floor":31,"turns":5},{"damage":8,"enemies":"Pondfish","floor":33,"turns":12},{"damage":0,"enemies":"3 Shapes","floor":35,"turns":2},{"damage":8,"enemies":"Orb Walker","floor":36,"turns":3},{"damage":0,"enemies":"Jaw Worm Horde","floor":38,"turns":3},{"damage":8,"enemies":"3 Darklings","floor":39,"turns":5},{"damage":19,"enemies":"Reptomancer","floor":40,"turns":5},{"damage":0,"enemies":"4 Shapes","floor":42,"turns":2},{"damage":0,"enemies":"Sphere and 2 Shapes","floor":44,"turns":2},{"damage":0,"enemies":"Nemesis","floor":45,"turns":3},{"damage":29,"enemies":"Transient","floor":47,"turns":5},{"damage":0,"enemies":"Spire Growth","floor":48,"turns":3},{"damage":43,"enemies":"Time Eater","floor":50,"turns":5},{"damage":0,"enemies":"Shield and Spear","floor":54,"turns":2},{"damage":45,"enemies":"The Heart","floor":55,"turns":5}],"seed_played":"9067891986734858229","potions_obtained":[{"floor":1,"key":"AttackPotion"},{"floor":2,"key":"Strength Potion"},{"floor":12,"key":"PowerPotion"},{"floor":13,"key":"FearPotion"},{"floor":21,"key":"Strength Potion"},{"floor":24,"key":"BlessingOfTheForge"},{"floor":28,"key":"SpeedPotion"},{"floor":29,"key":"AttackPotion"},{"floor":33,"key":"Swift Potion"},{"floor":35,"key":"Guardian:BlockOnCardUsePotion"},{"floor":40,"key":"blackbeard:RumPotion"},{"floor":42,"key":"LifebloodPotion"},{"floor":47,"key":"AttackPotion"}],"is_trial":false,"path_per_floor":["M","M","?","M","$","R","?","E","T","M","E","M","M","E","R","B",null,"M","M","$","M","AVR","R","E","M","T","E","M","E","?","M","R","B",null,"M","M","?","M","M","E","$","M","T","M","E","R","M","M","R","B",null,"R","$","E","B",null],"character_chosen":"BLACKBEARD_CLASS","items_purchased":["blackbeard:GoldenDefense","blackbeard:GoldenStrike","BargainBundle","hubris:Insight","Replay:WaspNest","DollysMirror","Runesmith:Nanobots","Toy Ornithopter","blackbeard:RumPotion","Mercury Hourglass","blackbeard:GoldenStrike","blackbeard:BoostMorale","StuffTheSpire:BottledEssence"],"campfire_rested":2,"item_purchase_floors":[5,20,20,20,20,41,41,53,53,53,53,53,53],"current_hp_per_floor":[71,70,63,63,63,63,46,37,37,37,29,29,27,18,42,42,80,80,68,68,68,68,68,58,58,58,31,30,31,26,25,49,53,87,87,79,79,85,81,66,66,66,66,68,70,70,43,43,43,6,87,87,87,87,46],"gold":1019,"neow_bonus":"RANDOM_EVENT","is_daily":false,"chose_seed":false,"campfire_upgraded":4,"win_rate":0.0,"timestamp":1611781310,"path_taken":["M","M","?","M","?","R","?","E","T","M","E","M","M","E","R","BOSS","M","M","$","M","AVR","R","E","M","T","E","M","E","?","M","R","BOSS","M","M","?","M","M","E","$","M","T","M","E","R","M","M","R","BOSS","R","$","E","BOSS"],"items_purchased_type":["Card","Card","Relic","Card","Relic","Relic","Relic","Relic","Potion","Relic","Card","Card","Relic"],"build_version":"2020-12-22","purchased_purges":4,"victory":true,"max_hp_per_floor":[75,75,75,75,75,75,75,75,75,75,80,80,80,80,80,80,80,80,80,80,80,80,80,80,80,80,80,80,80,80,80,80,80,87,87,87,87,87,87,87,87,87,87,87,87,87,87,87,87,87,87,87,87,87,87],"card_choices":[{"not_picked":["blackbeard:Toast","blackbeard:Eyepatch"],"picked":"blackbeard:Bandana","floor":1},{"not_picked":["blackbeard:SwordDance","blackbeard:JollyRoger","blackbeard:CannonballSupply"],"picked":"SKIP","floor":2},{"not_picked":["blackbeard:BlindAttacks","blackbeard:Sharpening","blackbeard:ChaoticDefense"],"picked":"SKIP","floor":4},{"not_picked":["infinitespire:FinalStrike","hubris:Fate"],"picked":"infinitespire:DeathsTouch","floor":7},{"not_picked":["blackbeard:DeadlyArsenal","blackbeard:Spear","blackbeard:WeaponMastery"],"picked":"SKIP","floor":8},{"not_picked":["blackbeard:TerrorOfTheSeas","blackbeard:ArmorUp","blackbeard:BeatUp"],"picked":"SKIP","floor":10},{"not_picked":["blackbeard:GoldenDefense","blackbeard:JollyRoger"],"picked":"blackbeard:GoldenStrike","floor":11},{"not_picked":["blackbeard:Fencing","blackbeard:PiratesWill","blackbeard:PirateHook"],"picked":"SKIP","floor":12},{"not_picked":["blackbeard:Fencing","blackbeard:PiratesWill","blackbeard:PirateHook"],"picked":"SKIP","floor":12},{"not_picked":["blackbeard:Boarding","blackbeard:SmithingHammer"],"picked":"blackbeard:GoldenStrike","floor":13},{"not_picked":["blackbeard:DelayedPain","blackbeard:PiratesWill","blackbeard:InfiniteBarrage"],"picked":"SKIP","floor":14},{"not_picked":["blackbeard:PirateStrength","blackbeard:Salvager"],"picked":"blackbeard:Lifeboat","floor":16},{"not_picked":[],"picked":"blackbeard:GoldenStrike","floor":18},{"not_picked":["blackbeard:CatONineTails"],"picked":"SKIP","floor":19},{"not_picked":["blackbeard:SwordDance"],"picked":"SKIP","floor":21},{"not_picked":["blackbeard:VengefulSpirit"],"picked":"SKIP","floor":24},{"not_picked":["blackbeard:WiseDefense"],"picked":"SKIP","floor":25},{"not_picked":["blackbeard:PirateEarring"],"picked":"SKIP","floor":27},{"not_picked":["blackbeard:CloakAndCannonball"],"picked":"SKIP","floor":28},{"not_picked":["blackbeard:Anchor"],"picked":"SKIP","floor":29},{"not_picked":["blackbeard:CannonballSupply+1"],"picked":"SKIP","floor":31},{"not_picked":[],"picked":"Doubt","floor":34},{"not_picked":[],"picked":"stsjorbsmod:Procrastination","floor":34},{"not_picked":[],"picked":"ReplayTheSpireMod:Faulty Equipment","floor":34},{"not_picked":["blackbeard:CannonballSupply+1"],"picked":"SKIP","floor":35},{"not_picked":["blackbeard:Dagger"],"picked":"SKIP","floor":36},{"not_picked":["blackbeard:FieryDefense"],"picked":"SKIP","floor":38},{"not_picked":["blackbeard:FieryDefense"],"picked":"SKIP","floor":39},{"not_picked":["blackbeard:FieryDefense+1"],"picked":"SKIP","floor":40},{"not_picked":["blackbeard:DangerousBlow+1"],"picked":"SKIP","floor":42},{"not_picked":["blackbeard:Spear"],"picked":"SKIP","floor":44},{"not_picked":["blackbeard:PowderKeg+1"],"picked":"SKIP","floor":45},{"not_picked":["blackbeard:TacticalRetreat+1"],"picked":"SKIP","floor":47},{"not_picked":["blackbeard:ChaoticDefense"],"picked":"SKIP","floor":48},{"not_picked":["blackbeard:TacticalRetreat"],"picked":"SKIP","floor":54}],"player_experience":1116684,"relics_obtained":[{"floor":8,"key":"Ancient Tea Set"},{"floor":9,"key":"Iron Hammer"},{"floor":11,"key":"Durian"},{"floor":14,"key":"infinitespire:Lucky Rock"},{"floor":24,"key":"Oddly Smooth Stone"},{"floor":26,"key":"infinitespire:Bottled Soul"},{"floor":27,"key":"Snack Pack"},{"floor":29,"key":"StuffTheSpire:DarkSteelAnvil"},{"floor":40,"key":"hubris:BottledRain"},{"floor":45,"key":"StuffTheSpire:Barrel"},{"floor":54,"key":"Bronze Scales"}],"event_choices":[{"damage_healed":0,"gold_gain":0,"player_choice":"Damaged","damage_taken":7,"max_hp_gain":0,"max_hp_loss":0,"event_name":"Wheel of Change","floor":3,"gold_loss":0}],"is_beta":false,"boss_relics":[{"not_picked":["Empty Cage","hubris:BlackHole"],"picked":"Busted Crown"},{"not_picked":["Coffee Dripper","hubris:RunicObelisk"],"picked":"Replay:Ancient Bell"},{"not_picked":["Grinning Jar","Regal Pillow"],"picked":"Replay:Baseball"},{"not_picked":["Replay:Bottled Eggs","Golden Egg"],"picked":"StuffTheSpire:CocoNut"},{"not_picked":["Pondfish Scales","Dead Branch"],"picked":"blackbeard:PoorMathSkills"}],"items_purged_floors":[20,22,41,53],"is_endless":false,"potions_floor_spawned":[1,2,12,13,21,24,28,29,33,35,40,42,47],"ascension_level":2}}