{"host":"qrt7o4dq2qslzw13","time":1611718860,"event":{"mods":["AchievementEnabler","BaseMod","Colored Map","Colored Powertips","Minty Spire (QoL Compilation)","Quick Restart","StSLib","SuperFastMode"],"gold_per_floor":[114,129,144,144,144,144,174,174,174,201,243,255,282,334,346,458,520,547,574,86,536,551,551,566,596,596,611,611,641,641,641,221,221,321,321,336,351,13,28,43,43,73,88,88,88,118,118,133,148,148,148],"floor_reached":52,"language":"ENG","playtime":2003,"items_purged":[],"score":839,"play_id":"62b490d1-8af3-483b-940d-c8ecbe0864da","local_time":"20210126224100","daily_mods":["Heirloom","Blue Cards","Elite Swarm"],"is_ascension_mode":false,"campfire_choices":[{"data":"1","floor":6.0,"key":"LIFT"},{"data":"2","floor":8.0,"key":"LIFT"},{"data":"3","floor":15.0,"key":"LIFT"},{"floor":23.0,"key":"REST"},{"data":"Reaper","floor":31.0,"key":"SMITH"},{"data":"Forethought","floor":33.0,"key":"SMITH"},{"data":"Rainbow","floor":41.0,"key":"SMITH"},{"data":"Trip","floor":45,"key":"SMITH"},{"data":"Heatsinks","floor":47,"key":"SMITH"},{"data":"Offering","floor":50,"key":"SMITH"}],"circlet_count":0,"master_deck":["Strike_R","Strike_R","Strike_R","Strike_R","Strike_R","Defend_R+1","Defend_R","Defend_R","Defend_R","Bash","Static Discharge","Steam","Genetic Algorithm+1","Exhume","Twin Strike","Reaper+1","Inflame","Immolate","Leap","Streamline+1","Spot Weakness","Trip+1","Forethought+1","Enlightenment","Bandage Up","Rainbow+1","Offering+1","Beam Cell","Electrodynamics","Genetic Algorithm+1","FTL","All For One","White Noise","Ghostly Armor+1","Storm","Dark Embrace+1","Reaper","Heatsinks+1","Pain","Intimidate+1","Conserve Battery+1"],"relics":["Burning Blood","Girya","Unceasing Top","MawBank","Centennial Puzzle","Bottled Flame","Tiny House","Eternal Feather","Strawberry","Dream Catcher","Nunchaku","Mummified Hand","DollysMirror","MealTicket","Cursed Key","Du-Vu Doll","Letter Opener","Pantograph","StrikeDummy"],"acts_visited":["Exordium","TheCity","TheBeyond"],"potions_floor_usage":[43],"damage_taken":[{"damage":0.0,"enemies":"2 Louse","floor":1.0,"turns":4.0},{"damage":5.0,"enemies":"Cultist","floor":2.0,"turns":4.0},{"damage":0.0,"enemies":"Small Slimes","floor":3.0,"turns":3.0},{"damage":41.0,"enemies":"3 Sentries","floor":7.0,"turns":9.0},{"damage":4.0,"enemies":"Red Slaver","floor":10.0,"turns":4.0},{"damage":16.0,"enemies":"Gremlin Nob","floor":11.0,"turns":3.0},{"damage":0.0,"enemies":"Large Slime","floor":13.0,"turns":8.0},{"damage":29.0,"enemies":"3 Sentries","floor":14.0,"turns":6.0},{"damage":55.0,"enemies":"Hexaghost","floor":16.0,"turns":10.0},{"damage":17.0,"enemies":"Shell Parasite","floor":18.0,"turns":5.0},{"damage":10.0,"enemies":"3 Byrds","floor":19.0,"turns":5.0},{"damage":20.0,"enemies":"Sentry and Sphere","floor":22.0,"turns":5.0},{"damage":13.0,"enemies":"Centurion and Healer","floor":24.0,"turns":8.0},{"damage":29.0,"enemies":"Slavers","floor":25.0,"turns":7.0},{"damage":19.0,"enemies":"Snecko","floor":27.0,"turns":7.0},{"damage":31.0,"enemies":"Gremlin Leader","floor":29.0,"turns":5.0},{"damage":88.0,"enemies":"Champ","floor":34.0,"turns":10.0},{"damage":7.0,"enemies":"3 Shapes","floor":36.0,"turns":3.0},{"damage":19.0,"enemies":"Orb Walker","floor":37.0,"turns":3.0},{"damage":20.0,"enemies":"Sphere and 2 Shapes","floor":39.0,"turns":3.0},{"damage":13.0,"enemies":"3 Darklings","floor":40.0,"turns":5.0},{"damage":38,"enemies":"Giant Head","floor":42,"turns":7},{"damage":5,"enemies":"Jaw Worm Horde","floor":43,"turns":2},{"damage":53,"enemies":"Nemesis","floor":46,"turns":5},{"damage":3,"enemies":"Transient","floor":48,"turns":5},{"damage":6,"enemies":"4 Shapes","floor":49,"turns":2},{"damage":32,"enemies":"Donu and Deca","floor":51,"turns":6}],"seed_played":"-8653540479942029245","potions_obtained":[{"floor":1.0,"key":"SkillPotion"},{"floor":3.0,"key":"SneckoOil"},{"floor":13.0,"key":"Regen Potion"},{"floor":16.0,"key":"Block Potion"},{"floor":17.0,"key":"Fruit Juice"},{"floor":18.0,"key":"Strength Potion"},{"floor":25.0,"key":"AttackPotion"},{"floor":27.0,"key":"Regen Potion"},{"floor":34.0,"key":"LiquidBronze"},{"floor":40.0,"key":"Explosive Potion"},{"floor":43,"key":"Fruit Juice"},{"floor":48,"key":"SneckoOil"}],"is_trial":false,"path_per_floor":["M","M","M","?","?","R","E","R","T","M","E","?","M","?","R","B",null,"M","M","$","?","M","R","M","E","T","M","?","E","E","R","$","R","B",null,"M","M","$","M","M","R","E","M","T","R","E","R","M","M","R","B",null],"character_chosen":"IRONCLAD","items_purchased":["Eternal Feather","Strawberry","Fruit Juice","DollysMirror","FTL","BloodPotion","MealTicket","Du-Vu Doll","Storm"],"campfire_rested":1,"item_purchase_floors":[20,20,20,32,32,32,32,38,38],"current_hp_per_floor":[80,80,80,80,80,80,45,45,45,47,37,63,77,70,70,49,85,79,78,90,14,15,60,87,68,68,55,55,98,98,102,102,102,20,102,102,89,102,95,101,102,102,107,107,107,83,104,107,107,107,107],"gold":148,"neow_bonus":"","is_daily":true,"chose_seed":false,"campfire_upgraded":6,"win_rate":0.0,"timestamp":1611718860,"path_taken":["M","M","M","?","?","R","E","R","T","?","E","?","M","?","R","BOSS","M","M","$","?","?","R","M","E","T","M","?","E","E","R","$","R","BOSS","M","M","$","M","M","R","E","M","T","R","E","R","M","M","R","BOSS"],"items_purchased_type":["Relic","Relic","Potion","Relic","Card","Potion","Relic","Relic","Card"],"build_version":"2020-12-22","purchased_purges":0,"victory":true,"max_hp_per_floor":[80,80,80,80,80,80,80,80,80,80,80,80,80,80,80,80,85,90,90,102,102,102,102,102,102,102,102,102,102,102,102,102,102,102,102,102,102,102,102,102,102,102,107,107,107,107,107,107,107,107,107],"card_choices":[{"not_picked":["Metallicize","Chaos"],"picked":"Static Discharge","floor":1.0},{"not_picked":["Anger","Sword Boomerang"],"picked":"Steam","floor":2.0},{"not_picked":["Loop","Cleave"],"picked":"Genetic Algorithm","floor":3.0},{"not_picked":["Machine Learning","Berserk"],"picked":"Exhume","floor":7.0},{"not_picked":["Redo","Warcry"],"picked":"Twin Strike","floor":10.0},{"not_picked":["Meteor Strike","Juggernaut"],"picked":"Reaper","floor":11.0},{"not_picked":["Dropkick","Pommel Strike"],"picked":"Inflame","floor":13.0},{"not_picked":["Machine Learning","Feed"],"picked":"Immolate","floor":16.0},{"not_picked":["Turbo","Ball Lightning"],"picked":"Leap","floor":17.0},{"not_picked":["Double Energy","Compile Driver"],"picked":"Streamline+1","floor":18.0},{"not_picked":["Heavy Blade+1","Sever Soul"],"picked":"Spot Weakness","floor":19.0},{"not_picked":["Inflame","Streamline"],"picked":"Rainbow","floor":22.0},{"not_picked":["Sword Boomerang","Redo","Turbo"],"picked":"SKIP","floor":24.0},{"not_picked":["Reboot","All For One"],"picked":"Offering","floor":25.0},{"not_picked":["Feel No Pain","Spot Weakness"],"picked":"Beam Cell","floor":27.0},{"not_picked":["Offering","Core Surge"],"picked":"Electrodynamics","floor":29.0},{"not_picked":["Corruption","Multi-Cast"],"picked":"All For One","floor":34.0},{"not_picked":["Go for the Eyes+1","Static Discharge"],"picked":"White Noise","floor":36.0},{"not_picked":["True Grit","Clash"],"picked":"Ghostly Armor+1","floor":37.0},{"not_picked":["Ball Lightning","Sword Boomerang+1"],"picked":"Dark Embrace+1","floor":39.0},{"not_picked":["Coolheaded","Thunderclap+1","Searing Blow"],"picked":"SKIP","floor":40.0},{"not_picked":["Feed","Hyperbeam"],"picked":"Reaper","floor":42},{"not_picked":["Twin Strike","Thunderclap+1"],"picked":"Heatsinks","floor":43},{"not_picked":["Feed","Corruption","All For One"],"picked":"SKIP","floor":46},{"not_picked":["Blood for Blood","Twin Strike+1"],"picked":"Intimidate+1","floor":48},{"not_picked":["Streamline+1","Melter+1"],"picked":"Conserve Battery+1","floor":49}],"player_experience":589199,"relics_obtained":[{"floor":7.0,"key":"Unceasing Top"},{"floor":9.0,"key":"MawBank"},{"floor":11.0,"key":"Centennial Puzzle"},{"floor":14.0,"key":"Bottled Flame"},{"floor":25.0,"key":"Dream Catcher"},{"floor":26.0,"key":"Nunchaku"},{"floor":29.0,"key":"Mummified Hand"},{"floor":42,"key":"Letter Opener"},{"floor":44,"key":"Pantograph"},{"floor":46,"key":"StrikeDummy"}],"event_choices":[{"damage_healed":0.0,"max_hp_gain":0.0,"max_hp_loss":0.0,"gold_gain":0.0,"event_name":"The Cleric","player_choice":"Leave","floor":4.0,"gold_loss":0.0,"damage_taken":0.0},{"damage_healed":0.0,"max_hp_gain":0.0,"max_hp_loss":0.0,"gold_gain":0.0,"event_name":"Upgrade Shrine","player_choice":"Upgraded","floor":5.0,"gold_loss":0.0,"damage_taken":0.0,"cards_upgraded":["Genetic Algorithm"]},{"damage_healed":26.0,"max_hp_gain":0.0,"max_hp_loss":0.0,"gold_gain":0.0,"event_name":"Big Fish","player_choice":"Banana","floor":12.0,"gold_loss":0.0,"damage_taken":0.0},{"damage_healed":0.0,"max_hp_gain":0.0,"max_hp_loss":0.0,"gold_gain":0.0,"event_name":"Dead Adventurer","player_choice":"Searched \u00271\u0027 times","floor":14.0,"gold_loss":0.0,"damage_taken":0.0},{"damage_healed":0.0,"max_hp_gain":0.0,"max_hp_loss":0.0,"gold_gain":450.0,"event_name":"Knowing Skull","player_choice":"GOLD CARD GOLD CARD GOLD CARD GOLD CARD GOLD ","floor":21.0,"potions_obtained":[],"gold_loss":0.0,"damage_taken":76.0,"cards_obtained":["Trip","Forethought","Enlightenment","Bandage Up"]},{"damage_healed":0.0,"max_hp_gain":0.0,"max_hp_loss":0.0,"gold_gain":0.0,"event_name":"FaceTrader","player_choice":"Leave","floor":28.0,"gold_loss":0.0,"damage_taken":0.0}],"is_beta":false,"boss_relics":[{"not_picked":["Velvet Choker","Snecko Eye"],"picked":"Tiny House"},{"not_picked":["Philosopher\u0027s Stone","Calling Bell"],"picked":"Cursed Key"}],"items_purged_floors":[],"is_endless":false,"potions_floor_spawned":[1,3,13,16,18,25,27,34,40,42,43,48,49],"ascension_level":0}}