{"host":"5ddwedapke4fsx0r","time":1611788262,"event":{"mods":["BaseMod","Downfall","Infinite Spire","Minty Spire (QoL Compilation)","StSLib","The Dragon Tamer"],"gold_per_floor":[110,110,127,138,150,180,197,197,197,212,212,243,243,279,279,279,279,279],"floor_reached":16,"language":"ENG","playtime":973,"items_purged":[],"score":147,"play_id":"dfef209c-21af-4e0a-8509-9083f0f0acf9","local_time":"20210127235742","is_ascension_mode":false,"metric_token":403,"campfire_choices":[{"data":"DTMod:SwitchingTactic","floor":8,"key":"SMITH"},{"data":"DTMod:QuickFly","floor":11,"key":"SMITH"},{"floor":15,"key":"REST"},{"floor":15,"key":"RECALL"}],"dtmod_dragon_data":[24,50,-1,-1,0,0],"circlet_count":0,"master_deck":["DTMod:Strike","DTMod:Strike","DTMod:Strike","DTMod:Strike","DTMod:DoubleHit","DTMod:TargetDefense","DTMod:TargetDefense","DTMod:TargetDefense","DTMod:TargetDefense","DTMod:SwitchingTactic+1","DTMod:BlazingStrike","DTMod:Conduct","DTMod:QuickFly+1","DTMod:BuildUp+1","DTMod:CleansingStrike+1","DTMod:Inferno+1","DTMod:StarRain+1","DTMod:MagiciansMark+1"],"relics":["DTMod:PactStone","Molten Egg 2","The Courier","Anchor","Golden Idol","infinitespire:Magic Flask"],"acts_visited":["Exordium"],"potions_floor_usage":[12,14,16],"damage_taken":[{"damage":0,"enemies":"Jaw Worm","floor":1,"turns":4},{"damage":0,"enemies":"Small Slimes","floor":3,"turns":5},{"damage":0,"enemies":"2 Louse","floor":4,"turns":2},{"damage":0,"enemies":"Looter","floor":5,"turns":3},{"damage":12,"enemies":"3 Sentries","floor":6,"turns":9},{"damage":0,"enemies":"2 Fungi Beasts","floor":7,"turns":3},{"damage":0,"enemies":"Large Slime","floor":10,"turns":3},{"damage":9,"enemies":"Lagavulin","floor":12,"turns":5},{"damage":0,"enemies":"3 Sentries","floor":14,"turns":3},{"damage":42,"enemies":"Slime Boss","floor":16,"turns":8}],"seed_played":"8061241318896776183","potions_obtained":[{"floor":6,"key":"bronze:BurnAndBuffPotion"},{"floor":7,"key":"GamblersBrew"},{"floor":12,"key":"Regen Potion"}],"is_trial":false,"path_per_floor":["M","?","M","M","M","E","M","R","T","M","R","E","?","E","R","B"],"character_chosen":"THE_DT","items_purchased":[],"campfire_rested":1,"item_purchase_floors":[],"current_hp_per_floor":[45,45,45,45,45,33,33,33,33,33,33,24,24,33,42,0,0,0],"gold":279,"neow_bonus":"THREE_CARDS","is_daily":false,"chose_seed":false,"campfire_upgraded":2,"win_rate":0.0,"timestamp":1611788262,"path_taken":["M","?","M","M","M","E","M","R","T","M","R","E","?","E","R","BOSS"],"items_purchased_type":[],"build_version":"2020-12-22","purchased_purges":0,"victory":false,"max_hp_per_floor":[45,45,45,45,45,45,45,45,45,45,45,45,42,42,42,42,42,42],"card_choices":[{"not_picked":["DTMod:MagicField","DTMod:FlameSlash"],"picked":"DTMod:BlazingStrike","floor":0},{"not_picked":["DTMod:BuildUp","DTMod:ComboAttack","DTMod:TauntingStrike"],"picked":"SKIP","floor":1},{"not_picked":["DTMod:Cover","DTMod:MagicField","DTMod:RunningTactic"],"picked":"SKIP","floor":3},{"not_picked":["DTMod:PurifyingFlame","DTMod:ForkedFire"],"picked":"DTMod:Conduct","floor":4},{"not_picked":["DTMod:Threaten","DTMod:HeatWave"],"picked":"DTMod:QuickFly","floor":5},{"not_picked":["DTMod:StarRain+1","DTMod:Coolant"],"picked":"DTMod:BuildUp+1","floor":6},{"not_picked":["DTMod:ComboAttack+1","DTMod:BlazingStrike+1"],"picked":"DTMod:CleansingStrike+1","floor":7},{"not_picked":["DTMod:BuildUp+1","DTMod:MagicField"],"picked":"DTMod:Inferno+1","floor":10},{"not_picked":["DTMod:CalculatedDefense","DTMod:Overwhelm"],"picked":"DTMod:StarRain+1","floor":12},{"not_picked":["DTMod:Adaptation","DTMod:MasterPlan"],"picked":"DTMod:MagiciansMark+1","floor":14}],"player_experience":455130,"relics_obtained":[{"floor":6,"key":"Molten Egg 2"},{"floor":9,"key":"The Courier"},{"floor":12,"key":"Anchor"},{"floor":14,"key":"infinitespire:Magic Flask"}],"event_choices":[{"damage_healed":0,"gold_gain":0,"player_choice":"Lose Max HP","damage_taken":0,"relics_obtained":["Golden Idol"],"max_hp_gain":0,"max_hp_loss":3,"event_name":"Golden Idol","floor":13,"gold_loss":0}],"is_beta":false,"boss_relics":[],"items_purged_floors":[],"is_endless":false,"potions_floor_spawned":[6,7,12],"killed_by":"Slime Boss","ascension_level":0}}