{"host":"gc0hqzwg2gd3zszy","time":1611744261,"event":{"mods":["BaseMod","DeckTracker","Minty Spire (QoL Compilation)","Relic Stats","SuperFastMode"],"gold_per_floor":[12,23,23,34,5,37,57,37,105,130,43,43,43,43],"floor_reached":13,"language":"KOR","playtime":413,"items_purged":[],"score":186,"play_id":"52b3ef2d-6e03-4089-9529-0259e067523e","local_time":"20210127194421","is_ascension_mode":true,"campfire_choices":[{"floor":12.0,"key":"REST"}],"circlet_count":0,"master_deck":["AscendersBane","Strike_B","Strike_B","Strike_B","Defend_B","Defend_B","Defend_B","Defend_B","Zap","Dualcast","Core Surge","Hello World","Streamline","Fusion","Cold Snap","Aggregate","Compile Driver","Glacier","Defragment"],"relics":["Cracked Core","Bird Faced Urn","Singing Bowl","Blood Vial"],"acts_visited":["Exordium"],"potions_floor_usage":[],"damage_taken":[{"damage":1.0,"enemies":"Cultist","floor":1.0,"turns":3.0},{"damage":3.0,"enemies":"Small Slimes","floor":2.0,"turns":3.0},{"damage":7.0,"enemies":"Jaw Worm","floor":4.0,"turns":3.0},{"damage":23.0,"enemies":"Gremlin Nob","floor":6.0,"turns":4.0},{"damage":20.0,"enemies":"Gremlin Gang","floor":7.0,"turns":5.0},{"damage":20.0,"enemies":"Lagavulin","floor":10.0,"turns":4.0},{"damage":46,"enemies":"Gremlin Nob","floor":13,"turns":4}],"seed_played":"-8169619875503923247","potions_obtained":[{"floor":6.0,"key":"Fire Potion"},{"floor":8.0,"key":"FairyPotion"}],"is_trial":false,"path_per_floor":["M","M","?","M","$","E","M","?","T","E","$","R","E"],"character_chosen":"DEFECT","items_purchased":["Cold Snap","Defragment"],"campfire_rested":1,"item_purchase_floors":[5,11],"current_hp_per_floor":[63,60,60,53,53,30,12,12,12,21,21,42,0,0],"gold":43,"neow_bonus":"THREE_RARE_CARDS","is_daily":false,"chose_seed":false,"campfire_upgraded":0,"win_rate":0.0,"timestamp":1611744261,"path_taken":["M","?","?","?","?","E","M","?","T","E","$","R","E"],"items_purchased_type":["Card","Card"],"build_version":"2020-12-22","purchased_purges":0,"victory":false,"max_hp_per_floor":[71,71,71,71,71,71,71,71,71,71,71,71,71,71],"relic_stats":{"Blood Vial":2,"Singing Bowl":0,"counters":[7,26],"Bird Faced Urn":[6],"obtain_stats":[{"Blood Vial":10,"Singing Bowl":9,"Bird Faced Urn":6,"Cracked Core":0},{"Blood Vial":6,"Singing Bowl":5,"Bird Faced Urn":4,"Cracked Core":0},{"Blood Vial":22,"Singing Bowl":18,"Bird Faced Urn":13,"Cracked Core":0}]},"card_choices":[{"not_picked":["Rainbow","Buffer"],"picked":"Core Surge","floor":0.0},{"not_picked":["Conserve Battery","Coolheaded"],"picked":"Hello World","floor":1.0},{"not_picked":["Cold Snap","Lockon"],"picked":"Streamline","floor":2.0},{"not_picked":["FTL","Reinforced Body"],"picked":"Fusion","floor":4.0},{"not_picked":["Chaos","Cold Snap"],"picked":"Aggregate","floor":6.0},{"not_picked":["Beam Cell","Tempest"],"picked":"Compile Driver","floor":7.0},{"not_picked":["Reboot","Gash"],"picked":"Glacier","floor":10.0}],"player_experience":1364054,"relics_obtained":[{"floor":6.0,"key":"Bird Faced Urn"},{"floor":9.0,"key":"Singing Bowl"},{"floor":10.0,"key":"Blood Vial"}],"event_choices":[{"cards_removed":["Strike_B"],"damage_healed":0.0,"max_hp_gain":0.0,"max_hp_loss":0.0,"gold_gain":0.0,"event_name":"Bonfire Elementals","player_choice":"Offered Basic","floor":3.0,"gold_loss":0.0,"damage_taken":0.0},{"damage_healed":0.0,"max_hp_gain":0.0,"max_hp_loss":0.0,"gold_gain":0.0,"event_name":"The Woman in Blue","player_choice":"Bought 1 Potion","floor":8.0,"gold_loss":0.0,"damage_taken":0.0}],"is_beta":false,"boss_relics":[],"items_purged_floors":[],"is_endless":false,"potions_floor_spawned":[6],"killed_by":"Gremlin Nob","ascension_level":20}}