{"host":"45gjn1i9lq2ky2i9","time":1611741843,"event":{"mods":["2.2 Compatiblity","Act Like it!","Aspiration","BaseMod","Beaked The Cultist","Better Altar","Better Match","Better Note","Better Sensory Stone","Better Skull","Better Third Choice","Better Vampires","Conspire","Downfall","Halation","Hubris","Infinite Spire","Jedi Mod","Lobotomy","LobotomyExtend","Minty Spire (QoL Compilation)","Pale of the Ancients","Permanent Neow","Shop Mod","Spikes Relics","StSLib","The Runesmith","The Wild Card"],"gold_per_floor":[116,116,116,131,73,73,10,35,59,59,87,127,47,66,66,149,149,176,101,126,146,71,71,106,126,204,229,238,256,256,256,256,256,256],"floor_reached":33,"language":"RUS","playtime":1334,"items_purged":["Strike_B"],"score":537,"play_id":"beae7260-3ad0-491d-92ef-bc3869c7f195","local_time":"20210127180403","is_ascension_mode":true,"campfire_choices":[{"data":"Zap","floor":6,"key":"SMITH"},{"data":"Glacier","floor":10,"key":"SMITH"},{"floor":15,"key":"REST"},{"floor":23,"key":"REST"},{"floor":30,"key":"REST"},{"floor":32,"key":"REST"}],"circlet_count":0,"master_deck":["AscendersBane","Strike_B","Strike_B","Defend_B","Defend_B","Defend_B","Defend_B","Zap+1","Dualcast","FTL","Cold Snap","Glacier+1","Streamline","Conserve Battery","Defragment","Stack","Machine Learning","Ball Lightning+1","Leap","Cold Snap+1","Leap","BootSequence+1","Shame","Finesse","Discovery"],"relics":["Cracked Core","Regal Pillow","NlothsMask","CeramicFish","jedi:archwizardhat","aspiration:FutureDiary","halation:WeightlessCrab","aspiration:FrozenJewel","aspiration:Stabinomicon"],"acts_visited":["Exordium","TheCity"],"potions_floor_usage":[12,16,21,24,25,33],"damage_taken":[{"damage":10,"enemies":"2 Louse","floor":1,"turns":3},{"damage":1,"enemies":"Cultist","floor":4,"turns":4},{"damage":7,"enemies":"Jaw Worm","floor":8,"turns":3},{"damage":9,"enemies":"Red Slaver","floor":11,"turns":4},{"damage":20,"enemies":"Gremlin Nob","floor":12,"turns":4},{"damage":8,"enemies":"Exordium Thugs","floor":14,"turns":4},{"damage":23,"enemies":"Hexaghost","floor":16,"turns":14},{"damage":13,"enemies":"Chosen","floor":18,"turns":7},{"damage":17,"enemies":"Shell Parasite","floor":20,"turns":5},{"damage":2,"enemies":"Snecko","floor":21,"turns":4},{"damage":35,"enemies":"Slavers","floor":24,"turns":9},{"damage":20,"enemies":"Cultist and Chosen","floor":25,"turns":7},{"damage":7,"enemies":"Centurion and Healer","floor":27,"turns":9},{"damage":58,"enemies":"Automaton","floor":33,"turns":16}],"seed_played":"1249278491855779095","potions_obtained":[{"floor":8,"key":"EssenceOfSteel"},{"floor":14,"key":"AttackPotion"},{"floor":16,"key":"DuplicationPotion"},{"floor":20,"key":"infinitespire:BlackPotion"},{"floor":21,"key":"LiquidMemories"},{"floor":24,"key":"Explosive Potion"},{"floor":25,"key":"Energy Potion"}],"is_trial":false,"path_per_floor":["M","?","$","M","$","R","?","M","T","R","M","E","$","M","R","B",null,"M","?","M","M","$","R","E","M","T","M","?","?","R","?","R","B"],"character_chosen":"DEFECT","items_purchased":["Cold Snap","Defragment"],"campfire_rested":4,"item_purchase_floors":[5,13],"current_hp_per_floor":[54,54,54,53,53,53,53,46,46,46,37,17,17,9,45,22,59,46,46,29,27,27,63,28,8,8,1,1,1,37,16,52,0,0],"gold":256,"neow_bonus":"RANDOM_COMMON_RELIC","is_daily":false,"chose_seed":false,"campfire_upgraded":2,"win_rate":0.0,"timestamp":1611741843,"path_taken":["M","?","$","?","$","R","?","?","T","R","M","E","$","M","R","BOSS","M","?","M","M","?","R","E","M","T","M","?","?","R","?","R","BOSS"],"items_purchased_type":["Card","Card"],"build_version":"2020-12-22","purchased_purges":1,"victory":false,"max_hp_per_floor":[71,71,71,71,71,71,71,71,71,71,71,71,71,71,71,71,71,71,71,71,71,71,71,71,71,71,71,71,71,71,71,71,71,71],"card_choices":[{"not_picked":["Streamline","Hologram"],"picked":"FTL","floor":1},{"not_picked":["Go for the Eyes","Barrage","jedi:bruteforce"],"picked":"SKIP","floor":4},{"not_picked":["Scrape","Compile Driver"],"picked":"Glacier","floor":8},{"not_picked":["Compile Driver","Glacier"],"picked":"Streamline","floor":11},{"not_picked":["Rebound","Barrage"],"picked":"Conserve Battery","floor":12},{"not_picked":["Scrape","Redo"],"picked":"Stack","floor":14},{"not_picked":["jedi:readyaimfire","hubris:SpecializedCircuitry"],"picked":"Machine Learning","floor":16},{"not_picked":["Consume","jedi:blockon"],"picked":"Ball Lightning+1","floor":18},{"not_picked":["jedi:BurstLightning","Barrage"],"picked":"Leap","floor":20},{"not_picked":["Amplify","jedi:blockon"],"picked":"Cold Snap+1","floor":21},{"not_picked":["jedi:BurstLightning","DiskWipe"],"picked":"Leap","floor":24},{"not_picked":["Sweeping Beam+1","Rebound","Go for the Eyes"],"picked":"SKIP","floor":25},{"not_picked":["Sweeping Beam","DiskWipe+1"],"picked":"BootSequence+1","floor":27},{"not_picked":["Mind Blast","Thinking Ahead"],"picked":"Finesse","floor":29},{"not_picked":["hubris:Ssssneak","Mind Blast"],"picked":"Discovery","floor":29}],"player_experience":551720,"relics_obtained":[{"floor":12,"key":"jedi:archwizardhat"},{"floor":24,"key":"halation:WeightlessCrab"},{"floor":26,"key":"aspiration:FrozenJewel"},{"floor":31,"key":"aspiration:Stabinomicon"}],"event_choices":[{"damage_healed":0,"gold_gain":0,"player_choice":"Trade","damage_taken":0,"relics_obtained":["NlothsMask"],"max_hp_gain":0,"max_hp_loss":0,"event_name":"FaceTrader","floor":2,"gold_loss":0},{"damage_healed":0,"gold_gain":0,"player_choice":"Paid Gold","damage_taken":0,"relics_obtained":["CeramicFish"],"max_hp_gain":0,"max_hp_loss":0,"event_name":"WeMeetAgain","floor":7,"gold_loss":63},{"cards_removed":["Strike_B"],"damage_healed":0,"gold_gain":0,"player_choice":"Gave Gold","damage_taken":0,"max_hp_gain":0,"max_hp_loss":0,"event_name":"Beggar","floor":19,"gold_loss":75},{"damage_healed":0,"gold_gain":2,"player_choice":"1","damage_taken":0,"max_hp_gain":0,"max_hp_loss":0,"event_name":"betterStone:BetterStone","floor":29,"gold_loss":0},{"damage_healed":0,"gold_gain":0,"player_choice":"Obtained Book","damage_taken":21,"max_hp_gain":0,"max_hp_loss":0,"event_name":"Cursed Tome","floor":31,"gold_loss":0}],"is_beta":false,"boss_relics":[{"not_picked":["bronze:MakeshiftBattery","halation:PlatinumPhoenix"],"picked":"aspiration:FutureDiary"}],"items_purged_floors":[22],"is_endless":false,"potions_floor_spawned":[8,14,16,20,21,24,25],"killed_by":"Automaton","ascension_level":17}}