{"host":"58njlu7hme3ojrlz","time":1611786859,"event":{"mods":["Act Like it!","Arknights The Spire","BaseMod","Block Reminder","Colored Map","Colored Powertips","DeckTracker","Downfall","Gensokyo","Hallownest","Highlight Path","Marisa????????","Minty Spire (QoL Compilation)","Relic Sorter","StSLib","The Alterego","The Bug Knight","The Servant 0.9.4","The Wild Card"],"gold_per_floor":[111,386,2,21,21,21,48,48,48,48,59,84,84,100,100,195,195,205,205,205,205,23,23,23,23,48,77,77,90,105,131,131,233,233,243,257,307,58,72,72,2,12,12,32,83,102,102,128,128,128,128],"floor_reached":50,"language":"ENG","playtime":3208,"items_purged":["Regret","ats:Strike V"],"score":541,"play_id":"68d39e21-42e4-4c6e-bd28-6b4104284c03","local_time":"20210128053419","is_ascension_mode":false,"campfire_choices":[{"data":"ats:Closed Bolt Burst Fire","floor":6,"key":"SMITH"},{"data":"ats:Consecutive Shot Auto","floor":8,"key":"SMITH"},{"data":"ats:Sashimi Platter","floor":10,"key":"SMITH"},{"floor":15,"key":"REST"},{"data":"ats:Assault Order","floor":23,"key":"SMITH"},{"data":"ats:Poison Spread","floor":25,"key":"SMITH"},{"data":"ats:True Silver Slash","floor":28,"key":"SMITH"},{"floor":32,"key":"REST"},{"data":"1","floor":40,"key":"LIFT"},{"data":"theWildCard:Desolation","floor":49,"key":"SMITH"}],"circlet_count":0,"master_deck":["ats:Strike C","ats:Strike G","ats:Strike S","ats:Armor Crushing Shot","ats:Defend","ats:Defend","ats:Defend","ats:Defend","ats:Emotion Absorption","ats:Closed Bolt Burst Fire+1","ats:Sashimi Platter+1","ats:Red Shift","ats:Rapid Magazine+1","ats:Consecutive Shot Auto+1","ats:Defend Order","ats:Powerful Strike","ats:Red Shift","ats:True Silver Slash+1","ats:Leaping Hammer+1","ats:Poison Spread+1","RitualDagger","ats:Assault Order+1","ats:Consecutive Shot Auto+1","ats:Shadow Assault","ats:Flexible Camouflage","ats:Dogmatic Field","ats:Charging Defense","ats:Neurotoxin","Parasite","Guardian:Gem_Synthetic","PanicButton","Trip","Enlightenment","theWildCard:Desolation+1"],"relics":["ats:Sanity","ats:Originium","Girya","Tiny Chest","Pantograph","bronze:DecasWashers","Centennial Puzzle","SlaversCollar","Question Card","Vajra","Pocketwatch","Anchor","Guardian:GemstoneGun","Bag of Marbles","Coffee Dripper","PrismaticShard","Pear","Nunchaku","Mummified Hand"],"acts_visited":["Exordium","TheCity","TheBeyond"],"potions_floor_usage":[7,37,39,46],"damage_taken":[{"damage":8,"enemies":"Jaw Worm","floor":1,"turns":4},{"damage":0,"enemies":"Cultist","floor":4,"turns":2},{"damage":25,"enemies":"3 Sentries","floor":7,"turns":9},{"damage":0,"enemies":"Small Slimes","floor":11,"turns":1},{"damage":31,"enemies":"Lagavulin","floor":12,"turns":7},{"damage":20,"enemies":"Red Slaver","floor":14,"turns":4},{"damage":52,"enemies":"Slime Boss","floor":16,"turns":9},{"damage":11,"enemies":"Chosen","floor":18,"turns":5},{"damage":30,"enemies":"Gremlin Leader","floor":27,"turns":5},{"damage":14,"enemies":"Centurion and Healer","floor":29,"turns":3},{"damage":5,"enemies":"Sentry and Sphere","floor":30,"turns":3},{"damage":24,"enemies":"HollowMod:Nosk","floor":31,"turns":5},{"damage":29,"enemies":"Automaton","floor":33,"turns":6},{"damage":0,"enemies":"Orb Walker","floor":35,"turns":2},{"damage":0,"enemies":"3 Darklings","floor":36,"turns":1},{"damage":37,"enemies":"Mind Bloom Boss Battle","floor":37,"turns":3},{"damage":10,"enemies":"Sphere and 2 Shapes","floor":39,"turns":3},{"damage":15,"enemies":"Writhing Mass","floor":42,"turns":3},{"damage":15,"enemies":"Maw","floor":44,"turns":7},{"damage":0,"enemies":"Transient","floor":46,"turns":5},{"damage":18,"enemies":"Nemesis","floor":48,"turns":3},{"damage":106,"enemies":"Donu and Deca","floor":50,"turns":6}],"seed_played":"6083568257688380299","potions_obtained":[{"floor":1,"key":"SkillPotion"},{"floor":16,"key":"FearPotion"},{"floor":29,"key":"FearPotion"},{"floor":33,"key":"DistilledChaos"},{"floor":39,"key":"Dexterity Potion"},{"floor":42,"key":"DistilledChaos"}],"is_trial":false,"path_per_floor":["M","?","$","M","?","R","E","R","T","R","M","E","?","M","R","B",null,"M","?","T","?","$","R","?","R","T","E","R","M","M","E","R","B",null,"M","M","?","$","M","R","$","M","T","M","T","M","?","E","R","B"],"character_chosen":"DOCTOR_CLASS","items_purchased":["ats:Red Shift","Pantograph","ats:Assault Order","Vajra","PrismaticShard","ats:Neurotoxin"],"campfire_rested":2,"item_purchase_floors":[3,3,22,22,38,41],"current_hp_per_floor":[64,64,64,64,64,64,54,54,54,54,54,32,37,26,49,43,77,66,66,66,60,60,60,60,60,60,51,51,48,54,41,64,59,77,77,77,51,51,52,52,52,37,47,79,79,87,77,69,69,0,0],"gold":128,"neow_bonus":"THREE_CARDS","is_daily":false,"chose_seed":false,"campfire_upgraded":7,"win_rate":0.0,"timestamp":1611786859,"path_taken":["M","?","?","M","?","R","E","R","T","R","?","E","?","M","R","BOSS","M","?","?","?","$","R","?","R","T","E","R","M","M","E","R","BOSS","M","M","?","$","M","R","$","M","T","M","?","?","?","E","R","BOSS"],"items_purchased_type":["Card","Relic","Card","Relic","Relic","Card"],"build_version":"2020-12-22","purchased_purges":2,"victory":false,"max_hp_per_floor":[72,72,72,72,72,72,72,72,72,72,72,72,77,77,77,77,77,77,77,77,77,77,77,77,77,77,77,77,77,77,77,77,77,77,77,77,77,77,77,77,77,77,87,87,87,87,87,87,87,87,87],"card_choices":[{"not_picked":["ats:Absolute Focus","ats:Curse Doll"],"picked":"ats:Closed Bolt Burst Fire","floor":0},{"not_picked":["ats:Poison Spread","ats:Shell Defense"],"picked":"ats:Sashimi Platter","floor":1},{"not_picked":["ats:Leaping Hammer","ats:Shell Defense"],"picked":"ats:Rapid Magazine","floor":4},{"not_picked":["ats:Curse Doll","ats:Serious Mode"],"picked":"ats:Consecutive Shot Auto","floor":7},{"not_picked":["ats:Part Time Job","ats:Blood Oath"],"picked":"ats:Defend Order","floor":11},{"not_picked":["ats:Nebulous Foxfire","ats:Hammer On"],"picked":"ats:Powerful Strike","floor":12},{"not_picked":["ats:Automatic Cover","ats:Directed Diagnosis"],"picked":"ats:Red Shift","floor":14},{"not_picked":["ats:Volcano","ats:Fractured Body"],"picked":"ats:True Silver Slash","floor":16},{"not_picked":["ats:Powerful Strike","ats:Very Hot Blade+1"],"picked":"ats:Leaping Hammer+1","floor":18},{"not_picked":["ats:Guard Mode","ats:Flame Of Heaven","ats:Beaten Up","ats:Defend Order"],"picked":"SKIP","floor":27},{"not_picked":["ats:Absolute Focus","ats:Cat Scratch","ats:Dogmatic Field"],"picked":"ats:Consecutive Shot Auto+1","floor":29},{"not_picked":["ats:Explosion Area Strengthen","ats:Consecutive Shot Auto","ats:Blood Oath"],"picked":"ats:Shadow Assault","floor":30},{"not_picked":["ats:Shell Defense","ats:Guard Mode","ats:Composite Medical Shells"],"picked":"ats:Flexible Camouflage","floor":31},{"not_picked":["ats:Durian","ats:True Silver Slash","ats:Echo Reverb"],"picked":"ats:Dogmatic Field","floor":33},{"not_picked":["ats:Defend Order+1","ats:Hammer On","ats:Healing Strengthening","ats:Serious Mode+1"],"picked":"SKIP","floor":35},{"not_picked":["ats:Absolute Focus+1","ats:Hammer On","ats:Ignite+1","ats:Flexible Camouflage"],"picked":"SKIP","floor":36},{"not_picked":["HollowMod:DesolateDive+1","bronze:Optimize","bronze:CutThrough"],"picked":"ats:Charging Defense","floor":39},{"not_picked":["FanOfKnives","Defy","DC+1"],"picked":"Guardian:Gem_Synthetic","floor":42},{"not_picked":["Rearm+1","HollowMod:CrystalDash","Second Wind+1","sneckomod:UnknownClassRED"],"picked":"SKIP","floor":44},{"not_picked":["Guardian:Clone","Guardian:BronzeOrb+1","SurpressingFire","Guardian:Gem_Red"],"picked":"SKIP","floor":46},{"not_picked":["Discovery","Panacea","Master of Strategy"],"picked":"PanicButton","floor":47},{"not_picked":["Good Instincts","Deep Breath","Discovery"],"picked":"Trip","floor":47},{"not_picked":["PanicButton","Flash of Steel","Discovery"],"picked":"Enlightenment","floor":47},{"not_picked":["Guardian:Suspension+1","bronze:Deprecate+1","hexamod:ThermalTransfer+1"],"picked":"theWildCard:Desolation","floor":48}],"player_experience":117489,"relics_obtained":[{"floor":7,"key":"ats:Originium"},{"floor":7,"key":"Tiny Chest"},{"floor":9,"key":"bronze:DecasWashers"},{"floor":12,"key":"ats:Originium"},{"floor":12,"key":"Centennial Puzzle"},{"floor":20,"key":"Question Card"},{"floor":26,"key":"Anchor"},{"floor":27,"key":"ats:Originium"},{"floor":27,"key":"Guardian:GemstoneGun"},{"floor":31,"key":"ats:Originium"},{"floor":31,"key":"Bag of Marbles"},{"floor":37,"key":"Girya"},{"floor":43,"key":"Pear"},{"floor":45,"key":"Nunchaku"},{"floor":48,"key":"Mummified Hand"}],"event_choices":[{"damage_healed":0,"gold_gain":275,"player_choice":"Desecrate","damage_taken":0,"max_hp_gain":0,"max_hp_loss":0,"event_name":"Golden Shrine","floor":2,"gold_loss":0,"cards_obtained":["Regret"]},{"damage_healed":0,"gold_gain":0,"player_choice":"Forge","damage_taken":0,"max_hp_gain":0,"max_hp_loss":0,"event_name":"Accursed Blacksmith","floor":5,"gold_loss":0,"cards_upgraded":["ats:Rapid Magazine"]},{"damage_healed":0,"gold_gain":0,"player_choice":"Donut","damage_taken":0,"max_hp_gain":5,"max_hp_loss":0,"event_name":"Big Fish","floor":13,"gold_loss":0},{"damage_healed":0,"gold_gain":0,"player_choice":"Read","damage_taken":0,"max_hp_gain":0,"max_hp_loss":0,"event_name":"The Library","floor":19,"gold_loss":0,"cards_obtained":["ats:Poison Spread"]},{"damage_healed":0,"gold_gain":0,"player_choice":"Joined the Cult","damage_taken":6,"max_hp_gain":0,"max_hp_loss":0,"event_name":"Nest","floor":21,"gold_loss":0,"cards_obtained":["RitualDagger"]},{"damage_healed":0,"gold_gain":0,"player_choice":"Opened","damage_taken":0,"relics_obtained":["Pocketwatch"],"max_hp_gain":0,"max_hp_loss":0,"event_name":"The Mausoleum","floor":24,"gold_loss":0},{"damage_healed":0,"gold_gain":0,"player_choice":"Fight","damage_taken":0,"max_hp_gain":0,"max_hp_loss":0,"event_name":"MindBloom","floor":37,"gold_loss":0},{"damage_healed":0,"gold_gain":0,"player_choice":"Memory 3","damage_taken":10,"max_hp_gain":0,"max_hp_loss":0,"event_name":"SensoryStone","floor":47,"gold_loss":0}],"is_beta":false,"boss_relics":[{"not_picked":["bronze:MakeshiftBattery","Fusion Hammer"],"picked":"SlaversCollar"},{"not_picked":["Black Star","Runic Dome"],"picked":"Coffee Dripper"}],"items_purged_floors":[3,38],"is_endless":false,"potions_floor_spawned":[1,16,29,33,35,39,42],"killed_by":"Donu and Deca","ascension_level":0}}