{"host":"7wibw175hth9njsf","time":1611774905,"event":{"mods":["100% Spire Juice","2.2 Compatiblity","Act Like it!","BaseMod","Chen","Friendly Minions","Gensokyo","GifTheSpireLib","Highlight Path","HololiveMod","Koishi","Marisa（霧雨　魔理沙）","Minty Spire (QoL Compilation)","Onozuka Komachi Mod","Random Character Button","Reimu（博??梦）","Remilia（蕾米莉?）","StSLib","The Administrix","The Alterego","The Animator","The Blue Laboratory","The Fake Hero","TheSwordswoman","Waifu the Spire","Yakumo Yukari mod"],"gold_per_floor":[116,126,126,226,156,156,184,184,263,123,142,159,5,23,23,125,125,143,23,23,33,52,78,78,90,113,162,162,191,191,106,106,207,207,219,229,21,21,39,64,64,64,64,76,76,110,122,82,82,82],"floor_reached":51,"language":"ENG","playtime":7593,"items_purged":[],"score":791,"play_id":"eb719f40-611d-4fdb-a4dd-2cb6cc42f5e4","local_time":"20210127141505","is_ascension_mode":false,"campfire_choices":[{"data":"AdministrixMod:FearOfDeath","floor":6,"key":"SMITH"},{"data":"AdministrixMod:TrickOfTheLight","floor":8,"key":"SMITH"},{"data":"AdministrixMod:ReachToHeaven","floor":15,"key":"SMITH"},{"floor":24,"key":"REST"},{"floor":32,"key":"REST"},{"floor":41,"key":"REST"},{"floor":45,"key":"REST"},{"data":"AdministrixMod:AmassedMasks","floor":49,"key":"SMITH"}],"circlet_count":0,"master_deck":["AdministrixMod:Strike_Administrix+1","AdministrixMod:RedCloak","AdministrixMod:Defend_Administrix+1","AdministrixMod:Defend_Administrix+1","AdministrixMod:BlueCloak","AdministrixMod:FearOfDeath+1","AdministrixMod:DreamsMausoleum","AdministrixMod:ImmortalGrace+1","AdministrixMod:PlateOfAntiquity","AdministrixMod:TrickOfTheLight+1","AdministrixMod:ReachToHeaven+1","AdministrixMod:AmassedMasks+1","AdministrixMod:ExtolVirtue","AdministrixMod:ImmortalGrace","AdministrixMod:RebukeDesires","AdministrixMod:HiddenPower","AdministrixMod:Mastermind","AdministrixMod:JustRewards","AdministrixMod:CenturiesAscent+1","AdministrixMod:HiddenPower+1","AdministrixMod:RebukeDesires+1","AdministrixMod:Overdrive+1"],"relics":["AdministrixMod:ConductorRitualBaton","Oddly Smooth Stone","Singing Bowl","CaptainsWheel","Anchor","AdministrixMod:ElixirOfImmorality","Letter Opener","Boot","ScarletDevilRocket","RuthlessExorcism:ReiMu","Bronze Scales","MealTicket","Empty Cage","OrangePellets","PreservedInsect","Mastiff:ReiMu","Vajra","MawBank","Gensokyo:EmptyGrave"],"acts_visited":["Exordium","TheCity","TheCity"],"potions_floor_usage":[16,16,18,23,33,44,44,46,50],"damage_taken":[{"damage":6,"enemies":"Gensokyo:3_Fairies","floor":1,"turns":5},{"damage":0,"enemies":"Gensokyo:Python","floor":2,"turns":4},{"damage":6,"enemies":"Gensokyo:Cirno","floor":7,"turns":7},{"damage":1,"enemies":"Gensokyo:2_Kodama","floor":11,"turns":3},{"damage":2,"enemies":"Gensokyo:2_Rabbits","floor":12,"turns":5},{"damage":1,"enemies":"Gensokyo:Python_and_Kodama","floor":14,"turns":5},{"damage":0,"enemies":"Gensokyo:Reimu","floor":16,"turns":12},{"damage":4,"enemies":"3 Byrds","floor":18,"turns":5},{"damage":14,"enemies":"Spheric Guardian","floor":21,"turns":3},{"damage":10,"enemies":"Snecko","floor":22,"turns":4},{"damage":9,"enemies":"Book of Stabbing","floor":23,"turns":6},{"damage":7,"enemies":"Sentry and Sphere","floor":25,"turns":5},{"damage":1,"enemies":"Gremlin Leader","floor":29,"turns":4},{"damage":39,"enemies":"Automaton","floor":33,"turns":10},{"damage":2,"enemies":"Gensokyo:3_Bats","floor":35,"turns":2},{"damage":7,"enemies":"Gensokyo:AncientGuardian","floor":36,"turns":6},{"damage":3,"enemies":"Gensokyo:4_Bats","floor":39,"turns":4},{"damage":34,"enemies":"Gensokyo:Doremy","floor":40,"turns":6},{"damage":28,"enemies":"Gensokyo:Sharpion","floor":44,"turns":4},{"damage":3,"enemies":"Gensokyo:Kasen","floor":46,"turns":2},{"damage":3,"enemies":"Gensokyo:Shinki","floor":50,"turns":7}],"seed_played":"-5688553999814820552","potions_obtained":[{"floor":2,"key":"blueLaboratory:HorrorPotion"},{"floor":11,"key":"GamblersBrew"},{"floor":12,"key":"ColorlessPotion"},{"floor":14,"key":"EssenceOfSteel"},{"floor":18,"key":"blueLaboratory:AbyssPotion"},{"floor":22,"key":"Swift Potion"},{"floor":23,"key":"PowerPotion"},{"floor":33,"key":"blueLaboratory:HeartbeatPotion"},{"floor":36,"key":"Fire Potion"},{"floor":39,"key":"blueLaboratory:NullPotion"},{"floor":44,"key":"blueLaboratory:BottledHope"}],"is_trial":false,"path_per_floor":["M","M","?","?","?","R","E","R","T","?","M","M","$","M","R","B",null,"M","?","?","M","M","E","R","M","T","T","$","E","?","?","R","B",null,"M","M","COS","?","M","E","R","?","T","M","R","E","?","$","R","B",null],"character_chosen":"TheAdministrix","items_purchased":["Anchor","Swift Potion"],"campfire_rested":4,"item_purchase_floors":[13,48],"current_hp_per_floor":[53,53,58,58,58,58,52,52,52,52,53,53,53,52,52,52,68,66,66,66,52,42,35,56,49,49,49,49,48,35,35,58,19,77,75,68,68,68,65,31,54,54,54,26,49,48,48,63,63,70],"gold":82,"neow_bonus":"TRANSFORM_TWO_CARDS","is_daily":false,"chose_seed":false,"campfire_upgraded":4,"win_rate":0.0,"timestamp":1611774905,"path_taken":["M","M","?","?","?","R","E","R","T","?","M","M","$","M","R","BOSS","M","?","?","M","M","E","R","M","T","?","$","E","?","?","R","BOSS","M","M","COS","?","M","E","R","?","T","M","R","E","?","$","R","BOSS"],"items_purchased_type":["Relic","Potion"],"build_version":"2020-12-22","purchased_purges":0,"victory":true,"max_hp_per_floor":[59,59,64,64,64,64,64,64,64,64,66,68,68,68,68,68,68,70,70,70,70,70,72,72,72,72,72,72,72,77,77,77,77,77,77,77,77,77,77,77,77,77,77,77,77,79,73,73,73,73],"card_choices":[{"not_picked":["AdministrixMod:Untouchable","AdministrixMod:RebukeDesires"],"picked":"AdministrixMod:ImmortalGrace","floor":1},{"not_picked":["AdministrixMod:ArmillarySphere","AdministrixMod:ReachToHeaven"],"picked":"AdministrixMod:PlateOfAntiquity","floor":2},{"not_picked":["AdministrixMod:MixOfMercury","AdministrixMod:Katabasis"],"picked":"AdministrixMod:TrickOfTheLight","floor":7},{"not_picked":["AdministrixMod:PassageOfAges","AdministrixMod:BrewingCloister","AdministrixMod:PlateOfAntiquity"],"picked":"Singing Bowl","floor":11},{"not_picked":["AdministrixMod:TrickOfTheLight","AdministrixMod:LightOfYourLife","AdministrixMod:DiversionaryTactic"],"picked":"Singing Bowl","floor":12},{"not_picked":["AdministrixMod:Untouchable","AdministrixMod:Metempsychosis"],"picked":"AdministrixMod:ReachToHeaven","floor":14},{"not_picked":["AdministrixMod:LifeforceNet","AdministrixMod:HaveItAll"],"picked":"AdministrixMod:AmassedMasks","floor":16},{"not_picked":["AdministrixMod:RegentEdict+1","AdministrixMod:BloodBargain","AdministrixMod:ImmortalPurity"],"picked":"Singing Bowl","floor":18},{"not_picked":["AdministrixMod:DreamsMausoleum+1","AdministrixMod:SyncreticSurge"],"picked":"AdministrixMod:ExtolVirtue","floor":21},{"not_picked":["AdministrixMod:SyncreticSurge","AdministrixMod:Wuji"],"picked":"AdministrixMod:ImmortalGrace","floor":22},{"not_picked":["AdministrixMod:ImmortalGrace","AdministrixMod:RisingSunPrince","AdministrixMod:LuminaryPath"],"picked":"Singing Bowl","floor":23},{"not_picked":["AdministrixMod:ArmillarySphere","AdministrixMod:BloodBargain"],"picked":"AdministrixMod:RebukeDesires","floor":25},{"not_picked":["AdministrixMod:HopeInTheDark","AdministrixMod:PassageOfAges"],"picked":"AdministrixMod:HiddenPower","floor":29},{"not_picked":["AdministrixMod:ImmortalClarity","AdministrixMod:LuminaryPath"],"picked":"AdministrixMod:Mastermind","floor":33},{"not_picked":["AdministrixMod:ExtolVirtue","AdministrixMod:Transcension"],"picked":"AdministrixMod:JustRewards","floor":35},{"not_picked":["AdministrixMod:ImmortalPurity+1","AdministrixMod:HarmonicReverence"],"picked":"AdministrixMod:CenturiesAscent+1","floor":36},{"not_picked":["AdministrixMod:Convergence+1","AdministrixMod:ImmortalPurity"],"picked":"AdministrixMod:HiddenPower+1","floor":39},{"not_picked":["AdministrixMod:Wuji","AdministrixMod:TouchOfCinnabar"],"picked":"AdministrixMod:RebukeDesires+1","floor":40},{"not_picked":["AdministrixMod:LightOfYourLife+1","AdministrixMod:RisingSunPrince+1"],"picked":"AdministrixMod:Overdrive+1","floor":44},{"not_picked":["AdministrixMod:StarSwordSoul","AdministrixMod:FuneraryRites+1","AdministrixMod:DiversionaryTactic"],"picked":"Singing Bowl","floor":46}],"player_experience":253841,"relics_obtained":[{"floor":7,"key":"Oddly Smooth Stone"},{"floor":9,"key":"Singing Bowl"},{"floor":23,"key":"Boot"},{"floor":26,"key":"ScarletDevilRocket"},{"floor":27,"key":"RuthlessExorcism:ReiMu"},{"floor":29,"key":"Bronze Scales"},{"floor":40,"key":"PreservedInsect"},{"floor":43,"key":"Mastiff:ReiMu"},{"floor":46,"key":"MawBank"}],"event_choices":[{"damage_healed":0,"gold_gain":0,"player_choice":"Simplicity","damage_taken":0,"max_hp_gain":0,"max_hp_loss":0,"event_name":"Back to Basics","floor":20,"gold_loss":0,"cards_upgraded":["AdministrixMod:Strike_Administrix","AdministrixMod:Strike_Administrix","AdministrixMod:Defend_Administrix","AdministrixMod:Defend_Administrix","AdministrixMod:Defend_Administrix"]},{"damage_healed":0,"gold_gain":0,"player_choice":"Shed Blood","damage_taken":18,"max_hp_gain":5,"max_hp_loss":0,"event_name":"Forgotten Altar","floor":30,"gold_loss":0},{"damage_healed":0,"gold_gain":0,"player_choice":"Obtained Relic","damage_taken":0,"relics_obtained":["MealTicket"],"max_hp_gain":0,"max_hp_loss":0,"event_name":"Addict","floor":31,"gold_loss":85}],"is_beta":false,"boss_relics":[{"not_picked":["Ectoplasm","Hololive_TopUpMoneyS"],"picked":"AdministrixMod:ElixirOfImmorality"},{"not_picked":["Runic Pyramid","Snecko Eye"],"picked":"Empty Cage"}],"items_purged_floors":[],"is_endless":false,"potions_floor_spawned":[2,11,12,14,18,22,23,33,36,39,44],"ascension_level":0}}