{"host":"emut9mh212kd9b86","time":1611761407,"event":{"mods":["ATMod(°¢èªMod)","Act Like it!","Arknights The Spire","BaseMod","Lobotomy","Minty Spire (QoL Compilation)","MostiFishMod","Shop Mod","Spicy Shops","StSLib","TestMod","¡¾ÒÅÎï¿¨ÅÆ¡¿REMEMod"],"gold_per_floor":[116,134,134,148,148,173,190,204,279,314,314,343,343,359,359,458,458,469,1099,778,778,778],"floor_reached":21,"language":"ZHS","playtime":930,"items_purged":["ats:Strike G"],"score":430,"play_id":"3ce24c31-04ad-44a9-b1c6-4850300170b9","local_time":"20210127233007","is_ascension_mode":true,"campfire_choices":[{"data":"1","floor":11,"key":"LIFT"},{"data":"2","floor":15,"key":"LIFT"}],"circlet_count":0,"master_deck":["ats:Strike S+1","ats:Strike V","ats:Armor Crushing Shot","ats:Defend","ats:Defend","ats:Defend","ats:Defend","ats:Emotion Absorption","testmod-Bloodthirsty","AT_DivineConfetti+1","ats:Blood Oath+1","ats:Wolf Pack","ats:Sashimi Platter+1","ats:Hammer On","QueenOfHatred","ats:Wolf Pack"],"relics":["ats:Sanity","testmod-TestBox","DaveBox","AT_ATBox","REME_ComplimentaryCards","BirthdayGift-Tetrahedron","testmod-IntensifyImprint","CogitoBucket","SynthV:TestCard","testmod-AssaultLearning","ats:Originium","Girya","AT_RedNoBalance","Lantern","SynthV:C4","REME_LowDesire","ats:Spiritual Recovery","ats:Hidden Killer","ChangeAnything","MerchantsRug","Technique"],"acts_visited":["Exordium","TheCity"],"potions_floor_usage":[2],"damage_taken":[{"damage":3,"enemies":"Jaw Worm","floor":1,"turns":2},{"damage":2,"enemies":"Cultist","floor":2,"turns":2},{"damage":4,"enemies":"2 Louse","floor":4,"turns":2},{"damage":5,"enemies":"Lagavulin","floor":6,"turns":3},{"damage":2,"enemies":"Exordium Thugs","floor":7,"turns":2},{"damage":2,"enemies":"3 Louse","floor":8,"turns":2},{"damage":4,"enemies":"Gremlin Nob","floor":10,"turns":3},{"damage":2,"enemies":"3 Sentries","floor":12,"turns":2},{"damage":1,"enemies":"Large Slime","floor":14,"turns":1},{"damage":4,"enemies":"Slime Boss","floor":16,"turns":3},{"damage":2,"enemies":"2 Thieves","floor":18,"turns":2},{"damage":2,"enemies":"3 Byrds","floor":21,"turns":2}],"seed_played":"-2859322344862378408","potions_obtained":[{"floor":1,"key":"Explosive Potion"},{"floor":2,"key":"REME_GoldPotion"},{"floor":4,"key":"FearPotion"},{"floor":7,"key":"Dexterity Potion"},{"floor":12,"key":"Dexterity Potion"}],"is_trial":false,"path_per_floor":["M","M","?","M","?","E","M","M","T","E","R","E","?","M","R","B",null,"M","?","$","M"],"character_chosen":"DOCTOR_CLASS","items_purchased":["MerchantsRug","Technique"],"campfire_rested":0,"item_purchase_floors":[20,20],"current_hp_per_floor":[69,70,70,69,69,71,72,72,72,65,65,39,25,30,30,59,69,70,1,1,0,0],"gold":778,"neow_bonus":"","is_daily":false,"chose_seed":false,"campfire_upgraded":0,"win_rate":0.0,"timestamp":1611761407,"path_taken":["M","M","?","?","?","E","M","M","T","E","R","E","?","M","R","BOSS","M","?","$","M"],"items_purchased_type":["Relic","Relic"],"build_version":"2020-12-22","purchased_purges":1,"victory":false,"max_hp_per_floor":[72,72,72,72,72,72,72,72,72,72,72,72,72,72,72,72,72,72,72,72,72,72],"card_choices":[{"not_picked":["ats:Closed Bolt Burst Fire","ats:Leaping Hammer"],"picked":"ats:Blood Oath","floor":1},{"not_picked":["ats:Poison Spread","ats:Blood Oath","ats:Shell Defense","ats:Curse Doll"],"picked":"ats:Wolf Pack","floor":2},{"not_picked":["ats:Sunburst","ats:Collapsing Strike","ats:Serious Mode","ats:Revitalization"],"picked":"ats:Sashimi Platter","floor":4},{"not_picked":["ats:Blood Oath","ats:Part Time Job","ats:Guardian Obelisk","ats:Shadow Assault","ats:Ignite"],"picked":"SKIP","floor":6},{"not_picked":["ats:Very Hot Blade","ats:Ignite","ats:Chain Hook","ats:Rapid Magazine","ats:Flame Of Heaven"],"picked":"SKIP","floor":7},{"not_picked":["MHz","QueenOfHatred","DreamingCurrent"],"picked":"Singing Bowl","floor":8},{"not_picked":["ats:Soul Absorption","ats:Revitalization","ats:Neurotoxin","ats:Closed Bolt Burst Fire","ats:Flexible Camouflage"],"picked":"SKIP","floor":8},{"not_picked":["Yin","FairyFestival","NakedNest"],"picked":"Singing Bowl","floor":10},{"not_picked":["ats:Beaten Up","ats:Powerful Strike","ats:Support Order","ats:Healing Drone","ats:Echo Reverb"],"picked":"SKIP","floor":10},{"not_picked":["ats:Shell Defense","ats:Ambush","ats:Serious Mode","ats:Literary Storm"],"picked":"ats:Hammer On","floor":12},{"not_picked":["SpiderBud","Scorched"],"picked":"QueenOfHatred","floor":14},{"not_picked":["ats:Flame Of Heaven","ats:Curse Doll","ats:Blood Oath","ats:Shell Defense","ats:Chain Hook"],"picked":"SKIP","floor":14},{"not_picked":["ats:Volcano","ats:True Silver Slash","ats:Calcification","ats:Disruption Kick"],"picked":"ats:Wolf Pack","floor":16},{"not_picked":["ats:Apocalypse+1","ats:Consecutive Shot Auto","ats:True Silver Slash","ats:Assault Order+1","ats:Revitalization+1","Trip"],"picked":"SKIP","floor":18}],"player_experience":331717,"relics_obtained":[{"floor":1,"key":"SynthV:TestCard"},{"floor":6,"key":"ats:Originium"},{"floor":6,"key":"Girya"},{"floor":9,"key":"AT_SilverBalance"},{"floor":10,"key":"ats:Originium"},{"floor":10,"key":"Lantern"},{"floor":12,"key":"ats:Originium"},{"floor":12,"key":"SynthV:C4"},{"floor":17,"key":"ats:Spiritual Recovery"},{"floor":17,"key":"ats:Hidden Killer"}],"event_choices":[{"damage_healed":0,"gold_gain":0,"player_choice":"Gave Potion","damage_taken":0,"relics_obtained":["testmod-AssaultLearning"],"max_hp_gain":0,"max_hp_loss":0,"event_name":"WeMeetAgain","floor":3,"gold_loss":0},{"cards_removed":["ats:Strike C"],"damage_healed":0,"gold_gain":0,"player_choice":"Offered Basic","damage_taken":0,"max_hp_gain":0,"max_hp_loss":0,"event_name":"Bonfire Elementals","floor":5,"gold_loss":0},{"damage_healed":0,"gold_gain":0,"player_choice":"Entered Light","damage_taken":14,"max_hp_gain":0,"max_hp_loss":0,"event_name":"Shining Light","floor":13,"gold_loss":0,"cards_upgraded":["AT_DivineConfetti","ats:Strike S"]},{"damage_healed":0,"gold_gain":630,"player_choice":"GOLD GOLD GOLD GOLD GOLD GOLD GOLD ","damage_taken":69,"max_hp_gain":0,"max_hp_loss":0,"event_name":"Knowing Skull","floor":19,"potions_obtained":[],"gold_loss":0,"cards_obtained":[]}],"is_beta":false,"boss_relics":[{"not_picked":["xbg","REME_DemonsWealth"],"picked":"REME_LowDesire"}],"items_purged_floors":[20],"is_endless":false,"potions_floor_spawned":[1,2,4,7,12,14,18],"killed_by":"3 Byrds","ascension_level":5}}