{"host":"kg61lsvem4dxoat8","time":1611725038,"event":{"mods":["BaseMod","Colored Powertips","Minty Spire (QoL Compilation)","Quick Restart","Rare Cards Sparkle","Relic Stats","slay the spire mod where everything is the same but ironclad has a cowboy hat"],"gold_per_floor":[111,186,186,196,196,235,235,249,249,229,247,260,260,260,260,354,354,370,320,335,335,335,335,350,31,77,77,77],"floor_reached":27,"language":"ENG","playtime":529,"items_purged":[],"score":460,"play_id":"ba022d13-a010-4f15-b142-b9de93f82047","local_time":"20210127132358","is_ascension_mode":true,"campfire_choices":[{"data":"Cloak And Dagger","floor":7,"key":"SMITH"},{"data":"Blade Dance","floor":13,"key":"SMITH"},{"floor":15,"key":"REST"},{"floor":23,"key":"REST"}],"circlet_count":0,"master_deck":["AscendersBane","Strike_G+1","Strike_G+1","Strike_G+1","Strike_G+1","Defend_G+1","Defend_G+1","Defend_G+1","Defend_G+1","Defend_G+1","Survivor","Neutralize+1","Footwork","Cloak And Dagger+1","Cloak And Dagger","Blade Dance+1","A Thousand Cuts","Infinite Blades","Backflip"],"relics":["Ring of the Snake","NeowsBlessing","Golden Idol","Paper Crane","Boot","WristBlade","Enchiridion","Mango","Smiling Mask"],"acts_visited":["Exordium","TheCity"],"potions_floor_usage":[16,16,24],"damage_taken":[{"damage":0,"enemies":"2 Louse","floor":1,"turns":1},{"damage":0,"enemies":"Jaw Worm","floor":4,"turns":1},{"damage":0,"enemies":"Lagavulin","floor":6,"turns":1},{"damage":6,"enemies":"Cultist","floor":8,"turns":4},{"damage":11,"enemies":"3 Louse","floor":11,"turns":4},{"damage":0,"enemies":"Blue Slaver","floor":12,"turns":3},{"damage":18,"enemies":"The Guardian","floor":16,"turns":14},{"damage":12,"enemies":"Spheric Guardian","floor":18,"turns":4},{"damage":4,"enemies":"Shell Parasite","floor":20,"turns":4},{"damage":22,"enemies":"3 Cultists","floor":24,"turns":5},{"damage":27,"enemies":"Shelled Parasite and Fungi","floor":27,"turns":2}],"seed_played":"-3866410188985638945","potions_obtained":[{"floor":1,"key":"PowerPotion"},{"floor":10,"key":"DistilledChaos"},{"floor":20,"key":"PowerPotion"}],"is_trial":false,"path_per_floor":["M","?","?","M","?","E","R","M","T","?","M","M","R","?","R","B",null,"M","?","M","?","?","R","M","$","T","M"],"character_chosen":"THE_SILENT","items_purchased":["Mango"],"campfire_rested":2,"item_purchase_floors":[25],"current_hp_per_floor":[59,48,28,28,28,28,28,22,22,22,11,11,11,4,22,4,46,34,34,30,30,9,27,5,19,19,0,0],"gold":77,"neow_bonus":"THREE_ENEMY_KILL","is_daily":false,"chose_seed":false,"campfire_upgraded":2,"win_rate":0.0,"timestamp":1611725038,"path_taken":["M","?","?","M","?","E","R","M","T","?","?","M","R","?","R","BOSS","M","?","?","?","?","R","M","$","T","M"],"items_purchased_type":["Relic"],"build_version":"2020-12-22","purchased_purges":0,"victory":false,"max_hp_per_floor":[66,66,66,66,60,60,60,60,60,60,60,60,60,60,60,60,60,60,60,60,60,60,60,60,74,74,74,74],"relic_stats":{"counters":[11,43],"Golden Idol":46,"Boot":[61],"Smiling Mask":0,"obtain_stats":[{"NeowsBlessing":0,"WristBlade":17,"Golden Idol":5,"Enchiridion":22,"Mango":25,"Paper Crane":6,"Boot":9,"Smiling Mask":26,"Ring of the Snake":0},{"NeowsBlessing":0,"WristBlade":7,"Golden Idol":2,"Enchiridion":9,"Mango":10,"Paper Crane":3,"Boot":4,"Smiling Mask":10,"Ring of the Snake":0},{"NeowsBlessing":0,"WristBlade":28,"Golden Idol":2,"Enchiridion":36,"Mango":41,"Paper Crane":3,"Boot":7,"Smiling Mask":41,"Ring of the Snake":0}],"Ring of the Snake":[22]},"card_choices":[{"not_picked":["Skewer","Dodge and Roll"],"picked":"Footwork","floor":1},{"not_picked":["Deadly Poison","Flying Knee","Slice"],"picked":"SKIP","floor":4},{"not_picked":["Backstab","PiercingWail"],"picked":"Cloak And Dagger","floor":6},{"not_picked":["Flechettes","Sucker Punch"],"picked":"Cloak And Dagger","floor":8},{"not_picked":["Eviscerate","Acrobatics","Underhanded Strike"],"picked":"SKIP","floor":11},{"not_picked":["Distraction","Setup"],"picked":"Blade Dance","floor":12},{"not_picked":["Phantasmal Killer","Grand Finale"],"picked":"A Thousand Cuts","floor":16},{"not_picked":["Predator","Flying Knee","Acrobatics"],"picked":"SKIP","floor":18},{"not_picked":["Catalyst+1","Well Laid Plans"],"picked":"Infinite Blades","floor":20},{"not_picked":["Dodge and Roll","Flying Knee"],"picked":"Backflip","floor":24}],"player_experience":1400969,"relics_obtained":[{"floor":6,"key":"Paper Crane"},{"floor":9,"key":"Boot"},{"floor":22,"key":"Enchiridion"},{"floor":26,"key":"Smiling Mask"}],"event_choices":[{"damage_healed":0,"gold_gain":75,"player_choice":"Gather Gold","damage_taken":11,"max_hp_gain":0,"max_hp_loss":0,"event_name":"World of Goop","floor":2,"gold_loss":0},{"damage_healed":0,"gold_gain":0,"player_choice":"Entered Light","damage_taken":20,"max_hp_gain":0,"max_hp_loss":0,"event_name":"Shining Light","floor":3,"gold_loss":0,"cards_upgraded":["Defend_G","Strike_G"]},{"damage_healed":0,"gold_gain":0,"player_choice":"Lose Max HP","damage_taken":0,"relics_obtained":["Golden Idol"],"max_hp_gain":0,"max_hp_loss":6,"event_name":"Golden Idol","floor":5,"gold_loss":0},{"damage_healed":0,"gold_gain":0,"player_choice":"Bought 1 Potion","damage_taken":0,"max_hp_gain":0,"max_hp_loss":0,"event_name":"The Woman in Blue","floor":10,"gold_loss":0},{"cards_removed":["Strike_G"],"damage_healed":0,"gold_gain":0,"player_choice":"Card Removal","damage_taken":7,"max_hp_gain":0,"max_hp_loss":0,"event_name":"Golden Wing","floor":14,"gold_loss":0},{"damage_healed":0,"gold_gain":0,"player_choice":"Upgraded Two","damage_taken":0,"max_hp_gain":0,"max_hp_loss":0,"event_name":"Designer","floor":19,"gold_loss":50,"cards_upgraded":["Neutralize","Defend_G"]},{"damage_healed":0,"gold_gain":0,"player_choice":"Simplicity","damage_taken":0,"max_hp_gain":0,"max_hp_loss":0,"event_name":"Back to Basics","floor":21,"gold_loss":0,"cards_upgraded":["Strike_G","Strike_G","Strike_G","Defend_G","Defend_G","Defend_G"]},{"damage_healed":0,"gold_gain":0,"player_choice":"Obtained Book","damage_taken":21,"max_hp_gain":0,"max_hp_loss":0,"event_name":"Cursed Tome","floor":22,"gold_loss":0}],"is_beta":false,"boss_relics":[{"not_picked":["Black Star","Snecko Eye"],"picked":"WristBlade"}],"items_purged_floors":[],"is_endless":false,"potions_floor_spawned":[1,11,12,20],"killed_by":"Shelled Parasite and Fungi","ascension_level":19}}