{"host":"vyjryxuuuxkt43k4","time":1611762675,"event":{"mods":["AchievementEnabler","BaseMod","Colored Map","DeckTracker","Keyboard Shortcuts","Minty Spire (QoL Compilation)","Permanent Neow","Quick Restart","Rare Cards Sparkle","StSLib","SuperFastMode","everything is the same but u backflip on backflip"],"gold_per_floor":[109,109,129,129,148,148,73,73,118,118,135,169,169,2,2,76,76,92,109,109,122,22,22,41,41,68,94,94,125,215,228,228,302,302,319,319,334,334,35,35,60,79,79,90,90,102,0,19,19,19,19,19],"floor_reached":51,"language":"KOR","playtime":1564,"items_purged":["Strike_R","Pain","Shame"],"score":1330,"play_id":"651802a1-a705-4651-b2b8-89242634881f","local_time":"20210128005115","is_ascension_mode":true,"campfire_choices":[{"data":"Inflame","floor":6.0,"key":"SMITH"},{"data":"Fire Breathing","floor":8.0,"key":"SMITH"},{"data":"Bash","floor":10.0,"key":"SMITH"},{"data":"Flame Barrier","floor":13.0,"key":"SMITH"},{"floor":15.0,"key":"REST"},{"data":"Pommel Strike","floor":23.0,"key":"SMITH"},{"data":"Flex","floor":25.0,"key":"SMITH"},{"data":"Body Slam","floor":28.0,"key":"SMITH"},{"floor":32.0,"key":"REST"},{"data":"Impervious","floor":40.0,"key":"SMITH"},{"floor":49.0,"key":"RECALL"}],"circlet_count":0,"master_deck":["AscendersBane","Strike_R","Strike_R","Strike_R","Strike_R","Defend_R+1","Defend_R","Defend_R","Defend_R","Bash+1","Inflame+1","Power Through+1","Fire Breathing+1","Flame Barrier+1","Impervious+1","Pommel Strike+1","Shrug It Off","Uppercut+1","Flex+1","Body Slam+1","Barricade+1","Juggernaut","Fire Breathing","Battle Trance","Injury","Second Wind","Whirlwind+1"],"relics":["Burning Blood","Unceasing Top","PreservedInsect","StrikeDummy","ClockworkSouvenir","Cursed Key","WarpedTongs","MealTicket","InkBottle","Singing Bowl","Coffee Dripper","Self Forming Clay","Red Mask"],"acts_visited":["Exordium","TheCity","TheBeyond"],"potions_floor_usage":[51],"damage_taken":[{"damage":6.0,"enemies":"2 Louse","floor":1.0,"turns":4.0},{"damage":9.0,"enemies":"Small Slimes","floor":3.0,"turns":4.0},{"damage":0.0,"enemies":"Jaw Worm","floor":5.0,"turns":5.0},{"damage":16.0,"enemies":"Exordium Thugs","floor":11.0,"turns":4.0},{"damage":8.0,"enemies":"Gremlin Nob","floor":12.0,"turns":3.0},{"damage":12.0,"enemies":"Hexaghost","floor":16.0,"turns":9.0},{"damage":0.0,"enemies":"3 Byrds","floor":18.0,"turns":4.0},{"damage":0.0,"enemies":"Chosen","floor":19.0,"turns":5.0},{"damage":19.0,"enemies":"Centurion and Healer","floor":21.0,"turns":7.0},{"damage":6.0,"enemies":"Sentry and Sphere","floor":24.0,"turns":5.0},{"damage":4.0,"enemies":"Book of Stabbing","floor":27.0,"turns":5.0},{"damage":23.0,"enemies":"Gremlin Leader","floor":29.0,"turns":4.0},{"damage":12.0,"enemies":"3 Cultists","floor":31.0,"turns":5.0},{"damage":27.0,"enemies":"Automaton","floor":33.0,"turns":9.0},{"damage":0.0,"enemies":"Orb Walker","floor":35.0,"turns":3.0},{"damage":6.0,"enemies":"3 Darklings","floor":37.0,"turns":5.0},{"damage":24.0,"enemies":"Nemesis","floor":41.0,"turns":5.0},{"damage":37.0,"enemies":"Spire Growth","floor":42.0,"turns":5.0},{"damage":5.0,"enemies":"Sphere and 2 Shapes","floor":44.0,"turns":4.0},{"damage":0.0,"enemies":"4 Shapes","floor":46.0,"turns":4.0},{"damage":15.0,"enemies":"3 Darklings","floor":48.0,"turns":6.0},{"damage":20.0,"enemies":"Donu and Deca","floor":50.0,"turns":8.0},{"damage":41,"enemies":"Awakened One","floor":51,"turns":3}],"seed_played":"3258694245450637580","potions_obtained":[{"floor":1.0,"key":"Ancient Potion"},{"floor":3.0,"key":"AttackPotion"},{"floor":5.0,"key":"EssenceOfSteel"},{"floor":12.0,"key":"AttackPotion"},{"floor":19.0,"key":"Ancient Potion"},{"floor":24.0,"key":"HeartOfIron"},{"floor":27.0,"key":"Energy Potion"},{"floor":35.0,"key":"ColorlessPotion"},{"floor":38.0,"key":"LiquidBronze"},{"floor":38.0,"key":"SkillPotion"},{"floor":41.0,"key":"Fire Potion"},{"floor":44.0,"key":"Swift Potion"}],"is_trial":false,"path_per_floor":["M","?","M","?","M","R","$","R","T","R","M","E","R","$","R","B",null,"M","M","?","M","$","R","M","R","T","E","R","E","?","M","R","B",null,"M","?","M","?","$","R","E","M","T","M","$","M","?","M","R","B","B"],"character_chosen":"IRONCLAD","items_purchased":["ClockworkSouvenir","Juggernaut"],"campfire_rested":2,"item_purchase_floors":[14,39],"current_hp_per_floor":[50,55,52,28,34,34,34,34,34,34,24,22,22,22,46,40,70,76,80,80,67,67,67,67,67,67,69,69,54,42,38,63,42,74,82,82,84,84,88,88,70,39,39,42,57,63,63,54,54,40,0,0],"gold":19,"neow_bonus":"ONE_RARE_RELIC","is_daily":false,"chose_seed":false,"campfire_upgraded":8,"win_rate":0.0,"timestamp":1611762675,"path_taken":["M","?","M","?","?","R","$","R","T","R","M","E","R","?","R","BOSS","M","M","?","M","$","R","?","R","T","E","R","E","?","?","R","BOSS","M","?","?","?","$","R","E","?","T","M","$","M","?","M","R","BOSS","BOSS"],"items_purchased_type":["Relic","Card"],"build_version":"2020-12-22","purchased_purges":3,"victory":false,"max_hp_per_floor":[75,80,80,80,80,80,80,80,80,80,80,80,80,80,80,80,80,80,80,80,80,80,80,80,80,80,80,80,82,82,84,84,84,84,86,86,88,88,88,88,88,88,88,90,90,90,90,90,90,90,90,90],"card_choices":[{"not_picked":["Entrench","Twin Strike"],"picked":"Inflame","floor":1.0},{"not_picked":["Twin Strike","Perfected Strike"],"picked":"Power Through","floor":3.0},{"not_picked":["Hemokinesis","Clash"],"picked":"Fire Breathing","floor":5.0},{"not_picked":["Dropkick","Clash","Flex"],"picked":"SKIP","floor":11.0},{"not_picked":["Searing Blow","Fire Breathing"],"picked":"Flame Barrier","floor":12.0},{"not_picked":["Fiend Fire","Limit Break"],"picked":"Impervious","floor":16.0},{"not_picked":["Metallicize","Anger"],"picked":"Pommel Strike","floor":18.0},{"not_picked":["Rupture","Armaments"],"picked":"Shrug It Off","floor":19.0},{"not_picked":["Wild Strike","Warcry"],"picked":"Uppercut+1","floor":21.0},{"not_picked":["Intimidate+1","Demon Form"],"picked":"Flex","floor":24.0},{"not_picked":["Clash","Heavy Blade"],"picked":"Body Slam","floor":27.0},{"not_picked":["True Grit","Cleave","Iron Wave"],"picked":"Singing Bowl","floor":29.0},{"not_picked":["Flex","Dropkick","Twin Strike"],"picked":"Singing Bowl","floor":31.0},{"not_picked":["Juggernaut","Offering"],"picked":"Barricade","floor":33.0},{"not_picked":["Wild Strike","True Grit","Pommel Strike"],"picked":"Singing Bowl","floor":35.0},{"not_picked":["Perfected Strike+1","Rupture","Rage"],"picked":"Singing Bowl","floor":37.0},{"not_picked":["Hemokinesis","Pommel Strike+1"],"picked":"Fire Breathing","floor":41.0},{"not_picked":["Flame Barrier","Uppercut+1"],"picked":"Battle Trance","floor":42.0},{"not_picked":["Iron Wave","Body Slam","Clothesline"],"picked":"Singing Bowl","floor":44.0},{"not_picked":["Havoc","Wild Strike"],"picked":"Second Wind","floor":46.0},{"not_picked":["Burning Pact","Second Wind"],"picked":"Whirlwind+1","floor":48.0}],"player_experience":423206,"relics_obtained":[{"floor":9.0,"key":"PreservedInsect"},{"floor":12.0,"key":"StrikeDummy"},{"floor":26.0,"key":"MealTicket"},{"floor":27.0,"key":"InkBottle"},{"floor":29.0,"key":"Singing Bowl"},{"floor":41.0,"key":"Self Forming Clay"}],"event_choices":[{"damage_healed":0.0,"max_hp_gain":5.0,"max_hp_loss":0.0,"gold_gain":0.0,"event_name":"Big Fish","player_choice":"Donut","floor":2.0,"gold_loss":0.0,"damage_taken":0.0},{"damage_healed":0.0,"max_hp_gain":0.0,"max_hp_loss":0.0,"gold_gain":0.0,"event_name":"Shining Light","player_choice":"Entered Light","floor":4.0,"gold_loss":0.0,"damage_taken":24.0,"cards_upgraded":["Defend_R","Power Through"]},{"damage_healed":0.0,"max_hp_gain":0.0,"max_hp_loss":0.0,"gold_gain":0.0,"event_name":"Accursed Blacksmith","player_choice":"Rummage","floor":20.0,"gold_loss":0.0,"damage_taken":0.0,"relics_obtained":["WarpedTongs"],"cards_obtained":["Pain"]},{"damage_healed":0.0,"max_hp_gain":0.0,"max_hp_loss":0.0,"gold_gain":90.0,"event_name":"Knowing Skull","player_choice":"GOLD ","floor":30.0,"potions_obtained":[],"gold_loss":0.0,"damage_taken":12.0,"cards_obtained":[]},{"damage_healed":0.0,"max_hp_gain":0.0,"max_hp_loss":0.0,"gold_gain":0.0,"event_name":"Upgrade Shrine","player_choice":"Upgraded","floor":36.0,"gold_loss":0.0,"damage_taken":0.0,"cards_upgraded":["Barricade"]},{"damage_healed":0.0,"max_hp_gain":0.0,"max_hp_loss":0.0,"gold_gain":0.0,"event_name":"Lab","player_choice":"Got Potions","floor":38.0,"gold_loss":0.0,"damage_taken":0.0},{"damage_healed":0.0,"max_hp_gain":0.0,"max_hp_loss":0.0,"gold_gain":0.0,"event_name":"Tomb of Lord Red Mask","player_choice":"Paid","floor":47.0,"gold_loss":102.0,"damage_taken":0.0,"relics_obtained":["Red Mask"]}],"is_beta":false,"boss_relics":[{"not_picked":["Sozu","Astrolabe"],"picked":"Cursed Key"},{"not_picked":["SlaversCollar","Fusion Hammer"],"picked":"Coffee Dripper"}],"items_purged_floors":[7,22,39],"is_endless":false,"potions_floor_spawned":[1,3,5,12,19,24,27,35,41,44,46],"killed_by":"Awakened One","ascension_level":20}}