{"host":"95ip98gf8c4vrv08","time":1611736963,"event":{"mods":["ATMod(??Mod)","BaseMod","Downfall","Minty Spire (QoL Compilation)","Quick Restart","Reimu??????","Relic Stats","Spicy Shops","StSLib","The Senshi","??????REMEMod","????"],"gold_per_floor":[99,112,112,20,20,36,82,82,101,116,27,47,58,85,104,104,104,104],"floor_reached":16,"language":"ZHS","playtime":1029,"items_purged":[],"score":96,"play_id":"d00c1340-7e1f-48b2-87c7-8e94f5f0e5d9","local_time":"20210127164243","is_ascension_mode":false,"campfire_choices":[{"data":"hexamod:Float","floor":1,"key":"SMITH"},{"data":"hexamod:NightmareStrike","floor":8,"key":"SMITH"}],"circlet_count":0,"master_deck":["hexamod:Strike","hexamod:Strike","hexamod:Strike","hexamod:Strike","hexamod:Defend","hexamod:Defend","hexamod:Defend","hexamod:Defend","hexamod:Sear","hexamod:Float+1","hexamod:SpectersWail","hexamod:NightmareStrike+1","hexamod:FourthSeal","hexamod:FirstSeal","hexamod:SoulSteal","hexamod:ThermalTransfer","hexamod:SecondSeal","hexamod:RetreatToShadows","hexamod:TimeWarp","hexamod:ExtraCrispy","hexamod:NightmareStrike"],"relics":["hexamod:SpiritBrand","REME_ComplimentaryCards","AT_ATBox","hexamod:InflammatoryLetter","Centennial Puzzle","Chemical X"],"acts_visited":["Exordium"],"potions_floor_usage":[9,9,15,16],"damage_taken":[{"damage":3,"enemies":"2 Louse","floor":2,"turns":4},{"damage":0,"enemies":"downfall:FleeingMerchant","floor":4,"turns":4},{"damage":1,"enemies":"Cultist","floor":6,"turns":3},{"damage":6,"enemies":"Jaw Worm","floor":9,"turns":4},{"damage":21,"enemies":"Gremlin Gang","floor":10,"turns":3},{"damage":0,"enemies":"downfall:FleeingMerchant","floor":11,"turns":4},{"damage":14,"enemies":"Blue Slaver","floor":12,"turns":3},{"damage":6,"enemies":"Exordium Thugs","floor":13,"turns":3},{"damage":10,"enemies":"Lots of Slimes","floor":14,"turns":3},{"damage":0,"enemies":"Exordium Wildlife","floor":15,"turns":2},{"damage":60,"enemies":"DF_ARCHETYPE_STREAMLINE","floor":16,"turns":9}],"seed_played":"6616104344165917877","potions_obtained":[{"floor":6,"key":"BlessingOfTheForge"},{"floor":6,"key":"Energy Potion"},{"floor":9,"key":"REME_GoldPotion"},{"floor":9,"key":"hexamod:EctoCoolerPotion"},{"floor":13,"key":"Fire Potion"},{"floor":13,"key":"Fire Potion"}],"is_trial":false,"path_per_floor":["R","M","?","$","T","M","T","R","M","M","$","M","M","M","M","B"],"character_chosen":"THE_SPIRIT","items_purchased":["hexamod:FourthSeal","Chemical X"],"campfire_rested":0,"item_purchase_floors":[4,11],"current_hp_per_floor":[77,74,74,74,74,73,73,73,74,60,67,60,61,58,58,0,0,0],"gold":104,"neow_bonus":"TEN_PERCENT_HP_BONUS","is_daily":false,"chose_seed":false,"campfire_upgraded":2,"win_rate":0.0,"timestamp":1611736963,"path_taken":["R","M","?","$","?","M","T","R","M","M","?","M","M","?","M","BOSS"],"items_purchased_type":["Card","Relic"],"build_version":"2020-12-22","purchased_purges":0,"victory":false,"max_hp_per_floor":[77,77,77,77,77,77,77,77,77,77,77,77,77,77,77,77,77,77],"relic_stats":{"Centennial Puzzle":[18],"counters":[11,42],"Chemical X":[1],"obtain_stats":[{"Centennial Puzzle":7,"AT_ATBox":0,"hexamod:InflammatoryLetter":5,"Chemical X":11,"hexamod:SpiritBrand":0,"REME_ComplimentaryCards":0},{"Centennial Puzzle":3,"AT_ATBox":0,"hexamod:InflammatoryLetter":2,"Chemical X":6,"hexamod:SpiritBrand":0,"REME_ComplimentaryCards":0},{"Centennial Puzzle":11,"AT_ATBox":0,"hexamod:InflammatoryLetter":8,"Chemical X":22,"hexamod:SpiritBrand":0,"REME_ComplimentaryCards":0}]},"card_choices":[{"not_picked":["hexamod:NightmareGuise","hexamod:AdvancingGuard"],"picked":"hexamod:SpectersWail","floor":2},{"not_picked":["hexamod:TimeWarp","hexamod:StepThrough"],"picked":"hexamod:NightmareStrike","floor":4},{"not_picked":["hexamod:StepThrough","hexamod:HeatMetal"],"picked":"hexamod:FirstSeal","floor":6},{"not_picked":["hexamod:GhostShield","hexamod:Rewind"],"picked":"hexamod:SoulSteal","floor":9},{"not_picked":["hexamod:SpectralAdrenaline","hexamod:GhostOfSpirePast"],"picked":"hexamod:ThermalTransfer","floor":10},{"not_picked":["hexamod:FourthSeal","hexamod:SwordOfDarkness"],"picked":"hexamod:SecondSeal","floor":11},{"not_picked":["hexamod:InspiringFlames","hexamod:HauntingEcho"],"picked":"hexamod:RetreatToShadows","floor":12},{"not_picked":["hexamod:NightmareStrike","hexamod:BacktrackSmack"],"picked":"hexamod:TimeWarp","floor":13},{"not_picked":["hexamod:AdvancingGuard","hexamod:HeatShield"],"picked":"hexamod:ExtraCrispy","floor":14},{"not_picked":["hexamod:NecessarySacrifice","hexamod:ShieldOfDarkness"],"picked":"hexamod:NightmareStrike","floor":15}],"player_experience":206158,"relics_obtained":[{"floor":5,"key":"hexamod:InflammatoryLetter"},{"floor":7,"key":"Centennial Puzzle"}],"event_choices":[],"is_beta":false,"boss_relics":[],"items_purged_floors":[],"is_endless":false,"potions_floor_spawned":[6,9,13,14],"killed_by":"DF_ARCHETYPE_STREAMLINE","ascension_level":0}}