{"host":"zk71suw73lg2r165","time":1611769173,"event":{"mods":["BaseMod","Colored Map","Minty Spire (QoL Compilation)","Permanent Neow","Relic Stats","StSLib"],"gold_per_floor":[360,410,424,89,99,125,125,125,125],"floor_reached":8,"language":"ENG","playtime":245,"items_purged":[],"score":112,"play_id":"d8e0709c-9fec-47bd-8d22-fddc0b632410","local_time":"20210127123933","is_ascension_mode":true,"campfire_choices":[{"floor":7,"key":"REST"}],"circlet_count":0,"master_deck":["AscendersBane","Strike_B","Strike_B","Strike_B","Strike_B","Defend_B","Defend_B","Defend_B","Defend_B","Zap","Dualcast","Conserve Battery","White Noise","Ball Lightning","Barrage"],"relics":["Cracked Core","ClockworkSouvenir","Bag of Preparation","Pen Nib"],"acts_visited":["Exordium"],"potions_floor_usage":[6],"damage_taken":[{"damage":2,"enemies":"Jaw Worm","floor":1,"turns":3},{"damage":6,"enemies":"Cultist","floor":3,"turns":3},{"damage":0,"enemies":"2 Louse","floor":5,"turns":2},{"damage":49,"enemies":"Gremlin Nob","floor":6,"turns":5},{"damage":20,"enemies":"3 Sentries","floor":8,"turns":2}],"seed_played":"8537893043696826341","potions_obtained":[{"floor":5,"key":"SkillPotion"}],"is_trial":false,"path_per_floor":["M","?","M","$","M","E","R","E"],"character_chosen":"DEFECT","items_purchased":["ClockworkSouvenir","Bag of Preparation"],"campfire_rested":1,"item_purchase_floors":[4,4],"current_hp_per_floor":[62,56,50,50,50,1,20,0,0],"gold":125,"neow_bonus":"TWO_FIFTY_GOLD","is_daily":false,"chose_seed":false,"campfire_upgraded":0,"win_rate":0.0,"timestamp":1611769173,"path_taken":["M","?","M","$","M","E","R","E"],"items_purchased_type":["Relic","Relic"],"build_version":"2020-12-22","purchased_purges":0,"victory":false,"max_hp_per_floor":[64,64,64,64,64,64,64,64,64],"relic_stats":{"counters":[5,15],"Pen Nib":[0],"Bag of Preparation":[6],"obtain_stats":[{"Pen Nib":6,"Bag of Preparation":4,"Cracked Core":0,"ClockworkSouvenir":4},{"Pen Nib":4,"Bag of Preparation":2,"Cracked Core":0,"ClockworkSouvenir":2},{"Pen Nib":13,"Bag of Preparation":6,"Cracked Core":0,"ClockworkSouvenir":6}]},"card_choices":[{"not_picked":["Cold Snap","Darkness"],"picked":"Conserve Battery","floor":1},{"not_picked":["Turbo","Conserve Battery"],"picked":"White Noise","floor":3},{"not_picked":["Consume","Chaos"],"picked":"Ball Lightning","floor":5},{"not_picked":["Skim","Reprogram"],"picked":"Barrage","floor":6}],"player_experience":1389085,"relics_obtained":[{"floor":6,"key":"Pen Nib"}],"event_choices":[{"damage_healed":0,"gold_gain":50,"player_choice":"Touch","damage_taken":6,"max_hp_gain":0,"max_hp_loss":0,"event_name":"FaceTrader","floor":2,"gold_loss":0}],"is_beta":false,"boss_relics":[],"items_purged_floors":[],"is_endless":false,"potions_floor_spawned":[5],"killed_by":"3 Sentries","ascension_level":20}}