{"host":"2c1pg2m9wpz3w4c0","time":1611764671,"event":{"mods":["AchievementEnabler","Act Like it!","Aspiration","BaseMod","Better Note","BetterRewards","Curses Come First","Disable Question Mark Monsters","Halation","Hubris","Infinite Spire","Lotus Mark","Marisa????????","Minty Spire (QoL Compilation)","Replay The Spire","StSLib","SuperFastMode","The Clintock","The Jungle","The Marked","The Runesmith","Transform Curses"],"gold_per_floor":[116,128,140,140,160,160,160,160,160,185,185,229,243,259,259,390,390,413,373,404,438,191,191,191,239,239,239,305,305,305,305],"floor_reached":30,"language":"ENG","playtime":953,"items_purged":[],"score":559,"play_id":"ef9effa4-d9e3-429a-be23-96f2e6f9cef1","local_time":"20210127092431","is_ascension_mode":false,"campfire_choices":[{"data":"Apotheosis","floor":6,"key":"SMITH"},{"floor":8,"key":"REST"},{"data":"hubris:ReadiedAction","floor":11,"key":"SMITH"},{"data":"Anger","floor":15,"key":"SMITH"},{"floor":23,"key":"REST"},{"floor":27,"key":"REST"},{"data":"Limit Break","floor":29,"key":"SMITH"}],"circlet_count":0,"master_deck":["Strike_R","Strike_R+1","Strike_R","Strike_R","Strike_R","Defend_R+1","Defend_R+1","Defend_R","Defend_R","Bash","Apotheosis+1","Flex","Cleave","Battle Trance","hubris:ReadiedAction+1","Injury","Ghostly Armor","Heavy Blade","Ghostly Armor","Clothesline","Anger+1","Limit Break+1","hubris:Greed","infinitespire:OneForAll+1","hubris:Greed","Flex","hubris:Greed","Armaments+1","ReplayTheSpireMod:Brewmster","Rampage","Runesmith:CreatorForm","hubris:Greed","hubris:Greed","hubris:Greed","Twin Strike+1","hubris:Greed","hubris:Greed","hubris:Greed","hubris:Greed","Flex","hubris:Greed","hubris:Greed","hubris:Greed"],"relics":["Burning Blood","hubris:GlazedTorus","Bag of Marbles","Golden Idol","halation:VictoryRuler","Pet Ghost","halation:HeavySnake","Mirror"],"acts_visited":["Exordium","theJungle:Jungle"],"potions_floor_usage":[5,16,16,16,20,21,25,28,28],"damage_taken":[{"damage":6,"enemies":"infinitespire:Voidling","floor":1,"turns":5},{"damage":5,"enemies":"Small Slimes","floor":2,"turns":3},{"damage":2,"enemies":"2 Louse","floor":3,"turns":3},{"damage":8,"enemies":"Exordium Thugs","floor":5,"turns":4},{"damage":0,"enemies":"2 Fungi Beasts","floor":10,"turns":2},{"damage":0,"enemies":"3 Sentries","floor":12,"turns":4},{"damage":0,"enemies":"Looter","floor":13,"turns":3},{"damage":8,"enemies":"Large Slime","floor":14,"turns":4},{"damage":0,"enemies":"The Guardian","floor":16,"turns":8},{"damage":16,"enemies":"Shell Parasite","floor":18,"turns":6},{"damage":23,"enemies":"theJungle:5_Spyders","floor":20,"turns":7},{"damage":33,"enemies":"theJungle:JungleHuntersEncounter","floor":21,"turns":7},{"damage":14,"enemies":"theJungle:Snecko_Cultist_And_Trap","floor":25,"turns":6},{"damage":24,"enemies":"Snake Plant","floor":28,"turns":5},{"damage":0,"enemies":"theJungle:2_Snecko_Cultists","floor":30,"turns":2}],"seed_played":"-6840207973755099113","potions_obtained":[{"floor":2,"key":"LiquidMemories"},{"floor":10,"key":"Swift Potion"},{"floor":13,"key":"BlessingOfTheForge"},{"floor":19,"key":"Adrenaline Potion"},{"floor":19,"key":"Energy Potion"},{"floor":19,"key":"Reflective Coating"},{"floor":20,"key":"Fruit Juice"},{"floor":21,"key":"Doom Potion"}],"is_trial":false,"path_per_floor":["M","M","M","?","M","R","?","R","T","M","R","E","M","M","R","B",null,"M","?","M","M","$","R","?","M","T","R","M","R","M"],"character_chosen":"IRONCLAD","items_purchased":["hubris:GlazedTorus","Apotheosis","Flex","Bag of Marbles","Block Potion","ReplayTheSpireMod:Brewmster","Rampage"],"campfire_rested":3,"item_purchase_floors":[0,0,0,0,0,22,22],"current_hp_per_floor":[53,54,58,58,56,56,56,80,80,80,80,80,80,78,78,80,80,70,70,53,31,31,56,56,48,48,73,55,55,55,55],"gold":305,"neow_bonus":"","is_daily":false,"chose_seed":false,"campfire_upgraded":4,"win_rate":0.0,"timestamp":1611764671,"path_taken":["M","?","?","?","M","R","?","R","T","M","R","E","?","M","R","BOSS","M","?","M","M","$","R","?","M","T","R","?","R","M"],"items_purchased_type":["Relic","Card","Card","Relic","Potion","Card","Card"],"build_version":"2020-12-22","purchased_purges":0,"victory":false,"max_hp_per_floor":[80,80,80,80,80,80,80,80,80,80,80,80,80,80,80,80,80,80,80,80,85,85,85,85,85,85,85,85,85,85,85],"card_choices":[{"not_picked":["ReplayTheSpireMod:Corrosion Curse","Dark Embrace"],"picked":"Cleave","floor":1},{"not_picked":["Twin Strike","Iron Wave"],"picked":"Battle Trance","floor":2},{"not_picked":["ReplayTheSpireMod:LeadingStrike","Bloodletting"],"picked":"hubris:ReadiedAction","floor":3},{"not_picked":["Sword Boomerang","True Grit"],"picked":"Ghostly Armor","floor":5},{"not_picked":["hubris:ReadiedAction","Brutality"],"picked":"Heavy Blade","floor":10},{"not_picked":["Warcry","Dark Embrace"],"picked":"Ghostly Armor","floor":12},{"not_picked":["Bloodletting","Rupture"],"picked":"Clothesline","floor":13},{"not_picked":["Cleave","Defy Death"],"picked":"Anger","floor":14},{"not_picked":["Brutality","Demon Form"],"picked":"Limit Break","floor":16},{"not_picked":["Armaments","Reckless Charge"],"picked":"infinitespire:OneForAll+1","floor":18},{"not_picked":["ReplayTheSpireMod:LeadingStrike","hubris:CleavingFinish"],"picked":"Flex","floor":20},{"not_picked":["Dropkick+1","hubris:SharpeningStone"],"picked":"Armaments+1","floor":21},{"not_picked":["Clash","Heavy Blade"],"picked":"Twin Strike","floor":25},{"not_picked":["Intimidate","Heavy Blade+1"],"picked":"Flex","floor":28}],"player_experience":1205893,"relics_obtained":[{"floor":9,"key":"halation:VictoryRuler"},{"floor":12,"key":"Pet Ghost"},{"floor":26,"key":"Mirror"}],"event_choices":[{"damage_healed":0,"gold_gain":0,"player_choice":"Take Wound","damage_taken":0,"relics_obtained":["Golden Idol"],"max_hp_gain":0,"max_hp_loss":0,"event_name":"Golden Idol","floor":4,"gold_loss":0,"cards_obtained":["Injury"]},{"damage_healed":0,"gold_gain":0,"player_choice":"Bought 3 Potions","damage_taken":0,"max_hp_gain":0,"max_hp_loss":0,"event_name":"The Woman in Blue","floor":19,"gold_loss":0},{"cards_removed":["Apotheosis"],"damage_healed":0,"gold_gain":0,"player_choice":"Take \u0026 Give","damage_taken":0,"max_hp_gain":0,"max_hp_loss":0,"event_name":"betterNote:BetterNote","floor":24,"gold_loss":0,"cards_obtained":["Runesmith:CreatorForm"]}],"is_beta":false,"boss_relics":[{"not_picked":["Empty Cage","infinitespire:Burning Sword"],"picked":"halation:HeavySnake"}],"items_purged_floors":[],"is_endless":false,"potions_floor_spawned":[2,10,13,20,21],"killed_by":"theJungle:2_Snecko_Cultists","ascension_level":0}}