{"host":"meib18gsulage5jw","time":1611733789,"event":{"mods":["Aspiration","BaseMod","BetterRewards","CCEM2","Colored Map","Conspire","Defuse TimeMaze Blight","Energized Spire","Hubris","Infinite Spire","Minty Spire (QoL Compilation)","Relic Sorter","Reliquary","Replay The Spire","Spikes Relics","StSLib","The Blue Laboratory","Uncapped"],"gold_per_floor":[110,124,124,139,89,99,109,109,133,158,333,357,357,25,25,151,151,175,254,254,274,274,274,308,308,308,333,61,74,113,136,136,264,264,290,358,387,406,62,108,108,152,152,152,152,97,97,97,97,97,97],"floor_reached":50,"language":"ENG","playtime":3129,"items_purged":["Doubt","theextravagant:SlyStrike","theextravagant:Fence"],"score":678,"play_id":"ff47c8f4-6dcf-44a1-9fcf-b836b97bfade","local_time":"20210127174949","is_ascension_mode":false,"campfire_choices":[{"floor":13.0,"key":"REST"},{"data":"Violence","floor":15.0,"key":"SMITH"},{"floor":23.0,"key":"REST"},{"floor":32.0,"key":"REST"},{"floor":41.0,"key":"REST"},{"data":"infinitespire:SevenWalls","floor":45.0,"key":"SMITH"},{"floor":49.0,"key":"REST"}],"circlet_count":0,"master_deck":["theextravagant:SlyStrike","theextravagant:SlyStrike","theextravagant:Fence","theextravagant:Fence","theextravagant:Fence","theextravagant:QuickAttack","theextravagant:Triumph","theextravagant:Vintage","theextravagant:SharpTalons","theextravagant:IronPlumes","theextravagant:Ravage+1","Violence+1","Replay:Parry+1","MasterReality","theextravagant:Twostep","theextravagant:PuffUp","theextravagant:RustyBuckler+1","infinitespire:SevenWalls+1","infinitespire:Starlight","infinitespire:FutureSight","theextravagant:GlyphOfTime","theextravagant:SpontaneousStrike","conspire:Banana","theextravagant:GlyphOfTime","theextravagant:Firework+1","theextravagant:Razor","theextravagant:Redemption","theextravagant:Redemption+1","ReplayTheSpireMod:Restless Dread","hubris:Greed","Voices","theextravagant:Firework+1","theextravagant:SpontaneousStrike+1","theextravagant:Pushthrough+1","theextravagant:Tension","theextravagant:Pushthrough+1","theextravagant:SpontaneousStrike","Madness","Madness","theextravagant:SpiritBolt+1"],"relics":["theextravagant:TranslucentFeather","aspiration:Nostalgia","Replay:M_StaffOfTheSnake","Golden Idol","Regal Pillow","aspiration:Lifesprig","conspire:SlowCooker","CCEMRelics:DarkMatter","theextravagant:OldMusket","infinitespire:CursedDice","CCEMRelics:FakeTeeth","Replay:Ancient Bell","reliquary:Stiletto","Replay:Ringing Soul","CCEMRelics:EnergeticInfuser","Ice Cream","Strange Spoon","CCEMRelics:PocketTank","hubris:Potato","Whetstone","Mirror","hubris:Towel","hubris:FruitBowl","CCEMRelics:WhiteRose","hubris:Macrotransations","hubris:EvacipatedBox"],"acts_visited":["Exordium","TheCity","TheBeyond"],"potions_floor_usage":[50],"damage_taken":[{"damage":1.0,"enemies":"2 Louse","floor":1.0,"turns":3.0},{"damage":0.0,"enemies":"Cultist","floor":2.0,"turns":4.0},{"damage":10.0,"enemies":"Jaw Worm","floor":4.0,"turns":4.0},{"damage":4.0,"enemies":"Looter","floor":6.0,"turns":4.0},{"damage":0.0,"enemies":"2 Fungi Beasts","floor":7.0,"turns":4.0},{"damage":3.0,"enemies":"Blue Slaver","floor":10.0,"turns":4.0},{"damage":35.0,"enemies":"Slime Boss","floor":16.0,"turns":14.0},{"damage":10.0,"enemies":"3 Byrds","floor":18.0,"turns":5.0},{"damage":44.0,"enemies":"Chosen","floor":21.0,"turns":7.0},{"damage":24.0,"enemies":"Gremlin Leader","floor":24.0,"turns":7.0},{"damage":7.0,"enemies":"Centurion and Healer","floor":27.0,"turns":7.0},{"damage":15.0,"enemies":"Snecko","floor":29.0,"turns":7.0},{"damage":10.0,"enemies":"Nightmare","floor":30.0,"turns":7.0},{"damage":31.0,"enemies":"Snake Plant","floor":31.0,"turns":5.0},{"damage":31.0,"enemies":"Champ","floor":33.0,"turns":10.0},{"damage":18.0,"enemies":"Orb Walker","floor":35.0,"turns":4.0},{"damage":18.0,"enemies":"Mind Bloom Boss Battle","floor":36.0,"turns":7.0},{"damage":41.0,"enemies":"3 Shapes","floor":37.0,"turns":3.0},{"damage":27.0,"enemies":"3 Darklings","floor":38.0,"turns":7.0},{"damage":15.0,"enemies":"Reptomancer","floor":40.0,"turns":6.0},{"damage":18.0,"enemies":"Nemesis","floor":42.0,"turns":7.0},{"damage":67,"enemies":"Awakened One","floor":50,"turns":6}],"seed_played":"-2045584550002901393","potions_obtained":[{"floor":2.0,"key":"blueLaboratory:BubblePotion"},{"floor":4.0,"key":"blueLaboratory:HummingbirdPotion"},{"floor":16.0,"key":"DuplicationPotion"},{"floor":19.0,"key":"Milkshake"},{"floor":19.0,"key":"Adrenaline Potion"},{"floor":21.0,"key":"blueLaboratory:Moonshine"},{"floor":27.0,"key":"Energy Potion"},{"floor":31.0,"key":"blueLaboratory:BubblePotion"},{"floor":37.0,"key":"LiquidMemories"},{"floor":38.0,"key":"Fire Potion"},{"floor":40.0,"key":"Reflective Coating"}],"is_trial":false,"path_per_floor":["M","M","?","M","?","M","M","?","T","M","?","T","R","$","R","B",null,"M","?","?","M","AVR","R","E","?","T","M","$","M","NM","M","R","B",null,"M","?","M","M","$","E","R","E","T","?","R","$","?","$","R","B"],"character_chosen":"THE_EXTRAVAGANT","items_purchased":["Violence","Replay:Parry","conspire:Banana","theextravagant:GlyphOfTime","Strange Spoon","CCEMRelics:PocketTank","theextravagant:Tension","theextravagant:SpiritBolt+1","hubris:FruitBowl","CCEMRelics:WhiteRose","hubris:Macrotransations","hubris:EvacipatedBox"],"campfire_rested":5,"item_purchase_floors":[14,14,28,28,39,39,39,46,48,48,48,48],"current_hp_per_floor":[74,74,74,64,64,60,60,42,42,39,39,39,75,75,75,40,75,65,65,65,21,21,58,44,44,44,47,47,43,44,24,62,42,82,68,64,26,10,13,49,94,87,87,77,77,80,80,2,50,0,0],"gold":97,"neow_bonus":"NOSTALGIA","is_daily":false,"chose_seed":false,"campfire_upgraded":2,"win_rate":0.0,"timestamp":1611733789,"path_taken":["M","M","?","?","?","M","M","?","T","M","?","?","R","$","R","BOSS","M","?","?","?","AVR","R","E","?","T","M","$","M","NM","M","R","BOSS","M","?","M","M","$","E","R","E","T","?","R","$","?","?","R","BOSS"],"items_purchased_type":["Card","Card","Card","Card","Relic","Relic","Card","Card","Relic","Relic","Relic","Relic"],"build_version":"2020-12-22","purchased_purges":3,"victory":false,"max_hp_per_floor":[75,75,75,75,75,75,75,75,75,75,75,75,75,75,75,75,75,75,75,75,75,75,75,75,75,75,75,75,76,77,78,78,79,82,86,90,93,94,97,101,101,105,105,108,108,111,111,111,111,112,112],"card_choices":[{"not_picked":["theextravagant:Drift","EmptyMind"],"picked":"theextravagant:Vintage","floor":1.0},{"not_picked":["theextravagant:Comeback","theextravagant:Precaution"],"picked":"theextravagant:SharpTalons","floor":2.0},{"not_picked":["theextravagant:Ambush","Acrobatics"],"picked":"theextravagant:IronPlumes","floor":4.0},{"not_picked":["theextravagant:Twitch","CutThroughFate","theextravagant:Defy"],"picked":"SKIP","floor":6.0},{"not_picked":["theextravagant:Twostep","theextravagant:Impulse"],"picked":"theextravagant:Ravage","floor":7.0},{"not_picked":["theextravagant:Swirl","theextravagant:Shove","Masterful Stab"],"picked":"SKIP","floor":10.0},{"not_picked":["Tools of the Trade","Night Terror"],"picked":"MasterReality","floor":16.0},{"not_picked":["theextravagant:Dazzle","theextravagant:HeavyBlows"],"picked":"theextravagant:Twostep","floor":18.0},{"not_picked":["theextravagant:Shake","theextravagant:Shove"],"picked":"theextravagant:PuffUp","floor":19.0},{"not_picked":["theextravagant:Drift","theextravagant:Foil"],"picked":"theextravagant:RustyBuckler+1","floor":21.0},{"not_picked":["theextravagant:Aggression","theextravagant:CuttingEdge"],"picked":"theextravagant:GlyphOfTime","floor":24.0},{"not_picked":["theextravagant:StepBack","theextravagant:GarbageCannon"],"picked":"theextravagant:SpontaneousStrike","floor":27.0},{"not_picked":["theextravagant:Glamour","theextravagant:CutTheDeck"],"picked":"theextravagant:Firework+1","floor":29.0},{"not_picked":["theextravagant:Shake","theextravagant:ShootingStar+1"],"picked":"theextravagant:Razor","floor":30.0},{"not_picked":["theextravagant:Impulse","theextravagant:Shake"],"picked":"theextravagant:Redemption","floor":31.0},{"not_picked":["theextravagant:DAMNATION","theextravagant:Outrun"],"picked":"theextravagant:Redemption","floor":33.0},{"not_picked":["ReplayTheSpireMod:Faulty Equipment","hubris:Disease"],"picked":"ReplayTheSpireMod:Restless Dread","floor":34.0},{"not_picked":["Looming Evil","Voices"],"picked":"hubris:Greed","floor":34.0},{"not_picked":["Languid","hubris:Sloth"],"picked":"Voices","floor":34.0},{"not_picked":["theextravagant:RisingPhoenix","theextravagant:GarbageCannon"],"picked":"theextravagant:Firework+1","floor":35.0},{"not_picked":["theextravagant:Precaution","theextravagant:Drift"],"picked":"theextravagant:SpontaneousStrike+1","floor":36.0},{"not_picked":["theextravagant:Castle","theextravagant:HeavyBlows"],"picked":"theextravagant:Pushthrough+1","floor":37.0},{"not_picked":["theextravagant:Twitch","theextravagant:Meditation","theextravagant:GarbageCannon"],"picked":"SKIP","floor":38.0},{"not_picked":["theextravagant:GarbageCannon","theextravagant:GlyphOfPower+1"],"picked":"theextravagant:Pushthrough+1","floor":40.0},{"not_picked":["theextravagant:Flashback+1","theextravagant:HeavyBlows+1"],"picked":"theextravagant:SpontaneousStrike","floor":42.0}],"player_experience":329878,"relics_obtained":[{"floor":9.0,"key":"Regal Pillow"},{"floor":12.0,"key":"aspiration:Lifesprig"},{"floor":24.0,"key":"theextravagant:OldMusket"},{"floor":26.0,"key":"infinitespire:CursedDice"},{"floor":30.0,"key":"CCEMRelics:FakeTeeth"},{"floor":36.0,"key":"Ice Cream"},{"floor":40.0,"key":"hubris:Potato"},{"floor":42.0,"key":"Whetstone"},{"floor":43.0,"key":"Mirror"}],"event_choices":[{"damage_healed":0.0,"max_hp_gain":0.0,"max_hp_loss":0.0,"gold_gain":0.0,"event_name":"NoteForYourself","player_choice":"Ignored","floor":3.0,"gold_loss":0.0,"damage_taken":0.0},{"cards_removed":["theextravagant:SlyStrike"],"damage_healed":0.0,"max_hp_gain":0.0,"max_hp_loss":0.0,"gold_gain":0.0,"event_name":"The Cleric","player_choice":"Card Removal","floor":5.0,"gold_loss":50.0,"damage_taken":0.0},{"damage_healed":0.0,"max_hp_gain":0.0,"max_hp_loss":0.0,"gold_gain":0.0,"event_name":"Golden Idol","player_choice":"Take Damage","floor":8.0,"gold_loss":0.0,"damage_taken":18.0,"relics_obtained":["Golden Idol"]},{"damage_healed":0.0,"max_hp_gain":0.0,"max_hp_loss":0.0,"gold_gain":175.0,"event_name":"Liars Game","player_choice":"AGREE","floor":11.0,"gold_loss":0.0,"damage_taken":0.0,"cards_obtained":["Doubt"]},{"damage_healed":0.0,"max_hp_gain":0.0,"max_hp_loss":0.0,"gold_gain":0.0,"event_name":"Upgrade Shrine","player_choice":"Upgraded","floor":20.0,"gold_loss":0.0,"damage_taken":0.0,"cards_upgraded":["Replay:Parry"]},{"damage_healed":0.0,"max_hp_gain":0.0,"max_hp_loss":0.0,"gold_gain":0.0,"event_name":"MindBloom","player_choice":"Fight","floor":36.0,"gold_loss":0.0,"damage_taken":0.0},{"damage_healed":0.0,"max_hp_gain":0.0,"max_hp_loss":0.0,"gold_gain":0.0,"event_name":"Winding Halls","player_choice":"Embrace Madness","floor":44.0,"gold_loss":0.0,"damage_taken":13.0,"cards_obtained":["Madness","Madness"]}],"is_beta":false,"boss_relics":[{"not_picked":["Sozu","hubris:RunicObelisk"],"picked":"conspire:SlowCooker"},{"not_picked":["energizedSpire:NeverEndingSparkler","conspire:RunicOctahedron"],"picked":"Replay:Ancient Bell"},{"not_picked":["Bronze Scales","ReplayTheSpireMod:Lightbulb"],"picked":"reliquary:Stiletto"},{"not_picked":["CCEMRelics:TinyMinotavrHorn","CCEMRelics:DerglesHeadphones"],"picked":"Replay:Ringing Soul"},{"not_picked":["aspiration:AnachronicSnailShell","Prayer Wheel"],"picked":"CCEMRelics:EnergeticInfuser"}],"items_purged_floors":[14,28,48],"is_endless":true,"potions_floor_spawned":[2,4,16,21,27,29,31,37,38,40],"killed_by":"Awakened One","ascension_level":0}}