{"host":"ga4s3hj9m6nkn6gp","time":1611766496,"event":{"mods":["AchievementEnabler","BaseMod","Bestiary","Colored Powertips","Highlight Path","Minty Spire (QoL Compilation)","Relic Stats","everything is the same but u backflip on backflip"],"gold_per_floor":[118,118,118,134,144,144,162,196,196,212,240,254,254,280,280,357,357,375,385,385,403,318,318,352,352,405,437,437,465,482,10,10,88,88,107,123,123,140,465,465,465],"floor_reached":40,"language":"ENG","playtime":2919,"items_purged":[],"score":962,"play_id":"20cc9cc3-14a6-4b71-b08b-5c1025cc0ae9","local_time":"20210127175456","is_ascension_mode":true,"campfire_choices":[{"data":"Noxious Fumes","floor":6.0,"key":"SMITH"},{"data":"Deadly Poison","floor":15.0,"key":"SMITH"},{"data":"Footwork","floor":23.0,"key":"SMITH"},{"data":"Leg Sweep","floor":25.0,"key":"SMITH"},{"data":"Malaise","floor":28.0,"key":"SMITH"},{"data":"Noxious Fumes","floor":32.0,"key":"SMITH"}],"circlet_count":0,"master_deck":["AscendersBane","Strike_G","Strike_G","Defend_G","Defend_G","Defend_G","Defend_G","Survivor","Neutralize","Cloak And Dagger","Deadly Poison+1","Noxious Fumes+1","Tools of the Trade","Malaise+1","PiercingWail","Night Terror","Adrenaline+1","Flying Knee+1","Glass Knife+1","Underhanded Strike+1","Footwork+1","Adrenaline+1","PiercingWail+1","Leg Sweep+1","Tactician+1","Reflex+1","Blade Dance+1","Noxious Fumes+1","Venomology","Poisoned Stab+1","Dagger Throw+1"],"relics":["Ring of the Snake","Meat on the Bone","Singing Bowl","Question Card","Oddly Smooth Stone","Mercury Hourglass","Odd Mushroom","Astrolabe","Thread and Needle","StrikeDummy","Nunchaku","Art of War","Incense Burner","OrangePellets","Mummified Hand","Philosopher\u0027s Stone","Old Coin"],"acts_visited":["Exordium","TheCity","TheBeyond"],"potions_floor_usage":[40,40],"damage_taken":[{"damage":10.0,"enemies":"Jaw Worm","floor":1.0,"turns":5.0},{"damage":0.0,"enemies":"Cultist","floor":4.0,"turns":4.0},{"damage":1.0,"enemies":"Small Slimes","floor":5.0,"turns":3.0},{"damage":14.0,"enemies":"2 Fungi Beasts","floor":7.0,"turns":5.0},{"damage":17.0,"enemies":"Lagavulin","floor":8.0,"turns":8.0},{"damage":5.0,"enemies":"Lots of Slimes","floor":10.0,"turns":2.0},{"damage":21.0,"enemies":"3 Sentries","floor":11.0,"turns":7.0},{"damage":11.0,"enemies":"3 Louse","floor":12.0,"turns":4.0},{"damage":0.0,"enemies":"The Mushroom Lair","floor":14.0,"turns":4.0},{"damage":3.0,"enemies":"The Guardian","floor":16.0,"turns":10.0},{"damage":16.0,"enemies":"2 Thieves","floor":18.0,"turns":4.0},{"damage":18.0,"enemies":"Shell Parasite","floor":19.0,"turns":4.0},{"damage":0.0,"enemies":"Snake Plant","floor":21.0,"turns":4.0},{"damage":2.0,"enemies":"Book of Stabbing","floor":24.0,"turns":6.0},{"damage":13.0,"enemies":"Gremlin Leader","floor":27.0,"turns":6.0},{"damage":0.0,"enemies":"Book of Stabbing","floor":29.0,"turns":6.0},{"damage":0.0,"enemies":"Centurion and Healer","floor":30.0,"turns":7.0},{"damage":13.0,"enemies":"Champ","floor":33.0,"turns":12.0},{"damage":14.0,"enemies":"3 Shapes","floor":35.0,"turns":5.0},{"damage":0.0,"enemies":"3 Darklings","floor":36.0,"turns":5.0},{"damage":22.0,"enemies":"Writhing Mass","floor":38.0,"turns":7.0},{"damage":0.0,"enemies":"Mind Bloom Boss Battle","floor":39.0,"turns":6.0},{"damage":51,"enemies":"Reptomancer","floor":40,"turns":5}],"seed_played":"7968117444739089248","potions_obtained":[{"floor":7.0,"key":"Explosive Potion"},{"floor":11.0,"key":"Regen Potion"},{"floor":12.0,"key":"BlessingOfTheForge"},{"floor":27.0,"key":"LiquidBronze"},{"floor":29.0,"key":"CunningPotion"}],"is_trial":false,"path_per_floor":["M","?","T","M","M","R","M","E","T","M","E","M","T","?","R","B",null,"M","M","?","M","?","R","E","R","T","E","R","E","M","$","R","B",null,"M","M","?","M","?","E"],"character_chosen":"THE_SILENT","items_purchased":["OrangePellets","Mummified Hand","Noxious Fumes"],"campfire_rested":0,"item_purchase_floors":[31,31,31],"current_hp_per_floor":[55,48,48,48,47,47,45,40,40,49,42,43,43,45,45,42,69,53,47,47,47,47,47,45,45,45,44,44,44,44,44,44,43,69,55,57,45,35,49,0,0],"gold":465,"neow_bonus":"TEN_PERCENT_HP_BONUS","is_daily":false,"chose_seed":false,"campfire_upgraded":6,"win_rate":0.0,"timestamp":1611766496,"path_taken":["M","?","?","M","M","R","?","E","T","M","E","M","?","?","R","BOSS","M","M","?","?","?","R","E","R","T","E","R","E","M","$","R","BOSS","M","M","?","?","?","E"],"items_purchased_type":["Relic","Relic","Card"],"build_version":"2020-12-22","purchased_purges":0,"victory":false,"max_hp_per_floor":[72,72,72,72,72,72,72,72,72,74,76,76,76,78,78,78,78,78,78,78,78,78,78,78,78,78,78,78,78,78,78,78,78,78,78,80,80,80,82,82,82],"relic_stats":{"OrangePellets":[2],"Nunchaku":[12],"Singing Bowl":10,"counters":[23,128],"Mummified Hand":[28],"Astrolabe":["Adrenaline","Flying Knee","Glass Knife"],"Art of War":[7],"Question Card":17,"obtain_stats":[{"Singing Bowl":8,"Astrolabe":17,"Oddly Smooth Stone":11,"Thread and Needle":22,"Incense Burner":29,"Odd Mushroom":14,"Question Card":9,"Mercury Hourglass":13,"Old Coin":39,"OrangePellets":31,"Nunchaku":26,"Mummified Hand":31,"Philosopher\u0027s Stone":34,"Art of War":27,"StrikeDummy":24,"Ring of the Snake":0,"Meat on the Bone":3},{"Singing Bowl":5,"Astrolabe":10,"Oddly Smooth Stone":7,"Thread and Needle":13,"Incense Burner":16,"Odd Mushroom":9,"Question Card":5,"Mercury Hourglass":8,"Old Coin":22,"OrangePellets":17,"Nunchaku":14,"Mummified Hand":17,"Philosopher\u0027s Stone":18,"Art of War":15,"StrikeDummy":14,"Ring of the Snake":0,"Meat on the Bone":1},{"Singing Bowl":25,"Astrolabe":52,"Oddly Smooth Stone":34,"Thread and Needle":64,"Incense Burner":82,"Odd Mushroom":42,"Question Card":25,"Mercury Hourglass":38,"Old Coin":123,"OrangePellets":89,"Nunchaku":70,"Mummified Hand":89,"Philosopher\u0027s Stone":101,"Art of War":76,"StrikeDummy":70,"Ring of the Snake":0,"Meat on the Bone":5}],"Ring of the Snake":[46],"Meat on the Bone":120,"Mercury Hourglass":[350]},"card_choices":[{"not_picked":["Backflip","Distraction"],"picked":"Cloak And Dagger","floor":1.0},{"not_picked":["Tactician","Poisoned Stab"],"picked":"Deadly Poison","floor":4.0},{"not_picked":["Underhanded Strike","Dagger Throw"],"picked":"Noxious Fumes","floor":5.0},{"not_picked":["Crippling Poison","Slice"],"picked":"Tools of the Trade","floor":7.0},{"not_picked":["Prepared","Quick Slash"],"picked":"Malaise","floor":8.0},{"not_picked":["Well Laid Plans","Slice","Flying Knee","Heel Hook"],"picked":"Singing Bowl","floor":10.0},{"not_picked":["Distraction","Riddle With Holes","Prepared","Sucker Punch"],"picked":"Singing Bowl","floor":11.0},{"not_picked":["Tactician","Skewer","Sucker Punch"],"picked":"PiercingWail","floor":12.0},{"not_picked":["PiercingWail","Flying Knee","Backflip","Slice"],"picked":"Singing Bowl","floor":14.0},{"not_picked":["A Thousand Cuts","Tools of the Trade","Venomology"],"picked":"Night Terror","floor":16.0},{"not_picked":["Poisoned Stab","Flying Knee","Dodge and Roll"],"picked":"Underhanded Strike+1","floor":18.0},{"not_picked":["Eviscerate+1","Dagger Spray","Flying Knee"],"picked":"Footwork","floor":19.0},{"not_picked":["Deflect","Choke","Dodge and Roll"],"picked":"PiercingWail+1","floor":21.0},{"not_picked":["Sucker Punch","Grand Finale","Acrobatics"],"picked":"Leg Sweep","floor":24.0},{"not_picked":["Accuracy","Masterful Stab","Deadly Poison"],"picked":"Tactician+1","floor":27.0},{"not_picked":["Eviscerate+1","Prepared","Masterful Stab"],"picked":"Reflex+1","floor":29.0},{"not_picked":["Concentrate+1","Endless Agony","Outmaneuver"],"picked":"Blade Dance+1","floor":30.0},{"not_picked":["Glass Knife","Unload","A Thousand Cuts"],"picked":"Venomology","floor":33.0},{"not_picked":["Dagger Throw","Flying Knee","Deadly Poison"],"picked":"Poisoned Stab+1","floor":35.0},{"not_picked":["Cloak And Dagger","Expertise","Dagger Spray","Blade Dance"],"picked":"Singing Bowl","floor":36.0},{"not_picked":["Masterful Stab","Underhanded Strike","Dash"],"picked":"Dagger Throw+1","floor":38.0},{"not_picked":["Masterful Stab+1","Prepared","PiercingWail","Dagger Spray"],"picked":"Singing Bowl","floor":39.0}],"player_experience":701011,"relics_obtained":[{"floor":3.0,"key":"Meat on the Bone"},{"floor":8.0,"key":"Singing Bowl"},{"floor":9.0,"key":"Question Card"},{"floor":11.0,"key":"Oddly Smooth Stone"},{"floor":13.0,"key":"Mercury Hourglass"},{"floor":14.0,"key":"Odd Mushroom"},{"floor":24.0,"key":"StrikeDummy"},{"floor":26.0,"key":"Nunchaku"},{"floor":27.0,"key":"Art of War"},{"floor":29.0,"key":"Incense Burner"},{"floor":39.0,"key":"Old Coin"}],"event_choices":[{"cards_removed":["Defend_G"],"damage_healed":0.0,"max_hp_gain":0.0,"max_hp_loss":0.0,"gold_gain":0.0,"event_name":"Golden Wing","player_choice":"Card Removal","floor":2.0,"gold_loss":0.0,"damage_taken":7.0},{"damage_healed":0.0,"max_hp_gain":0.0,"max_hp_loss":0.0,"gold_gain":0.0,"event_name":"Mushrooms","player_choice":"Fought Mushrooms","floor":14.0,"gold_loss":0.0,"damage_taken":0.0},{"damage_healed":0.0,"max_hp_gain":0.0,"max_hp_loss":0.0,"gold_gain":0.0,"event_name":"Duplicator","player_choice":"Copied","floor":20.0,"gold_loss":0.0,"damage_taken":0.0,"cards_obtained":["Adrenaline"]},{"damage_healed":0.0,"max_hp_gain":0.0,"max_hp_loss":0.0,"gold_gain":0.0,"event_name":"Addict","player_choice":"Obtained Relic","floor":22.0,"gold_loss":85.0,"damage_taken":0.0,"relics_obtained":["Thread and Needle"]},{"damage_healed":0.0,"max_hp_gain":0.0,"max_hp_loss":0.0,"gold_gain":0.0,"event_name":"Wheel of Change","player_choice":"Damaged","floor":37.0,"gold_loss":0.0,"damage_taken":12.0},{"damage_healed":0.0,"max_hp_gain":0.0,"max_hp_loss":0.0,"gold_gain":0.0,"event_name":"MindBloom","player_choice":"Fight","floor":39.0,"gold_loss":0.0,"damage_taken":0.0}],"is_beta":false,"boss_relics":[{"not_picked":["Empty Cage","Pandora\u0027s Box"],"picked":"Astrolabe"},{"not_picked":["WristBlade","Calling Bell"],"picked":"Philosopher\u0027s Stone"}],"items_purged_floors":[],"is_endless":false,"potions_floor_spawned":[7,11,12,16,18,27,29,35],"killed_by":"Reptomancer","ascension_level":20}}