{"host":"fflyk188z5ncxlup","time":1611750348,"event":{"mods":["AchievementEnabler","BaseMod","Bestiary","Better Third Choice","Block Reminder","Colored Map","Colored Powertips","DeckTracker","Googly Eyes","Minty Spire (QoL Compilation)","StSLib","SuperFastMode"],"gold_per_floor":[119,136,148,148,163,163,163,186,186,186],"floor_reached":9,"language":"ENG","playtime":338,"items_purged":[],"score":96,"play_id":"762e9870-cb23-41ea-824d-eb8365ed5bcd","local_time":"20210127212548","is_ascension_mode":true,"campfire_choices":[{"floor":7,"key":"REST"}],"circlet_count":0,"master_deck":["AscendersBane","Strike_P","Strike_P","Strike_P","Defend_P","Defend_P","Defend_P","Eruption","Vigilance","FollowUp","EmptyFist","ClearTheMind"],"relics":["Empty Cage","Golden Idol"],"acts_visited":["Exordium"],"potions_floor_usage":[],"damage_taken":[{"damage":12,"enemies":"2 Louse","floor":1,"turns":3},{"damage":7,"enemies":"Jaw Worm","floor":2,"turns":3},{"damage":0,"enemies":"Cultist","floor":3,"turns":3},{"damage":7,"enemies":"3 Louse","floor":5,"turns":5},{"damage":22,"enemies":"Exordium Wildlife","floor":8,"turns":5},{"damage":32,"enemies":"Gremlin Nob","floor":9,"turns":3}],"seed_played":"-5209866112857164248","potions_obtained":[{"floor":2,"key":"CultistPotion"},{"floor":3,"key":"SpeedPotion"}],"is_trial":false,"path_per_floor":["M","M","M","?","M","?","R","M","E"],"character_chosen":"WATCHER","items_purchased":[],"campfire_rested":1,"item_purchase_floors":[],"current_hp_per_floor":[49,42,42,42,35,35,53,31,0,0],"gold":186,"neow_bonus":"BOSS_RELIC","is_daily":false,"chose_seed":false,"campfire_upgraded":0,"win_rate":0.0,"timestamp":1611750348,"path_taken":["M","M","M","?","M","?","R","M","E"],"items_purchased_type":[],"build_version":"2020-12-22","purchased_purges":0,"victory":false,"max_hp_per_floor":[68,68,68,68,68,62,62,62,62,62],"card_choices":[{"not_picked":["ThirdEye","MentalFortress"],"picked":"FollowUp","floor":1},{"not_picked":["Fasting2","JustLucky","BowlingBash"],"picked":"SKIP","floor":2},{"not_picked":["Worship","CrushJoints"],"picked":"EmptyFist","floor":3},{"not_picked":["ThirdEye","Protect","Nirvana"],"picked":"SKIP","floor":5},{"not_picked":["CrushJoints","EmptyBody"],"picked":"ClearTheMind","floor":8}],"player_experience":394299,"relics_obtained":[],"event_choices":[{"damage_healed":0,"gold_gain":0,"player_choice":"Ignored","damage_taken":0,"max_hp_gain":0,"max_hp_loss":0,"event_name":"Golden Wing","floor":4,"gold_loss":0},{"damage_healed":0,"gold_gain":0,"player_choice":"Lose Max HP","damage_taken":0,"relics_obtained":["Golden Idol"],"max_hp_gain":0,"max_hp_loss":6,"event_name":"Golden Idol","floor":6,"gold_loss":0}],"is_beta":false,"boss_relics":[],"items_purged_floors":[],"is_endless":false,"potions_floor_spawned":[2,3,8],"killed_by":"Gremlin Nob","ascension_level":15}}