{"host":"lte3xujvwediduij","time":1611767142,"event":{"mods":["Aspiration","BaseMod","Better-Laid Plans","BetterRewards","Colored Map","Colored Powertips","Downfall","Energized Spire","GifTheSpireLib","Minty Spire (QoL Compilation)","Permanent Neow","Replay The Spire","Spicy Shops","StSLib","The Gatherer","The Hayseed","The Runesmith","The Servant 0.9.4","¡¾ÒÅÎï¿¨ÅÆ¡¿REMEMod","óô»ðÖ¸ÄÏ"],"gold_per_floor":[99,116,128,142,156,156,156,188,188,88,98,98,98,98,116,211,211,111,124,399,418,418,518,518,283,296,59,59,59,59,59],"floor_reached":29,"language":"ZHS","playtime":2516,"items_purged":["downfall:Bewildered","ReplayTheSpireMod:Restless Dread"],"score":223,"play_id":"8330c4b0-db27-4e67-a771-3c13951522fa","local_time":"20210128010542","is_ascension_mode":false,"campfire_choices":[{"data":"champ:Taunt","floor":1.0,"key":"SMITH"},{"data":"champ:ShieldWall","floor":6.0,"key":"SMITH"},{"data":"champ:FlashCut","floor":10.0,"key":"SMITH"},{"floor":12.0,"key":"RECALL"}],"circlet_count":0,"master_deck":["champ:Strike+1","champ:Strike","champ:Defend+1","champ:Execute","champ:Taunt+1","TheSimpletonMod:ControlledBurn","champ:FlashCut+1","champ:ShieldWall+1","champ:PreemptiveStrike","champ:FocusedDefense","champ:Circumvent+1","downfall:Malfunctioning","champ:EnGarde","champ:StrikeOfGenius","champ:DefensiveShout+1","Regret","champ:Duel","champ:FalseCounter","champ:TornadoPunch","champ:Duel","champ:Shatter","Replay:SS_fish_1"],"relics":["REME_ComplimentaryCards","Turnip","Dream Catcher","downfall:HeartBlessingGreen","m_IronCrown","Empty Cage","downfall:HeartBlessingBlue","sneckomod:BabySnecko","MutagenicStrength","Meat on the Bone","PreservedInsect","Replay:Bottled Flurry"],"acts_visited":["Exordium","TheCity"],"potions_floor_usage":[],"damage_taken":[{"damage":17.0,"enemies":"2 Louse","floor":2.0,"turns":4.0},{"damage":0.0,"enemies":"Small Slimes","floor":3.0,"turns":3.0},{"damage":8.0,"enemies":"Jaw Worm","floor":4.0,"turns":4.0},{"damage":18.0,"enemies":"Exordium Thugs","floor":5.0,"turns":5.0},{"damage":21.0,"enemies":"Gremlin Nob","floor":8.0,"turns":4.0},{"damage":10.0,"enemies":"Red Slaver","floor":11.0,"turns":3.0},{"damage":5.0,"enemies":"Gremlin Gang","floor":15.0,"turns":5.0},{"damage":9.0,"enemies":"WA_ARCHETYPE_RETAIN","floor":16.0,"turns":13.0},{"damage":15.0,"enemies":"Chosen","floor":19.0,"turns":5.0},{"damage":20.0,"enemies":"Shell Parasite","floor":21.0,"turns":5.0},{"damage":35.0,"enemies":"downfall:Augmenter","floor":23.0,"turns":7.0},{"damage":16.0,"enemies":"downfall:FleeingMerchant","floor":25.0,"turns":4.0},{"damage":15.0,"enemies":"Snake Plant","floor":26.0,"turns":3.0},{"damage":12.0,"enemies":"downfall:FleeingMerchant","floor":27.0,"turns":4.0},{"damage":71,"enemies":"REME_1_Revenger","floor":29,"turns":4}],"seed_played":"5964468685245924630","potions_obtained":[{"floor":2.0,"key":"LifebloodPotion"},{"floor":5.0,"key":"Fire Potion"},{"floor":11.0,"key":"Elixir"},{"floor":15.0,"key":"Swift Potion"},{"floor":16.0,"key":"DuplicationPotion"},{"floor":19.0,"key":"champ:CounterPotion"}],"is_trial":false,"path_per_floor":["R","M","M","M","M","R","T","E","?","R","M","R","?","?","M","B",null,"R_BF","M","?","M","?","?","T","$","M","$","T","E"],"character_chosen":"THE_CHAMP","items_purchased":["PreservedInsect","champ:Shatter","Replay:SS_fish_1"],"campfire_rested":0,"item_purchase_floors":[25,27,27],"current_hp_per_floor":[90,88,88,80,72,72,72,61,61,61,61,61,61,61,62,59,90,100,91,91,77,77,48,48,60,63,67,67,0,0,0],"gold":59,"neow_bonus":"ONE_RARE_RELIC","is_daily":false,"chose_seed":false,"campfire_upgraded":3,"win_rate":0.0,"timestamp":1611767142,"path_taken":["R","M","M","M","M","R","T","E","?","R","M","R","?","?","M","BOSS","R_BF","M","?","?","?","?","T","$","M","$","?","E"],"items_purchased_type":["Relic","Card","Card"],"build_version":"2020-12-22","purchased_purges":2,"victory":false,"max_hp_per_floor":[90,90,90,90,90,90,90,90,90,90,90,90,90,90,90,90,90,100,100,100,100,100,100,100,100,100,100,100,100,100,100],"card_choices":[{"not_picked":["champ:DefensiveShout","champ:SkillfulDodge"],"picked":"champ:FlashCut","floor":2.0},{"not_picked":["champ:FanOfKnives","champ:BringItOn"],"picked":"champ:ShieldWall","floor":3.0},{"not_picked":["champ:RapidStrikes","champ:BladeFlurry"],"picked":"champ:PreemptiveStrike","floor":4.0},{"not_picked":["champ:Encircle","champ:FanOfKnives"],"picked":"champ:FocusedDefense","floor":5.0},{"not_picked":["champ:Endure","champ:Haymaker"],"picked":"champ:Circumvent","floor":8.0},{"not_picked":["champ:Circumvent","champ:DeathBlow"],"picked":"champ:EnGarde","floor":11.0},{"not_picked":["Twin Strike","champ:FancyFootwork","Heavy Blade"],"picked":"SKIP","floor":15.0},{"not_picked":["champ:SwordThrow","champ:ShieldThrow"],"picked":"champ:StrikeOfGenius","floor":16.0},{"not_picked":["champ:DeathBlow","champ:CalledShot"],"picked":"champ:DefensiveShout+1","floor":19.0},{"not_picked":["champ:BladeFlurry","champ:Haymaker"],"picked":"champ:Duel","floor":21.0},{"not_picked":["champ:BerserkersShout","champ:AdrenalArmor","champ:PreciseThrust+1"],"picked":"SKIP","floor":25.0},{"not_picked":["champ:FancyFootwork","champ:FalseCounter","champ:StanceDance"],"picked":"SKIP","floor":26.0},{"not_picked":["champ:HeavySlash","champ:CrookedStrike+1"],"picked":"champ:Duel","floor":27.0}],"player_experience":118689,"relics_obtained":[{"floor":8.0,"key":"Dream Catcher"},{"floor":23.0,"key":"MutagenicStrength"},{"floor":24.0,"key":"Meat on the Bone"},{"floor":28.0,"key":"Replay:Bottled Flurry"}],"event_choices":[{"damage_healed":0.0,"max_hp_gain":0.0,"max_hp_loss":0.0,"gold_gain":0.0,"event_name":"Ghosts","player_choice":"Ignored","floor":22.0,"gold_loss":0.0,"damage_taken":0.0}],"is_beta":false,"boss_relics":[{"not_picked":["Astrolabe","Runic Pyramid"],"picked":"Empty Cage"}],"items_purged_floors":[25,27],"is_endless":false,"potions_floor_spawned":[2,5,11,15,16,19],"killed_by":"REME_1_Revenger","ascension_level":0}}