{"host":"rw7a2h039i1hcs3q","time":1611755437,"event":{"mods":["BaseMod","Better Altar","Better Match","Better Note","Better Sensory Stone","Better Skull","Better Third Choice","Booster Modes","Colored Powertips","Downfall","Halation","Hermit","Highlight Path","Hubris","Infinite Spire","Jedi Mod","Minty Spire (QoL Compilation)","Random Character Button","Rare Cards Sparkle","StSLib","The Cursed","The Dragon Tamer","The Hierophant","Unceasing Turn Reminder"],"gold_per_floor":[99,99,99,120,30,65,65,100,140,40,84,132,132,211,286,298,298],"floor_reached":16,"language":"ENG","playtime":1035,"items_purged":["TheCursedMod:Dregs"],"score":234,"play_id":"60e6603f-2e6c-4738-a01d-31d8fb809eb2","local_time":"20210127145037","is_ascension_mode":true,"campfire_choices":[{"data":"Panache","floor":1,"key":"SMITH"},{"data":"TheCursedMod:CleanUpWorkshop","floor":10,"key":"SMITH"},{"data":"TheCursedMod:SpitefulPray","floor":13,"key":"SMITH"}],"circlet_count":0,"master_deck":["TheCursedMod:Strike_TheCursed","TheCursedMod:Strike_TheCursed","TheCursedMod:Defend_TheCursed","TheCursedMod:Defend_TheCursed","TheCursedMod:Defend_TheCursed","TheCursedMod:CursedWand","TheCursedMod:CleanUpWorkshop+1","Panache+1","hubris:Greed","hubris:Greed","TheCursedMod:BlessingInDisguise","hubris:Greed","hubris:Greed","TheCursedMod:RapidMovement","TheCursedMod:WearCloak","TheCursedMod:SurpriseAttack","hubris:Greed","TheCursedMod:CursedSpellbook","hubris:Greed","hubris:Greed","TheCursedMod:SpitefulPray+1","hubris:Greed","hubris:Greed","TheCursedMod:SurpriseAttack","hubris:Greed","hubris:Greed"],"relics":["TheCursedMod:BlackMagic101","halation:PinkSoulGem","downfall:HeartBlessingBlue","halation:IllGainedPizza"],"acts_visited":["Exordium"],"potions_floor_usage":[16],"damage_taken":[{"damage":0,"enemies":"2 Louse","floor":4,"turns":2},{"damage":0,"enemies":"downfall:FleeingMerchant","floor":5,"turns":4},{"damage":3,"enemies":"Small Slimes","floor":6,"turns":6},{"damage":0,"enemies":"Cultist","floor":8,"turns":4},{"damage":0,"enemies":"Blue Slaver","floor":9,"turns":2},{"damage":6,"enemies":"Exordium Wildlife","floor":11,"turns":8},{"damage":0,"enemies":"Lots of Slimes","floor":12,"turns":2},{"damage":9,"enemies":"Lagavulin","floor":14,"turns":7},{"damage":0,"enemies":"Exordium Wildlife","floor":15,"turns":5},{"damage":25,"enemies":"DF_ARCHETYPE_STREAMLINE","floor":16,"turns":14}],"seed_played":"6264126143144312893","potions_obtained":[{"floor":4,"key":"Energy Potion"},{"floor":9,"key":"Ancient Potion"},{"floor":11,"key":"champ:CounterPotion"},{"floor":12,"key":"Swift Potion"}],"is_trial":false,"path_per_floor":["R","?","?","M","$","M","T","M","M","R","M","M","R","E","M","B"],"character_chosen":"THE_CURSED","items_purchased":[],"campfire_rested":0,"item_purchase_floors":[],"current_hp_per_floor":[54,54,54,54,54,51,51,51,51,61,55,55,55,46,46,21,21],"gold":298,"neow_bonus":"RANDOM_COLORLESS_2","is_daily":false,"chose_seed":false,"campfire_upgraded":3,"win_rate":0.0,"timestamp":1611755437,"path_taken":["R","?","?","M","$","M","T","M","?","R","M","M","R","E","M","BOSS"],"items_purchased_type":[],"build_version":"2020-12-22","purchased_purges":1,"victory":false,"max_hp_per_floor":[75,75,75,75,75,75,75,75,75,85,85,85,85,85,85,85,85],"card_choices":[{"not_picked":["The Bomb","Thinking Ahead"],"picked":"Panache","floor":0},{"not_picked":["TheCursedMod:Stigma","TheCursedMod:FuryStrike"],"picked":"TheCursedMod:BlessingInDisguise","floor":4},{"not_picked":["TheCursedMod:StunningStrike","TheCursedMod:CircleOfWindfury"],"picked":"TheCursedMod:RapidMovement","floor":5},{"not_picked":["TheCursedMod:TacticalStrike","TheCursedMod:CursedArmor"],"picked":"TheCursedMod:WearCloak","floor":6},{"not_picked":["TheCursedMod:AbyssShockwave","TheCursedMod:CursedShiv"],"picked":"TheCursedMod:SurpriseAttack","floor":8},{"not_picked":["TheCursedMod:ReleasedKnowledge","TheCursedMod:TacticalStrike","TheCursedMod:CursedShiv"],"picked":"SKIP","floor":9},{"not_picked":["TheCursedMod:FuryStrike","TheCursedMod:CursedShiv"],"picked":"TheCursedMod:CursedSpellbook","floor":11},{"not_picked":["TheCursedMod:Mangle","TheCursedMod:RavingStaff"],"picked":"TheCursedMod:SpitefulPray","floor":12},{"not_picked":["TheCursedMod:CursedBoomerang","TheCursedMod:CursedRelics"],"picked":"TheCursedMod:SurpriseAttack","floor":14},{"not_picked":["TheCursedMod:AbyssShockwave","TheCursedMod:TacticalStrike","TheCursedMod:CursedStaff"],"picked":"SKIP","floor":15}],"player_experience":136655,"relics_obtained":[{"floor":14,"key":"halation:IllGainedPizza"}],"event_choices":[],"is_beta":false,"boss_relics":[],"items_purged_floors":[5],"is_endless":false,"potions_floor_spawned":[4,9,11,12],"killed_by":"DF_ARCHETYPE_STREAMLINE","ascension_level":1}}