{"host":"c2vrdknshfutmcsq","time":1611736734,"event":{"mods":["BaseMod","Minty Spire (QoL Compilation)"],"gold_per_floor":[116,116,266,279,279,279,313,327,375,375,392,718,718,741,741,840,840,855,855,410,410,335,344,344,388,388,413,445,454,454,454],"floor_reached":30,"language":"ENG","playtime":1663,"items_purged":["Writhe"],"score":486,"play_id":"7df48bc1-1845-4609-ae96-db2f6bfd1b0b","local_time":"20210127093854","is_ascension_mode":true,"campfire_choices":[{"data":"Dualcast","floor":6.0,"key":"SMITH"},{"floor":15.0,"key":"REST"},{"floor":23,"key":"REST"},{"floor":29,"key":"REST"}],"circlet_count":0,"master_deck":["AscendersBane","Strike_B+1","Strike_B+1","Strike_B+1","Strike_B+1","Defend_B+1","Defend_B+1","Defend_B+1","Defend_B+1","Zap+1","Dualcast+1","Ball Lightning","Sweeping Beam","Leap","Echo Form","Cold Snap","Reinforced Body","FTL","Buffer","Doom and Gloom","Aggregate","BootSequence","BootSequence+1","Barrage","Leap","Glacier"],"relics":["Cracked Core","Lantern","PreservedInsect","Juzu Bracelet","Old Coin","Golden Idol","SlaversCollar","Dream Catcher","CeramicFish","Akabeko","DataDisk","Bronze Scales"],"acts_visited":["Exordium","TheCity"],"potions_floor_usage":[25,28],"damage_taken":[{"damage":5.0,"enemies":"Small Slimes","floor":1.0,"turns":3.0},{"damage":0.0,"enemies":"Jaw Worm","floor":4.0,"turns":3.0},{"damage":17.0,"enemies":"3 Sentries","floor":7.0,"turns":6.0},{"damage":0.0,"enemies":"2 Louse","floor":8.0,"turns":2.0},{"damage":0.0,"enemies":"Blue Slaver","floor":11.0,"turns":3.0},{"damage":7.0,"enemies":"Gremlin Nob","floor":12.0,"turns":3.0},{"damage":0.0,"enemies":"Looter","floor":14.0,"turns":2.0},{"damage":20.0,"enemies":"Hexaghost","floor":16.0,"turns":11.0},{"damage":29.0,"enemies":"Shell Parasite","floor":18.0,"turns":11.0},{"damage":52,"enemies":"Gremlin Leader","floor":25,"turns":8},{"damage":0,"enemies":"Spheric Guardian","floor":27,"turns":3},{"damage":14,"enemies":"Shelled Parasite and Fungi","floor":28,"turns":3},{"damage":42,"enemies":"Masked Bandits","floor":30,"turns":3}],"seed_played":"-1171704448327275992","potions_obtained":[{"floor":4.0,"key":"LiquidMemories"},{"floor":8.0,"key":"FairyPotion"},{"floor":11.0,"key":"SmokeBomb"},{"floor":12.0,"key":"SteroidPotion"},{"floor":18.0,"key":"DuplicationPotion"},{"floor":25,"key":"AttackPotion"}],"is_trial":false,"path_per_floor":["M","?","?","M","?","R","E","M","T","?","M","E","?","M","R","B",null,"M","?","$","?","?","R","?","E","T","M","M","R","?"],"character_chosen":"DEFECT","items_purchased":["CeramicFish","Akabeko","Aggregate"],"campfire_rested":3,"item_purchase_floors":[20,20,20],"current_hp_per_floor":[59,38,38,38,31,31,14,14,14,14,14,7,7,7,28,8,55,26,26,26,26,26,47,61,9,9,9,21,42,0,0],"gold":454,"neow_bonus":"RANDOM_COMMON_RELIC","is_daily":false,"chose_seed":false,"campfire_upgraded":1,"win_rate":0.0,"timestamp":1611736734,"path_taken":["M","?","?","M","?","R","E","M","T","?","M","E","?","M","R","BOSS","M","?","$","?","?","R","?","E","T","M","M","R","?"],"items_purchased_type":["Relic","Relic","Card"],"build_version":"2020-12-22","purchased_purges":1,"victory":false,"max_hp_per_floor":[71,71,71,71,71,71,71,71,71,71,71,71,71,71,71,71,71,71,71,71,71,71,71,71,71,71,71,71,71,71,71],"card_choices":[{"not_picked":["Barrage","Redo"],"picked":"Ball Lightning","floor":1.0},{"not_picked":["Rebound","Steam"],"picked":"Sweeping Beam","floor":4.0},{"not_picked":["Blizzard","Coolheaded"],"picked":"Leap","floor":7.0},{"not_picked":["Blizzard","Turbo"],"picked":"Echo Form","floor":8.0},{"not_picked":["Coolheaded","Turbo"],"picked":"Cold Snap","floor":11.0},{"not_picked":["Beam Cell","Coolheaded"],"picked":"Reinforced Body","floor":12.0},{"not_picked":["Chill","Leap"],"picked":"FTL","floor":14.0},{"not_picked":["Core Surge","All For One"],"picked":"Buffer","floor":16.0},{"not_picked":["Gash","Redo"],"picked":"Doom and Gloom","floor":18.0},{"not_picked":["Consume","Turbo+1"],"picked":"BootSequence","floor":23},{"not_picked":["Beam Cell","Steam"],"picked":"BootSequence+1","floor":25},{"not_picked":["Doom and Gloom","Sweeping Beam"],"picked":"Barrage","floor":27},{"not_picked":["Reinforced Body","Cold Snap"],"picked":"Leap","floor":28},{"not_picked":["Recycle","Beam Cell+1"],"picked":"Glacier","floor":29}],"player_experience":1301680,"relics_obtained":[{"floor":7.0,"key":"PreservedInsect"},{"floor":9.0,"key":"Juzu Bracelet"},{"floor":12.0,"key":"Old Coin"},{"floor":25,"key":"DataDisk"},{"floor":26,"key":"Bronze Scales"}],"event_choices":[{"damage_healed":0.0,"max_hp_gain":0.0,"max_hp_loss":0.0,"gold_gain":0.0,"event_name":"Shining Light","player_choice":"Entered Light","floor":2.0,"gold_loss":0.0,"damage_taken":21.0,"cards_upgraded":["Defend_B","Strike_B"]},{"damage_healed":0.0,"max_hp_gain":0.0,"max_hp_loss":0.0,"gold_gain":150.0,"event_name":"Liars Game","player_choice":"AGREE","floor":3.0,"gold_loss":0.0,"damage_taken":0.0,"cards_obtained":["Doubt"]},{"cards_removed":["Doubt"],"damage_healed":0.0,"max_hp_gain":0.0,"max_hp_loss":0.0,"gold_gain":0.0,"event_name":"Golden Wing","player_choice":"Card Removal","floor":5.0,"gold_loss":0.0,"damage_taken":7.0},{"damage_healed":0.0,"max_hp_gain":0.0,"max_hp_loss":0.0,"gold_gain":0.0,"event_name":"Living Wall","player_choice":"Grow","floor":10.0,"gold_loss":0.0,"damage_taken":0.0,"cards_upgraded":["Zap"]},{"damage_healed":0.0,"max_hp_gain":0.0,"max_hp_loss":0.0,"gold_gain":0.0,"event_name":"Golden Idol","player_choice":"Take Wound","floor":13.0,"gold_loss":0.0,"damage_taken":0.0,"relics_obtained":["Golden Idol"],"cards_obtained":["Injury"]},{"damage_healed":0.0,"max_hp_gain":0.0,"max_hp_loss":0.0,"gold_gain":0.0,"event_name":"The Mausoleum","player_choice":"Opened","floor":19.0,"gold_loss":0.0,"damage_taken":0.0,"relics_obtained":["Dream Catcher"],"cards_obtained":["Writhe"]},{"damage_healed":0,"gold_gain":0,"player_choice":"Simplicity","damage_taken":0,"max_hp_gain":0,"max_hp_loss":0,"event_name":"Back to Basics","floor":21,"gold_loss":0,"cards_upgraded":["Strike_B","Strike_B","Strike_B","Defend_B","Defend_B","Defend_B"]},{"cards_removed":["Injury"],"damage_healed":0,"gold_gain":0,"player_choice":"Gave Gold","damage_taken":0,"max_hp_gain":0,"max_hp_loss":0,"event_name":"Beggar","floor":22,"gold_loss":75},{"damage_healed":14,"gold_gain":0,"player_choice":"Heal","damage_taken":0,"max_hp_gain":0,"max_hp_loss":0,"event_name":"The Library","floor":24,"gold_loss":0},{"damage_healed":0,"gold_gain":0,"player_choice":"Fought Bandits","damage_taken":0,"max_hp_gain":0,"max_hp_loss":0,"event_name":"Masked Bandits","floor":30,"gold_loss":0}],"is_beta":false,"boss_relics":[{"not_picked":["Inserter","Sozu"],"picked":"SlaversCollar"}],"items_purged_floors":[20],"is_endless":false,"potions_floor_spawned":[4,8,11,12,18,25],"killed_by":"Masked Bandits","ascension_level":18}}