{"host":"ctlqibkg0sskiu65","time":1611724174,"event":{"mods":["AchievementEnabler","Aspiration","BaseMod","BetterRewards","Colored Map","Colored Powertips","Conspire","Fiend Mod","Infinite Spire","Minty Spire (QoL Compilation)","Quick Restart","Replay The Spire","Shop Mod","StSLib","The Bladedancer","The Cursed","The Hierophant","The Jungle","The Kombatant","The Servant 0.9.4","TheBandit"],"gold_per_floor":[117,42,55,3,20,20,20,31,78,78,120,130,130,149,149,149,149],"floor_reached":16,"language":"ENG","playtime":617,"items_purged":["Strike_G"],"score":270,"play_id":"d59476f9-6ab4-42bc-9cef-30edcdbbed95","local_time":"20210126230934","is_ascension_mode":true,"campfire_choices":[{"data":"Cloak And Dagger","floor":6.0,"key":"SMITH"},{"data":"Sucker Punch","floor":10.0,"key":"SMITH"},{"floor":13.0,"key":"REST"},{"floor":15.0,"key":"REST"}],"circlet_count":0,"master_deck":["AscendersBane","Strike_G","Strike_G","Strike_G","Strike_G","Defend_G","Defend_G","Defend_G","Defend_G","Defend_G","Survivor","Neutralize","Cloak And Dagger+1","Sucker Punch+1","Fluid Movement","PiercingWail","Backflip"],"relics":["Ring of the Snake","Oddly Smooth Stone","Pocketwatch","Replay:Baseball","infinitespire:ShieldingShard"],"acts_visited":["Exordium"],"potions_floor_usage":[16],"damage_taken":[{"damage":6.0,"enemies":"2 Louse","floor":1.0,"turns":3.0},{"damage":5.0,"enemies":"Cultist","floor":3.0,"turns":5.0},{"damage":0.0,"enemies":"Jaw Worm","floor":5.0,"turns":7.0},{"damage":14.0,"enemies":"Large Slime","floor":8.0,"turns":7.0},{"damage":21.0,"enemies":"conspire:MimicChest","floor":11.0,"turns":9.0},{"damage":7.0,"enemies":"2 Fungi Beasts","floor":12.0,"turns":3.0},{"damage":0.0,"enemies":"Exordium Thugs","floor":14.0,"turns":5.0},{"damage":47,"enemies":"Hexaghost","floor":16,"turns":16}],"seed_played":"4609384738570671414","potions_obtained":[{"floor":8.0,"key":"Venom Potion"},{"floor":11.0,"key":"SmokeBomb"},{"floor":12.0,"key":"DistilledChaos"}],"is_trial":false,"path_per_floor":["M","$","M","?","M","R","$","M","T","R","?","M","R","M","R","B"],"character_chosen":"THE_SILENT","items_purchased":["Oddly Smooth Stone","Cloak And Dagger"],"campfire_rested":2,"item_purchase_floors":[0,0],"current_hp_per_floor":[53,53,48,48,48,48,48,34,34,34,13,6,25,25,44,0,0],"gold":149,"neow_bonus":"","is_daily":false,"chose_seed":false,"campfire_upgraded":2,"win_rate":0.0,"timestamp":1611724174,"path_taken":["M","$","M","?","M","R","$","?","T","R","?","M","R","M","R","BOSS"],"items_purchased_type":["Relic","Card"],"build_version":"2020-12-22","purchased_purges":1,"victory":false,"max_hp_per_floor":[66,66,66,66,66,66,66,66,66,66,66,66,66,66,66,66,66],"card_choices":[{"not_picked":["Underhanded Strike","Skewer","Outmaneuver"],"picked":"SKIP","floor":1.0},{"not_picked":["Prepared","Crippling Poison"],"picked":"Sucker Punch","floor":3.0},{"not_picked":["Underhanded Strike","Calculated Gamble"],"picked":"Fluid Movement","floor":5.0},{"not_picked":["Quick Slash","Finisher","Bane"],"picked":"SKIP","floor":8.0},{"not_picked":["Underhanded Strike","Setup"],"picked":"PiercingWail","floor":12.0},{"not_picked":["Outmaneuver","conspire:DoublingDagger"],"picked":"Backflip","floor":14.0}],"player_experience":245704,"relics_obtained":[{"floor":9.0,"key":"Replay:Baseball"},{"floor":11.0,"key":"infinitespire:ShieldingShard"}],"event_choices":[{"damage_healed":0.0,"max_hp_gain":0.0,"max_hp_loss":0.0,"gold_gain":0.0,"event_name":"WeMeetAgain","player_choice":"Paid Gold","floor":4.0,"gold_loss":52.0,"damage_taken":0.0,"relics_obtained":["Pocketwatch"]}],"is_beta":false,"boss_relics":[],"items_purged_floors":[2],"is_endless":false,"potions_floor_spawned":[8,11,12],"killed_by":"Hexaghost","ascension_level":18}}