{"host":"1m3dfme8k5w8sg4k","time":1611712880,"event":{"mods":["AchievementEnabler","BaseMod","Colored Map","Colored Powertips","Minty Spire (QoL Compilation)","Random Character Button","Random Character Mod","Relic Stats","StSLib","everything is the same but u backflip on backflip"],"gold_per_floor":[114,129,144,159,109,139,139,169,181,223,235,133,133,148,148,148,148],"floor_reached":16,"language":"ENG","playtime":686,"items_purged":["Strike_R"],"score":120,"play_id":"8450815c-4d19-4cb2-9911-4a82395cddd6","local_time":"20210126210120","daily_mods":["Heirloom","Blue Cards","Elite Swarm"],"is_ascension_mode":false,"campfire_choices":[{"data":"1","floor":7.0,"key":"LIFT"},{"floor":13,"key":"REST"},{"data":"2","floor":15,"key":"LIFT"}],"circlet_count":0,"master_deck":["Strike_R","Strike_R","Strike_R","Defend_R","Defend_R","Defend_R","Defend_R","Bash+1","Metallicize","Sword Boomerang","Genetic Algorithm","Undo","Feed","Reaper","Corruption","Whirlwind","Pommel Strike"],"relics":["Burning Blood","Girya","Unceasing Top","MawBank","Centennial Puzzle","Bottled Flame"],"acts_visited":["Exordium"],"potions_floor_usage":[16,16],"damage_taken":[{"damage":5.0,"enemies":"2 Louse","floor":1.0,"turns":3.0},{"damage":3.0,"enemies":"Cultist","floor":2.0,"turns":3.0},{"damage":0.0,"enemies":"Small Slimes","floor":3.0,"turns":3.0},{"damage":10.0,"enemies":"Red Slaver","floor":4.0,"turns":5.0},{"damage":23.0,"enemies":"3 Sentries","floor":6.0,"turns":14.0},{"damage":21.0,"enemies":"Gremlin Nob","floor":8.0,"turns":4.0},{"damage":28,"enemies":"Lagavulin","floor":10,"turns":9},{"damage":10,"enemies":"Large Slime","floor":14,"turns":7},{"damage":90,"enemies":"Hexaghost","floor":16,"turns":16}],"seed_played":"-8653540479942029245","potions_obtained":[{"floor":1.0,"key":"SkillPotion"},{"floor":3.0,"key":"SneckoOil"},{"floor":10,"key":"Regen Potion"}],"is_trial":false,"path_per_floor":["M","M","M","M","?","E","R","E","T","E","?","$","R","M","R","B"],"character_chosen":"IRONCLAD","items_purchased":["Whirlwind"],"campfire_rested":1,"item_purchase_floors":[12],"current_hp_per_floor":[80,80,80,76,76,59,59,47,47,35,35,35,60,62,62,0,0],"gold":148,"neow_bonus":"","is_daily":true,"chose_seed":false,"campfire_upgraded":0,"win_rate":0.0,"timestamp":1611712880,"path_taken":["M","M","M","M","?","E","R","E","T","E","?","$","R","?","R","BOSS"],"items_purchased_type":["Card"],"build_version":"2020-12-22","purchased_purges":1,"victory":false,"max_hp_per_floor":[80,80,80,80,80,80,80,83,83,86,86,86,86,89,89,89,89],"relic_stats":{"Centennial Puzzle":[9],"counters":[9,64],"MawBank":48,"obtain_stats":[{"Girya":0,"Centennial Puzzle":9,"Bottled Flame":10,"MawBank":8,"Burning Blood":0,"Unceasing Top":6},{"Girya":0,"Centennial Puzzle":6,"Bottled Flame":7,"MawBank":6,"Burning Blood":0,"Unceasing Top":5},{"Girya":0,"Centennial Puzzle":32,"Bottled Flame":41,"MawBank":32,"Burning Blood":0,"Unceasing Top":28}],"Burning Blood":38,"Unceasing Top":[0]},"card_choices":[{"not_picked":["Static Discharge","Chaos"],"picked":"Metallicize","floor":1.0},{"not_picked":["Anger","Steam"],"picked":"Sword Boomerang","floor":2.0},{"not_picked":["Loop","Cleave"],"picked":"Genetic Algorithm","floor":3.0},{"not_picked":["Body Slam","Heavy Blade"],"picked":"Undo","floor":4.0},{"not_picked":["Multi-Cast","Echo Form"],"picked":"Feed","floor":6.0},{"not_picked":["Meteor Strike","Juggernaut"],"picked":"Reaper","floor":8.0},{"not_picked":["Rainbow","Double Tap"],"picked":"Corruption","floor":10},{"not_picked":["Seeing Red","Turbo"],"picked":"Pommel Strike","floor":14}],"player_experience":1609848,"relics_obtained":[{"floor":6.0,"key":"Unceasing Top"},{"floor":8.0,"key":"MawBank"},{"floor":9.0,"key":"Centennial Puzzle"},{"floor":10,"key":"Bottled Flame"}],"event_choices":[{"cards_removed":["Strike_R"],"damage_healed":0.0,"max_hp_gain":0.0,"max_hp_loss":0.0,"gold_gain":0.0,"event_name":"The Cleric","player_choice":"Card Removal","floor":5.0,"gold_loss":50.0,"damage_taken":0.0},{"damage_healed":0,"gold_gain":0,"player_choice":"Upgraded","damage_taken":0,"max_hp_gain":0,"max_hp_loss":0,"event_name":"Upgrade Shrine","floor":11,"gold_loss":0,"cards_upgraded":["Bash"]}],"is_beta":false,"boss_relics":[],"items_purged_floors":[12],"is_endless":false,"potions_floor_spawned":[1,3,10],"killed_by":"Hexaghost","ascension_level":0}}