{"host":"640uue19m79c7wbt","time":1611713498,"event":{"mods":["BaseMod","Colored Map","Googly Eyes","Highlight Path","Minty Spire (QoL Compilation)","Quick Restart","StSLib"],"gold_per_floor":[109,109,23,23,38,81,81,81,81,121,121,37,37,53,53,53,53],"floor_reached":16,"language":"ENG","playtime":312,"items_purged":[],"score":242,"play_id":"0517d112-112c-4346-b2fc-c93852dc57de","local_time":"20210126211138","is_ascension_mode":true,"campfire_choices":[{"data":"Cloak And Dagger","floor":8.0,"key":"SMITH"},{"floor":11,"key":"REST"},{"floor":13,"key":"REST"},{"floor":15,"key":"REST"}],"circlet_count":0,"master_deck":["AscendersBane","Strike_G","Strike_G","Strike_G","Strike_G","Strike_G","Defend_G","Defend_G","Defend_G","Defend_G","Defend_G","Survivor","Neutralize","Noxious Fumes","Injury","Accuracy","Cloak And Dagger+1","Accuracy","Regret","Dagger Spray+1","Night Terror+1"],"relics":["Ring of the Snake","NeowsBlessing","Golden Idol","Molten Egg 2","Kunai","Happy Flower","Toxic Egg 2","Orichalcum"],"acts_visited":["Exordium"],"potions_floor_usage":[10,16,16],"damage_taken":[{"damage":0.0,"enemies":"Small Slimes","floor":1.0,"turns":1.0},{"damage":0.0,"enemies":"2 Louse","floor":5.0,"turns":1.0},{"damage":0.0,"enemies":"3 Sentries","floor":6.0,"turns":1.0},{"damage":29,"enemies":"Lagavulin","floor":10,"turns":9},{"damage":15,"enemies":"Jaw Worm","floor":14,"turns":5},{"damage":56,"enemies":"Slime Boss","floor":16,"turns":7}],"seed_played":"-7555255764078794440","potions_obtained":[{"floor":5.0,"key":"EssenceOfSteel"},{"floor":6.0,"key":"Explosive Potion"},{"floor":10,"key":"Poison Potion"}],"is_trial":false,"path_per_floor":["M","?","$","?","M","E","?","R","T","E","R","$","R","M","R","B"],"character_chosen":"THE_SILENT","items_purchased":["Accuracy","Night Terror+1"],"campfire_rested":3,"item_purchase_floors":[3,12],"current_hp_per_floor":[59,59,59,33,33,33,33,33,33,4,23,23,42,27,46,0,0],"gold":53,"neow_bonus":"THREE_ENEMY_KILL","is_daily":false,"chose_seed":false,"campfire_upgraded":1,"win_rate":0.0,"timestamp":1611713498,"path_taken":["M","?","$","?","M","E","?","R","T","E","R","$","R","?","R","BOSS"],"items_purchased_type":["Card","Card"],"build_version":"2020-12-22","purchased_purges":0,"victory":false,"max_hp_per_floor":[66,66,66,66,66,66,66,66,66,66,66,66,66,66,66,66,66],"card_choices":[{"not_picked":["PiercingWail","Dodge and Roll"],"picked":"Noxious Fumes","floor":1.0},{"not_picked":["Bane+1","Tactician"],"picked":"Cloak And Dagger","floor":5.0},{"not_picked":["Well Laid Plans","Noxious Fumes"],"picked":"Accuracy","floor":6.0},{"not_picked":["Poisoned Stab+1","Finisher+1"],"picked":"Dagger Spray+1","floor":10},{"not_picked":["Flying Knee+1","Sucker Punch+1","Expertise+1"],"picked":"SKIP","floor":14}],"player_experience":639198,"relics_obtained":[{"floor":6.0,"key":"Kunai"},{"floor":9.0,"key":"Toxic Egg 2"},{"floor":10,"key":"Orichalcum"}],"event_choices":[{"damage_healed":0.0,"max_hp_gain":0.0,"max_hp_loss":0.0,"gold_gain":0.0,"event_name":"Golden Idol","player_choice":"Take Wound","floor":2.0,"gold_loss":0.0,"damage_taken":0.0,"relics_obtained":["Golden Idol"],"cards_obtained":["Injury"]},{"damage_healed":0.0,"max_hp_gain":0.0,"max_hp_loss":0.0,"gold_gain":0.0,"event_name":"Scrap Ooze","player_choice":"Success","floor":4.0,"gold_loss":0.0,"damage_taken":26.0,"relics_obtained":["Molten Egg 2"]},{"damage_healed":0.0,"max_hp_gain":0.0,"max_hp_loss":0.0,"gold_gain":0.0,"event_name":"Big Fish","player_choice":"Box","floor":7.0,"gold_loss":0.0,"damage_taken":0.0,"relics_obtained":["Happy Flower"],"cards_obtained":["Regret"]}],"is_beta":false,"boss_relics":[],"items_purged_floors":[],"is_endless":false,"potions_floor_spawned":[5,6,10],"killed_by":"Slime Boss","ascension_level":17}}