{"host":"np9ouipdmi0bkas5","time":1611738022,"event":{"mods":["AchievementEnabler","Aspiration","BaseMod","Colored Map","Downfall","Highlight Path","Hubris","Infinite Spire","Minty Spire (QoL Compilation)","Replay The Spire","StSLib"],"gold_per_floor":[111,111,111,130,130,130,165,165,165,17,42,57,77,96,96,191,191,211,226,244,260,260,260,294,294,294,310,18,18,18,45,45,145,145,155,155,65,65,85,117,117,117,117,117,117,158,158,158],"floor_reached":47,"language":"ENG","playtime":2668,"items_purged":["Strike_R","Strike_R"],"score":575,"play_id":"5bd50dcb-f0a8-4850-8d1c-eaac90de39bd","local_time":"20210127010022","is_ascension_mode":true,"campfire_choices":[{"data":"Rage","floor":6,"key":"SMITH"},{"data":"Cleave","floor":8,"key":"SMITH"},{"data":"Whirlwind","floor":15,"key":"SMITH"},{"floor":23,"key":"REST"},{"floor":25,"key":"REST"},{"data":"Flex","floor":29,"key":"SMITH"},{"floor":32,"key":"REST"},{"floor":41,"key":"REST"}],"circlet_count":0,"master_deck":["Strike_R","Strike_R","Strike_R","Defend_R+1","Defend_R","Defend_R","Bash","Spot Weakness+1","Rage+1","Cleave+1","Whirlwind+1","ReplayReversal","Barricade+1","Thunderclap","Flex+1","Entrench","Shrug It Off","Shrug It Off","Rage","Shrug It Off","Doubt","Flame Barrier"],"relics":["Burning Blood","NeowsBlessing","Ginger","Darkstone Periapt","ReplayTheSpireMod:Ninjato","infinitespire:BottledMercury","Bag of Marbles","Meat on the Bone","Snecko Eye","aspiration:SeaSaltIceCream","Juzu Bracelet","Bronze Scales","Replay:Bottled Steam","Guide Book","hubris:Zylophone","Electric Blood","hubris:Icosahedron","WingedGreaves","Ice Cream","Replay:Bottled Flurry"],"acts_visited":["Exordium","TheCity","TheBeyond"],"potions_floor_usage":[11,11,13,24,31,40,40,40,47],"damage_taken":[{"damage":0,"enemies":"2 Louse","floor":1,"turns":1},{"damage":0,"enemies":"Jaw Worm","floor":4,"turns":1},{"damage":0,"enemies":"3 Sentries","floor":7,"turns":2},{"damage":9,"enemies":"Lagavulin","floor":11,"turns":4},{"damage":0,"enemies":"Cultist","floor":12,"turns":2},{"damage":6,"enemies":"Large Slime","floor":13,"turns":3},{"damage":0,"enemies":"Gremlin Gang","floor":14,"turns":1},{"damage":50,"enemies":"Fading Forest","floor":16,"turns":11},{"damage":10,"enemies":"Chosen","floor":18,"turns":4},{"damage":10,"enemies":"Spheric Guardian","floor":19,"turns":3},{"damage":36,"enemies":"Shelled Parasite and Fungi","floor":20,"turns":4},{"damage":27,"enemies":"Cultist and Chosen","floor":21,"turns":5},{"damage":49,"enemies":"Gremlin Leader","floor":24,"turns":5},{"damage":2,"enemies":"Centurion and Healer","floor":27,"turns":3},{"damage":17,"enemies":"Slavers","floor":31,"turns":3},{"damage":75,"enemies":"Automaton","floor":33,"turns":8},{"damage":17,"enemies":"Orb Walker","floor":35,"turns":3},{"damage":3,"enemies":"3 Darklings","floor":39,"turns":1},{"damage":64,"enemies":"Giant Head","floor":40,"turns":7},{"damage":99,"enemies":"Nightmare","floor":47,"turns":6}],"seed_played":"-1470387323491130349","potions_obtained":[{"floor":4,"key":"Block Potion"},{"floor":7,"key":"Swift Potion"},{"floor":11,"key":"Energy Potion"},{"floor":21,"key":"ColorlessPotion"},{"floor":27,"key":"Slimebound:ThreeZeroPotion"},{"floor":33,"key":"hexamod:SoulburnPotion"},{"floor":39,"key":"champ:CounterPotion"},{"floor":40,"key":"PowerPotion"}],"is_trial":false,"path_per_floor":["M","?","?","M","T","R","E","R","T","$","E","M","M","M","R","B",null,"M","M","M","M","AVR","R","E","R","T","M","$","R","?","E","R","B",null,"M","?","?","$","M","E","R","?","T","R","?","?","NM"],"character_chosen":"IRONCLAD","items_purchased":["Bag of Marbles","Feel No Pain","Guide Book"],"campfire_rested":4,"item_purchase_floors":[10,28,28],"current_hp_per_floor":[80,80,68,74,74,74,80,80,80,80,77,80,80,80,80,58,80,76,72,54,45,45,69,38,62,62,66,66,66,66,55,79,22,80,69,69,69,69,72,26,50,86,86,86,96,96,0,0],"gold":158,"neow_bonus":"THREE_ENEMY_KILL","is_daily":false,"chose_seed":false,"campfire_upgraded":4,"win_rate":0.0,"timestamp":1611738022,"path_taken":["M","?","?","M","?","R","E","R","T","$","E","M","M","M","R","BOSS","M","M","M","M","AVR","R","E","R","T","M","$","R","?","E","R","BOSS","M","?","?","$","M","E","R","?","T","R","?","?","NM"],"items_purchased_type":["Relic","Card","Relic"],"build_version":"2020-12-22","purchased_purges":2,"victory":false,"max_hp_per_floor":[80,80,80,80,80,80,80,80,80,80,80,80,80,80,80,80,80,80,80,80,80,80,80,80,80,80,80,80,80,80,80,80,80,80,80,80,80,80,80,80,80,86,86,86,96,96,96,96],"card_choices":[{"not_picked":["Dark Embrace","Perfected Strike"],"picked":"Spot Weakness","floor":1},{"not_picked":["Run Through","Clash"],"picked":"Rage","floor":4},{"not_picked":["ReplayTheSpireMod:Muscle Training","Body Slam"],"picked":"Cleave","floor":7},{"not_picked":["Defy Death","Sentinel","True Grit"],"picked":"SKIP","floor":11},{"not_picked":["hubris:ReadiedAction","Metallicize"],"picked":"Whirlwind","floor":12},{"not_picked":["Perfected Strike","Headbutt"],"picked":"ReplayReversal","floor":13},{"not_picked":["Headbutt","Heavy Blade","Berserk"],"picked":"SKIP","floor":14},{"not_picked":["Immolate","Fiend Fire"],"picked":"Barricade","floor":16},{"not_picked":["Replay:Undeath\u0027s Touch","ReplayTheSpireMod:Stacked+1","Headbutt"],"picked":"SKIP","floor":18},{"not_picked":["ReplayTheSpireMod:LeadingStrike","Defy Death"],"picked":"Thunderclap","floor":19},{"not_picked":["Fire Breathing","Pommel Strike"],"picked":"Flex","floor":20},{"not_picked":["Searing Blow","Body Slam+1"],"picked":"Entrench","floor":21},{"not_picked":["Clash","Heavy Blade","Carnage"],"picked":"SKIP","floor":24},{"not_picked":["Anger","Life Link","Headbutt+1"],"picked":"SKIP","floor":27},{"not_picked":["Perfected Strike","Intimidate"],"picked":"Shrug It Off","floor":31},{"not_picked":["Berserk","Reaper"],"picked":"Demonic Infusion","floor":33},{"not_picked":["Cleave","ReplayTheSpireMod:Corrosion Curse"],"picked":"Shrug It Off","floor":35},{"not_picked":["Warcry","Searing Blow"],"picked":"Rage","floor":39},{"not_picked":["Perfected Strike+1","Carnage+1"],"picked":"Shrug It Off","floor":40},{"not_picked":["Combust+1","Flex"],"picked":"Flame Barrier","floor":46}],"player_experience":114237,"relics_obtained":[{"floor":5,"key":"Darkstone Periapt"},{"floor":7,"key":"ReplayTheSpireMod:Ninjato"},{"floor":9,"key":"infinitespire:BottledMercury"},{"floor":11,"key":"Meat on the Bone"},{"floor":24,"key":"Bronze Scales"},{"floor":26,"key":"Replay:Bottled Steam"},{"floor":31,"key":"hubris:Zylophone"},{"floor":40,"key":"WingedGreaves"},{"floor":43,"key":"Ice Cream"},{"floor":46,"key":"Replay:Bottled Flurry"}],"event_choices":[{"damage_healed":0,"gold_gain":0,"player_choice":"Success","damage_taken":12,"relics_obtained":["Ginger"],"max_hp_gain":0,"max_hp_loss":0,"event_name":"Scrap Ooze","floor":3,"gold_loss":0},{"cards_removed":["Feel No Pain"],"damage_healed":0,"gold_gain":0,"player_choice":"Upgrade and Remove","damage_taken":0,"max_hp_gain":0,"max_hp_loss":0,"event_name":"Designer","floor":37,"gold_loss":90,"cards_upgraded":["Defend_R"]},{"damage_healed":30,"gold_gain":0,"player_choice":"Heal","damage_taken":0,"max_hp_gain":0,"max_hp_loss":0,"event_name":"MindBloom","floor":42,"gold_loss":0,"cards_obtained":["Doubt"]},{"cards_removed":["Demonic Infusion"],"damage_healed":0,"gold_gain":0,"player_choice":"Offered Rare","damage_taken":0,"max_hp_gain":10,"max_hp_loss":0,"event_name":"Bonfire Elementals","floor":45,"gold_loss":0}],"is_beta":false,"boss_relics":[{"not_picked":["ReplayTheSpireMod:DimensionalGlitch","Honey Jar"],"picked":"Snecko Eye"},{"not_picked":["Ring of Chaos","hubris:VirtuousBlindfold"],"picked":"Electric Blood"}],"items_purged_floors":[22,28],"is_endless":false,"potions_floor_spawned":[4,7,11,21,27,33,39,40],"killed_by":"Nightmare","ascension_level":1}}