{"host":"7iv10lxbxedtd0qh","time":1611773044,"event":{"mods":["BaseMod","Colored Map","Colored Powertips","Downfall","Minty Spire (QoL Compilation)","StSLib"],"gold_per_floor":[99,112,122,138,157,192,192,223,123,33,43,43,28,40,60,161,161,161,177,196,206,226,226,226,226],"floor_reached":23,"language":"ENG","playtime":1495,"items_purged":["bronze:Replicate"],"score":217,"play_id":"12f85bd0-33be-4f3a-ae48-798f43f89826","local_time":"20210127194404","is_ascension_mode":true,"campfire_choices":[{"data":"bronze:Goto","floor":1,"key":"SMITH"},{"floor":9,"key":"REST"},{"data":"bronze:Safeguard","floor":12,"key":"SMITH"},{"floor":18,"key":"RECALL"}],"circlet_count":0,"master_deck":["bronze:Strike","bronze:Strike","bronze:Strike","bronze:Strike","bronze:Defend","bronze:Defend","bronze:Defend","bronze:Defend","bronze:Goto+1","bronze:OilSpill","bronze:BronzeOrb","bronze:BitShift","bronze:OilSpill","bronze:Terminator","bronze:Repulsor","bronze:FindAndReplace","bronze:Safeguard+1","bronze:FineTuning","bronze:Frontload","bronze:FindAndReplace"],"relics":["bronze:BronzeCore","FossilizedHelix","Mummified Hand","InkBottle","downfall:HeartBlessingGreen","Philosopher\u0027s Stone"],"acts_visited":["Exordium","TheCity"],"potions_floor_usage":[6,8,16,21,23],"damage_taken":[{"damage":0,"enemies":"Cultist","floor":2,"turns":3},{"damage":1,"enemies":"Jaw Worm","floor":3,"turns":3},{"damage":0,"enemies":"2 Louse","floor":4,"turns":1},{"damage":7,"enemies":"Gremlin Gang","floor":5,"turns":5},{"damage":18,"enemies":"Lagavulin","floor":6,"turns":8},{"damage":19,"enemies":"3 Sentries","floor":8,"turns":8},{"damage":2,"enemies":"downfall:FleeingMerchant","floor":10,"turns":4},{"damage":0,"enemies":"Large Slime","floor":11,"turns":3},{"damage":0,"enemies":"downfall:FleeingMerchant","floor":13,"turns":4},{"damage":8,"enemies":"3 Louse","floor":14,"turns":3},{"damage":0,"enemies":"Blue Slaver","floor":15,"turns":4},{"damage":4,"enemies":"WA_ARCHETYPE_RETAIN","floor":16,"turns":6},{"damage":14,"enemies":"Spheric Guardian","floor":19,"turns":4},{"damage":10,"enemies":"3 Byrds","floor":20,"turns":7},{"damage":0,"enemies":"Centurion and Healer","floor":21,"turns":5},{"damage":11,"enemies":"Sentry and Sphere","floor":22,"turns":5},{"damage":53,"enemies":"Gremlin Leader","floor":23,"turns":6}],"seed_played":"-1845577186622932984","potions_obtained":[{"floor":3,"key":"SpeedPotion"},{"floor":4,"key":"Dexterity Potion"},{"floor":6,"key":"Ancient Potion"},{"floor":11,"key":"bronze:BuildAFunctionPotion"},{"floor":20,"key":"LiquidMemories"},{"floor":22,"key":"Strength Potion"}],"is_trial":false,"path_per_floor":["R","M","M","M","M","E","T","E","R","$","M","R","$","M","M","B",null,"R","M","M","M","M","E"],"character_chosen":"THE_AUTOMATON","items_purchased":[],"campfire_rested":1,"item_purchase_floors":[],"current_hp_per_floor":[63,63,62,62,55,37,37,18,43,41,41,41,41,33,33,29,84,84,70,60,60,49,0,0,0],"gold":226,"neow_bonus":"TWENTY_PERCENT_HP_BONUS","is_daily":false,"chose_seed":false,"campfire_upgraded":2,"win_rate":0.0,"timestamp":1611773044,"path_taken":["R","M","M","M","M","E","T","E","R","$","M","R","$","?","M","BOSS","R","M","M","?","M","E"],"items_purchased_type":[],"build_version":"2020-12-22","purchased_purges":1,"victory":false,"max_hp_per_floor":[84,84,84,84,84,84,84,84,84,84,84,84,84,84,84,84,84,84,84,84,84,84,84,84,84],"card_choices":[{"not_picked":["bronze:CutThrough","bronze:ChosenStrike"],"picked":"bronze:OilSpill","floor":2},{"not_picked":["bronze:DigitalCarnage","bronze:Shield"],"picked":"bronze:BronzeOrb","floor":3},{"not_picked":["bronze:Flail","bronze:ClassDefault"],"picked":"bronze:BitShift","floor":4},{"not_picked":["bronze:Iterate","bronze:NullPointer"],"picked":"bronze:OilSpill","floor":5},{"not_picked":["bronze:Overload","bronze:ForceShield"],"picked":"bronze:Terminator","floor":6},{"not_picked":["bronze:GetLatest","bronze:Fortify"],"picked":"bronze:Repulsor","floor":8},{"not_picked":["bronze:ChildClass","bronze:Optimize"],"picked":"bronze:FindAndReplace","floor":10},{"not_picked":["bronze:Deprecate","bronze:Shield"],"picked":"bronze:Safeguard","floor":11},{"not_picked":["bronze:Overheat","bronze:Invalidate"],"picked":"bronze:FineTuning","floor":13},{"not_picked":["bronze:Repulsor","bronze:MaxOutput"],"picked":"bronze:Frontload","floor":14},{"not_picked":["bronze:Shell","bronze:DigitalCarnage"],"picked":"bronze:FindAndReplace","floor":15},{"not_picked":["bronze:WildBeam+1","bronze:WhirlingStrike","bronze:Overheat"],"picked":"SKIP","floor":19},{"not_picked":["bronze:DelayedSlice","bronze:Backtrace","bronze:Invalidate"],"picked":"SKIP","floor":20},{"not_picked":["bronze:ForLoop+1","bronze:Branch","bronze:DelayedSlice+1"],"picked":"SKIP","floor":21},{"not_picked":["bronze:Separator","bronze:Shield","bronze:Overheat+1"],"picked":"SKIP","floor":22}],"player_experience":741120,"relics_obtained":[{"floor":6,"key":"FossilizedHelix"},{"floor":7,"key":"Mummified Hand"},{"floor":8,"key":"InkBottle"}],"event_choices":[],"is_beta":false,"boss_relics":[{"not_picked":["bronze:PlatinumCore","Pandora\u0027s Box"],"picked":"Philosopher\u0027s Stone"}],"items_purged_floors":[10],"is_endless":false,"potions_floor_spawned":[3,4,6,11,20,22],"killed_by":"Gremlin Leader","ascension_level":1}}