{"host":"v6p2g6darcbso1ds","time":1611708981,"event":{"mods":["BaseMod","Colored Powertips","Downfall","Hermit","Minty Spire (QoL Compilation)","Replay The Spire","StSLib","The Cursed"],"gold_per_floor":[109,128,203,232,244,263,276,296,296,296,4,20,20,50,50,149,149,181,170,170,170,170],"floor_reached":21,"language":"ENG","playtime":2116,"items_purged":[],"score":208,"play_id":"2348c2ac-42ac-45ee-a2d0-666ccd1bbc70","local_time":"20210126175621","is_ascension_mode":false,"campfire_choices":[{"floor":13.0,"key":"REST"},{"floor":15.0,"key":"DIG"}],"circlet_count":0,"master_deck":["hermit:Strike_Hermit","hermit:Strike_Hermit","hermit:Strike_Hermit","hermit:Strike_Hermit","hermit:Defend_Hermit","hermit:Defend_Hermit","hermit:Defend_Hermit","hermit:Defend_Hermit","hermit:Snapshot","hermit:Covet","hermit:GhostlyPresence","hermit:Vantage","hermit:ItchyTrigger","hermit:Manifest","hermit:HighCaliber","hermit:TakeAim+1","hermit:LuckOfTheDraw","hermit:Showdown","hermit:Determination","hermit:DeadOrAlive","hermit:Dive","hermit:Vantage+1","hermit:DeadOrAlive"],"relics":["hermit:Momento","Blood Vial","Mummified Hand","CaptainsWheel","Bottled Flame","Vajra","Black Star"],"acts_visited":["Exordium","TheCity"],"potions_floor_usage":[],"damage_taken":[{"damage":2.0,"enemies":"2 Louse","floor":1.0,"turns":3.0},{"damage":0.0,"enemies":"Small Slimes","floor":2.0,"turns":4.0},{"damage":0.0,"enemies":"Jaw Worm","floor":5.0,"turns":4.0},{"damage":6.0,"enemies":"Exordium Wildlife","floor":6.0,"turns":6.0},{"damage":3.0,"enemies":"Red Slaver","floor":7.0,"turns":7.0},{"damage":2.0,"enemies":"2 Fungi Beasts","floor":8.0,"turns":7.0},{"damage":8.0,"enemies":"Looter","floor":12.0,"turns":3.0},{"damage":17.0,"enemies":"Replay:BlueRogue","floor":14.0,"turns":12.0},{"damage":26.0,"enemies":"Hexaghost","floor":16.0,"turns":11.0},{"damage":30.0,"enemies":"Shell Parasite","floor":18.0,"turns":9.0},{"damage":14.0,"enemies":"2 Thieves","floor":19.0,"turns":5.0},{"damage":30,"enemies":"Sentry and Sphere","floor":21,"turns":8}],"seed_played":"-2534391362621209555","potions_obtained":[{"floor":1.0,"key":"LiquidBronze"},{"floor":2.0,"key":"Languid Potion"},{"floor":4.0,"key":"Guardian:BlockOnCardUsePotion"},{"floor":4.0,"key":"Doom Potion"},{"floor":4.0,"key":"EssenceOfSteel"},{"floor":8.0,"key":"ColorlessPotion"},{"floor":18.0,"key":"champ:CounterPotion"}],"is_trial":false,"path_per_floor":["M","M","?","?","M","M","M","M","T","?","$","M","R","E","R","B",null,"M","M","?","M"],"character_chosen":"HERMIT","items_purchased":["CaptainsWheel"],"campfire_rested":1,"item_purchase_floors":[11],"current_hp_per_floor":[73,75,64,34,36,32,31,31,31,31,31,25,47,32,32,8,75,45,33,33,5,5],"gold":170,"neow_bonus":"RANDOM_COMMON_RELIC","is_daily":false,"chose_seed":false,"campfire_upgraded":0,"win_rate":0.0,"timestamp":1611708981,"path_taken":["M","M","?","?","M","M","M","M","T","?","?","M","R","E","R","BOSS","M","M","?","?"],"items_purchased_type":["Relic"],"build_version":"2020-12-22","purchased_purges":0,"victory":false,"max_hp_per_floor":[75,75,75,75,75,75,75,75,75,75,75,75,75,75,75,75,75,75,75,75,75,75],"card_choices":[{"not_picked":["hermit:NoHoldsBarred","hermit:LuckOfTheDraw"],"picked":"hermit:GhostlyPresence","floor":1.0},{"not_picked":["hermit:Feint","hermit:WideOpen"],"picked":"hermit:Vantage","floor":2.0},{"not_picked":["hermit:Horror","hermit:Vantage"],"picked":"hermit:ItchyTrigger","floor":4.0},{"not_picked":["hermit:Dive","hermit:LoneWolf"],"picked":"hermit:Manifest","floor":5.0},{"not_picked":["hermit:Headshot","hermit:TakeAim"],"picked":"hermit:HighCaliber","floor":6.0},{"not_picked":["hermit:HoleUp","hermit:Coalescence"],"picked":"hermit:TakeAim","floor":7.0},{"not_picked":["hermit:SprayPray","hermit:Coalescence"],"picked":"hermit:LuckOfTheDraw","floor":8.0},{"not_picked":["hermit:Manifest","hermit:Maintenance"],"picked":"hermit:Showdown","floor":12.0},{"not_picked":["hermit:Reprieve","hermit:FlashPowder"],"picked":"hermit:Determination","floor":14.0},{"not_picked":["hermit:Reprieve","hermit:Purgatory"],"picked":"hermit:DeadOrAlive","floor":16.0},{"not_picked":["hermit:Enervate","hermit:Desperado"],"picked":"hermit:Dive","floor":18.0},{"not_picked":["hermit:Determination","hermit:Manifest+1"],"picked":"hermit:Vantage+1","floor":19.0}],"player_experience":105012,"relics_obtained":[{"floor":9.0,"key":"Mummified Hand"},{"floor":14.0,"key":"Bottled Flame"},{"floor":15.0,"key":"Vajra"}],"event_choices":[{"damage_healed":0.0,"max_hp_gain":0.0,"max_hp_loss":0.0,"gold_gain":75.0,"event_name":"World of Goop","player_choice":"Gather Gold","floor":3.0,"gold_loss":0.0,"damage_taken":11.0},{"damage_healed":0.0,"max_hp_gain":0.0,"max_hp_loss":0.0,"gold_gain":0.0,"event_name":"Duplicator","player_choice":"Copied","floor":20.0,"gold_loss":0.0,"damage_taken":0.0,"cards_obtained":["hermit:DeadOrAlive"]}],"is_beta":false,"boss_relics":[{"not_picked":["Fusion Hammer","Ring of Chaos"],"picked":"Black Star"}],"items_purged_floors":[],"is_endless":false,"potions_floor_spawned":[1,2,8,12,18],"killed_by":"Sentry and Sphere","ascension_level":0}}