{"host":"uv5ws9rdk87e8i5k","time":1611766776,"event":{"mods":["AchievementEnabler","BaseMod","Colored Map","Minty Spire (QoL Compilation)","Permanent Neow","Quick Restart","StSLib","SuperFastMode","The Animator","The Cursed","The Hierophant","The Necromancer"],"gold_per_floor":[111,131,142,152,165,197,197,162,162,187,206,217,248,263,263,342,342,357,371,387,406,421,451,451,470,470,500,46,65,164,199,199,276,326,340,357,357,428,448,448,476,527,527,545,580,34,81,92,92,92],"floor_reached":51,"language":"ENG","playtime":2892,"items_purged":["Clumsy","Strike_W"],"score":1350,"play_id":"4caf5b10-97aa-491c-a4ab-a19f60cf607e","local_time":"20210127105936","is_ascension_mode":true,"campfire_choices":[{"data":"Summon_Death_Knight","floor":7.0,"key":"SMITH"},{"floor":15.0,"key":"REST"},{"data":"Summon_Vampire_Lady","floor":24.0,"key":"SMITH"},{"data":"Requiem","floor":32.0,"key":"SMITH"},{"data":"Summon_Death_Knight","floor":40,"key":"SMITH"},{"data":"Summon_Undead_Army","floor":49,"key":"SMITH"}],"circlet_count":0,"master_deck":["AscendersBane","Strike_W","Strike_W","Strike_W","Defend_W","Defend_W","Defend_W","Negative_Energy_Arrows","Bone_Wall","Summon_Death_Knight+1","Negative_Energy_Sphere","Summon_Undead","Summon_Lich","Bone_Shift","Requiem+1","Summon_Vampire_Lady+1","Summon_Death_Knight+1","Summon_Undead_Army+1","Spectral_Walk","Shade_Step","Spectral_Armor+1","Grasp_Heart+1","Hellfire+1","Negative_Energy_Burst+1","Bone_Shift+1","Negative_Energy_Burst+1","Hellfire+1"],"relics":["Vampire_Amulet","Mummified Hand","Bottled Lightning","Regal Pillow","FossilizedHelix","Sozu","Bag of Marbles","Molten Egg 2","Bag of Preparation","Lee\u0027s Waffle","Red Mask","Tiny House","Pear","Vajra","Centennial Puzzle","Ornamental Fan","Thread and Needle","Unceasing Top","Incense Burner"],"acts_visited":["Exordium","TheCity","TheBeyond"],"potions_floor_usage":[],"damage_taken":[{"damage":0.0,"enemies":"Small Slimes","floor":1.0,"turns":4.0},{"damage":2.0,"enemies":"2 Louse","floor":2.0,"turns":2.0},{"damage":4.0,"enemies":"Jaw Worm","floor":3.0,"turns":4.0},{"damage":15.0,"enemies":"Exordium Wildlife","floor":4.0,"turns":5.0},{"damage":13.0,"enemies":"Blue Slaver","floor":5.0,"turns":4.0},{"damage":41.0,"enemies":"Lagavulin","floor":6.0,"turns":7.0},{"damage":33.0,"enemies":"Gremlin Nob","floor":10.0,"turns":5.0},{"damage":5.0,"enemies":"Looter","floor":11.0,"turns":4.0},{"damage":19.0,"enemies":"3 Louse","floor":12.0,"turns":2.0},{"damage":17.0,"enemies":"3 Sentries","floor":13.0,"turns":5.0},{"damage":10.0,"enemies":"2 Fungi Beasts","floor":14.0,"turns":4.0},{"damage":5.0,"enemies":"The Guardian","floor":16.0,"turns":11.0},{"damage":6.0,"enemies":"Chosen","floor":18.0,"turns":4.0},{"damage":6.0,"enemies":"Shell Parasite","floor":19.0,"turns":5.0},{"damage":15.0,"enemies":"Snake Plant","floor":20.0,"turns":4.0},{"damage":14.0,"enemies":"3 Cultists","floor":21.0,"turns":5.0},{"damage":0.0,"enemies":"Snecko","floor":22.0,"turns":5.0},{"damage":8.0,"enemies":"Gremlin Leader","floor":23.0,"turns":6.0},{"damage":3.0,"enemies":"Shelled Parasite and Fungi","floor":25.0,"turns":5.0},{"damage":49.0,"enemies":"Slavers","floor":27.0,"turns":5.0},{"damage":18.0,"enemies":"Sentry and Sphere","floor":29.0,"turns":6.0},{"damage":52.0,"enemies":"Masked Bandits","floor":31.0,"turns":5.0},{"damage":6.0,"enemies":"Champ","floor":33.0,"turns":7.0},{"damage":9.0,"enemies":"Orb Walker","floor":35.0,"turns":3.0},{"damage":15.0,"enemies":"3 Darklings","floor":36.0,"turns":6.0},{"damage":10,"enemies":"Writhing Mass","floor":39,"turns":5},{"damage":26,"enemies":"Reptomancer","floor":41,"turns":4},{"damage":16,"enemies":"Spire Growth","floor":44,"turns":4},{"damage":1,"enemies":"Giant Head","floor":45,"turns":6},{"damage":32,"enemies":"2 Orb Walkers","floor":47,"turns":3},{"damage":0,"enemies":"Maw","floor":48,"turns":6},{"damage":20,"enemies":"Donu and Deca","floor":50,"turns":8}],"seed_played":"-1766128616279005042","potions_obtained":[{"floor":6.0,"key":"Strength Potion"},{"floor":10.0,"key":"LiquidBronze"},{"floor":11.0,"key":"Swift Potion"},{"floor":12.0,"key":"Fire Potion"},{"floor":13.0,"key":"LiquidMemories"}],"is_trial":false,"path_per_floor":["M","M","M","M","M","E","R","?","T","E","M","M","E","M","R","B",null,"M","M","M","M","M","E","R","M","T","E","$","M","?","?","R","B",null,"M","M","?","T","M","R","E","T","T","M","E","$","?","M","R","B",null],"character_chosen":"NECROMANCER","items_purchased":["Lee\u0027s Waffle","Spectral_Armor","Grasp_Heart+1","Hellfire+1","Unceasing Top"],"campfire_rested":1,"item_purchase_floors":[28,28,28,46,46],"current_hp_per_floor":[68,70,68,66,55,34,34,51,51,32,29,16,8,14,50,68,70,71,71,67,69,71,71,71,71,71,40,78,71,71,40,40,54,77,76,69,69,79,77,77,62,62,62,48,58,58,39,71,71,79],"gold":92,"neow_bonus":"THREE_RARE_CARDS","is_daily":false,"chose_seed":false,"campfire_upgraded":5,"win_rate":0.0,"timestamp":1611766776,"path_taken":["M","M","M","M","M","E","R","?","T","E","M","M","E","M","R","BOSS","M","M","M","M","M","E","R","M","T","E","$","M","?","?","R","BOSS","M","M","?","?","M","R","E","?","T","M","E","$","?","?","R","BOSS"],"items_purchased_type":["Relic","Card","Card","Card","Relic"],"build_version":"2020-12-22","purchased_purges":2,"victory":true,"max_hp_per_floor":[71,71,71,71,71,71,71,71,71,71,71,71,71,71,71,71,71,71,71,71,71,71,71,71,71,71,71,78,78,78,78,78,78,83,83,83,83,93,93,93,93,93,93,93,93,93,93,93,93,93],"card_choices":[{"not_picked":["Cloudkill","Reap_The_Weak"],"picked":"Summon_Death_Knight","floor":0.0},{"not_picked":["Bone_Spikes","Bone_Bullets"],"picked":"Negative_Energy_Sphere","floor":1.0},{"not_picked":["Bone_Spikes","Bones_to_Steel"],"picked":"Summon_Undead","floor":2.0},{"not_picked":["Blood_Curse","Shackles_Of_Pain","Finger_Of_Death"],"picked":"SKIP","floor":3.0},{"not_picked":["Negative_Energy_Mist","Thousand_Bone_Knives"],"picked":"Summon_Lich","floor":4.0},{"not_picked":["Negative_Energy_Sphere","Flesh_Made_Foul","Toxic_Smoke_Screen"],"picked":"SKIP","floor":5.0},{"not_picked":["Blood_Curse","Chill_Blood"],"picked":"Bone_Shift","floor":6.0},{"not_picked":["Bones_to_Steel","Exploit"],"picked":"Requiem","floor":10.0},{"not_picked":["Negative_Energy_Sphere","Thousand_Bone_Knives","Negative_Energy_Mist"],"picked":"SKIP","floor":11.0},{"not_picked":["Deaths_Shadow","Finger_Of_Death","Skeleton_Dragon"],"picked":"SKIP","floor":12.0},{"not_picked":["Bone_Armor","Grasp_Heart"],"picked":"Summon_Vampire_Lady","floor":13.0},{"not_picked":["Epidemic","Death_March_Dance","Negative_Energy_Sphere"],"picked":"SKIP","floor":14.0},{"not_picked":["Cloudkill","Hellfire"],"picked":"Summon_Death_Knight","floor":16.0},{"not_picked":["Chill_Blood","Spectral_Armor"],"picked":"Summon_Undead_Army","floor":18.0},{"not_picked":["Chill_Blood","Shackles_Of_Pain"],"picked":"Spectral_Walk","floor":19.0},{"not_picked":["Corrupt","Negative_Energy_Mist","Exploit"],"picked":"SKIP","floor":20.0},{"not_picked":["Negative_Energy_Shield","Bone_Armor","Whirlwind_of_Bones"],"picked":"SKIP","floor":21.0},{"not_picked":["Blood_Whip","Blood_Shield","Negative_Energy_Mist"],"picked":"SKIP","floor":22.0},{"not_picked":["Negative_Energy_Shield","Scare+1","Death_Coil"],"picked":"SKIP","floor":23.0},{"not_picked":["Uncharnel","Shackles_Of_Pain"],"picked":"Shade_Step","floor":25.0},{"not_picked":["Siphon_Strength","Consume_Illness","Exploit+1"],"picked":"SKIP","floor":27.0},{"not_picked":["Scare","Death_March_Dance+1","Flesh_Made_Foul+1"],"picked":"SKIP","floor":29.0},{"not_picked":["Blood_Wake+1","Reap_The_Weak+1"],"picked":"Hellfire+1","floor":33.0},{"not_picked":["Negative_Energy_Shield+1","Death_Coil+1","Negative_Energy_Sphere+1"],"picked":"SKIP","floor":35.0},{"not_picked":["Bone_Armor","Plague_Bolt+1"],"picked":"Negative_Energy_Burst+1","floor":36.0},{"not_picked":["Blood_Curse+1","Epidemic"],"picked":"Bone_Shift+1","floor":39},{"not_picked":["Finger_Of_Death+1","Corrupt+1","Blood_for_Blood"],"picked":"SKIP","floor":41},{"not_picked":["Life_Tap","Pandemic","Exploit+1"],"picked":"SKIP","floor":44},{"not_picked":["Blood_for_Blood","Negative_Energy_Shield+1"],"picked":"Negative_Energy_Burst+1","floor":45},{"not_picked":["Life_Tap","Toxic_Smoke_Screen+1","Shackles_Of_Pain+1"],"picked":"SKIP","floor":48}],"player_experience":301997,"relics_obtained":[{"floor":6.0,"key":"Mummified Hand"},{"floor":9.0,"key":"Bottled Lightning"},{"floor":10.0,"key":"Regal Pillow"},{"floor":13.0,"key":"FossilizedHelix"},{"floor":23.0,"key":"Bag of Marbles"},{"floor":26.0,"key":"Molten Egg 2"},{"floor":27.0,"key":"Bag of Preparation"},{"floor":31.0,"key":"Red Mask"},{"floor":38.0,"key":"Pear"},{"floor":41,"key":"Vajra"},{"floor":42,"key":"Centennial Puzzle"},{"floor":43,"key":"Ornamental Fan"},{"floor":45,"key":"Thread and Needle"},{"floor":47,"key":"Incense Burner"}],"event_choices":[{"damage_healed":17.0,"max_hp_gain":0.0,"max_hp_loss":0.0,"gold_gain":0.0,"event_name":"The Cleric","player_choice":"Healed","floor":8.0,"gold_loss":35.0,"damage_taken":0.0},{"damage_healed":0.0,"max_hp_gain":0.0,"max_hp_loss":0.0,"gold_gain":99.0,"event_name":"Nest","player_choice":"Stole From Cult","floor":30.0,"gold_loss":0.0,"damage_taken":0.0},{"damage_healed":0.0,"max_hp_gain":0.0,"max_hp_loss":0.0,"gold_gain":0.0,"event_name":"Masked Bandits","player_choice":"Fought Bandits","floor":31.0,"gold_loss":0.0,"damage_taken":0.0},{"cards_removed":["Defend_W"],"damage_healed":0.0,"max_hp_gain":0.0,"max_hp_loss":0.0,"gold_gain":0.0,"event_name":"Falling","player_choice":"Removed Skill","floor":37.0,"gold_loss":0.0,"damage_taken":0.0},{"damage_healed":0,"gold_gain":0,"player_choice":"Fight","damage_taken":0,"max_hp_gain":0,"max_hp_loss":0,"event_name":"Mysterious Sphere","floor":47,"gold_loss":0}],"is_beta":false,"boss_relics":[{"not_picked":["Astrolabe","Empty Cage"],"picked":"Sozu"},{"not_picked":["Fusion Hammer","Busted Crown"],"picked":"Tiny House"}],"items_purged_floors":[28,46],"is_endless":false,"potions_floor_spawned":[6,10,11,12,13,18,21,23,29,33,35,39,41,44,45],"ascension_level":14}}