{"host":"4krn2igabd8jt2kc","time":1611706309,"event":{"mods":["AchievementEnabler","BaseMod","Colored Map","Colored Powertips","Highlight Path","Minty Spire (QoL Compilation)"],"gold_per_floor":[114,130,130,144,21,51,51,51,74,74,349,44,60,70,70,70,70],"floor_reached":16,"language":"ENG","playtime":846,"items_purged":["Pain","Regret"],"score":165,"play_id":"e09a7495-8cce-4425-9f09-61f20dad32f4","local_time":"20210126191149","is_ascension_mode":true,"campfire_choices":[{"data":"FlurryOfBlows","floor":8,"key":"SMITH"},{"floor":10,"key":"REST"},{"floor":15,"key":"REST"}],"circlet_count":0,"master_deck":["AscendersBane","Strike_P","Strike_P","Strike_P","Strike_P","Defend_P","Defend_P","Defend_P","Eruption","Vigilance","BowlingBash","Prostrate","FollowUp","FlurryOfBlows+1","WaveOfTheHand","ClearTheMind","Conclude","FlurryOfBlows"],"relics":["PureWater","NeowsBlessing","WarpedTongs","Bag of Preparation","Pen Nib","Strange Spoon"],"acts_visited":["Exordium"],"potions_floor_usage":[13],"damage_taken":[{"damage":0,"enemies":"Cultist","floor":1,"turns":1},{"damage":0,"enemies":"Jaw Worm","floor":2,"turns":1},{"damage":0,"enemies":"Small Slimes","floor":4,"turns":1},{"damage":36,"enemies":"Lagavulin","floor":6,"turns":7},{"damage":0,"enemies":"3 Louse","floor":13,"turns":2},{"damage":11,"enemies":"Lots of Slimes","floor":14,"turns":3},{"damage":55,"enemies":"Hexaghost","floor":16,"turns":9}],"seed_played":"5983797902671426753","potions_obtained":[{"floor":2,"key":"GamblersBrew"}],"is_trial":false,"path_per_floor":["M","M","?","M","$","E","?","R","T","R","?","$","M","M","R","B"],"character_chosen":"WATCHER","items_purchased":["FlurryOfBlows","ClearTheMind","Strange Spoon"],"campfire_rested":2,"item_purchase_floors":[5,12,12],"current_hp_per_floor":[65,65,65,65,65,29,22,22,22,43,43,43,43,32,53,0,0],"gold":70,"neow_bonus":"THREE_ENEMY_KILL","is_daily":false,"chose_seed":false,"campfire_upgraded":1,"win_rate":0.0,"timestamp":1611706309,"path_taken":["M","?","?","M","?","E","?","R","T","R","?","$","M","M","R","BOSS"],"items_purchased_type":["Card","Card","Relic"],"build_version":"2020-12-22","purchased_purges":2,"victory":false,"max_hp_per_floor":[72,72,72,72,72,72,72,72,72,72,72,72,72,72,72,72,72],"card_choices":[{"not_picked":["JustLucky","Sanctity"],"picked":"BowlingBash","floor":1},{"not_picked":["SignatureMove","ForeignInfluence"],"picked":"Prostrate","floor":2},{"not_picked":["Consecrate","ClearTheMind"],"picked":"FollowUp","floor":4},{"not_picked":["BowlingBash","Perseverance"],"picked":"WaveOfTheHand","floor":6},{"not_picked":["Pray","ThirdEye"],"picked":"Conclude","floor":13},{"not_picked":["Swivel","TalkToTheHand"],"picked":"FlurryOfBlows","floor":14}],"player_experience":260154,"relics_obtained":[{"floor":6,"key":"Bag of Preparation"},{"floor":9,"key":"Pen Nib"}],"event_choices":[{"damage_healed":0,"gold_gain":0,"player_choice":"Rummage","damage_taken":0,"relics_obtained":["WarpedTongs"],"max_hp_gain":0,"max_hp_loss":0,"event_name":"Accursed Blacksmith","floor":3,"gold_loss":0,"cards_obtained":["Pain"]},{"cards_removed":["Defend_P"],"damage_healed":0,"gold_gain":0,"player_choice":"Card Removal","damage_taken":7,"max_hp_gain":0,"max_hp_loss":0,"event_name":"Golden Wing","floor":7,"gold_loss":0},{"damage_healed":0,"gold_gain":275,"player_choice":"Desecrate","damage_taken":0,"max_hp_gain":0,"max_hp_loss":0,"event_name":"Golden Shrine","floor":11,"gold_loss":0,"cards_obtained":["Regret"]}],"is_beta":false,"boss_relics":[],"items_purged_floors":[5,12],"is_endless":false,"potions_floor_spawned":[2],"killed_by":"Hexaghost","ascension_level":13}}