{"host":"e1pm3b7xpcm97e5w","time":1611763258,"event":{"mods":["BaseMod","Better Skull","Googly Eyes","Minty Spire (QoL Compilation)","Relic Stats","Shop Mod","Spicy Shops","StSLib"],"gold_per_floor":[16,16,91,108,7,7,49,49,76,101,101,136,136,159,159,240,321,345,369,397,86,115,115,115],"floor_reached":23,"language":"ENG","playtime":1213,"items_purged":["Strike_G"],"score":407,"play_id":"955c1961-a3a9-4108-8fa4-297a5a49db54","local_time":"20210127110058","is_ascension_mode":true,"campfire_choices":[{"data":"Neutralize","floor":6,"key":"SMITH"},{"data":"Bouncing Flask","floor":8,"key":"SMITH"},{"data":"Noxious Fumes","floor":13,"key":"SMITH"},{"data":"Accuracy","floor":15,"key":"SMITH"}],"circlet_count":0,"master_deck":["AscendersBane","Survivor","Neutralize+1","Venomology+1","Dodge and Roll","Flying Knee","Blade Dance","Bouncing Flask+1","Cloak And Dagger","Noxious Fumes+1","Accuracy+1","Wraith Form v2","Crippling Poison","Endless Agony","Storm of Steel","Venomology","Well Laid Plans","Phantasmal Killer","Cloak And Dagger","Escape Plan","Bouncing Flask","Cloak And Dagger","Cloak And Dagger+1","Cloak And Dagger","Footwork","Catalyst","Blade Dance+1"],"relics":["Ring of the Snake","CeramicFish","Orichalcum","Pear","Pandora\u0027s Box","TheAbacus"],"acts_visited":["Exordium","TheCity"],"potions_floor_usage":[7,7,7,14,16,18,18,19,19,20,20,22,22,22,22,23,23],"damage_taken":[{"damage":3,"enemies":"2 Louse","floor":1,"turns":3},{"damage":1,"enemies":"Small Slimes","floor":4,"turns":5},{"damage":16,"enemies":"Gremlin Nob","floor":7,"turns":4},{"damage":1,"enemies":"Jaw Worm","floor":10,"turns":2},{"damage":11,"enemies":"Lagavulin","floor":12,"turns":5},{"damage":2,"enemies":"3 Louse","floor":14,"turns":4},{"damage":2,"enemies":"The Guardian","floor":16,"turns":9},{"damage":0,"enemies":"3 Byrds","floor":18,"turns":4},{"damage":3,"enemies":"Shell Parasite","floor":19,"turns":3},{"damage":0,"enemies":"Centurion and Healer","floor":20,"turns":4},{"damage":7,"enemies":"Cultist and Chosen","floor":22,"turns":6},{"damage":62,"enemies":"Book of Stabbing","floor":23,"turns":5}],"seed_played":"-7729172330874126352","potions_obtained":[{"floor":4,"key":"Ancient Potion"},{"floor":14,"key":"Dexterity Potion"},{"floor":19,"key":"SkillPotion"}],"is_trial":false,"path_per_floor":["M","?","?","M","$","R","E","R","T","M","?","E","R","M","R","B",null,"M","M","M","$","M","E"],"character_chosen":"THE_SILENT","items_purchased":["Blade Dance","Footwork","Catalyst","TheAbacus"],"campfire_rested":0,"item_purchase_floors":[5,21,21,21],"current_hp_per_floor":[56,56,45,44,44,44,28,28,28,27,49,48,48,46,46,44,68,68,65,65,65,58,0,0],"gold":115,"neow_bonus":"THREE_RARE_CARDS","is_daily":false,"chose_seed":false,"campfire_upgraded":4,"win_rate":0.0,"timestamp":1611763258,"path_taken":["M","?","?","M","?","R","E","R","T","M","?","E","R","M","R","BOSS","M","M","M","$","M","E"],"items_purchased_type":["Card","Card","Card","Relic"],"build_version":"2020-12-22","purchased_purges":1,"victory":false,"max_hp_per_floor":[66,66,66,66,66,66,66,66,66,66,66,76,76,76,76,76,76,76,76,76,76,76,76,76],"relic_stats":{"TheAbacus":[6],"counters":[12,54],"CeramicFish":180,"Pandora\u0027s Box":["Crippling Poison","Endless Agony","Storm of Steel","Venomology","Well Laid Plans","Phantasmal Killer","Cloak And Dagger","Escape Plan","Bouncing Flask"],"Orichalcum":[78],"obtain_stats":[{"Pear":12,"TheAbacus":21,"CeramicFish":7,"Pandora\u0027s Box":17,"Orichalcum":9,"Ring of the Snake":0},{"Pear":5,"TheAbacus":10,"CeramicFish":3,"Pandora\u0027s Box":7,"Orichalcum":3,"Ring of the Snake":0},{"Pear":19,"TheAbacus":43,"CeramicFish":12,"Pandora\u0027s Box":32,"Orichalcum":12,"Ring of the Snake":0}],"Ring of the Snake":[25]},"card_choices":[{"not_picked":["Burst","Glass Knife"],"picked":"Venomology","floor":0},{"not_picked":["Blur","Eviscerate"],"picked":"Dodge and Roll","floor":1},{"not_picked":["Riddle With Holes","Reflex"],"picked":"Flying Knee","floor":4},{"not_picked":["Deadly Poison","Underhanded Strike"],"picked":"Bouncing Flask","floor":7},{"not_picked":["Flying Knee","Doppelganger"],"picked":"Cloak And Dagger","floor":10},{"not_picked":["Blade Dance","Backstab"],"picked":"Noxious Fumes","floor":12},{"not_picked":["Sucker Punch","Poisoned Stab"],"picked":"Accuracy","floor":14},{"not_picked":["A Thousand Cuts","Doppelganger"],"picked":"Wraith Form v2","floor":16},{"not_picked":["Slice","All Out Attack"],"picked":"Cloak And Dagger","floor":18},{"not_picked":["Acrobatics","Reflex"],"picked":"Cloak And Dagger+1","floor":19},{"not_picked":["PiercingWail","Crippling Poison"],"picked":"Cloak And Dagger","floor":20},{"not_picked":["Poisoned Stab+1","Deadly Poison"],"picked":"Blade Dance+1","floor":22}],"player_experience":595244,"relics_obtained":[{"floor":7,"key":"CeramicFish"},{"floor":9,"key":"Orichalcum"},{"floor":12,"key":"Pear"}],"event_choices":[{"damage_healed":0,"gold_gain":0,"player_choice":"Grow","damage_taken":0,"max_hp_gain":0,"max_hp_loss":0,"event_name":"Living Wall","floor":2,"gold_loss":0,"cards_upgraded":["Venomology"]},{"damage_healed":0,"gold_gain":75,"player_choice":"Gather Gold","damage_taken":11,"max_hp_gain":0,"max_hp_loss":0,"event_name":"World of Goop","floor":3,"gold_loss":0},{"damage_healed":22,"gold_gain":0,"player_choice":"Banana","damage_taken":0,"max_hp_gain":0,"max_hp_loss":0,"event_name":"Big Fish","floor":11,"gold_loss":0}],"is_beta":false,"boss_relics":[{"not_picked":["Runic Dome","Ectoplasm"],"picked":"Pandora\u0027s Box"}],"items_purged_floors":[5],"is_endless":false,"potions_floor_spawned":[4,12,14,19],"killed_by":"Book of Stabbing","ascension_level":18}}