{"host":"y1szee8ni6ct8kxl","time":1611717586,"event":{"mods":["BaseMod","Friendly Minions","Infinite Spire","Minty Spire (QoL Compilation)","Replay The Spire","StSLib","Td1madao Mod","The Disciple","The Druid","The Hierophant","The Judge","The Jungle","The Necromancer","The Servant 0.9.4"],"gold_per_floor":[116,39,39,49,9,9,28,57,83,83,102,120,138,138,138,237,237,248,248,263,263,263,263],"floor_reached":22,"language":"ENG","playtime":1854,"items_purged":[],"score":261,"play_id":"1dbb2689-0990-4929-983c-1702a9dc241f","local_time":"20210126221946","is_ascension_mode":false,"campfire_choices":[{"floor":6.0,"key":"RECALL"},{"data":"theDruid:BristlingDefense","floor":10,"key":"SMITH"},{"floor":15,"key":"REST"}],"circlet_count":0,"master_deck":["theDruid:Strike_O","theDruid:Strike_O","theDruid:Strike_O","theDruid:Strike_O","theDruid:Defend_O","theDruid:Defend_O","theDruid:Defend_O","theDruid:Defend_O","theDruid:BriarArmor","theDruid:WildSlash","theDruid:FeralPlants","theDruid:TakeShelter","theDruid:FeralPlants","theDruid:Guidance","theDruid:BristlingDefense+1","theDruid:Recoil","theDruid:IronbarkArmor","theDruid:Entangle","theDruid:HailofThorns","theDruid:ExposingSlash","theDruid:TakeShelter"],"relics":["theDruid:CrownOfTheWilds","MealTicket","Toy Ornithopter","Regal Pillow","SlaversCollar","StoneCalendar"],"acts_visited":["Exordium","TheCity"],"potions_floor_usage":[16,16,16,22],"damage_taken":[{"damage":3.0,"enemies":"2 Louse","floor":1.0,"turns":4.0},{"damage":0.0,"enemies":"infinitespire:Voidling","floor":4.0,"turns":3.0},{"damage":9,"enemies":"Jaw Worm","floor":7,"turns":8},{"damage":0,"enemies":"Replay:BlueRogue","floor":8,"turns":8},{"damage":9,"enemies":"Exordium Wildlife","floor":11,"turns":5},{"damage":19,"enemies":"Looter","floor":12,"turns":4},{"damage":5,"enemies":"Blue Slaver","floor":13,"turns":5},{"damage":0,"enemies":"Hexaghost","floor":16,"turns":9},{"damage":49,"enemies":"Chosen","floor":18,"turns":6},{"damage":24,"enemies":"Spheric Guardian","floor":20,"turns":7},{"damage":24,"enemies":"Snake Plant","floor":22,"turns":6}],"seed_played":"6654000123576097706","potions_obtained":[{"floor":11,"key":"FearPotion"},{"floor":12,"key":"LifebloodPotion"},{"floor":13,"key":"SkillPotion"},{"floor":16,"key":"FearPotion"},{"floor":18,"key":"BlessingOfTheForge"}],"is_trial":false,"path_per_floor":["M","$","?","M","$","R","M","E","T","R","M","M","M","?","R","B",null,"M","AVR","M","?","M"],"character_chosen":"DRUID","items_purchased":["theDruid:FeralPlants","theDruid:FeralPlants"],"campfire_rested":1,"item_purchase_floors":[2,5],"current_hp_per_floor":[79,79,79,79,82,82,73,73,73,73,64,45,43,43,82,82,82,33,33,12,12,0,0],"gold":263,"neow_bonus":"TEN_PERCENT_HP_BONUS","is_daily":false,"chose_seed":false,"campfire_upgraded":1,"win_rate":0.0,"timestamp":1611717586,"path_taken":["M","$","?","M","$","R","M","E","T","R","M","?","M","?","R","BOSS","M","AVR","M","?","M"],"items_purchased_type":["Card","Card"],"build_version":"2020-12-22","purchased_purges":0,"victory":false,"max_hp_per_floor":[82,82,82,82,82,82,82,82,82,82,82,82,82,82,82,82,82,82,82,82,82,82,82],"card_choices":[{"not_picked":["theDruid:ThornStrike","theDruid:Stampede"],"picked":"theDruid:PlagueClaw","floor":1.0},{"not_picked":["theDruid:Slingshot","theDruid:FeralPlants"],"picked":"theDruid:TakeShelter","floor":4.0},{"not_picked":["theDruid:Moonbeam","theDruid:AstralShield"],"picked":"theDruid:Guidance","floor":7},{"not_picked":["theDruid:InsectSwarm","theDruid:Untamed"],"picked":"theDruid:BristlingDefense","floor":8},{"not_picked":["theDruid:Moonbeam","theDruid:Resupply"],"picked":"theDruid:Recoil","floor":11},{"not_picked":["theDruid:BristlingBulwark","theDruid:PouncingStrike"],"picked":"theDruid:IronbarkArmor","floor":12},{"not_picked":["theDruid:ForestsSoul","theDruid:Recoil"],"picked":"theDruid:Entangle","floor":13},{"not_picked":["theDruid:IronbarkArmor","theDruid:TwinStars"],"picked":"theDruid:HailofThorns","floor":16},{"not_picked":["theDruid:Adaptation","theDruid:Stampede+1"],"picked":"theDruid:ExposingSlash","floor":18},{"not_picked":["theDruid:ThornStrike","theDruid:Resupply"],"picked":"theDruid:TakeShelter","floor":20}],"player_experience":44475,"relics_obtained":[{"floor":8,"key":"Toy Ornithopter"},{"floor":9,"key":"Regal Pillow"}],"event_choices":[{"cards_removed":["theDruid:PlagueClaw"],"damage_healed":0.0,"max_hp_gain":0.0,"max_hp_loss":0.0,"gold_gain":0.0,"event_name":"WeMeetAgain","player_choice":"Gave Card","floor":3.0,"gold_loss":0.0,"damage_taken":0.0,"relics_obtained":["MealTicket"]},{"damage_healed":0,"gold_gain":0,"player_choice":"Ignored","damage_taken":0,"max_hp_gain":0,"max_hp_loss":0,"event_name":"Shining Light","floor":14,"gold_loss":0},{"damage_healed":0,"gold_gain":0,"player_choice":"Ignored","damage_taken":0,"max_hp_gain":0,"max_hp_loss":0,"event_name":"Beggar","floor":21,"gold_loss":0}],"is_beta":false,"boss_relics":[{"not_picked":["Kintsugi","Runic Pyramid"],"picked":"SlaversCollar"}],"items_purged_floors":[],"is_endless":false,"potions_floor_spawned":[11,12,13,16,18],"killed_by":"Snake Plant","ascension_level":0}}