{"host":"6xsbn6ynqlzwllfm","time":1611771456,"event":{"mods":["2.2 Compatiblity","BaseMod","Bestiary","Colored Map","Colored Powertips","Curses Come First","Highlight Path","Keyboard Shortcuts","Minty Spire (QoL Compilation)","Relic Stats","Slay the Relics Exporter","StSLib","SuperFastMode"],"gold_per_floor":[117,135,147,147,159,186,186,213,294,294,328,328,38,55,55,133,133,143,154,154,54,87,87,99,127,150,166,166,180,180,213,213,288,288,300,318,328,38,48,83,83,305,305,305,155,170,181,215,215,215,215,215],"floor_reached":51,"language":"ENG","playtime":2816,"items_purged":["Strike_G","Writhe","Strike_G","Strike_G"],"score":1614,"play_id":"a2b56c30-559b-4a47-8c2a-98851ceaeed6","local_time":"20210127131736","is_ascension_mode":true,"campfire_choices":[{"floor":7,"key":"REST"},{"data":"Catalyst","floor":10,"key":"SMITH"},{"floor":12,"key":"REST"},{"data":"Noxious Fumes","floor":15,"key":"SMITH"},{"data":"Wraith Form v2","floor":23,"key":"SMITH"},{"data":"Well Laid Plans","floor":28,"key":"SMITH"},{"floor":30,"key":"REST"},{"floor":32,"key":"REST"},{"floor":41,"key":"REST"},{"floor":44,"key":"REST"},{"floor":49,"key":"REST"}],"circlet_count":0,"master_deck":["AscendersBane","Strike_G+1","Strike_G+1","Defend_G","Defend_G","Defend_G","Defend_G","Defend_G","Survivor","Neutralize","Deadly Poison","Noxious Fumes+1","Catalyst+1","Deadly Poison","Leg Sweep","Wraith Form v2+1","Backflip","Calculated Gamble","Die Die Die","Poisoned Stab+1","Well Laid Plans+1","PiercingWail","Acrobatics+1","Tactician","Malaise","Catalyst","Concentrate","Wraith Form v2+1","Backflip","Corpse Explosion","Backflip","Blur"],"relics":["Ring of the Snake","Whetstone","Nunchaku","Akabeko","Gremlin Horn","Oddly Smooth Stone","Lee\u0027s Waffle","Sozu","Prayer Wheel","Red Mask","Du-Vu Doll","Tiny Chest","Omamori","Velvet Choker","DollysMirror","Dead Branch","Mummified Hand","Pen Nib"],"acts_visited":["Exordium","TheCity","TheBeyond"],"potions_floor_usage":[6,11],"damage_taken":[{"damage":1,"enemies":"Cultist","floor":1,"turns":4},{"damage":4,"enemies":"Small Slimes","floor":2,"turns":3},{"damage":7,"enemies":"Jaw Worm","floor":3,"turns":4},{"damage":12,"enemies":"Red Slaver","floor":5,"turns":4},{"damage":26,"enemies":"Gremlin Nob","floor":6,"turns":4},{"damage":22,"enemies":"3 Sentries","floor":11,"turns":8},{"damage":2,"enemies":"Gremlin Gang","floor":14,"turns":6},{"damage":0,"enemies":"The Guardian","floor":16,"turns":7},{"damage":3,"enemies":"3 Byrds","floor":18,"turns":5},{"damage":6,"enemies":"Spheric Guardian","floor":19,"turns":4},{"damage":31,"enemies":"Masked Bandits","floor":22,"turns":6},{"damage":10,"enemies":"Centurion and Healer","floor":24,"turns":6},{"damage":2,"enemies":"Book of Stabbing","floor":25,"turns":5},{"damage":2,"enemies":"3 Cultists","floor":27,"turns":5},{"damage":0,"enemies":"Snecko","floor":29,"turns":3},{"damage":4,"enemies":"Gremlin Leader","floor":31,"turns":4},{"damage":17,"enemies":"Automaton","floor":33,"turns":9},{"damage":0,"enemies":"3 Shapes","floor":35,"turns":2},{"damage":1,"enemies":"Orb Walker","floor":36,"turns":4},{"damage":20,"enemies":"Maw","floor":37,"turns":5},{"damage":3,"enemies":"3 Darklings","floor":39,"turns":6},{"damage":24,"enemies":"Giant Head","floor":40,"turns":9},{"damage":3,"enemies":"Spire Growth","floor":46,"turns":6},{"damage":1,"enemies":"Sphere and 2 Shapes","floor":47,"turns":5},{"damage":0,"enemies":"Reptomancer","floor":48,"turns":5},{"damage":55,"enemies":"Time Eater","floor":50,"turns":12},{"damage":27,"enemies":"Donu and Deca","floor":51,"turns":3}],"seed_played":"-2476984350689239433","potions_obtained":[{"floor":3,"key":"EssenceOfSteel"},{"floor":6,"key":"Explosive Potion"}],"is_trial":false,"path_per_floor":["M","M","M","?","M","E","R","T","T","R","E","R","$","M","R","B",null,"M","M","?","$","?","R","M","E","T","M","R","M","R","E","R","B",null,"M","M","M","$","M","E","R","?","T","R","$","M","M","E","R","B","B"],"character_chosen":"THE_SILENT","items_purchased":["Lee\u0027s Waffle","Backflip","DollysMirror"],"campfire_rested":7,"item_purchase_floors":[13,13,38],"current_hp_per_floor":[58,54,47,47,35,9,28,28,28,28,6,25,73,71,71,71,73,70,64,64,64,33,33,23,21,21,19,19,19,40,36,57,40,65,65,64,44,44,41,17,38,38,38,59,59,56,55,55,73,18,0,0],"gold":215,"neow_bonus":"RANDOM_COMMON_RELIC","is_daily":false,"chose_seed":false,"campfire_upgraded":4,"win_rate":0.0,"timestamp":1611771456,"path_taken":["M","M","?","?","M","E","R","?","T","R","E","R","$","?","R","BOSS","M","?","?","$","?","R","M","E","T","M","R","M","R","E","R","BOSS","M","M","M","$","M","E","R","?","T","R","$","M","M","E","R","BOSS","BOSS"],"items_purchased_type":["Relic","Card","Relic"],"build_version":"2020-12-22","purchased_purges":4,"victory":false,"max_hp_per_floor":[66,66,66,66,66,66,66,66,66,66,66,66,73,73,73,73,73,73,73,73,73,73,73,73,73,73,73,73,73,73,73,73,73,73,73,73,73,73,73,73,73,73,73,73,73,73,73,73,73,73,73,73],"relic_stats":{"Lee\u0027s Waffle":48,"Gremlin Horn":[26,26],"counters":[27,144],"Dead Branch":[33],"Pen Nib":[1],"Whetstone":["Strike_G","Strike_G"],"Sozu":7,"Nunchaku":[14],"Mummified Hand":[35],"Prayer Wheel":9,"Tiny Chest":0,"obtain_stats":[{"Lee\u0027s Waffle":13,"Gremlin Horn":9,"Dead Branch":40,"Oddly Smooth Stone":11,"Velvet Choker":34,"Pen Nib":48,"Omamori":31,"Whetstone":0,"Akabeko":8,"Sozu":17,"Du-Vu Doll":25,"Nunchaku":6,"DollysMirror":38,"Mummified Hand":43,"Prayer Wheel":20,"Tiny Chest":26,"Red Mask":22,"Ring of the Snake":0},{"Lee\u0027s Waffle":6,"Gremlin Horn":5,"Dead Branch":22,"Oddly Smooth Stone":6,"Velvet Choker":17,"Pen Nib":25,"Omamori":16,"Whetstone":0,"Akabeko":5,"Sozu":8,"Du-Vu Doll":13,"Nunchaku":5,"DollysMirror":20,"Mummified Hand":22,"Prayer Wheel":10,"Tiny Chest":13,"Red Mask":11,"Ring of the Snake":0},{"Lee\u0027s Waffle":27,"Gremlin Horn":19,"Dead Branch":113,"Oddly Smooth Stone":27,"Velvet Choker":87,"Pen Nib":129,"Omamori":78,"Whetstone":0,"Akabeko":19,"Sozu":40,"Du-Vu Doll":66,"Nunchaku":19,"DollysMirror":98,"Mummified Hand":113,"Prayer Wheel":49,"Tiny Chest":66,"Red Mask":55,"Ring of the Snake":0}],"Ring of the Snake":[54]},"card_choices":[{"not_picked":["Quick Slash","Outmaneuver"],"picked":"Deadly Poison","floor":1},{"not_picked":["Deadly Poison","Backflip"],"picked":"Noxious Fumes","floor":2},{"not_picked":["Crippling Poison","Night Terror"],"picked":"Catalyst","floor":3},{"not_picked":["Deflect","Sucker Punch"],"picked":"Deadly Poison","floor":5},{"not_picked":["Poisoned Stab","Caltrops"],"picked":"Leg Sweep","floor":6},{"not_picked":["Riddle With Holes","Deflect"],"picked":"Wraith Form v2","floor":11},{"not_picked":["Underhanded Strike","Slice"],"picked":"Calculated Gamble","floor":14},{"not_picked":["Envenom","Bullet Time"],"picked":"Die Die Die","floor":16},{"not_picked":["Acrobatics","Bane"],"picked":"Poisoned Stab+1","floor":18},{"not_picked":["Terror","Finisher+1"],"picked":"Well Laid Plans","floor":19},{"not_picked":["Dodge and Roll","Quick Slash"],"picked":"PiercingWail","floor":22},{"not_picked":["Sucker Punch","Flying Knee+1"],"picked":"Acrobatics+1","floor":24},{"not_picked":["Poisoned Stab","Outmaneuver"],"picked":"Tactician","floor":24},{"not_picked":["Sucker Punch","Deflect+1","Dagger Spray"],"picked":"SKIP","floor":25},{"not_picked":["Tactician","Blade Dance","Prepared"],"picked":"SKIP","floor":29},{"not_picked":["Deflect","Underhanded Strike","Deadly Poison"],"picked":"SKIP","floor":29},{"not_picked":["Cloak And Dagger","Phantasmal Killer","Acrobatics"],"picked":"SKIP","floor":31},{"not_picked":["Venomology","Phantasmal Killer"],"picked":"Malaise","floor":33},{"not_picked":["Dagger Throw","Poisoned Stab"],"picked":"Catalyst","floor":36},{"not_picked":["Deflect+1","Setup"],"picked":"Concentrate","floor":36},{"not_picked":["Outmaneuver","Dodge and Roll+1"],"picked":"Backflip","floor":39},{"not_picked":["All Out Attack","Predator+1"],"picked":"Corpse Explosion","floor":40},{"not_picked":["Poisoned Stab","Quick Slash"],"picked":"Backflip","floor":46},{"not_picked":["Dodge and Roll","Backstab+1"],"picked":"Blur","floor":47},{"not_picked":["PiercingWail","Bane","Blade Dance+1"],"picked":"SKIP","floor":47}],"player_experience":1163839,"relics_obtained":[{"floor":6,"key":"Nunchaku"},{"floor":8,"key":"Akabeko"},{"floor":9,"key":"Gremlin Horn"},{"floor":11,"key":"Oddly Smooth Stone"},{"floor":22,"key":"Red Mask"},{"floor":25,"key":"Du-Vu Doll"},{"floor":26,"key":"Tiny Chest"},{"floor":31,"key":"Omamori"},{"floor":40,"key":"Dead Branch"},{"floor":43,"key":"Mummified Hand"},{"floor":48,"key":"Pen Nib"}],"event_choices":[{"damage_healed":0,"gold_gain":0,"player_choice":"Ignored","damage_taken":0,"max_hp_gain":0,"max_hp_loss":0,"event_name":"Liars Game","floor":4,"gold_loss":0},{"damage_healed":0,"gold_gain":0,"player_choice":"Opened","damage_taken":0,"relics_obtained":["Prayer Wheel"],"max_hp_gain":0,"max_hp_loss":0,"event_name":"The Mausoleum","floor":20,"gold_loss":0,"cards_obtained":["Writhe"]},{"damage_healed":0,"gold_gain":0,"player_choice":"Fought Bandits","damage_taken":0,"max_hp_gain":0,"max_hp_loss":0,"event_name":"Masked Bandits","floor":22,"gold_loss":0},{"damage_healed":0,"gold_gain":222,"player_choice":"Wore Mask","damage_taken":0,"max_hp_gain":0,"max_hp_loss":0,"event_name":"Tomb of Lord Red Mask","floor":42,"gold_loss":0}],"is_beta":false,"boss_relics":[{"not_picked":["Busted Crown","HoveringKite"],"picked":"Sozu"},{"not_picked":["Runic Dome","WristBlade"],"picked":"Velvet Choker"}],"items_purged_floors":[13,21,38,45],"is_endless":false,"potions_floor_spawned":[3,6,19,22,25,27,33,35,47],"killed_by":"Donu and Deca","ascension_level":20}}