{"host":"jfbo3eu2ui08ej1u","time":1611718741,"event":{"mods":["2.2 Compatiblity","AchievementEnabler","Act Like it!","Aspiration","BaseMod","Better Altar","Better Match","Better Note","Better Sensory Stone","Better Skull","Better Third Choice","Block Reminder","Colored Map","Colored Powertips","Conspire","DeckTracker","Displayed Cursed Tome","Energized Spire","Fox Events","GifTheSpireLib","Hubris","Infinite Spire","Marked Mod","Minty Spire (QoL Compilation)","Pale of the Ancients","Poor People Problems","Quick Restart","Relic Filter","Reliquary","Reorder Act Four","Replay The Spire","Shop Mod","Spicy Shops","Spire Arcade","StSLib","Stuff the Spire","The Blue Laboratory","The Disciple","The Forsaken","The Hierophant","The Marked","Uncapped","Unceasing Turn Reminder","Wandering Minibosses"],"gold_per_floor":[216,234,46,46,46,46,46,46,46,75,75,75,101,113,113,160,160,231,231,247,247,17,17,30,65,80,80,103,103,119,153,172,172,172],"floor_reached":33,"language":"ENG","playtime":1157,"items_purged":["Strike_R"],"score":582,"play_id":"5736c3ec-45c7-4b62-bcf3-54d0f4041ec7","local_time":"20210126223901","is_ascension_mode":true,"campfire_choices":[{"data":"Bash","floor":6.0,"key":"SMITH"},{"data":"The Bomb","floor":9.0,"key":"SMITH"},{"data":"Heavy Blade","floor":17.0,"key":"SMITH"},{"data":"Clothesline","floor":27.0,"key":"SMITH"},{"data":"StuffTheSpire:Resist","floor":29.0,"key":"SMITH"}],"circlet_count":0,"master_deck":["AscendersBane","Strike_R","Strike_R","Strike_R","Strike_R","Defend_R","Defend_R","Defend_R","Defend_R","Bash+1","Warcry","The Bomb+1","StuffTheSpire:Incineration","Flame Barrier","Heavy Blade+1","Sever Soul+1","Exhume","Whirlwind","Flex","StuffTheSpire:Resist+1","Flex","Impervious","Clothesline+1","StuffTheSpire:Incineration","Blood for Blood","Barricade"],"relics":["Burning Blood","Ring of Misfortune","ReplayTheSpireMod:Ring of Exchange","hubris:Teleporter","infinitespire:Joker Card","infinitespire:EmpoweringShard","aspiration:ChemicalBlood","Snecko Eye","Vajra","wanderingMiniBosses:Inkheart","Replay:Wax Seal"],"acts_visited":["Exordium","TheCity"],"potions_floor_usage":[33],"damage_taken":[{"damage":18.0,"enemies":"Small Slimes","floor":1.0,"turns":6.0},{"damage":4.0,"enemies":"2 Louse","floor":2.0,"turns":4.0},{"damage":15.0,"enemies":"Lagavulin","floor":10.0,"turns":7.0},{"damage":12.0,"enemies":"3 Sentries","floor":13.0,"turns":3.0},{"damage":1.0,"enemies":"Cultist","floor":14.0,"turns":3.0},{"damage":39.0,"enemies":"Hexaghost","floor":18.0,"turns":9.0},{"damage":6.0,"enemies":"conspire:FuzzyDice","floor":20.0,"turns":7.0},{"damage":24.0,"enemies":"Shell Parasite","floor":24.0,"turns":4.0},{"damage":3.0,"enemies":"conspire:Head Lice","floor":25.0,"turns":3.0},{"damage":0.0,"enemies":"Snake Plant","floor":26.0,"turns":3.0},{"damage":28.0,"enemies":"Shelled Parasite and Fungi","floor":30.0,"turns":7.0},{"damage":26.0,"enemies":"Replay:Snechameleon","floor":31.0,"turns":4.0},{"damage":0.0,"enemies":"Chosen and Byrds","floor":32.0,"turns":5.0},{"damage":33,"enemies":"Slavers","floor":33,"turns":3}],"seed_played":"-278765243442210564","potions_obtained":[{"floor":10.0,"key":"DistilledChaos"},{"floor":14.0,"key":"BlessingOfTheForge"},{"floor":18.0,"key":"blueLaboratory:BottleOfRum"},{"floor":24.0,"key":"blueLaboratory:IronCompound"},{"floor":25.0,"key":"Ancient Potion"},{"floor":26.0,"key":"Regen Potion"},{"floor":30.0,"key":"blueLaboratory:AbyssPotion"},{"floor":30.0,"key":"blueLaboratory:FruitPunch"}],"is_trial":false,"path_per_floor":["M","M","$","?","?","R","PTL","PTL","R","E","T","?","E","M","?","T","R","B",null,"M","?","$","?","M","E","M","R","T","R","M","E","M","E"],"character_chosen":"IRONCLAD","items_purchased":["The Bomb","Flex","StuffTheSpire:Resist"],"campfire_rested":0,"item_purchase_floors":[3,22,22],"current_hp_per_floor":[56,58,58,58,51,51,51,51,51,42,42,44,38,43,43,43,43,10,59,59,59,59,59,41,44,50,50,50,50,43,25,31,0,0],"gold":172,"neow_bonus":"HUNDRED_GOLD","is_daily":false,"chose_seed":false,"campfire_upgraded":5,"win_rate":0.0,"timestamp":1611718741,"path_taken":["M","M","$","?","?","R","PTL","PTL","R","E","T","?","E","?","?","?","R","BOSS","M","?","$","?","?","E","M","R","T","R","M","E","M","E"],"items_purchased_type":["Card","Card","Card"],"build_version":"2020-12-22","purchased_purges":1,"victory":false,"max_hp_per_floor":[75,75,75,75,75,75,75,75,75,75,75,75,75,75,75,75,75,75,75,75,75,75,75,75,75,75,75,75,75,75,77,77,77,77],"card_choices":[{"not_picked":["Sword Boomerang","Body Slam"],"picked":"Headbutt","floor":1.0},{"not_picked":["Ghostly Armor","Seeing Red"],"picked":"Warcry","floor":2.0},{"not_picked":["Searing Blow","Limit Break"],"picked":"StuffTheSpire:Incineration","floor":10.0},{"not_picked":["Cleave","Flex"],"picked":"Flame Barrier","floor":13.0},{"not_picked":["ReplayReversal","Iron Wave"],"picked":"Heavy Blade","floor":14.0},{"not_picked":["Corruption","StuffTheSpire:TitanForm"],"picked":"Exhume","floor":18.0},{"not_picked":["StuffTheSpire:RagingBull","Thunderclap"],"picked":"Whirlwind","floor":20.0},{"not_picked":["StuffTheSpire:BloodClot","Clash","Second Wind"],"picked":"SKIP","floor":24.0},{"not_picked":["ReplayTheSpireMod:Limb From Limb","Ghostly Armor+1"],"picked":"Impervious","floor":25.0},{"not_picked":["Run Through+1","Twin Strike"],"picked":"Clothesline","floor":26.0},{"not_picked":["Pommel Strike","Wild Strike"],"picked":"StuffTheSpire:Incineration","floor":30.0},{"not_picked":["Defy Death","Burning Pact"],"picked":"Blood for Blood","floor":31.0},{"not_picked":["Sentinel","Warcry"],"picked":"Barricade","floor":32.0}],"player_experience":1230872,"relics_obtained":[{"floor":4.0,"key":"Ring of Misfortune"},{"floor":4.0,"key":"ReplayTheSpireMod:Ring of Exchange"},{"floor":10.0,"key":"hubris:Teleporter"},{"floor":11.0,"key":"infinitespire:Joker Card"},{"floor":13.0,"key":"infinitespire:EmpoweringShard"},{"floor":16.0,"key":"aspiration:ChemicalBlood"},{"floor":28.0,"key":"Vajra"},{"floor":30.0,"key":"wanderingMiniBosses:Inkheart"},{"floor":31.0,"key":"Replay:Wax Seal"}],"event_choices":[{"cards_removed":["Doubt"],"damage_healed":0.0,"max_hp_gain":0.0,"max_hp_loss":0.0,"gold_gain":0.0,"event_name":"Golden Wing","player_choice":"Card Removal","floor":5.0,"gold_loss":0.0,"damage_taken":7.0},{"damage_healed":2.0,"max_hp_gain":0.0,"max_hp_loss":0.0,"gold_gain":0.0,"event_name":"betterSkull:BetterSkull","player_choice":"LEAVE ","floor":12.0,"gold_loss":0.0,"damage_taken":0.0,"cards_upgraded":[],"relics_obtained":[]},{"damage_healed":0.0,"max_hp_gain":0.0,"max_hp_loss":0.0,"gold_gain":0.0,"event_name":"Duplicator","player_choice":"Copied","floor":23.0,"gold_loss":0.0,"damage_taken":0.0,"cards_obtained":["Flex"]}],"is_beta":false,"boss_relics":[{"not_picked":["energizedSpire:NeverEndingSparkler","Sling"],"picked":"Snecko Eye"}],"items_purged_floors":[22],"is_endless":false,"potions_floor_spawned":[10,14,25,26,30],"killed_by":"Slavers","ascension_level":20}}