{"host":"h6t8hbb65u5mbq7r","time":1611778580,"event":{"mods":["AchievementEnabler","BaseMod","Colored Map","Minty Spire (QoL Compilation)","StSLib","SuperFastMode"],"gold_per_floor":[116,116,391,266,285,312,312,325,325,351,363,378,391,410,410,489,489,502,514,329,346,9,42,42,72,72,72,102,116,116,134,134,205,205,221,238,113,164,14,14,26,26,52,70,81,81,28,44,44,44,44,44],"floor_reached":51,"language":"JPN","playtime":1760,"items_purged":["Regret","Strike_G","Strike_G","Strike_G"],"score":1467,"play_id":"415ce38e-d9fe-48a4-96d0-4bc2ec948128","local_time":"20210128051620","is_ascension_mode":true,"campfire_choices":[{"data":"Accuracy","floor":7.0,"key":"SMITH"},{"data":"Dagger Spray","floor":15.0,"key":"SMITH"},{"floor":24.0,"key":"DIG"},{"floor":27.0,"key":"DIG"},{"floor":32.0,"key":"REST"},{"data":"Phantasmal Killer","floor":40.0,"key":"SMITH"},{"floor":42.0,"key":"REST"},{"floor":46,"key":"DIG"},{"floor":49,"key":"REST"}],"circlet_count":0,"master_deck":["AscendersBane","Strike_G","Strike_G","Defend_G","Defend_G","Defend_G","Defend_G","Defend_G","Survivor","Neutralize","Dagger Spray+1","Blade Dance","Dagger Throw","Accuracy+1","Cloak And Dagger","PiercingWail","Blade Dance","Blade Dance","Infinite Blades","Adrenaline","Backflip+1","Phantasmal Killer+1","PiercingWail+1"],"relics":["Ring of the Snake","NeowsBlessing","Lizard Tail","Bronze Scales","Kunai","Singing Bowl","SlaversCollar","Sling","Nunchaku","Shovel","Toy Ornithopter","Girya","Pocketwatch","Boot","Regal Pillow","MutagenicStrength","Runic Pyramid","Mango","Centennial Puzzle","Ninja Scroll"],"acts_visited":["Exordium","TheCity","TheBeyond"],"potions_floor_usage":[50,50],"damage_taken":[{"damage":0.0,"enemies":"Small Slimes","floor":1.0,"turns":1.0},{"damage":0.0,"enemies":"2 Louse","floor":5.0,"turns":1.0},{"damage":0.0,"enemies":"3 Sentries","floor":6.0,"turns":1.0},{"damage":0.0,"enemies":"Cultist","floor":8.0,"turns":2.0},{"damage":3.0,"enemies":"Gremlin Nob","floor":10.0,"turns":4.0},{"damage":8.0,"enemies":"Gremlin Gang","floor":11.0,"turns":4.0},{"damage":0.0,"enemies":"2 Fungi Beasts","floor":12.0,"turns":2.0},{"damage":0.0,"enemies":"Looter","floor":13.0,"turns":3.0},{"damage":3.0,"enemies":"Exordium Thugs","floor":14.0,"turns":4.0},{"damage":34.0,"enemies":"Slime Boss","floor":16.0,"turns":11.0},{"damage":21.0,"enemies":"2 Thieves","floor":18.0,"turns":4.0},{"damage":4.0,"enemies":"Spheric Guardian","floor":19.0,"turns":3.0},{"damage":4.0,"enemies":"Chosen and Byrds","floor":21.0,"turns":7.0},{"damage":9.0,"enemies":"Slavers","floor":23.0,"turns":4.0},{"damage":2.0,"enemies":"Book of Stabbing","floor":25.0,"turns":4.0},{"damage":10.0,"enemies":"Slavers","floor":28.0,"turns":4.0},{"damage":18.0,"enemies":"Snake Plant","floor":29.0,"turns":3.0},{"damage":7.0,"enemies":"Snecko","floor":31.0,"turns":5.0},{"damage":60.0,"enemies":"Automaton","floor":33.0,"turns":9.0},{"damage":6.0,"enemies":"Orb Walker","floor":35.0,"turns":3.0},{"damage":29.0,"enemies":"3 Shapes","floor":36.0,"turns":3.0},{"damage":48.0,"enemies":"2 Orb Walkers","floor":38.0,"turns":7.0},{"damage":18.0,"enemies":"Sphere and 2 Shapes","floor":41.0,"turns":7.0},{"damage":36,"enemies":"Transient","floor":44,"turns":6},{"damage":4,"enemies":"Spire Growth","floor":45,"turns":3},{"damage":0,"enemies":"3 Darklings","floor":48,"turns":5},{"damage":117,"enemies":"Time Eater","floor":50,"turns":12},{"damage":22,"enemies":"Donu and Deca","floor":51,"turns":4}],"seed_played":"901505420238283729","potions_obtained":[{"floor":6.0,"key":"GhostInAJar"},{"floor":10.0,"key":"FearPotion"},{"floor":13.0,"key":"Explosive Potion"},{"floor":14.0,"key":"Regen Potion"},{"floor":18.0,"key":"Regen Potion"},{"floor":29.0,"key":"PowerPotion"},{"floor":33.0,"key":"Regen Potion"},{"floor":36.0,"key":"Weak Potion"},{"floor":38.0,"key":"SkillPotion"},{"floor":45,"key":"FearPotion"},{"floor":48,"key":"SteroidPotion"}],"is_trial":false,"path_per_floor":["M","?","?","$","M","E","R","M","T","E","M","M","M","M","R","B",null,"M","M","$","M","$","E","R","E","T","R","E","M","?","M","R","B",null,"M","M","$","?","$","R","M","R","T","M","M","R","$","M","R","B","B"],"character_chosen":"THE_SILENT","items_purchased":["Blade Dance","Regen Potion","Sling","Nunchaku","Swift Potion"],"campfire_rested":3,"item_purchase_floors":[4,20,22,22,47],"current_hp_per_floor":[59,41,41,41,41,41,41,41,41,38,30,30,30,29,29,10,54,35,31,31,29,29,34,34,34,34,34,26,10,10,10,49,9,64,60,33,33,20,20,20,9,55,55,19,17,17,17,19,66,18,0,0],"gold":44,"neow_bonus":"THREE_ENEMY_KILL","is_daily":false,"chose_seed":false,"campfire_upgraded":3,"win_rate":0.0,"timestamp":1611778580,"path_taken":["M","?","?","$","M","E","R","M","T","E","?","M","M","M","R","BOSS","M","M","$","M","$","E","R","E","T","R","E","?","?","M","R","BOSS","M","M","$","?","?","R","?","R","T","M","M","R","$","M","R","BOSS","BOSS"],"items_purchased_type":["Card","Potion","Relic","Relic","Potion"],"build_version":"2020-12-22","purchased_purges":4,"victory":false,"max_hp_per_floor":[66,66,66,66,66,66,66,66,66,66,66,66,66,68,68,68,68,70,70,70,72,72,74,74,76,76,76,78,80,80,82,82,82,82,84,86,86,102,102,102,104,104,104,104,106,106,106,108,108,108,108,108],"card_choices":[{"not_picked":["Concentrate","Escape Plan"],"picked":"Dagger Spray","floor":1.0},{"not_picked":["Underhanded Strike","Skewer"],"picked":"Dagger Throw","floor":5.0},{"not_picked":["Dagger Throw","Blade Dance"],"picked":"Accuracy","floor":6.0},{"not_picked":["Escape Plan","Deadly Poison"],"picked":"Cloak And Dagger","floor":8.0},{"not_picked":["Grand Finale","All Out Attack"],"picked":"PiercingWail","floor":10.0},{"not_picked":["All Out Attack","Slice"],"picked":"Blade Dance","floor":11.0},{"not_picked":["Underhanded Strike","Dodge and Roll"],"picked":"Blade Dance","floor":12.0},{"not_picked":["Skewer","Deflect"],"picked":"Infinite Blades","floor":13.0},{"not_picked":["Bullet Time","Crippling Poison","Distraction"],"picked":"Singing Bowl","floor":14.0},{"not_picked":["Die Die Die","Wraith Form v2"],"picked":"Adrenaline","floor":16.0},{"not_picked":["Setup","Choke","Riddle With Holes"],"picked":"Singing Bowl","floor":18.0},{"not_picked":["Blade Dance+1","Leg Sweep"],"picked":"Backflip+1","floor":19.0},{"not_picked":["Quick Slash","Blade Dance","Distraction"],"picked":"Singing Bowl","floor":21.0},{"not_picked":["Tactician","Bullet Time","Dagger Spray"],"picked":"Singing Bowl","floor":23.0},{"not_picked":["Blade Dance","Expertise","Catalyst+1"],"picked":"Singing Bowl","floor":25.0},{"not_picked":["Expertise","Bane","Dodge and Roll"],"picked":"Singing Bowl","floor":28.0},{"not_picked":["Slice","Underhanded Strike","Riddle With Holes"],"picked":"Singing Bowl","floor":29.0},{"not_picked":["PiercingWail","Poisoned Stab","Dagger Spray"],"picked":"Singing Bowl","floor":31.0},{"not_picked":["After Image","Glass Knife"],"picked":"Phantasmal Killer","floor":33.0},{"not_picked":["Bane+1","Distraction","Well Laid Plans"],"picked":"Singing Bowl","floor":35.0},{"not_picked":["Backflip","PiercingWail","Expertise"],"picked":"Singing Bowl","floor":36.0},{"not_picked":["Acrobatics","Flying Knee","Cloak And Dagger"],"picked":"Singing Bowl","floor":38.0},{"not_picked":["Tools of the Trade","Choke","Caltrops"],"picked":"Singing Bowl","floor":41.0},{"not_picked":["Well Laid Plans+1","All Out Attack"],"picked":"PiercingWail+1","floor":44},{"not_picked":["Well Laid Plans+1","Sucker Punch","Bane"],"picked":"Singing Bowl","floor":45},{"not_picked":["Well Laid Plans","Underhanded Strike+1","Prepared+1"],"picked":"Singing Bowl","floor":48}],"player_experience":953662,"relics_obtained":[{"floor":6.0,"key":"Bronze Scales"},{"floor":9.0,"key":"Kunai"},{"floor":10.0,"key":"Singing Bowl"},{"floor":23.0,"key":"Shovel"},{"floor":24.0,"key":"Toy Ornithopter"},{"floor":25.0,"key":"Girya"},{"floor":26.0,"key":"Pocketwatch"},{"floor":27.0,"key":"Boot"},{"floor":28.0,"key":"Regal Pillow"},{"floor":38.0,"key":"Mango"},{"floor":43.0,"key":"Centennial Puzzle"},{"floor":46,"key":"Ninja Scroll"}],"event_choices":[{"damage_healed":0.0,"max_hp_gain":0.0,"max_hp_loss":0.0,"gold_gain":0.0,"event_name":"Scrap Ooze","player_choice":"Success","floor":2.0,"gold_loss":0.0,"damage_taken":18.0,"relics_obtained":["Lizard Tail"]},{"damage_healed":0.0,"max_hp_gain":0.0,"max_hp_loss":0.0,"gold_gain":275.0,"event_name":"Golden Shrine","player_choice":"Desecrate","floor":3.0,"gold_loss":0.0,"damage_taken":0.0,"cards_obtained":["Regret"]},{"damage_healed":0.0,"max_hp_gain":0.0,"max_hp_loss":0.0,"gold_gain":0.0,"event_name":"Drug Dealer","player_choice":"Inject Mutagens","floor":30.0,"gold_loss":0.0,"damage_taken":0.0,"relics_obtained":["MutagenicStrength"]},{"damage_healed":0.0,"max_hp_gain":0.0,"max_hp_loss":0.0,"gold_gain":0.0,"event_name":"Mysterious Sphere","player_choice":"Fight","floor":38.0,"gold_loss":0.0,"damage_taken":0.0}],"is_beta":false,"boss_relics":[{"not_picked":["Ring of the Serpent","Runic Dome"],"picked":"SlaversCollar"},{"not_picked":["Snecko Eye","SacredBark"],"picked":"Runic Pyramid"}],"items_purged_floors":[4,20,37,39],"is_endless":false,"potions_floor_spawned":[6,10,13,14,18,21,29,33,36,38,45,48],"killed_by":"Donu and Deca","ascension_level":20}}