{"host":"dvdvdvm357cut69v","time":1611769603,"event":{"mods":["BaseMod","Downfall","Minty Spire (QoL Compilation)","StSLib"],"gold_per_floor":[99,112,125,140,155,168,220,370,388,488,338,348,348,362,377,476,476,476,489,489,489,84,94,94,94,111,121,68,168,168,168,182,282,282,282,282,300,87,87,105,105,125,142,178,190,217,229,5,23,23],"floor_reached":51,"language":"ENG","playtime":4307,"items_purged":["Slimebound:Icky","Guardian:Defend_Guardian+1","Decay"],"score":811,"play_id":"a027601e-46ed-4043-a8b8-dd5f3fc83c50","local_time":"20210127204643","is_ascension_mode":true,"campfire_choices":[{"floor":1,"key":"RECALL"},{"floor":11,"key":"REST"},{"data":"Guardian:EvasiveProtocol","floor":13,"key":"SMITH"},{"data":"Guardian:AncientConstruct","floor":18,"key":"SMITH"},{"data":"Guardian:ShieldSpikes","floor":25,"key":"SMITH"},{"floor":30,"key":"REST"},{"data":"Guardian:FloatingOrbs","floor":35,"key":"SMITH"}],"circlet_count":0,"master_deck":["Guardian:Strike_Guardian+1","Guardian:Strike_Guardian+1","Guardian:Strike_Guardian+1","Guardian:Strike_Guardian+1","Guardian:Defend_Guardian+1","Guardian:Defend_Guardian+1","Guardian:Defend_Guardian+1","Guardian:CurlUp","Guardian:TwinSlam","Secret Weapon","Guardian:ArmoredProtocol","Guardian:PiercingHide","Guardian:Harden+1","Guardian:Reroute","Guardian:EvasiveProtocol+1","Guardian:SpikerProtocol","Guardian:ShieldSpikes+1","Guardian:AncientConstruct+1","Guardian:FloatingOrbs+1","Guardian:WalkerClaw","Guardian:BronzeArmor+1","Guardian:SpikerProtocol","Guardian:BronzeArmor","Guardian:SphericShield","expansioncontent:DecasProtection","Guardian:Gem_Red","Guardian:FloatingOrbs+1","Guardian:Orbwalk","Parasite","Guardian:SpikerProtocol","Guardian:SpikerProtocol","Guardian:Gem_Red"],"relics":["Guardian:ModeShifterPlus","downfall:HeartBlessingBlue","downfall:HeartBlessingRed","Lantern","Bag of Marbles","Thread and Needle","White Beast Statue","InkBottle","Cursed Key","Guardian:PickAxe","Blood Vial","MawBank","Bronze Scales"],"acts_visited":["Exordium","TheCity","TheBeyond"],"potions_floor_usage":[9,10,16,16,16,26,28,33,38,38,42,43,50,50],"damage_taken":[{"damage":2,"enemies":"2 Louse","floor":2,"turns":4},{"damage":3,"enemies":"Jaw Worm","floor":3,"turns":6},{"damage":0,"enemies":"Small Slimes","floor":4,"turns":4},{"damage":0,"enemies":"3 Louse","floor":5,"turns":4},{"damage":8,"enemies":"Large Slime","floor":6,"turns":8},{"damage":11,"enemies":"Lots of Slimes","floor":9,"turns":3},{"damage":14,"enemies":"downfall:Heads","floor":10,"turns":7},{"damage":3,"enemies":"2 Fungi Beasts","floor":12,"turns":3},{"damage":0,"enemies":"Blue Slaver","floor":14,"turns":4},{"damage":4,"enemies":"Lots of Slimes","floor":15,"turns":3},{"damage":0,"enemies":"downfall:Watcher","floor":16,"turns":6},{"damage":0,"enemies":"Shell Parasite","floor":19,"turns":7},{"damage":0,"enemies":"downfall:FleeingMerchant","floor":22,"turns":4},{"damage":4,"enemies":"Spheric Guardian","floor":23,"turns":5},{"damage":8,"enemies":"Cultist and Chosen","floor":26,"turns":7},{"damage":13,"enemies":"3 Cultists","floor":27,"turns":6},{"damage":0,"enemies":"downfall:FleeingMerchant","floor":28,"turns":4},{"damage":29,"enemies":"downfall:Defect","floor":29,"turns":8},{"damage":0,"enemies":"Chosen and Byrds","floor":32,"turns":6},{"damage":4,"enemies":"downfall:Silent","floor":33,"turns":6},{"damage":0,"enemies":"Orb Walker","floor":37,"turns":5},{"damage":0,"enemies":"downfall:FleeingMerchant","floor":38,"turns":4},{"damage":0,"enemies":"3 Shapes","floor":40,"turns":6},{"damage":9,"enemies":"Jaw Worm Horde","floor":42,"turns":5},{"damage":17,"enemies":"Maw","floor":43,"turns":9},{"damage":0,"enemies":"downfall:FleeingMerchant","floor":44,"turns":3},{"damage":15,"enemies":"Writhing Mass","floor":45,"turns":7},{"damage":8,"enemies":"Reptomancer","floor":46,"turns":7},{"damage":8,"enemies":"4 Shapes","floor":49,"turns":9},{"damage":0,"enemies":"downfall:Defect","floor":50,"turns":7}],"seed_played":"4401299363964560337","potions_obtained":[{"floor":4,"key":"Explosive Potion"},{"floor":6,"key":"Block Potion"},{"floor":12,"key":"CultistPotion"},{"floor":14,"key":"AttackPotion"},{"floor":15,"key":"LiquidBronze"},{"floor":21,"key":"CultistPotion"},{"floor":27,"key":"LiquidMemories"},{"floor":32,"key":"Energy Potion"},{"floor":33,"key":"Slimebound:ThreeZeroPotion"},{"floor":37,"key":"ColorlessPotion"},{"floor":38,"key":"GamblersBrew"},{"floor":42,"key":"AttackPotion"},{"floor":43,"key":"ColorlessPotion"},{"floor":46,"key":"Strength Potion"}],"is_trial":false,"path_per_floor":["R","M","M","M","M","M","T","?","M","?","R","M","R","M","M","B",null,"R","M","?","?","$","M","T","R","M","M","$","?","R","?","M","B",null,"R","?","M","$","?","M","T","M","M","$","M","E","?","$","M","B",null],"character_chosen":"GUARDIAN","items_purchased":["Guardian:FloatingOrbs","Guardian:Gem_Red","Lantern","Fire Potion","Guardian:SpikerProtocol","FairyPotion","Guardian:Orbwalk","Blood Vial","Bronze Scales","Guardian:SpikerProtocol","Guardian:Gem_Red"],"campfire_rested":2,"item_purchase_floors":[22,22,22,22,28,38,44,44,48,48,48],"current_hp_per_floor":[80,78,75,75,75,67,67,67,56,42,79,76,76,76,72,72,90,90,90,90,90,90,86,86,86,78,65,65,36,63,63,63,59,90,90,85,85,85,100,100,100,91,74,74,61,55,87,87,79,81],"gold":23,"neow_bonus":"RANDOM_COLORLESS_2","is_daily":false,"chose_seed":false,"campfire_upgraded":4,"win_rate":0.0,"timestamp":1611769603,"path_taken":["R","M","M","M","M","M","T","?","M","?","R","?","R","M","M","BOSS","R","M","?","?","$","M","T","R","M","M","$","?","R","?","M","BOSS","R","?","M","$","?","?","T","M","M","$","M","E","?","$","M","BOSS"],"items_purchased_type":["Card","Card","Relic","Potion","Card","Potion","Card","Relic","Relic","Card","Card"],"build_version":"2020-12-13","purchased_purges":3,"victory":true,"max_hp_per_floor":[80,80,80,80,80,80,80,80,80,80,90,90,90,90,90,90,90,90,90,90,90,90,90,90,90,90,90,90,90,90,90,90,90,90,90,90,90,90,100,100,100,100,100,100,100,100,87,87,87,87],"card_choices":[{"not_picked":["Thinking Ahead","Metamorphosis"],"picked":"Secret Weapon","floor":0},{"not_picked":["Guardian:Suspension","Guardian:TemporalStrike"],"picked":"Guardian:ArmoredProtocol","floor":2},{"not_picked":["Guardian:TemporalStrike","Guardian:Emergency"],"picked":"Guardian:PiercingHide","floor":3},{"not_picked":["Guardian:Gem_Green","Guardian:Gem_Cyan"],"picked":"Guardian:Harden","floor":4},{"not_picked":["Guardian:CrystalBeam","Guardian:TimeSifter"],"picked":"Guardian:Reroute","floor":5},{"not_picked":["Guardian:PrimingBeam","Guardian:Gem_Lightblue"],"picked":"Guardian:Gem_Cyan","floor":6},{"not_picked":["Guardian:Reroute","Guardian:VentSteam"],"picked":"Guardian:ExploitGems","floor":9},{"not_picked":["Guardian:FloatingOrbs","Guardian:Planning"],"picked":"Guardian:EvasiveProtocol","floor":10},{"not_picked":["Guardian:Gem_Crimson","Guardian:CrystalBeam"],"picked":"Guardian:Gem_Lightblue","floor":12},{"not_picked":["Guardian:VentSteam","Guardian:Gem_Purple"],"picked":"Guardian:SpikerProtocol","floor":14},{"not_picked":["Guardian:Emergency","Guardian:Incinerate"],"picked":"Guardian:ShieldSpikes","floor":15},{"not_picked":["Guardian:ExploitGems","Guardian:FastForward"],"picked":"Guardian:AncientConstruct","floor":16},{"not_picked":["Guardian:ShieldSpikes","Guardian:DonusPower","Guardian:TemporalStrike"],"picked":"SKIP","floor":19},{"not_picked":["Guardian:PrimingBeam","Guardian:HyperBeam_Guardian","Guardian:TemporalStrike"],"picked":"SKIP","floor":22},{"not_picked":["Guardian:DonusPower","Guardian:Gem_Cyan","Guardian:Repulse"],"picked":"SKIP","floor":23},{"not_picked":["Guardian:Recover","Guardian:Gem_Green"],"picked":"Guardian:WalkerClaw","floor":26},{"not_picked":["Guardian:VentSteam+1","Guardian:Orbwalk+1","Guardian:Gem_Fragmented"],"picked":"SKIP","floor":27},{"not_picked":["Guardian:Preprogram","Guardian:Planning+1"],"picked":"Guardian:BronzeArmor+1","floor":28},{"not_picked":["Guardian:Gem_Red","Guardian:Incinerate+1"],"picked":"Guardian:BronzeArmor","floor":32},{"not_picked":["Guardian:AncientConstruct","Guardian:TimeSifter"],"picked":"Guardian:SphericShield","floor":33},{"not_picked":["expansioncontent:DefensiveStance","expansioncontent:Chronoboost"],"picked":"expansioncontent:DecasProtection","floor":36},{"not_picked":["Guardian:TemporalStrike","Guardian:SentryBeam"],"picked":"Guardian:Gem_Red","floor":37},{"not_picked":["Guardian:PrismaticBarrier+1","Guardian:TemporalShield","Guardian:PrimingBeam"],"picked":"SKIP","floor":38},{"not_picked":["Guardian:Clone","Guardian:VentSteam+1","Guardian:CrystalBeam"],"picked":"SKIP","floor":40},{"not_picked":["Guardian:PrimingBeam","Guardian:Reroute+1","Guardian:StasisStrike"],"picked":"SKIP","floor":42},{"not_picked":["Guardian:TemporalShield+1","Guardian:PrismaticBarrier","Guardian:Suspension"],"picked":"SKIP","floor":43},{"not_picked":["Guardian:Gem_White","Guardian:Suspension+1"],"picked":"Guardian:FloatingOrbs+1","floor":44},{"not_picked":["Guardian:Gem_Green","Guardian:ShieldCharger+1"],"picked":"Guardian:SpikerProtocol","floor":45},{"not_picked":["Guardian:Gem_Fragmented","Guardian:CrystalBeam+1","Guardian:ChargeCore+1"],"picked":"SKIP","floor":46},{"not_picked":["Guardian:Reroute+1","Guardian:VentSteam+1","Guardian:Gem_Blue"],"picked":"SKIP","floor":49},{"not_picked":["Guardian:Reroute+1","Guardian:VentSteam+1","Guardian:Gem_Blue"],"picked":"SKIP","floor":49}],"player_experience":93650,"relics_obtained":[{"floor":24,"key":"Bag of Marbles"},{"floor":29,"key":"Thread and Needle"},{"floor":29,"key":"White Beast Statue"},{"floor":41,"key":"Guardian:PickAxe"},{"floor":46,"key":"MawBank"}],"event_choices":[{"damage_healed":0,"gold_gain":0,"player_choice":"Simplicity","damage_taken":0,"max_hp_gain":0,"max_hp_loss":0,"event_name":"Back to Basics","floor":20,"gold_loss":0,"cards_upgraded":["Guardian:Strike_Guardian","Guardian:Strike_Guardian","Guardian:Strike_Guardian","Guardian:Strike_Guardian","Guardian:Defend_Guardian","Guardian:Defend_Guardian","Guardian:Defend_Guardian","Guardian:Defend_Guardian"]},{"cards_removed":["Guardian:ExploitGems"],"damage_healed":5,"gold_gain":0,"player_choice":"Offered Rare","damage_taken":0,"max_hp_gain":10,"max_hp_loss":0,"event_name":"Bonfire Elementals","floor":39,"gold_loss":0}],"is_beta":false,"boss_relics":[{"not_picked":["Fusion Hammer","Black Star"],"picked":"Guardian:ModeShifterPlus"},{"not_picked":["Sozu","Runic Pyramid"],"picked":"Cursed Key"}],"items_purged_floors":[22,38,44],"is_endless":false,"potions_floor_spawned":[4,6,12,14,15,27,32,33,37,38,40,42,43,44,45,46,49],"ascension_level":1}}