{"host":"jhywql2x2v3ppvhm","time":1611768108,"event":{"mods":["BaseMod","Colored Map","Colored Powertips","Downfall","Googly Eyes","Hermit","Marisa????????","Minty Spire (QoL Compilation)","Rare Cards Sparkle","Slay the Relics Exporter","StSLib","The Animator","The Bug Knight","The Cursed","The Disciple","The Necromancer","The Runesmith","The Servant 0.9.4","slay the spire mod where everything is the same but ironclad has a cowboy hat"],"gold_per_floor":[99,119,135,135,135,135,135,135,135,135,135],"floor_reached":9,"language":"ENG","playtime":369,"items_purged":[],"score":49,"play_id":"aae5a547-3b83-4d4f-a4ea-47080ab69c12","local_time":"20210127122148","is_ascension_mode":false,"campfire_choices":[{"floor":1,"key":"RECALL"},{"data":"Slimebound:TongueLash","floor":6,"key":"SMITH"},{"data":"Slimebound:CorrosiveSpit","floor":8,"key":"SMITH"}],"circlet_count":0,"master_deck":["Slimebound:Strike_Slimebound","Slimebound:Strike_Slimebound","Slimebound:Strike_Slimebound","Slimebound:Tackle","Slimebound:Defend_Slimebound","Slimebound:Defend_Slimebound","Slimebound:Defend_Slimebound","Slimebound:Defend_Slimebound","Slimebound:Split","Slimebound:CorrosiveSpit+1","animator:Curse_Nutcracker","Sadistic Nature","Slimebound:AcidTongue","Slimebound:TongueLash+1","Regret"],"relics":["Slimebound:AbsorbEndCombat","downfall:BrokenWingStatue","Toy Ornithopter","Question Card"],"acts_visited":["Exordium"],"potions_floor_usage":[],"damage_taken":[{"damage":6,"enemies":"Jaw Worm","floor":2,"turns":5},{"damage":15,"enemies":"Small Slimes","floor":3,"turns":4},{"damage":55,"enemies":"3 Sentries","floor":9,"turns":6}],"seed_played":"-4441753621022992192","potions_obtained":[{"floor":3,"key":"sneckomod:MuddlingPotion"}],"is_trial":false,"path_per_floor":["R","M","M","?","?","R","T","R","E"],"character_chosen":"SLIMEBOUND","items_purchased":[],"campfire_rested":0,"item_purchase_floors":[],"current_hp_per_floor":[65,63,50,50,50,50,50,50,0,0,0],"gold":135,"neow_bonus":"RANDOM_COLORLESS_2","is_daily":false,"chose_seed":false,"campfire_upgraded":2,"win_rate":0.0,"timestamp":1611768108,"path_taken":["R","M","M","?","?","R","T","R","E"],"items_purchased_type":[],"build_version":"2020-12-22","purchased_purges":0,"victory":false,"max_hp_per_floor":[65,65,65,65,65,65,65,65,65,65,65],"card_choices":[{"not_picked":["Violence","Transmutation"],"picked":"Sadistic Nature","floor":0},{"not_picked":["Slimebound:LivingWall","Slimebound:GoopTackle"],"picked":"Slimebound:AcidTongue","floor":2},{"not_picked":["Slimebound:DivideAndConquer","Slimebound:RollThrough"],"picked":"Slimebound:TongueLash","floor":3}],"player_experience":173974,"relics_obtained":[{"floor":7,"key":"Question Card"}],"event_choices":[{"damage_healed":0,"gold_gain":0,"player_choice":"Box","damage_taken":0,"relics_obtained":["Toy Ornithopter"],"max_hp_gain":0,"max_hp_loss":0,"event_name":"Big Fish","floor":5,"gold_loss":0,"cards_obtained":["Regret"]}],"is_beta":false,"boss_relics":[],"items_purged_floors":[],"is_endless":false,"potions_floor_spawned":[3],"killed_by":"3 Sentries","ascension_level":0}}