{"host":"aukiz5jlacd3g5yc","time":1611732599,"event":{"mods":["2.2 Compatiblity","BaseMod","Bestiary","Colored Map","Colored Powertips","Downfall","GifTheSpireLib","Minty Spire (QoL Compilation)","Permanent Neow","Quick Restart","Random Character Button","Rare Cards Sparkle","Relic Sorter","Relic Stats","Replay The Spire","StSLib","everything is the same but u backflip on backflip","slay the spire mod where everything is the same but ironclad has a cowboy hat"],"gold_per_floor":[118,174,174,194,208,208,242,242,242,242,262,296,296,296,296,296,296],"floor_reached":16,"language":"ENG","playtime":539,"items_purged":[],"score":113,"play_id":"37d275ae-3919-4877-af26-1a9c198c26be","local_time":"20210127012959","is_ascension_mode":true,"campfire_choices":[{"data":"Gash","floor":6,"key":"SMITH"},{"data":"Dualcast","floor":8,"key":"SMITH"},{"data":"Genetic Algorithm","floor":10,"key":"SMITH"}],"circlet_count":0,"master_deck":["Strike_B","Strike_B","Strike_B","Defend_B","Defend_B","Defend_B","Defend_B","Zap","Dualcast+1","Gash+1","ReplaySort","Coolheaded","Sweeping Beam","Scrape","Compile Driver","Genetic Algorithm+1","Hologram","Streamline","Electrodynamics","Shame"],"relics":["Cracked Core","Replay:Accelerometer","Lantern","Emotion Chip","Replay:Baseball","Bag of Marbles"],"acts_visited":["Exordium"],"potions_floor_usage":[16,16,16],"damage_taken":[{"damage":4,"enemies":"2 Louse","floor":1,"turns":3},{"damage":0,"enemies":"Small Slimes","floor":4,"turns":2},{"damage":0,"enemies":"Cultist","floor":5,"turns":3},{"damage":12,"enemies":"Lagavulin","floor":7,"turns":7},{"damage":9,"enemies":"Looter","floor":11,"turns":3},{"damage":14,"enemies":"Gremlin Nob","floor":12,"turns":4},{"damage":19,"enemies":"Hexaghost","floor":16,"turns":5}],"seed_played":"6753684740673071479","potions_obtained":[{"floor":2,"key":"LiquidBronze"},{"floor":4,"key":"Weak Potion"},{"floor":7,"key":"hexamod:SoulburnPotion"},{"floor":11,"key":"BlessingOfTheForge"}],"is_trial":false,"path_per_floor":["M","?","?","M","M","R","E","R","T","R","M","E","?","?","R_BF","B"],"character_chosen":"DEFECT","items_purchased":[],"campfire_rested":0,"item_purchase_floors":[],"current_hp_per_floor":[71,53,53,53,53,53,41,41,41,41,32,18,18,18,18,0,0],"gold":296,"neow_bonus":"THREE_CARDS","is_daily":false,"chose_seed":false,"campfire_upgraded":3,"win_rate":0.0,"timestamp":1611732599,"path_taken":["M","?","?","?","M","R","E","R","T","R","M","E","?","?","R_BF","BOSS"],"items_purchased_type":[],"build_version":"2020-12-22","purchased_purges":0,"victory":false,"max_hp_per_floor":[75,75,75,75,75,75,75,75,75,75,75,75,75,75,75,75,75],"relic_stats":{"Emotion Chip":[9,7,2,0,0],"counters":[7,27],"obtain_stats":[{"Replay:Accelerometer":9,"Lantern":2,"Emotion Chip":7,"Replay:Baseball":12,"Bag of Marbles":13,"Cracked Core":0},{"Replay:Accelerometer":4,"Lantern":1,"Emotion Chip":4,"Replay:Baseball":6,"Bag of Marbles":6,"Cracked Core":0},{"Replay:Accelerometer":15,"Lantern":3,"Emotion Chip":15,"Replay:Baseball":22,"Bag of Marbles":22,"Cracked Core":0}]},"card_choices":[{"not_picked":["Turbo","Panic Button"],"picked":"Gash","floor":0},{"not_picked":["Compile Driver","Coolheaded"],"picked":"ReplaySort","floor":1},{"not_picked":["Skim","Conserve Battery"],"picked":"Coolheaded","floor":2},{"not_picked":["Crystallizer","Coolheaded"],"picked":"Sweeping Beam","floor":2},{"not_picked":["Undo","Buffer"],"picked":"Scrape","floor":4},{"not_picked":["Steam","Coolheaded"],"picked":"Compile Driver","floor":5},{"not_picked":["Beam Cell","Compile Driver"],"picked":"Genetic Algorithm","floor":7},{"not_picked":["Reprogram","Beam Cell"],"picked":"Hologram","floor":11},{"not_picked":["Chaos","Static Discharge"],"picked":"Streamline","floor":12}],"player_experience":360008,"relics_obtained":[{"floor":2,"key":"Lantern"},{"floor":7,"key":"Emotion Chip"},{"floor":9,"key":"Replay:Accelerometer"},{"floor":12,"key":"Replay:Baseball"}],"event_choices":[{"cards_removed":["Strike_B"],"damage_healed":0,"gold_gain":0,"player_choice":"Purged","damage_taken":0,"max_hp_gain":0,"max_hp_loss":0,"event_name":"Purifier","floor":3,"gold_loss":0},{"damage_healed":0,"gold_gain":0,"player_choice":"Box","damage_taken":0,"relics_obtained":["Bag of Marbles"],"max_hp_gain":0,"max_hp_loss":0,"event_name":"Big Fish","floor":13,"gold_loss":0,"cards_obtained":["Regret"]},{"damage_healed":0,"gold_gain":0,"player_choice":"1 cards matched","damage_taken":0,"max_hp_gain":0,"max_hp_loss":0,"event_name":"Match and Keep!","floor":14,"gold_loss":0,"cards_obtained":["Electrodynamics"]}],"is_beta":false,"boss_relics":[],"items_purged_floors":[],"is_endless":false,"potions_floor_spawned":[4,7,11],"killed_by":"Hexaghost","ascension_level":1}}