{"host":"19r1ww88x2tc73i0","time":1611760636,"event":{"mods":["BaseMod","BetterRewards","Colored Map","Minty Spire (QoL Compilation)","Relic Stats","StSLib","SuperFastMode","slay the spire mod where everything is the same but ironclad has a cowboy hat"],"gold_per_floor":[123,149,308,330,339,339,380,15,15,15,38,65,91,91,91,171,171,200,227,245,120,170,170,212,232,232,274,274,291,30,73,73,155,155,183,232,56,56,56,91,108,118,141,141,30,30,67,67,67,67,67],"floor_reached":50,"language":"ENG","playtime":1746,"items_purged":["Doubt","Strike_G","Strike_G","Strike_G","Backstab+1"],"score":1241,"play_id":"da9af973-56a0-41cb-8330-b411b7c8ebaa","local_time":"25640127221716","is_ascension_mode":true,"campfire_choices":[{"data":"Sucker Punch","floor":6.0,"key":"SMITH"},{"data":"Crippling Poison","floor":10.0,"key":"SMITH"},{"data":"Crippling Poison","floor":15.0,"key":"SMITH"},{"data":"Adrenaline","floor":23.0,"key":"SMITH"},{"data":"Catalyst","floor":32.0,"key":"SMITH"},{"floor":44.0,"key":"DIG"},{"floor":46,"key":"DIG"},{"floor":49,"key":"RECALL"}],"circlet_count":0,"master_deck":["AscendersBane","Defend_G","Defend_G","Defend_G","Defend_G","Defend_G","Survivor","Neutralize+1","Quick Slash+1","Terror+1","Sucker Punch+1","Corpse Explosion","Crippling Poison+1","Bane+1","Crippling Poison+1","Glass Knife+1","Poisoned Stab+1","Adrenaline+1","Dash+1","Backstab+1","Backflip+1","PiercingWail","Catalyst+1","Infinite Blades+1","Night Terror","Leg Sweep","Predator+1","Venomology"],"relics":["Ring of the Snake","CeramicFish","Bird Faced Urn","Pear","Smiling Mask","Molten Egg 2","Meat on the Bone","Black Star","Letter Opener","StoneCalendar","The Courier","Bag of Preparation","Tiny Chest","Kunai","MealTicket","Akabeko","Snecko Eye","Shovel","Whetstone","Girya","Ginger","Happy Flower","Ornamental Fan","Ninja Scroll","Vajra","Darkstone Periapt"],"acts_visited":["Exordium","TheCity","TheBeyond"],"potions_floor_usage":[50,50],"damage_taken":[{"damage":1.0,"enemies":"2 Louse","floor":1.0,"turns":4.0},{"damage":0.0,"enemies":"Cultist","floor":2.0,"turns":4.0},{"damage":4.0,"enemies":"Small Slimes","floor":4.0,"turns":4.0},{"damage":50.0,"enemies":"Gremlin Nob","floor":7.0,"turns":5.0},{"damage":7.0,"enemies":"Looter","floor":11.0,"turns":3.0},{"damage":6.0,"enemies":"Gremlin Gang","floor":12.0,"turns":3.0},{"damage":0.0,"enemies":"Exordium Thugs","floor":13.0,"turns":3.0},{"damage":17.0,"enemies":"The Guardian","floor":16.0,"turns":8.0},{"damage":13.0,"enemies":"Shell Parasite","floor":18.0,"turns":4.0},{"damage":0.0,"enemies":"2 Thieves","floor":19.0,"turns":1.0},{"damage":24.0,"enemies":"Snake Plant","floor":20.0,"turns":4.0},{"damage":23.0,"enemies":"Slavers","floor":24.0,"turns":3.0},{"damage":11.0,"enemies":"Centurion and Healer","floor":25.0,"turns":3.0},{"damage":21.0,"enemies":"Gremlin Leader","floor":27.0,"turns":4.0},{"damage":3.0,"enemies":"3 Cultists","floor":29.0,"turns":4.0},{"damage":4.0,"enemies":"Book of Stabbing","floor":31.0,"turns":4.0},{"damage":21.0,"enemies":"Champ","floor":33.0,"turns":7.0},{"damage":0.0,"enemies":"Orb Walker","floor":35.0,"turns":2.0},{"damage":44.0,"enemies":"2 Orb Walkers","floor":36.0,"turns":3.0},{"damage":42.0,"enemies":"Reptomancer","floor":40.0,"turns":4.0},{"damage":0.0,"enemies":"3 Shapes","floor":41.0,"turns":3.0},{"damage":16.0,"enemies":"Jaw Worm Horde","floor":42.0,"turns":2.0},{"damage":4,"enemies":"Nemesis","floor":47,"turns":7},{"damage":64,"enemies":"Donu and Deca","floor":50,"turns":4}],"seed_played":"-4887012166844807339","potions_obtained":[{"floor":11.0,"key":"Poison Potion"},{"floor":12.0,"key":"PowerPotion"},{"floor":13.0,"key":"SneckoOil"},{"floor":24.0,"key":"AttackPotion"},{"floor":25.0,"key":"Block Potion"},{"floor":27.0,"key":"LiquidMemories"},{"floor":29.0,"key":"Ancient Potion"},{"floor":41.0,"key":"Regen Potion"}],"is_trial":false,"path_per_floor":["M","M","?","M","?","R","E","$","T","R","M","M","M","?","R","B",null,"M","M","M","$","?","R","E","M","T","E","?","M","$","E","R","B",null,"M","?","$","T","?","E","M","M","T","R","$","R","E","?","R","B"],"character_chosen":"THE_SILENT","items_purchased":["CeramicFish","Pear","Molten Egg 2","Bane+1","Backstab+1","Kunai","Whetstone","Predator+1"],"campfire_rested":0,"item_purchase_floors":[0,0,8,8,21,30,37,45],"current_hp_per_floor":[68,68,68,64,64,64,14,14,14,14,19,25,37,37,37,32,65,52,52,40,40,40,40,31,32,32,23,23,32,32,40,40,33,65,67,37,52,52,52,22,34,30,30,30,45,45,43,43,43,0,0],"gold":67,"neow_bonus":"","is_daily":false,"chose_seed":false,"campfire_upgraded":5,"win_rate":0.0,"timestamp":1611760636,"path_taken":["M","M","?","M","?","R","E","$","T","R","M","M","?","?","R","BOSS","M","M","M","$","?","R","E","?","T","E","?","M","?","E","R","BOSS","M","?","$","?","?","E","M","M","T","R","?","R","E","?","R","BOSS"],"items_purchased_type":["Relic","Relic","Relic","Card","Card","Relic","Relic","Card"],"build_version":"2020-12-22","purchased_purges":5,"victory":false,"max_hp_per_floor":[76,76,76,76,76,76,76,76,76,76,76,76,76,76,76,76,76,76,76,76,76,76,76,76,76,76,76,76,76,76,76,76,76,76,76,76,76,76,72,72,72,72,72,72,72,72,72,72,72,72,72],"relic_stats":{"Darkstone Periapt":0,"Happy Flower":[3],"counters":[24,93],"CeramicFish":207,"StoneCalendar":[103],"Bag of Preparation":[11],"Letter Opener":[120],"Whetstone":["Neutralize","Quick Slash"],"Ginger":[0],"Smiling Mask":285,"Shovel":2,"Ornamental Fan":[20],"Bird Faced Urn":[12],"Snecko Eye":[43,48,42,59],"Tiny Chest":1,"MealTicket":30,"Black Star":5,"Kunai":[15],"obtain_stats":[{"Darkstone Periapt":47,"CeramicFish":0,"Vajra":47,"StoneCalendar":24,"Bag of Preparation":27,"Whetstone":37,"Ginger":40,"Smiling Mask":7,"Shovel":36,"Ninja Scroll":46,"Tiny Chest":27,"MealTicket":31,"Kunai":30,"Ring of the Snake":0,"Girya":40,"Pear":0,"Happy Flower":43,"The Courier":26,"Letter Opener":24,"Akabeko":31,"Ornamental Fan":44,"Bird Faced Urn":0,"Snecko Eye":34,"Molten Egg 2":8,"Black Star":17,"Meat on the Bone":9},{"Darkstone Periapt":23,"CeramicFish":0,"Vajra":23,"StoneCalendar":12,"Bag of Preparation":14,"Whetstone":19,"Ginger":20,"Smiling Mask":4,"Shovel":19,"Ninja Scroll":22,"Tiny Chest":14,"MealTicket":16,"Kunai":15,"Ring of the Snake":0,"Girya":20,"Pear":0,"Happy Flower":22,"The Courier":13,"Letter Opener":12,"Akabeko":16,"Ornamental Fan":22,"Bird Faced Urn":0,"Snecko Eye":17,"Molten Egg 2":4,"Black Star":8,"Meat on the Bone":4},{"Darkstone Periapt":89,"CeramicFish":0,"Vajra":89,"StoneCalendar":46,"Bag of Preparation":53,"Whetstone":73,"Ginger":77,"Smiling Mask":17,"Shovel":73,"Ninja Scroll":82,"Tiny Chest":53,"MealTicket":61,"Kunai":57,"Ring of the Snake":0,"Girya":77,"Pear":0,"Happy Flower":82,"The Courier":49,"Letter Opener":46,"Akabeko":61,"Ornamental Fan":82,"Bird Faced Urn":0,"Snecko Eye":68,"Molten Egg 2":17,"Black Star":34,"Meat on the Bone":17}],"Ring of the Snake":[44],"Meat on the Bone":180},"card_choices":[{"not_picked":["Reflex","Prepared"],"picked":"Quick Slash","floor":1.0},{"not_picked":["Choke","Deflect"],"picked":"Terror","floor":2.0},{"not_picked":["Riddle With Holes","Prepared"],"picked":"Sucker Punch","floor":4.0},{"not_picked":["Dagger Throw","Deflect"],"picked":"Crippling Poison","floor":7.0},{"not_picked":["Infinite Blades","Expertise"],"picked":"Crippling Poison","floor":11.0},{"not_picked":["Skewer+1","Leg Sweep"],"picked":"Glass Knife+1","floor":12.0},{"not_picked":["Quick Slash+1","Cloak And Dagger"],"picked":"Poisoned Stab+1","floor":13.0},{"not_picked":["Malaise","Glass Knife+1"],"picked":"Adrenaline","floor":16.0},{"not_picked":["PiercingWail","Underhanded Strike+1"],"picked":"Bane+1","floor":18.0},{"not_picked":["Slice+1","Cloak And Dagger"],"picked":"Dash+1","floor":19.0},{"not_picked":["Dagger Throw+1","Outmaneuver","Poisoned Stab+1"],"picked":"SKIP","floor":20.0},{"not_picked":["Caltrops","Blade Dance"],"picked":"Backflip+1","floor":24.0},{"not_picked":["Bouncing Flask","Bane+1"],"picked":"PiercingWail","floor":25.0},{"not_picked":["Outmaneuver","Finisher+1"],"picked":"Catalyst","floor":27.0},{"not_picked":["Dodge and Roll","Sucker Punch+1","Dagger Throw+1"],"picked":"SKIP","floor":29.0},{"not_picked":["Dagger Spray+1","Slice+1"],"picked":"Infinite Blades+1","floor":31.0},{"not_picked":["Doppelganger","Phantasmal Killer"],"picked":"Night Terror","floor":33.0},{"not_picked":["Flying Knee+1","Blade Dance"],"picked":"Leg Sweep","floor":35.0},{"not_picked":["Sucker Punch+1","Poisoned Stab+1"],"picked":"Backstab+1","floor":40.0},{"not_picked":["Footwork","Blade Dance","Backstab+1"],"picked":"SKIP","floor":41.0},{"not_picked":["Cloak And Dagger","Slice+1","Dodge and Roll"],"picked":"SKIP","floor":42.0},{"not_picked":["Cloak And Dagger","Slice+1","Dodge and Roll"],"picked":"SKIP","floor":42.0},{"not_picked":["Leg Sweep","Bane+1"],"picked":"Venomology","floor":47}],"player_experience":959879,"relics_obtained":[{"floor":7.0,"key":"Smiling Mask"},{"floor":9.0,"key":"Meat on the Bone"},{"floor":24.0,"key":"Letter Opener"},{"floor":24.0,"key":"StoneCalendar"},{"floor":26.0,"key":"The Courier"},{"floor":27.0,"key":"Bag of Preparation"},{"floor":27.0,"key":"Tiny Chest"},{"floor":31.0,"key":"MealTicket"},{"floor":31.0,"key":"Akabeko"},{"floor":36.0,"key":"Shovel"},{"floor":40.0,"key":"Girya"},{"floor":40.0,"key":"Ginger"},{"floor":43.0,"key":"Happy Flower"},{"floor":44.0,"key":"Ornamental Fan"},{"floor":46,"key":"Ninja Scroll"},{"floor":47,"key":"Vajra"},{"floor":47,"key":"Darkstone Periapt"}],"event_choices":[{"damage_healed":0.0,"max_hp_gain":0.0,"max_hp_loss":0.0,"gold_gain":150.0,"event_name":"Liars Game","player_choice":"AGREE","floor":3.0,"gold_loss":0.0,"damage_taken":0.0,"cards_obtained":["Doubt"]},{"damage_healed":0.0,"max_hp_gain":0.0,"max_hp_loss":0.0,"gold_gain":0.0,"cards_transformed":["Strike_G"],"event_name":"Transmorgrifier","player_choice":"Transformed","floor":5.0,"gold_loss":0.0,"damage_taken":0.0,"cards_obtained":["Corpse Explosion"]},{"damage_healed":0.0,"max_hp_gain":0.0,"max_hp_loss":0.0,"gold_gain":0.0,"event_name":"Living Wall","player_choice":"Grow","floor":14.0,"gold_loss":0.0,"damage_taken":0.0,"cards_upgraded":["Terror"]},{"damage_healed":0.0,"max_hp_gain":0.0,"max_hp_loss":0.0,"gold_gain":50.0,"event_name":"Golden Shrine","player_choice":"Pray","floor":22.0,"gold_loss":0.0,"damage_taken":0.0},{"cards_removed":["Strike_G"],"damage_healed":0.0,"max_hp_gain":0.0,"max_hp_loss":0.0,"gold_gain":0.0,"event_name":"Purifier","player_choice":"Purged","floor":28.0,"gold_loss":0.0,"damage_taken":0.0},{"damage_healed":0.0,"max_hp_gain":0.0,"max_hp_loss":0.0,"gold_gain":0.0,"event_name":"Mysterious Sphere","player_choice":"Fight","floor":36.0,"gold_loss":0.0,"damage_taken":0.0},{"damage_healed":0.0,"max_hp_gain":0.0,"max_hp_loss":4.0,"gold_gain":0.0,"event_name":"Winding Halls","player_choice":"Max HP","floor":39.0,"gold_loss":0.0,"damage_taken":0.0},{"cards_removed":["Bane"],"damage_healed":0,"gold_gain":0,"player_choice":"Removed Attack","damage_taken":0,"max_hp_gain":0,"max_hp_loss":0,"event_name":"Falling","floor":48,"gold_loss":0}],"is_beta":false,"boss_relics":[{"not_picked":["Ring of the Serpent","Busted Crown"],"picked":"Black Star"},{"not_picked":["Pandora\u0027s Box","WristBlade"],"picked":"Snecko Eye"}],"items_purged_floors":[8,21,30,37,45],"is_endless":false,"potions_floor_spawned":[11,12,13,24,25,27,29,41,47],"killed_by":"Donu and Deca","ascension_level":20}}