{"host":"y6zg4wwu39otf01a","time":1611710619,"event":{"mods":["Act Like it!","Aspiration","BaseMod","Better Altar","Better Match","Better Note","Better Sensory Stone","Better Skull","Better Third Choice","Challenge The Spire","Colored Map","Colored Powertips","Conspire","GifTheSpireLib","Glutton Mod","Halation","Hermit","Highlight Path","Hubris","Infinite Spire","Mimic Mod","Minty Spire (QoL Compilation)","Puzzle Mod","Quick Restart","Random Character Button","Rare Cards Sparkle","Replay The Spire","Retaliation","Robot Space Explorer","Shade Mod","Spicy Shops","Spire Arcade","StSLib","Stuff the Spire","The Blue Laboratory","The Jungle","The Marked","thorton"],"gold_per_floor":[115,115,115,129,5,5,38,57,83,83,103,113,288,315,315,410,410,421,346,319,319,319],"floor_reached":21,"language":"ENG","playtime":1424,"items_purged":[],"score":179,"play_id":"12b84c8d-cc7c-4662-bb5d-4aef8940083c","local_time":"20210126202339","is_ascension_mode":false,"campfire_choices":[{"data":"Redo","floor":6,"key":"SMITH"},{"data":"Dualcast","floor":10,"key":"SMITH"},{"floor":15,"key":"REST"}],"circlet_count":0,"master_deck":["Strike_B","Strike_B","Strike_B","Strike_B","Defend_B","Defend_B","Defend_B+1","Defend_B","Zap","Dualcast+1","Normality","Multi-Cast+1","Barrage","Redo+1","Coolheaded","Trip","BootSequence","BasicCrystalCard","Static Discharge","Doubt","All For One","Reboot","StuffTheSpire:PlasmaPulse","ReplayTheSpireMod:Repulse","Coolheaded+1"],"relics":["Cracked Core","halation:SelfBoilingWater","hubris:TenFootPole","Odd Mushroom","aspiration:RunicSpoon"],"acts_visited":["Exordium","TheCity"],"potions_floor_usage":[7,12,21],"damage_taken":[{"damage":6,"enemies":"Cultist","floor":1,"turns":3},{"damage":0,"enemies":"conspire:RoseBush","floor":4,"turns":2},{"damage":17,"enemies":"Replay:BlueRogue","floor":7,"turns":5},{"damage":1,"enemies":"Jaw Worm","floor":8,"turns":2},{"damage":0,"enemies":"3 Louse","floor":11,"turns":2},{"damage":7,"enemies":"Large Slime","floor":12,"turns":6},{"damage":9,"enemies":"The Mushroom Lair","floor":14,"turns":4},{"damage":27,"enemies":"Fading Forest","floor":16,"turns":11},{"damage":9,"enemies":"Spheric Guardian","floor":18,"turns":4},{"damage":36,"enemies":"2 Thieves","floor":20,"turns":5},{"damage":18,"enemies":"Centurion and Healer","floor":21,"turns":6}],"seed_played":"8644276913174735560","potions_obtained":[{"floor":1,"key":"Toxic Potion"},{"floor":8,"key":"Death Potion"},{"floor":11,"key":"SteroidPotion"},{"floor":12,"key":"blueLaboratory:PhilterOfMotion"},{"floor":20,"key":"Elixir"}],"is_trial":false,"path_per_floor":["M","?","?","M","$","R","E","M","T","R","M","M","?","?","R","B",null,"M","?","M","M"],"character_chosen":"DEFECT","items_purchased":["Coolheaded","Trip"],"campfire_rested":1,"item_purchase_floors":[5,5],"current_hp_per_floor":[69,54,62,62,62,62,45,44,44,44,44,37,37,28,50,33,75,66,66,30,12,12],"gold":319,"neow_bonus":"THREE_RARE_CARDS","is_daily":false,"chose_seed":false,"campfire_upgraded":2,"win_rate":0.0,"timestamp":1611710619,"path_taken":["M","?","?","M","$","R","E","?","T","R","M","M","?","?","R","BOSS","M","?","M","?"],"items_purchased_type":["Card","Card"],"build_version":"2020-12-22","purchased_purges":0,"victory":false,"max_hp_per_floor":[75,75,75,75,75,75,75,75,75,75,75,75,75,75,75,75,75,75,75,75,75,75],"card_choices":[{"not_picked":["Hyperbeam","Creative AI"],"picked":"Multi-Cast","floor":0},{"not_picked":["Conserve Battery","Self Repair"],"picked":"Barrage","floor":1},{"not_picked":["Rebound","Undo"],"picked":"Redo","floor":4},{"not_picked":["Force Field","StuffTheSpire:Synthwave"],"picked":"BootSequence","floor":7},{"not_picked":["StuffTheSpire:Plugnplay","Cold Snap"],"picked":"BasicCrystalCard","floor":8},{"not_picked":["StuffTheSpire:LoadUp","ReplayGash","Gash"],"picked":"SKIP","floor":11},{"not_picked":["Conserve Battery","Turbo"],"picked":"Static Discharge","floor":12},{"not_picked":["conspire:SharedLibrary","StuffTheSpire:Plugnplay"],"picked":"All For One","floor":14},{"not_picked":["Meteor Strike","Hyperbeam"],"picked":"Reboot","floor":16},{"not_picked":["Coolheaded","Compile Driver","Cold Snap"],"picked":"SKIP","floor":18},{"not_picked":["Madness","ReplayTheSpireMod:Uncanny Aura"],"picked":"StuffTheSpire:PlasmaPulse","floor":19},{"not_picked":["Doom and Gloom","Reprogram"],"picked":"ReplayTheSpireMod:Repulse","floor":19},{"not_picked":["Rebound","Compile Driver"],"picked":"Coolheaded+1","floor":20}],"player_experience":725568,"relics_obtained":[{"floor":7,"key":"halation:SelfBoilingWater"},{"floor":9,"key":"hubris:TenFootPole"},{"floor":14,"key":"Odd Mushroom"}],"event_choices":[{"damage_healed":69,"gold_gain":0,"player_choice":"Upgrade","damage_taken":15,"max_hp_gain":0,"max_hp_loss":75,"event_name":"betterThird:BetterShining","floor":2,"gold_loss":0,"cards_upgraded":["Defend_B","Multi-Cast"]},{"damage_healed":0,"gold_gain":175,"player_choice":"AGREE","damage_taken":113,"max_hp_gain":0,"max_hp_loss":0,"event_name":"betterThird:BetterSerpent","floor":13,"gold_loss":0},{"damage_healed":0,"gold_gain":0,"player_choice":"Fought Mushrooms","damage_taken":0,"max_hp_gain":0,"max_hp_loss":0,"event_name":"Mushrooms","floor":14,"gold_loss":0},{"damage_healed":0,"gold_gain":0,"player_choice":"1","damage_taken":0,"max_hp_gain":0,"max_hp_loss":0,"event_name":"betterMatch:BetterMatch","floor":19,"gold_loss":0,"cards_obtained":["betterMatch:UncommonCard","betterMatch:ColorlessUncommonCard","betterMatch:UncommonCard"]}],"is_beta":false,"boss_relics":[{"not_picked":["hubris:VirtuousBlindfold","halation:CatFaceCupcake"],"picked":"aspiration:RunicSpoon"}],"items_purged_floors":[],"is_endless":false,"potions_floor_spawned":[1,8,11,12,20],"killed_by":"Centurion and Healer","ascension_level":0}}