{"host":"sp1f3sybb350mzsh","time":1611718561,"event":{"mods":["AchievementEnabler","BaseMod","Bestiary","Colored Map","Colored Powertips","Filter the Spire","Minty Spire (QoL Compilation)","Puzzle Mod","Relic Stats","StSLib"],"gold_per_floor":[117,2,21,34,54,80,80,113,149,161,2,2,41,57,57,186,186,207,207,207,221,221,221,221],"floor_reached":23,"language":"ENG","playtime":1518,"items_purged":["Normality"],"score":259,"play_id":"e1bc4c50-4800-4944-9db0-5c4942ba92c5","local_time":"20210126213601","is_ascension_mode":false,"campfire_choices":[{"data":"Rip and Tear","floor":7,"key":"SMITH"},{"data":"Echo Form","floor":15,"key":"SMITH"}],"circlet_count":0,"master_deck":["Defend_B+1","Defend_B","Defend_B","Zap","Dualcast","Seek","Genetic Algorithm","Chaos","Echo Form+1","Gash","Rip and Tear+1","Go for the Eyes","Coolheaded","Leap+1","Defragment","Amplify","Reprogram","Rainbow","Machine Learning+1","Meteor Strike+1","Consume+1","Scrape+1","RitualDagger","Rebound+1","Bite","Bite","Bite","Bite","Bite"],"relics":["Cracked Core","PreservedInsect","MawBank","Bag of Marbles","Golden Idol","Tiny Chest","Astrolabe"],"acts_visited":["Exordium","TheCity"],"potions_floor_usage":[6,14,21,23],"damage_taken":[{"damage":2,"enemies":"2 Louse","floor":1,"turns":3},{"damage":2,"enemies":"Small Slimes","floor":3,"turns":4},{"damage":1,"enemies":"Jaw Worm","floor":4,"turns":6},{"damage":9,"enemies":"Exordium Wildlife","floor":5,"turns":5},{"damage":12,"enemies":"Lagavulin","floor":6,"turns":7},{"damage":6,"enemies":"Gremlin Nob","floor":8,"turns":3},{"damage":0,"enemies":"Lagavulin","floor":13,"turns":7},{"damage":0,"enemies":"Lots of Slimes","floor":14,"turns":4},{"damage":26,"enemies":"The Guardian","floor":16,"turns":16},{"damage":21,"enemies":"Shell Parasite","floor":18,"turns":8},{"damage":10,"enemies":"3 Byrds","floor":21,"turns":6},{"damage":36,"enemies":"Slavers","floor":23,"turns":2}],"seed_played":"4171567075743871570","potions_obtained":[{"floor":3,"key":"CultistPotion"},{"floor":13,"key":"DuplicationPotion"},{"floor":14,"key":"Swift Potion"},{"floor":16,"key":"Explosive Potion"},{"floor":18,"key":"Strength Potion"}],"is_trial":false,"path_per_floor":["M","$","M","M","M","E","R","E","T","?","$","?","E","M","R","B",null,"M","?","?","M","?","E"],"character_chosen":"DEFECT","items_purchased":["Chaos","Leap","Defragment","SkillPotion"],"campfire_rested":0,"item_purchase_floors":[2,11,11,11],"current_hp_per_floor":[73,73,71,70,61,49,49,43,43,43,43,29,29,29,29,3,69,48,48,42,32,32,0,0],"gold":221,"neow_bonus":"THREE_RARE_CARDS","is_daily":false,"chose_seed":false,"campfire_upgraded":2,"win_rate":0.0,"timestamp":1611718561,"path_taken":["M","$","M","M","M","E","R","E","T","?","$","?","E","M","R","BOSS","M","?","?","M","?","E"],"items_purchased_type":["Card","Card","Card","Potion"],"build_version":"2020-12-22","purchased_purges":1,"victory":false,"max_hp_per_floor":[75,75,75,75,75,75,75,75,75,69,69,69,69,69,69,69,69,69,69,69,69,48,48,48],"relic_stats":{"counters":[12,71],"Golden Idol":44,"Astrolabe":["Machine Learning","Meteor Strike","Consume"],"Tiny Chest":0,"PreservedInsect":89,"MawBank":36,"obtain_stats":[{"Golden Idol":10,"Astrolabe":17,"Tiny Chest":13,"PreservedInsect":6,"Bag of Marbles":9,"Cracked Core":0,"MawBank":8},{"Golden Idol":6,"Astrolabe":9,"Tiny Chest":7,"PreservedInsect":5,"Bag of Marbles":6,"Cracked Core":0,"MawBank":6},{"Golden Idol":28,"Astrolabe":55,"Tiny Chest":35,"PreservedInsect":25,"Bag of Marbles":28,"Cracked Core":0,"MawBank":28}]},"card_choices":[{"not_picked":["Core Surge","Electrodynamics"],"picked":"Seek","floor":0},{"not_picked":["Streamline","Cold Snap"],"picked":"Genetic Algorithm","floor":1},{"not_picked":["Gash","Ball Lightning"],"picked":"Echo Form","floor":3},{"not_picked":["Steam","Conserve Battery"],"picked":"Gash","floor":4},{"not_picked":["Coolheaded","Conserve Battery"],"picked":"Rip and Tear","floor":5},{"not_picked":["Chaos","Darkness"],"picked":"Go for the Eyes","floor":6},{"not_picked":["Compile Driver","Steam"],"picked":"Coolheaded","floor":8},{"not_picked":["Rebound","Sweeping Beam"],"picked":"Amplify","floor":13},{"not_picked":["Doom and Gloom","Go for the Eyes"],"picked":"Reprogram","floor":14},{"not_picked":["Seek","Biased Cognition"],"picked":"Rainbow","floor":16},{"not_picked":["Compile Driver","Beam Cell"],"picked":"Scrape+1","floor":18},{"not_picked":["Aggregate+1","Go for the Eyes"],"picked":"Rebound+1","floor":21}],"player_experience":132663,"relics_obtained":[{"floor":6,"key":"PreservedInsect"},{"floor":8,"key":"MawBank"},{"floor":9,"key":"Bag of Marbles"},{"floor":13,"key":"Tiny Chest"}],"event_choices":[{"damage_healed":0,"gold_gain":0,"player_choice":"Lose Max HP","damage_taken":0,"relics_obtained":["Golden Idol"],"max_hp_gain":0,"max_hp_loss":6,"event_name":"Golden Idol","floor":10,"gold_loss":0},{"damage_healed":0,"gold_gain":0,"player_choice":"Entered Light","damage_taken":14,"max_hp_gain":0,"max_hp_loss":0,"event_name":"Shining Light","floor":12,"gold_loss":0,"cards_upgraded":["Leap","Defend_B"]},{"damage_healed":0,"gold_gain":0,"player_choice":"Ignored","damage_taken":0,"max_hp_gain":0,"max_hp_loss":0,"event_name":"The Mausoleum","floor":19,"gold_loss":0},{"damage_healed":0,"gold_gain":0,"player_choice":"Joined the Cult","damage_taken":6,"max_hp_gain":0,"max_hp_loss":0,"event_name":"Nest","floor":20,"gold_loss":0,"cards_obtained":["RitualDagger"]},{"damage_healed":0,"gold_gain":0,"player_choice":"Became a vampire","damage_taken":0,"max_hp_gain":0,"max_hp_loss":21,"event_name":"Vampires","floor":22,"gold_loss":0,"cards_obtained":["Bite","Bite","Bite","Bite","Bite"]}],"is_beta":false,"boss_relics":[{"not_picked":["Empty Cage","Cursed Key"],"picked":"Astrolabe"}],"items_purged_floors":[2],"is_endless":false,"potions_floor_spawned":[3,13,14,16,18],"killed_by":"Slavers","ascension_level":0}}