{"host":"290egjt91b2tngam","time":1611759349,"event":{"mods":["BaseMod","Colored Map","Colored Powertips","Downfall","Hubris","Infinite Spire","Marisa????????","Minty Spire (QoL Compilation)","Replay The Spire","StSLib","The Bug Knight","The Cursed","The Servant 0.9.4"],"gold_per_floor":[99,116,131,141,141,141,168,184,195,32,43,75,75,93,112,208,208,108,124,135,235,252,269,269,369,53,64,64,94,168,168,179,283,283,183,198,136,151,151,166,166,166,216,234,254,264,264,311,321,417,517,517,535,561,614,631,647,647,659,672,682,693,693,707,737,750,848,848,848,866,866,886,576,591,618,629,629,654,674,674,686,715,726,831,831,831,843,893,525,540,540,572,572,572,572],"floor_reached":93,"language":"ENG","playtime":6862,"items_purged":[],"score":1873,"play_id":"159e7d09-f4f1-4045-b78f-63e7b5840e20","local_time":"20210127215549","is_ascension_mode":false,"campfire_choices":[{"floor":1.0,"key":"RECALL"},{"data":"Guardian:Orbwalk","floor":6.0,"key":"SMITH"},{"data":"Guardian:TwinSlam","floor":13.0,"key":"SMITH"},{"data":"Guardian:WalkerClaw","floor":18.0,"key":"SMITH"},{"data":"Guardian:Clone","floor":35.0,"key":"SMITH"},{"data":"Guardian:MultiBeam","floor":47.0,"key":"SMITH"},{"data":"Guardian:BronzeArmor","floor":52.0,"key":"SMITH"},{"data":"Guardian:BaubleBeam","floor":63.0,"key":"SMITH"},{"data":"Guardian:BronzeArmor","floor":69.0,"key":"SMITH"},{"data":"expansioncontent:StudyTheSpire","floor":86,"key":"SMITH"}],"circlet_count":0,"master_deck":["Guardian:Strike_Guardian+1","Guardian:Strike_Guardian","Guardian:Strike_Guardian+1","Guardian:Defend_Guardian","Guardian:Defend_Guardian","Guardian:Defend_Guardian","Guardian:Defend_Guardian","Guardian:CurlUp+1","Guardian:TwinSlam+1","Guardian:Planning","Guardian:Orbwalk+1","Guardian:SphericShield","Guardian:TemporalShield","Guardian:BodySlam","Guardian:Suspension","Guardian:WalkerClaw+1","Guardian:AncientConstruct","Guardian:CrystalBeam","Guardian:BronzeArmor+1","Guardian:PiercingHide","Guardian:ArmoredProtocol","Guardian:ConstructionForm","Guardian:ShieldSpikes+1","Guardian:Clone+1","Guardian:PrimingBeam","Guardian:BaubleBeam+1","Guardian:VentSteam+1","Guardian:TemporalStrike","Guardian:BodySlam+1","Guardian:MultiBeam+1","Guardian:PiercingHide+1","Guardian:BronzeOrb+1","Guardian:BronzeArmor+1","Guardian:PiercingHide+1","Guardian:RollAttack+1","Guardian:Emergency+1","Guardian:ConstructionForm","Guardian:Emergency","Guardian:Orbwalk","Guardian:DecasProtection","Guardian:RevengeProtocol","Guardian:TimeCapacitor","Guardian:WalkerClaw","Guardian:RollAttack","Guardian:ConstructionForm","Guardian:ShieldSpikes","Guardian:GatlingBeam","CurseOfTheBell","expansioncontent:StudyTheSpire+1","Guardian:Harden+1","Guardian:TimeCapacitor","Guardian:SpikerProtocol+1","infinitespire:Menacing","Guardian:TimeCapacitor","infinitespire:Collect","Guardian:TimeSifter","Guardian:Recover","Guardian:Reroute+1","Guardian:ChargeCore+1","Guardian:WalkerClaw+1"],"relics":["Guardian:ModeShifter","Oddly Smooth Stone","Whetstone","Guardian:BottledStasis","Bronze Scales","ChewingGum","downfall:HeartBlessingRed","downfall:GremlinWheel","Calipers","Torii","Replay:Bronze Core","Smiling Mask","infinitespire:BottledMercury","Quantum Egg","hubris:Icosahedron","Empty Cage","downfall:HeartBlessingGreen","infinitespire:Bottled Soul","HollowMod:PaleOreRelic","hubris:Backtick","Dead Branch","hubris:AstralHammer","CatCart","Replay:Grab Bag","Philosopher\u0027s Stone","Replay:Wanted Poster","SlaversCollar","Odd Mushroom","Strawberry","Mummified Hand","Calling Bell","Replay:Bottled Steam","hubris:Zylophone","infinitespire:Lucky Rock","hubris:EmptyBottle","Black Star","Du-Vu Doll","PreservedInsect","Membership Card","Tiny Chest","hubris:Towel"],"acts_visited":["Exordium","TheCity","TheBeyond","Exordium","TheCity","TheBeyond"],"potions_floor_usage":[],"damage_taken":[{"damage":5.0,"enemies":"Jaw Worm","floor":2.0,"turns":5.0},{"damage":0.0,"enemies":"2 Louse","floor":3.0,"turns":3.0},{"damage":13.0,"enemies":"infinitespire:Voidling","floor":4.0,"turns":4.0},{"damage":6.0,"enemies":"Exordium Wildlife","floor":8.0,"turns":4.0},{"damage":8.0,"enemies":"3 Louse","floor":9.0,"turns":3.0},{"damage":0.0,"enemies":"downfall:FleeingMerchant","floor":10.0,"turns":4.0},{"damage":0.0,"enemies":"Blue Slaver","floor":11.0,"turns":4.0},{"damage":12.0,"enemies":"Gremlin Nob","floor":12.0,"turns":6.0},{"damage":0.0,"enemies":"2 Fungi Beasts","floor":14.0,"turns":4.0},{"damage":14.0,"enemies":"Lots of Slimes","floor":15.0,"turns":3.0},{"damage":6.0,"enemies":"SI_SHIV_ARCHETYPE","floor":16.0,"turns":7.0},{"damage":4.0,"enemies":"Chosen","floor":19.0,"turns":4.0},{"damage":0.0,"enemies":"Spheric Guardian","floor":20.0,"turns":3.0},{"damage":0.0,"enemies":"Spheric Guardian","floor":21.0,"turns":4.0},{"damage":0.0,"enemies":"Snake Plant","floor":22.0,"turns":4.0},{"damage":9.0,"enemies":"Snecko","floor":23.0,"turns":6.0},{"damage":0.0,"enemies":"downfall:FleeingMerchant","floor":26.0,"turns":4.0},{"damage":0.0,"enemies":"Centurion and Healer","floor":27.0,"turns":4.0},{"damage":0.0,"enemies":"Nightmare","floor":29.0,"turns":5.0},{"damage":2.0,"enemies":"Cultist and Chosen","floor":32.0,"turns":6.0},{"damage":1.0,"enemies":"DF_ARCHETYPE_CLAW","floor":33.0,"turns":8.0},{"damage":0.0,"enemies":"Orb Walker","floor":36.0,"turns":3.0},{"damage":0.0,"enemies":"downfall:FleeingMerchant","floor":37.0,"turns":5.0},{"damage":0.0,"enemies":"3 Shapes","floor":38.0,"turns":4.0},{"damage":0.0,"enemies":"Sphere and 2 Shapes","floor":40.0,"turns":4.0},{"damage":0.0,"enemies":"Sphere and 2 Shapes","floor":43.0,"turns":5.0},{"damage":0.0,"enemies":"Spire Growth","floor":44.0,"turns":4.0},{"damage":20.0,"enemies":"4 Shapes","floor":45.0,"turns":2.0},{"damage":1.0,"enemies":"Writhing Mass","floor":46.0,"turns":4.0},{"damage":0.0,"enemies":"Orin","floor":48.0,"turns":5.0},{"damage":0.0,"enemies":"Transient","floor":49.0,"turns":5.0},{"damage":14.0,"enemies":"IC_BLOCK_ARCHETYPE","floor":50.0,"turns":7.0},{"damage":0.0,"enemies":"Cultist","floor":53.0,"turns":2.0},{"damage":0.0,"enemies":"The Mushroom Lair","floor":54.0,"turns":1.0},{"damage":8.0,"enemies":"downfall:FleeingMerchant","floor":55.0,"turns":3.0},{"damage":1.0,"enemies":"Jaw Worm","floor":56.0,"turns":2.0},{"damage":0.0,"enemies":"2 Louse","floor":57.0,"turns":1.0},{"damage":0.0,"enemies":"Exordium Thugs","floor":59.0,"turns":3.0},{"damage":0.0,"enemies":"2 Fungi Beasts","floor":60.0,"turns":1.0},{"damage":0.0,"enemies":"Exordium Wildlife","floor":61.0,"turns":2.0},{"damage":0.0,"enemies":"3 Louse","floor":62.0,"turns":2.0},{"damage":0.0,"enemies":"Looter","floor":64.0,"turns":2.0},{"damage":0.0,"enemies":"Lagavulin","floor":65.0,"turns":4.0},{"damage":0.0,"enemies":"Exordium Thugs","floor":66.0,"turns":3.0},{"damage":0.0,"enemies":"The Guardian","floor":67.0,"turns":5.0},{"damage":12.0,"enemies":"Chosen","floor":70.0,"turns":2.0},{"damage":0.0,"enemies":"Spheric Guardian","floor":72.0,"turns":2.0},{"damage":0.0,"enemies":"Chosen and Byrds","floor":74.0,"turns":3.0},{"damage":0.0,"enemies":"Book of Stabbing","floor":75.0,"turns":3.0},{"damage":0.0,"enemies":"Sentry and Sphere","floor":76.0,"turns":5.0},{"damage":0.0,"enemies":"Slavers","floor":78.0,"turns":5.0},{"damage":12.0,"enemies":"Snake Plant","floor":79.0,"turns":4.0},{"damage":0.0,"enemies":"Centurion and Healer","floor":81.0,"turns":3.0},{"damage":0.0,"enemies":"Gremlin Leader","floor":82.0,"turns":5.0},{"damage":0.0,"enemies":"Snecko","floor":83.0,"turns":2.0},{"damage":0.0,"enemies":"Automaton","floor":84.0,"turns":7.0},{"damage":0,"enemies":"Orb Walker","floor":87,"turns":4},{"damage":0,"enemies":"Orb Walker","floor":88,"turns":6},{"damage":0,"enemies":"3 Darklings","floor":90,"turns":5},{"damage":0,"enemies":"Giant Head","floor":92,"turns":5},{"damage":0,"enemies":"4 Shapes","floor":93,"turns":1}],"seed_played":"4082396746751889721","potions_obtained":[{"floor":4.0,"key":"SpeedPotion"},{"floor":11.0,"key":"Weak Potion"},{"floor":12.0,"key":"CultistPotion"},{"floor":14.0,"key":"SpeedPotion"},{"floor":21.0,"key":"champ:CounterPotion"},{"floor":29.0,"key":"DuplicationPotion"},{"floor":33.0,"key":"Flashbang"},{"floor":45.0,"key":"Guardian:StasisDiscoveryPotion"},{"floor":53.0,"key":"EssenceOfSteel"},{"floor":66.0,"key":"FairyPotion"},{"floor":78.0,"key":"Reflective Coating"}],"is_trial":false,"path_per_floor":["R_BF","M","M","M","?","R","T","M","M","$","M","E","R","M","M","B",null,"R","M","M","?","M","M","T","?","$","M","AVR","NM","T","?","M","B",null,"R","M","$","M","?","M","T","AVR","?","M","M","M","R","?","M","B",null,"R","M","?","$","M","M","T","M","M","M","M","R","M","E","M","B",null,"R_BF","M","?","M","$","M","E","M","?","E","M","AVR","M","E","M","B",null,"R_BF","M","?","$","M","?","E","M"],"character_chosen":"GUARDIAN","items_purchased":["Guardian:BottledStasis","Torii","Guardian:TemporalStrike","Strawberry","Guardian:DecasProtection","Guardian:RevengeProtocol","expansioncontent:StudyTheSpire","infinitespire:Lucky Rock","PreservedInsect","Membership Card","Tiny Chest"],"campfire_rested":0,"item_purchase_floors":[10,26,37,55,55,55,73,73,89,89,89],"current_hp_per_floor":[80,75,75,62,62,62,62,56,48,48,48,36,36,36,22,16,80,80,76,76,76,76,67,67,67,67,67,67,67,67,67,65,64,80,80,80,80,80,80,80,80,80,80,80,60,59,59,59,59,45,80,80,80,80,79,78,78,78,78,78,78,78,78,78,78,78,78,87,87,75,75,75,75,75,75,75,54,54,42,42,42,42,42,42,87,87,87,87,87,87,87,87,87,87,87],"gold":572,"neow_bonus":"UPGRADE_CARD","is_daily":false,"chose_seed":false,"campfire_upgraded":9,"win_rate":0.0,"timestamp":1611759349,"path_taken":["R_BF","M","M","M","?","R","T","M","M","$","M","E","R","M","M","BOSS","R","M","M","?","M","?","T","?","$","M","AVR","NM","?","?","M","BOSS","R","M","$","M","?","M","T","AVR","?","M","M","M","R","?","M","BOSS","R","M","?","$","M","M","T","M","M","M","M","R","M","E","M","BOSS","R_BF","M","?","M","$","M","E","?","?","E","M","AVR","M","E","M","BOSS","R_BF","M","?","$","M","?","E","M"],"items_purchased_type":["Relic","Relic","Card","Relic","Card","Card","Card","Relic","Relic","Relic","Relic"],"build_version":"2020-12-22","purchased_purges":0,"victory":false,"max_hp_per_floor":[80,80,80,80,80,80,80,80,80,80,80,80,80,80,80,80,80,80,80,80,80,80,80,80,80,80,80,80,80,80,80,80,80,80,80,80,80,80,80,80,80,80,80,80,80,80,80,80,80,80,80,80,80,80,87,87,87,87,87,87,87,87,87,87,87,87,87,87,87,87,87,87,87,87,87,87,87,87,87,87,87,87,87,87,87,87,87,87,87,87,87,87,87,87,87],"card_choices":[{"not_picked":["Guardian:Gem_Red","Guardian:ChargeCore"],"picked":"Guardian:Planning","floor":2.0},{"not_picked":["Guardian:EvasiveProtocol","Guardian:Reroute"],"picked":"Guardian:Orbwalk","floor":3.0},{"not_picked":["Guardian:WalkerClaw","Guardian:Gem_White"],"picked":"Guardian:ShieldCharger","floor":4.0},{"not_picked":["Guardian:PrimingBeam","Guardian:VentSteam"],"picked":"Guardian:Gem_Green","floor":8.0},{"not_picked":["Guardian:PrimingBeam","Guardian:TemporalShield"],"picked":"Guardian:Gem_Red","floor":9.0},{"not_picked":["Guardian:DonusPower","Guardian:PrismaticBarrier"],"picked":"Guardian:SphericShield","floor":10.0},{"not_picked":["Guardian:Repulse","Guardian:PrismaticBeam"],"picked":"Guardian:TemporalShield","floor":11.0},{"not_picked":["Guardian:Repulse","Guardian:TemporalShield"],"picked":"Guardian:BodySlam","floor":12.0},{"not_picked":["Guardian:Gem_Red","Guardian:Reroute"],"picked":"Guardian:Suspension","floor":14.0},{"not_picked":["Guardian:Gem_White","Guardian:Suspension"],"picked":"Guardian:WalkerClaw","floor":15.0},{"not_picked":["Guardian:BaubleBeam","Guardian:SphericShield"],"picked":"Guardian:AncientConstruct","floor":16.0},{"not_picked":["Guardian:Gem_Green","Guardian:WalkerClaw"],"picked":"Guardian:CrystalBeam","floor":19.0},{"not_picked":["Guardian:Gem_Green","Guardian:Planning"],"picked":"Guardian:BronzeArmor","floor":20.0},{"not_picked":["Guardian:TemporalShield","Guardian:Gem_Red"],"picked":"Guardian:PiercingHide","floor":22.0},{"not_picked":["Guardian:VentSteam","Guardian:PiercingHide"],"picked":"Guardian:ArmoredProtocol","floor":23.0},{"not_picked":["Guardian:FastForward","Guardian:TemporalShield+1"],"picked":"Guardian:ConstructionForm","floor":26.0},{"not_picked":["Guardian:RollAttack","Guardian:TemporalStrike"],"picked":"Guardian:ShieldSpikes+1","floor":27.0},{"not_picked":["Guardian:PiercingHide+1","Guardian:Gem_Red"],"picked":"Guardian:Clone","floor":29.0},{"not_picked":["Guardian:RefractedBeam","Guardian:Gem_Red"],"picked":"Guardian:PrimingBeam","floor":32.0},{"not_picked":["Guardian:Gem_Synthetic","Guardian:ExploitGems"],"picked":"Guardian:BaubleBeam","floor":33.0},{"not_picked":["Guardian:Gem_Yellow","Guardian:Harden"],"picked":"Guardian:Gem_Lightblue","floor":36.0},{"not_picked":["Guardian:PrimingBeam+1","Guardian:Reroute+1"],"picked":"Guardian:VentSteam+1","floor":37.0},{"not_picked":["Guardian:Gem_Cyan","Guardian:Reroute+1"],"picked":"Guardian:BodySlam","floor":38.0},{"not_picked":["Guardian:FloatingOrbs","Guardian:PrimingBeam+1"],"picked":"Guardian:MultiBeam","floor":40.0},{"not_picked":["Guardian:TimeCapacitor+1","Guardian:Gem_Lightblue"],"picked":"Guardian:PiercingHide+1","floor":43.0},{"not_picked":["Guardian:PrimingBeam+1","Guardian:Gem_Red"],"picked":"Guardian:BronzeOrb+1","floor":44.0},{"not_picked":["Guardian:Gem_Green","Guardian:PrismaticBarrier"],"picked":"Guardian:BronzeArmor","floor":45.0},{"not_picked":["Guardian:TemporalStrike+1","Guardian:Gem_White"],"picked":"Guardian:PiercingHide+1","floor":46.0},{"not_picked":["Guardian:Emergency","Guardian:Recover"],"picked":"Guardian:RollAttack+1","floor":48.0},{"not_picked":["Guardian:Gem_White","Guardian:Repulse"],"picked":"Guardian:Emergency+1","floor":49.0},{"not_picked":["Guardian:FierceBash","Guardian:SphericShield"],"picked":"Guardian:ConstructionForm","floor":50.0},{"not_picked":["Guardian:RefractedBeam","Guardian:TemporalStrike"],"picked":"Guardian:Gem_Red","floor":53.0},{"not_picked":["Guardian:ShieldSpikes","Guardian:CrystalBeam"],"picked":"Guardian:Emergency","floor":54.0},{"not_picked":["Guardian:PiercingHide","Guardian:Gem_Cyan"],"picked":"Guardian:Orbwalk","floor":55.0},{"not_picked":["Guardian:Emergency","Guardian:PrismaticBarrier"],"picked":"Guardian:TimeCapacitor","floor":56.0},{"not_picked":["Guardian:EvasiveProtocol","Guardian:Preprogram"],"picked":"Guardian:WalkerClaw","floor":57.0},{"not_picked":["Guardian:Reroute","Guardian:ShieldCharger"],"picked":"Guardian:RollAttack","floor":59.0},{"not_picked":["Guardian:Gem_Lightblue","Guardian:Incinerate"],"picked":"Guardian:ConstructionForm","floor":60.0},{"not_picked":["Guardian:BronzeOrb","Guardian:ShieldCharger"],"picked":"Guardian:ShieldSpikes","floor":61.0},{"not_picked":["Guardian:TemporalShield","Guardian:Suspension","Guardian:TemporalStrike"],"picked":"SKIP","floor":62.0},{"not_picked":["Guardian:CrystalBeam","Guardian:Suspension","Guardian:ShieldCharger"],"picked":"SKIP","floor":64.0},{"not_picked":["Guardian:MultiBeam","Guardian:Incinerate","Guardian:BaubleBeam"],"picked":"SKIP","floor":65.0},{"not_picked":["Guardian:DecasProtection","Guardian:ChargeCore"],"picked":"Guardian:Gem_Lightblue","floor":66.0},{"not_picked":["Guardian:BaubleBeam","Guardian:ConstructionForm"],"picked":"Guardian:GatlingBeam","floor":67.0},{"not_picked":["Guardian:Gem_Cyan","Guardian:Gem_Lightblue"],"picked":"Guardian:Gem_Crimson","floor":70.0},{"not_picked":["Guardian:VentSteam","Guardian:PiercingHide"],"picked":"Guardian:Gem_Red","floor":72.0},{"not_picked":["Guardian:PrismaticBeam","Guardian:Gem_Yellow"],"picked":"Guardian:Harden+1","floor":74.0},{"not_picked":["Guardian:BronzeOrb","Guardian:Clone+1"],"picked":"Guardian:TimeCapacitor","floor":75.0},{"not_picked":["Guardian:ChargeCore","Guardian:DonusPower+1"],"picked":"Guardian:SpikerProtocol+1","floor":76.0},{"not_picked":["ReplayTheSpireMod:Echoes of Time","infinitespire:SealOfDarkness+"],"picked":"infinitespire:Menacing","floor":77.0},{"not_picked":["Guardian:FastForward","Guardian:PrismaticBarrier"],"picked":"Guardian:TimeCapacitor","floor":78.0},{"not_picked":["Guardian:PrimingBeam","Guardian:DonusPower","Guardian:Planning"],"picked":"SKIP","floor":79.0},{"not_picked":["Guardian:VentSteam","Guardian:TimeBomb","Guardian:DecasProtection"],"picked":"SKIP","floor":81.0},{"not_picked":["Guardian:Harden","Guardian:PrimingBeam","Guardian:Gem_Red"],"picked":"SKIP","floor":82.0},{"not_picked":["Guardian:WalkerClaw","Guardian:SentryBeam","Guardian:Emergency"],"picked":"SKIP","floor":83.0},{"not_picked":["ReplayTheSpireMod:Book of Names","ReplayTheSpireMod:Haul"],"picked":"infinitespire:Collect","floor":84.0},{"not_picked":["Guardian:FierceBash","Guardian:StasisField"],"picked":"Guardian:TimeSifter","floor":84.0},{"not_picked":["Guardian:Gem_Purple","Guardian:PiercingHide+1"],"picked":"Guardian:Recover","floor":87},{"not_picked":["Guardian:EvasiveProtocol+1","Guardian:TemporalShield"],"picked":"Guardian:Reroute+1","floor":88},{"not_picked":["Guardian:Suspension","Guardian:EvasiveProtocol+1"],"picked":"Guardian:ChargeCore+1","floor":90},{"not_picked":["Guardian:SpikerProtocol+1","Guardian:Preprogram"],"picked":"Guardian:WalkerClaw+1","floor":92}],"player_experience":736152,"relics_obtained":[{"floor":5.0,"key":"Oddly Smooth Stone"},{"floor":7.0,"key":"Whetstone"},{"floor":12.0,"key":"Bronze Scales"},{"floor":21.0,"key":"downfall:GremlinWheel"},{"floor":24.0,"key":"Calipers"},{"floor":29.0,"key":"infinitespire:BottledMercury"},{"floor":30.0,"key":"Quantum Egg"},{"floor":41.0,"key":"infinitespire:Bottled Soul"},{"floor":43.0,"key":"hubris:AstralHammer"},{"floor":48.0,"key":"CatCart"},{"floor":54.0,"key":"Odd Mushroom"},{"floor":58.0,"key":"Mummified Hand"},{"floor":68.0,"key":"Replay:Bottled Steam"},{"floor":68.0,"key":"hubris:Zylophone"},{"floor":88,"key":"Du-Vu Doll"}],"event_choices":[{"damage_healed":0.0,"max_hp_gain":0.0,"max_hp_loss":0.0,"gold_gain":0.0,"event_name":"OrinTheCat","player_choice":"Fight","floor":48.0,"gold_loss":0.0,"damage_taken":0.0},{"damage_healed":0.0,"max_hp_gain":0.0,"max_hp_loss":0.0,"gold_gain":0.0,"event_name":"Mushrooms","player_choice":"Fought Mushrooms","floor":54.0,"gold_loss":0.0,"damage_taken":0.0},{"damage_healed":0.0,"max_hp_gain":0.0,"max_hp_loss":0.0,"gold_gain":0.0,"event_name":"NoteForYourself","player_choice":"Ignored","floor":71.0,"gold_loss":0.0,"damage_taken":0.0}],"is_beta":false,"boss_relics":[{"not_picked":["hubris:CrackedHourglass","hubris:ScarierMask"],"picked":"ChewingGum"},{"not_picked":["Sozu","hubris:BlackHole"],"picked":"Empty Cage"},{"not_picked":["Velvet Choker","hubris:VirtuousBlindfold"],"picked":"Replay:Grab Bag"},{"not_picked":["Cursed Key","Fusion Hammer"],"picked":"Philosopher\u0027s Stone"},{"not_picked":["ReplayTheSpireMod:DimensionalGlitch","Runic Dome"],"picked":"Replay:Wanted Poster"},{"not_picked":["Astrolabe","Pandora\u0027s Box"],"picked":"SlaversCollar"},{"not_picked":["infinitespire:Cupcake","Sozu"],"picked":"Calling Bell"},{"not_picked":["SacredBark","Replay:Drink Me"],"picked":"Black Star"}],"items_purged_floors":[],"is_endless":true,"potions_floor_spawned":[4,11,12,14,21,23,29,33,38,40,44,45,49,53,54,59,60,61,66,67,74,76,78,79,81,88,90],"killed_by":"4 Shapes","ascension_level":0}}