{"host":"fuszjwm6fqgjjp4d","time":1611708916,"event":{"mods":["BaseMod","Bestiary","Colored Map","DeckTracker","Minty Spire (QoL Compilation)","Permanent Neow","Relic Sorter","Relic Stats","StSLib"],"gold_per_floor":[115,115,134,134,149,149,149,177,177,21,48,48,65,81,81,154,154,166,166,166,166,9,9,35,48,48,65,65,78,78,78,78,153,153,171,182,52,63,63,93,111,126,126,126,0,0,37,63,63,63,63],"floor_reached":52,"language":"ENG","playtime":2081,"items_purged":["Strike_G"],"score":1905,"play_id":"b0552784-51db-433a-acc3-503fac2a8864","local_time":"20210126185516","is_ascension_mode":true,"campfire_choices":[{"data":"Deadly Poison","floor":6,"key":"SMITH"},{"floor":12,"key":"REST"},{"data":"Blade Dance","floor":15,"key":"SMITH"},{"data":"Infinite Blades","floor":23,"key":"SMITH"},{"floor":28,"key":"REST"},{"data":"Envenom","floor":30,"key":"SMITH"},{"data":"Cloak And Dagger","floor":32,"key":"SMITH"},{"data":"Well Laid Plans","floor":44,"key":"SMITH"},{"data":"Cloak And Dagger","floor":46,"key":"SMITH"},{"data":"Cloak And Dagger","floor":49,"key":"SMITH"}],"circlet_count":0,"master_deck":["AscendersBane","Strike_G","Strike_G","Defend_G","Defend_G","Defend_G","Defend_G","Survivor","Neutralize","Poisoned Stab+1","Deadly Poison+1","Blade Dance+1","Backstab","Infinite Blades+1","Dodge and Roll","Envenom+1","Dodge and Roll","Backflip+1","Cloak And Dagger+1","Glass Knife","Cloak And Dagger+1","Backflip","Well Laid Plans+1","Backflip+1","Deflect","Blade Dance","Blur","Terror","Cloak And Dagger+1"],"relics":["Ring of the Snake","Nunchaku","Kunai","InkBottle","Ginger","Empty Cage","MutagenicStrength","Anchor","Oddly Smooth Stone","Snake Skull","Eternal Feather","Runic Dome","Pen Nib","Ninja Scroll","Red Mask","CeramicFish"],"acts_visited":["Exordium","TheCity","TheBeyond"],"potions_floor_usage":[8,13,16,18,18,33,35,40,47,50],"damage_taken":[{"damage":6,"enemies":"Jaw Worm","floor":1,"turns":6},{"damage":0,"enemies":"2 Louse","floor":3,"turns":2},{"damage":1,"enemies":"Cultist","floor":5,"turns":3},{"damage":22,"enemies":"3 Sentries","floor":8,"turns":10},{"damage":7,"enemies":"Gremlin Nob","floor":11,"turns":3},{"damage":1,"enemies":"3 Louse","floor":13,"turns":2},{"damage":0,"enemies":"Blue Slaver","floor":14,"turns":2},{"damage":5,"enemies":"Hexaghost","floor":16,"turns":8},{"damage":12,"enemies":"3 Byrds","floor":18,"turns":4},{"damage":31,"enemies":"Gremlin Leader","floor":24,"turns":9},{"damage":0,"enemies":"Chosen","floor":25,"turns":4},{"damage":6,"enemies":"Snecko","floor":27,"turns":4},{"damage":0,"enemies":"Cultist and Chosen","floor":29,"turns":7},{"damage":3,"enemies":"Champ","floor":33,"turns":9},{"damage":0,"enemies":"3 Shapes","floor":35,"turns":3},{"damage":0,"enemies":"Orb Walker","floor":36,"turns":3},{"damage":0,"enemies":"Transient","floor":38,"turns":6},{"damage":5,"enemies":"Nemesis","floor":40,"turns":7},{"damage":3,"enemies":"Maw","floor":41,"turns":6},{"damage":0,"enemies":"Jaw Worm Horde","floor":42,"turns":5},{"damage":0,"enemies":"Reptomancer","floor":47,"turns":8},{"damage":0,"enemies":"4 Shapes","floor":48,"turns":3},{"damage":29,"enemies":"Awakened One","floor":50,"turns":12},{"damage":18,"enemies":"Donu and Deca","floor":51,"turns":12}],"seed_played":"-2608685657978206154","potions_obtained":[{"floor":3,"key":"DuplicationPotion"},{"floor":8,"key":"Fire Potion"},{"floor":13,"key":"Block Potion"},{"floor":14,"key":"Poison Potion"},{"floor":16,"key":"Poison Potion"},{"floor":24,"key":"PowerPotion"},{"floor":29,"key":"Explosive Potion"},{"floor":38,"key":"DistilledChaos"},{"floor":42,"key":"SkillPotion"},{"floor":47,"key":"FearPotion"}],"is_trial":false,"path_per_floor":["M","?","M","?","M","R","?","E","T","$","E","R","M","M","R","B",null,"M","?","?","?","$","R","E","M","T","M","R","M","R","?","R","B",null,"M","M","$","M","?","E","M","M","T","R","?","R","E","M","R","B","B",null],"character_chosen":"THE_SILENT","items_purchased":["Infinite Blades","Anchor","Backflip","Well Laid Plans"],"campfire_rested":2,"item_purchase_floors":[10,22,37,37],"current_hp_per_floor":[53,53,53,46,45,45,45,23,23,23,16,35,34,34,34,29,57,45,45,45,45,45,45,14,14,14,8,27,27,27,27,36,33,58,58,58,58,58,58,53,50,50,50,65,65,66,66,66,66,37,19],"gold":63,"neow_bonus":"RANDOM_COMMON_RELIC","is_daily":false,"chose_seed":false,"campfire_upgraded":8,"win_rate":0.0,"timestamp":1611708916,"path_taken":["M","?","M","?","M","R","?","E","T","?","E","R","?","M","R","BOSS","M","?","?","?","?","R","E","M","T","?","R","M","R","?","R","BOSS","M","M","?","M","?","E","M","?","T","R","?","R","E","M","R","BOSS","BOSS"],"items_purchased_type":["Card","Relic","Card","Card"],"build_version":"2020-12-22","purchased_purges":1,"victory":true,"max_hp_per_floor":[66,66,66,66,66,66,66,66,66,66,66,66,66,66,66,66,66,66,66,66,66,66,66,66,66,66,66,66,66,66,66,66,66,66,66,66,66,66,66,66,66,66,66,66,66,66,66,66,66,66,66],"relic_stats":{"Nunchaku":[58],"counters":[24,138],"CeramicFish":18,"Eternal Feather":25,"Snake Skull":[317],"Pen Nib":[26],"Kunai":[141],"Ginger":[19],"obtain_stats":[{"CeramicFish":47,"Oddly Smooth Stone":24,"Eternal Feather":31,"Snake Skull":26,"Pen Nib":40,"Ginger":11,"Empty Cage":17,"Runic Dome":34,"Nunchaku":0,"Anchor":22,"Ninja Scroll":43,"MutagenicStrength":21,"Red Mask":45,"Kunai":8,"InkBottle":9,"Ring of the Snake":0},{"CeramicFish":21,"Oddly Smooth Stone":10,"Eternal Feather":13,"Snake Skull":11,"Pen Nib":18,"Ginger":5,"Empty Cage":8,"Runic Dome":14,"Nunchaku":0,"Anchor":9,"Ninja Scroll":20,"MutagenicStrength":9,"Red Mask":20,"Kunai":4,"InkBottle":4,"Ring of the Snake":0},{"CeramicFish":111,"Oddly Smooth Stone":49,"Eternal Feather":64,"Snake Skull":53,"Pen Nib":92,"Ginger":24,"Empty Cage":36,"Runic Dome":73,"Nunchaku":0,"Anchor":40,"Ninja Scroll":103,"MutagenicStrength":40,"Red Mask":103,"Kunai":21,"InkBottle":21,"Ring of the Snake":0}],"InkBottle":[87],"Ring of the Snake":[48]},"card_choices":[{"not_picked":["Prepared","Riddle With Holes"],"picked":"Poisoned Stab","floor":1},{"not_picked":["Calculated Gamble","Outmaneuver"],"picked":"Deadly Poison","floor":3},{"not_picked":["Deadly Poison","Die Die Die"],"picked":"Blade Dance","floor":5},{"not_picked":["Footwork","Flying Knee"],"picked":"Backstab","floor":8},{"not_picked":["Deadly Poison","Tactician"],"picked":"Dodge and Roll","floor":11},{"not_picked":["Dagger Spray","Sucker Punch","Well Laid Plans"],"picked":"SKIP","floor":13},{"not_picked":["Bane","Sucker Punch","Deadly Poison"],"picked":"SKIP","floor":14},{"not_picked":["Burst","Corpse Explosion"],"picked":"Envenom","floor":16},{"not_picked":["Underhanded Strike+1","Poisoned Stab","Tactician"],"picked":"SKIP","floor":18},{"not_picked":["Choke","Dagger Throw+1"],"picked":"Dodge and Roll","floor":24},{"not_picked":["Skewer","Dagger Throw","Reflex"],"picked":"SKIP","floor":25},{"not_picked":["Distraction","Slice"],"picked":"Backflip+1","floor":27},{"not_picked":["Setup","Crippling Poison"],"picked":"Cloak And Dagger","floor":29},{"not_picked":["Phantasmal Killer","Bullet Time"],"picked":"Glass Knife","floor":33},{"not_picked":["Reflex","Slice"],"picked":"Cloak And Dagger","floor":35},{"not_picked":["Bane+1","Deadly Poison","Dagger Throw"],"picked":"SKIP","floor":36},{"not_picked":["Dagger Spray+1","Bane","Setup"],"picked":"SKIP","floor":38},{"not_picked":["Endless Agony","Deflect","Expertise"],"picked":"SKIP","floor":40},{"not_picked":["Endless Agony","Expertise"],"picked":"Deflect","floor":40},{"not_picked":["Predator","Tactician"],"picked":"Blade Dance","floor":41},{"not_picked":["Deflect+1","Dagger Throw"],"picked":"Blur","floor":42},{"not_picked":["All Out Attack","PiercingWail"],"picked":"Terror","floor":47},{"not_picked":["Flechettes","Bane+1"],"picked":"Cloak And Dagger","floor":48}],"player_experience":1352842,"relics_obtained":[{"floor":8,"key":"Kunai"},{"floor":9,"key":"InkBottle"},{"floor":11,"key":"Ginger"},{"floor":24,"key":"Oddly Smooth Stone"},{"floor":26,"key":"Snake Skull"},{"floor":31,"key":"Eternal Feather"},{"floor":40,"key":"Pen Nib"},{"floor":43,"key":"Ninja Scroll"},{"floor":47,"key":"CeramicFish"}],"event_choices":[{"damage_healed":0,"gold_gain":0,"player_choice":"Grow","damage_taken":0,"max_hp_gain":0,"max_hp_loss":0,"event_name":"Living Wall","floor":2,"gold_loss":0,"cards_upgraded":["Poisoned Stab"]},{"cards_removed":["Strike_G"],"damage_healed":0,"gold_gain":0,"player_choice":"Card Removal","damage_taken":7,"max_hp_gain":0,"max_hp_loss":0,"event_name":"Golden Wing","floor":4,"gold_loss":0},{"damage_healed":0,"gold_gain":0,"player_choice":"Ignored","damage_taken":0,"max_hp_gain":0,"max_hp_loss":0,"event_name":"Liars Game","floor":7,"gold_loss":0},{"damage_healed":0,"gold_gain":0,"player_choice":"Ignored","damage_taken":0,"max_hp_gain":0,"max_hp_loss":0,"event_name":"Vampires","floor":19,"gold_loss":0},{"damage_healed":0,"gold_gain":0,"player_choice":"Ignored","damage_taken":0,"max_hp_gain":0,"max_hp_loss":0,"event_name":"Ghosts","floor":20,"gold_loss":0},{"damage_healed":0,"gold_gain":0,"player_choice":"Inject Mutagens","damage_taken":0,"relics_obtained":["MutagenicStrength"],"max_hp_gain":0,"max_hp_loss":0,"event_name":"Drug Dealer","floor":21,"gold_loss":0},{"damage_healed":0,"gold_gain":0,"player_choice":"Relic","damage_taken":0,"max_hp_gain":0,"max_hp_loss":0,"event_name":"Wheel of Change","floor":31,"gold_loss":0},{"damage_healed":0,"gold_gain":0,"player_choice":"Copied","damage_taken":0,"max_hp_gain":0,"max_hp_loss":0,"event_name":"Duplicator","floor":39,"gold_loss":0,"cards_obtained":["Backflip"]},{"damage_healed":0,"gold_gain":0,"player_choice":"Paid","damage_taken":0,"relics_obtained":["Red Mask"],"max_hp_gain":0,"max_hp_loss":0,"event_name":"Tomb of Lord Red Mask","floor":45,"gold_loss":126}],"is_beta":false,"boss_relics":[{"not_picked":["Fusion Hammer","Snecko Eye"],"picked":"Empty Cage"},{"not_picked":["Calling Bell","Runic Pyramid"],"picked":"Runic Dome"}],"items_purged_floors":[10],"is_endless":false,"potions_floor_spawned":[3,8,13,14,16,24,29,38,42,47],"ascension_level":20}}