{"host":"w97dq1whmpm6b2tc","time":1611763306,"event":{"mods":["BaseMod","Downfall","Minty Spire (QoL Compilation)","Replay The Spire","StSLib"],"gold_per_floor":[99,99,99,99,158,308,308,54,54,83,83,109,9,0,18,116,116,116,129,149,149,149,176,176,210,224,124,124,152,52,70,84,84,84,84],"floor_reached":33,"language":"ENG","playtime":2490,"items_purged":["downfall:Icky"],"score":373,"play_id":"6846b2b3-352f-486d-9e58-e3266a9430a9","local_time":"20210127180146","is_ascension_mode":true,"campfire_choices":[{"floor":1.0,"key":"RECALL"},{"data":"champ:Taunt","floor":11.0,"key":"SMITH"},{"floor":13.0,"key":"REST"},{"data":"champ:FanOfKnives","floor":18,"key":"SMITH"},{"data":"champ:RageSigil","floor":27,"key":"SMITH"},{"data":"champ:RageSigil","floor":30,"key":"SMITH"}],"circlet_count":0,"master_deck":["champ:Strike","champ:Strike","champ:Strike","champ:Strike","champ:Defend","champ:Defend","champ:Defend","champ:Execute","champ:Taunt+1","champ:RageSigil+1","champ:Encircle","champ:FaceSlap","champ:FanOfKnives+1","champ:VampiricStrike","Flash of Steel","champ:RageSigil+1","champ:FocusedBerserking","champ:AdrenalArmor"],"relics":["champ:ChampionCrown","downfall:HeartsMalice","Regal Pillow","Lizard Tail","Snack Pack","Smiling Mask","downfall:HeartBlessingRed","champ:PowerArmor","downfall:RedIOU","Toy Ornithopter","Replay:Baseball","downfall:HeartBlessingBlue","Mirror","downfall:HeartBlessingGreen"],"acts_visited":["Exordium","TheCity"],"potions_floor_usage":[16,16,16,20,29,31],"damage_taken":[{"damage":0.0,"enemies":"Small Slimes","floor":2.0,"turns":1.0},{"damage":0.0,"enemies":"2 Louse","floor":3.0,"turns":1.0},{"damage":0.0,"enemies":"Jaw Worm","floor":4.0,"turns":1.0},{"damage":79.0,"enemies":"Lagavulin Event","floor":5.0,"turns":7.0},{"damage":26.0,"enemies":"downfall:FleeingMerchant","floor":8.0,"turns":4.0},{"damage":37.0,"enemies":"Gremlin Nob","floor":10.0,"turns":4.0},{"damage":45.0,"enemies":"3 Sentries","floor":12.0,"turns":5.0},{"damage":45.0,"enemies":"downfall:FleeingMerchant","floor":14.0,"turns":4.0},{"damage":25.0,"enemies":"Blue Slaver","floor":15.0,"turns":2.0},{"damage":76,"enemies":"DF_ARCHETYPE_STREAMLINE","floor":16,"turns":5},{"damage":21,"enemies":"Spheric Guardian","floor":19,"turns":3},{"damage":14,"enemies":"Shell Parasite","floor":20,"turns":3},{"damage":47,"enemies":"Replay:Snechameleon","floor":25,"turns":5},{"damage":20,"enemies":"3 Cultists","floor":26,"turns":3},{"damage":60,"enemies":"Book of Stabbing","floor":29,"turns":5},{"damage":22,"enemies":"Snecko","floor":31,"turns":3},{"damage":38,"enemies":"Snake Plant","floor":32,"turns":3},{"damage":69,"enemies":"WA_ARCHETYPE_CALM","floor":33,"turns":5}],"seed_played":"3191409246516466534","potions_obtained":[{"floor":5.0,"key":"PowerPotion"},{"floor":10.0,"key":"Venom Potion"},{"floor":15.0,"key":"Toxic Potion"},{"floor":16,"key":"AttackPotion"},{"floor":20,"key":"DistilledChaos"},{"floor":25,"key":"SneckoOil"},{"floor":26,"key":"SpeedPotion"}],"is_trial":false,"path_per_floor":["R","M","M","M","?","?","T","$","?","E","R","E","R","$","M","B",null,"R","M","M","?","?","T","T","E","M","R","?","E","R","M","M","B"],"character_chosen":"THE_CHAMP","items_purchased":["Flash of Steel","champ:RageSigil"],"campfire_rested":1,"item_purchase_floors":[8,8],"current_hp_per_floor":[81,81,81,81,27,27,27,22,22,45,45,23,65,61,63,47,79,79,84,84,84,84,84,84,65,69,79,79,67,67,74,62,0,0,0],"gold":84,"neow_bonus":"THREE_ENEMY_KILL","is_daily":false,"chose_seed":false,"campfire_upgraded":4,"win_rate":0.0,"timestamp":1611763306,"path_taken":["R","M","M","M","?","?","T","$","?","E","R","E","R","?","M","BOSS","R","M","M","?","?","?","T","E","M","R","?","E","R","M","M","BOSS"],"items_purchased_type":["Card","Card"],"build_version":"2020-12-22","purchased_purges":1,"victory":false,"max_hp_per_floor":[90,90,90,90,90,90,90,90,90,90,90,90,90,90,90,90,90,90,90,90,90,90,90,90,90,90,100,100,100,100,100,100,100,100,100],"card_choices":[{"not_picked":["champ:TornadoPunch","champ:FlashCut"],"picked":"champ:RageSigil","floor":2.0},{"not_picked":["champ:GutPunch","champ:ShieldSigil"],"picked":"champ:Encircle","floor":3.0},{"not_picked":["champ:IronFortress","champ:GutPunch"],"picked":"champ:FaceSlap","floor":4.0},{"not_picked":["champ:EnGarde","champ:Duel"],"picked":"champ:FanOfKnives","floor":5.0},{"not_picked":["champ:CalledShot","champ:BladeFlurry"],"picked":"champ:VampiricStrike","floor":8.0},{"not_picked":["champ:GutPunch","champ:Lariat"],"picked":"champ:FocusedBerserking","floor":10.0},{"not_picked":["champ:FlashCut","champ:ShieldThrow"],"picked":"champ:AdrenalArmor","floor":12.0},{"not_picked":["champ:TornadoPunch","champ:StanceDance","champ:FlashCut"],"picked":"SKIP","floor":14.0},{"not_picked":["champ:GladiatorStyle","champ:Shatter","champ:FanOfKnives"],"picked":"SKIP","floor":15.0},{"not_picked":["champ:Endure","champ:DefensiveShout","champ:AdrenalArmor"],"picked":"SKIP","floor":19},{"not_picked":["champ:BladeFlurry","champ:Backstep","champ:Shatter+1"],"picked":"SKIP","floor":20},{"not_picked":["champ:Encircle+1","champ:EnragedBash+1","champ:PreciseThrust+1"],"picked":"SKIP","floor":25},{"not_picked":["champ:AdrenalArmor","champ:GutPunch","champ:CrownThrow"],"picked":"SKIP","floor":26},{"not_picked":["champ:CrownThrow","champ:PreemptiveStrike","champ:ViciousMockery"],"picked":"SKIP","floor":29},{"not_picked":["champ:Circumvent+1","champ:SkillfulDodge","champ:FancyFootwork"],"picked":"SKIP","floor":31},{"not_picked":["champ:SwordSigil","champ:RapidStrikes","champ:GladiatorStyle+1"],"picked":"SKIP","floor":32}],"player_experience":3738201,"relics_obtained":[{"floor":5.0,"key":"Regal Pillow"},{"floor":7.0,"key":"Lizard Tail"},{"floor":10.0,"key":"Snack Pack"},{"floor":12.0,"key":"Smiling Mask"},{"floor":23,"key":"Toy Ornithopter"},{"floor":25,"key":"Replay:Baseball"},{"floor":29,"key":"Mirror"}],"event_choices":[],"is_beta":false,"boss_relics":[{"not_picked":["Replay:Wanted Poster","Snecko Eye"],"picked":"champ:PowerArmor"}],"items_purged_floors":[8],"is_endless":false,"potions_floor_spawned":[5,10,15,16,20,25,26],"killed_by":"WA_ARCHETYPE_CALM","ascension_level":6}}