{"host":"oz4ht6ec7xzo36kd","time":1611738197,"event":{"mods":["Act Like it!","BaseMod","Friendly Minions","Marisa¡]Ãú«B¡@Å]²z¨F¡^","Minty Spire (QoL Compilation)","Remilia¡]Á¢¦Ì²ú?¡^","StSLib","The Marked","The Servant 0.9.4","WarShipGirlsR/??¤Ö¤kR mod","Youmu¡]»î¾z§¯?¡^"],"gold_per_floor":[114,133,133,146,158,184,184,202,274,0,0,18,83,83,83,186,186,203,214,228,228,228,228,153,153,180,190,190,190,190],"floor_reached":29,"language":"ZHT","playtime":1120,"items_purged":["theMarked:ComboAttacks"],"score":225,"play_id":"71c35d38-31a4-4172-a2ad-ed57da0fc7a8","local_time":"20210127170317","is_ascension_mode":false,"campfire_choices":[{"floor":7,"key":"RECALL"},{"data":"theMarked:Reabsorb","floor":11,"key":"SMITH"},{"data":"theMarked:EternalStudent","floor":15,"key":"SMITH"},{"floor":23,"key":"REST"},{"data":"theMarked:Abjuration","floor":25,"key":"SMITH"}],"circlet_count":0,"master_deck":["theMarked:Strike","theMarked:Strike","theMarked:Strike","theMarked:Strike","theMarked:Strike","theMarked:Defend","theMarked:Defend","theMarked:Defend","theMarked:SoldierOfQuellstein","theMarked:Overcharge","theMarked:ShockingTouch","theMarked:Reabsorb+1","theMarked:ParalyzingBlade","theMarked:EternalStudent+1","theMarked:WardOff","theMarked:StartUp","theMarked:Frustration","theMarked:RogueSparks","theMarked:Abjuration+1","theMarked:BanishingStrike","theMarked:ComboAttacks+1","theMarked:CreepingChasm"],"relics":["theMarked:ArtifactOfAir","NeowsBlessing","theMarked:NailFile","Ornamental Fan","Kunai","Thread and Needle","theMarked:SpiritSword","Shuriken"],"acts_visited":["Exordium","TheCity"],"potions_floor_usage":[6,12,13,13,13,13,16,16,16,27,27],"damage_taken":[{"damage":0,"enemies":"2 Louse","floor":1,"turns":1},{"damage":0,"enemies":"Cultist","floor":2,"turns":1},{"damage":0,"enemies":"Jaw Worm","floor":4,"turns":1},{"damage":5,"enemies":"Looter","floor":5,"turns":3},{"damage":18,"enemies":"3 Sentries","floor":6,"turns":9},{"damage":5,"enemies":"Lots of Slimes","floor":8,"turns":4},{"damage":3,"enemies":"Large Slime","floor":12,"turns":4},{"damage":8,"enemies":"Gremlin Nob","floor":13,"turns":3},{"damage":41,"enemies":"Hexaghost","floor":16,"turns":7},{"damage":22,"enemies":"Shell Parasite","floor":18,"turns":4},{"damage":10,"enemies":"Chosen","floor":19,"turns":4},{"damage":19,"enemies":"Snake Plant","floor":20,"turns":4},{"damage":19,"enemies":"Cultist and Chosen","floor":27,"turns":5},{"damage":44,"enemies":"3 Cultists","floor":29,"turns":4}],"seed_played":"8981309807669151231","potions_obtained":[{"floor":3,"key":"Regen Potion"},{"floor":3,"key":"SmokeBomb"},{"floor":3,"key":"EntropicBrew"},{"floor":4,"key":"theMarked:ChargePotion"},{"floor":6,"key":"Explosive Potion"},{"floor":8,"key":"EntropicBrew"},{"floor":16,"key":"AttackPotion"},{"floor":19,"key":"Weak Potion"},{"floor":20,"key":"SteroidPotion"}],"is_trial":false,"path_per_floor":["M","M","?","M","M","E","R","M","T","$","R","M","?","?","R","B",null,"M","M","M","?","T","R","$","R","T","M","?","M"],"character_chosen":"THE_DEFAULT","items_purchased":["Kunai","theMarked:StartUp"],"campfire_rested":1,"item_purchase_floors":[10,10],"current_hp_per_floor":[70,70,70,70,65,59,59,54,54,54,54,51,43,43,43,2,70,48,38,19,6,6,28,28,28,28,9,34,0,0],"gold":190,"neow_bonus":"THREE_ENEMY_KILL","is_daily":false,"chose_seed":false,"campfire_upgraded":3,"win_rate":0.0,"timestamp":1611738197,"path_taken":["M","M","?","M","M","E","R","M","T","$","R","?","?","?","R","BOSS","M","M","?","?","?","R","$","R","T","M","?","?"],"items_purchased_type":["Relic","Card"],"build_version":"2020-12-22","purchased_purges":1,"victory":false,"max_hp_per_floor":[70,70,70,70,70,70,70,70,70,70,70,70,70,70,70,70,70,70,70,70,75,75,75,75,75,75,75,75,75,75],"card_choices":[{"not_picked":["theMarked:HeightenedSenses","theMarked:Aftermath"],"picked":"theMarked:Overcharge","floor":1},{"not_picked":["theMarked:Overthink","theMarked:Panic"],"picked":"theMarked:ShockingTouch","floor":2},{"not_picked":["theMarked:HeightenedSenses","theMarked:KeepCalmAndFight"],"picked":"theMarked:Reabsorb","floor":4},{"not_picked":["theMarked:Aftermath","theMarked:HeightenedSenses"],"picked":"theMarked:ParalyzingBlade","floor":5},{"not_picked":["theMarked:ResourceFulStrike","theMarked:Parkour"],"picked":"theMarked:EternalStudent","floor":6},{"not_picked":["theMarked:ElectricStrings","theMarked:TakeCover"],"picked":"theMarked:WardOff","floor":8},{"not_picked":["theMarked:StartUp","theMarked:Electrocute"],"picked":"theMarked:Frustration","floor":12},{"not_picked":["theMarked:WardOff","theMarked:TakeCover"],"picked":"theMarked:RogueSparks","floor":13},{"not_picked":["theMarked:ThrowWeapon","theMarked:EternalStudent"],"picked":"theMarked:Abjuration","floor":16},{"not_picked":["theMarked:RepellingDischarge+1","theMarked:Improvise"],"picked":"theMarked:ComboAttacks","floor":18},{"not_picked":["theMarked:MuscleMemory","theMarked:WardOff"],"picked":"theMarked:BanishingStrike","floor":19},{"not_picked":["theMarked:WastefulAttack","theMarked:Convert+1"],"picked":"theMarked:ComboAttacks+1","floor":20},{"not_picked":["theMarked:TakeCover","theMarked:BanishingStrike"],"picked":"theMarked:CreepingChasm","floor":27}],"player_experience":399496,"relics_obtained":[{"floor":6,"key":"theMarked:NailFile"},{"floor":9,"key":"Ornamental Fan"},{"floor":13,"key":"Thread and Needle"},{"floor":22,"key":"Shuriken"}],"event_choices":[{"damage_healed":0,"gold_gain":0,"player_choice":"Got Potions","damage_taken":0,"max_hp_gain":0,"max_hp_loss":0,"event_name":"Lab","floor":3,"gold_loss":0},{"damage_healed":0,"gold_gain":30,"player_choice":"Searched \u00272\u0027 times","damage_taken":0,"max_hp_gain":0,"max_hp_loss":0,"event_name":"Dead Adventurer","floor":13,"gold_loss":0},{"cards_removed":["theMarked:Defend"],"damage_healed":0,"gold_gain":0,"player_choice":"Offered Basic","damage_taken":0,"max_hp_gain":0,"max_hp_loss":0,"event_name":"Bonfire Elementals","floor":14,"gold_loss":0},{"damage_healed":0,"gold_gain":0,"player_choice":"Shed Blood","damage_taken":18,"max_hp_gain":5,"max_hp_loss":0,"event_name":"Forgotten Altar","floor":21,"gold_loss":0},{"damage_healed":25,"gold_gain":0,"player_choice":"Heal","damage_taken":0,"max_hp_gain":0,"max_hp_loss":0,"event_name":"The Library","floor":28,"gold_loss":0}],"is_beta":false,"boss_relics":[{"not_picked":["Black Star","Cursed Key"],"picked":"theMarked:SpiritSword"}],"items_purged_floors":[24],"is_endless":false,"potions_floor_spawned":[4,5,6,8,16,19,20],"killed_by":"3 Cultists","ascension_level":0}}