{"host":"ezkqjaqywejtjag1","time":1611731479,"event":{"mods":["BaseMod","BetterRewards","Colored Map","Infinite Spire","Minty Spire (QoL Compilation)","Replay The Spire","StSLib"],"gold_per_floor":[113,188,100,117,129,157,157,184,184,204,224,236,236,236,236,334,334,348,359,359,359,359,359],"floor_reached":22,"language":"ENG","playtime":828,"items_purged":[],"score":235,"play_id":"605b9444-1f88-4b89-bdbd-538f2add6426","local_time":"20210127021119","is_ascension_mode":true,"campfire_choices":[{"floor":7,"key":"REST"},{"data":"Static Discharge","floor":13,"key":"SMITH"},{"floor":15,"key":"REST"}],"circlet_count":0,"master_deck":["Strike_B+1","Strike_B+1","Strike_B+1","Strike_B+1","Defend_B+1","Defend_B+1","Defend_B+1","Defend_B+1","Zap","Dualcast+1","Go for the Eyes","Turbo+1","Cold Snap","Lockon","Turbo","Static Discharge+1","Doom and Gloom","Chill","Beam Cell","Beam Cell","ReplayTheSpireMod:Omega Cannon","CurseOfTheBell","Hello World","White Noise","infinitespire:DeathsTouch"],"relics":["Cracked Core","NeowsBlessing","Pondfish Scales","Replay:Antivirus Software","Iron Hammer","Calling Bell","War Paint","Durian","infinitespire:BottledMercury"],"acts_visited":["Exordium","TheCity"],"potions_floor_usage":[11,16,16],"damage_taken":[{"damage":0,"enemies":"2 Louse","floor":1,"turns":1},{"damage":0,"enemies":"Cultist","floor":4,"turns":1},{"damage":0,"enemies":"Jaw Worm","floor":5,"turns":1},{"damage":45,"enemies":"3 Sentries","floor":6,"turns":9},{"damage":13,"enemies":"Lagavulin","floor":8,"turns":5},{"damage":3,"enemies":"Large Slime","floor":10,"turns":4},{"damage":0,"enemies":"2 Fungi Beasts","floor":11,"turns":2},{"damage":0,"enemies":"Looter","floor":12,"turns":2},{"damage":10,"enemies":"Slime Boss","floor":16,"turns":7},{"damage":11,"enemies":"Spheric Guardian","floor":18,"turns":3},{"damage":35,"enemies":"2 Thieves","floor":19,"turns":3}],"seed_played":"-840929716731432177","potions_obtained":[{"floor":4,"key":"Dexterity Potion"},{"floor":10,"key":"Swift Potion"},{"floor":12,"key":"Flashbang"},{"floor":16,"key":"Adrenaline Potion"},{"floor":19,"key":"Toxic Potion"}],"is_trial":false,"path_per_floor":["M","?","$","M","M","E","R","E","T","M","M","M","R","?","R","B",null,"M","M","?","?","?"],"character_chosen":"DEFECT","items_purchased":["Turbo+1","Cold Snap"],"campfire_rested":2,"item_purchase_floors":[3,3],"current_hp_per_floor":[75,68,68,68,68,23,45,32,32,29,29,29,29,29,51,41,80,69,34,34,14,0,0],"gold":359,"neow_bonus":"THREE_ENEMY_KILL","is_daily":false,"chose_seed":false,"campfire_upgraded":1,"win_rate":0.0,"timestamp":1611731479,"path_taken":["M","?","$","?","M","E","R","E","T","M","M","M","R","?","R","BOSS","M","M","?","?","?"],"items_purchased_type":["Card","Card"],"build_version":"2020-12-22","purchased_purges":0,"victory":false,"max_hp_per_floor":[75,75,75,75,75,75,75,75,75,75,75,75,75,75,75,75,80,80,80,80,80,85,85],"card_choices":[{"not_picked":["Beam Cell","Leap"],"picked":"Go for the Eyes","floor":1},{"not_picked":["Tempest","Undo"],"picked":"Lockon","floor":4},{"not_picked":["Steam","ReplayTheSpireMod:Reroute Power"],"picked":"Turbo","floor":5},{"not_picked":["Amplify","Blizzard"],"picked":"Static Discharge","floor":6},{"not_picked":["Beam Cell","ReplaySolidLightProjector"],"picked":"Doom and Gloom","floor":8},{"not_picked":["Scrape","Redo"],"picked":"Chill","floor":10},{"not_picked":["Doom and Gloom","Coolheaded"],"picked":"Beam Cell","floor":11},{"not_picked":["Coolheaded","Compile Driver"],"picked":"Beam Cell","floor":12},{"not_picked":["Rainbow","Biased Cognition"],"picked":"ReplayTheSpireMod:Omega Cannon","floor":16},{"not_picked":["ReplayTheSpireMod:GoodbyeWorld+1","Leap+1"],"picked":"Hello World","floor":18},{"not_picked":["Go for the Eyes","Rip and Tear"],"picked":"White Noise","floor":19},{"not_picked":["ReplayTheSpireMod:??????????????????????","infinitespire:Gouge"],"picked":"infinitespire:DeathsTouch","floor":21}],"player_experience":203879,"relics_obtained":[{"floor":6,"key":"Pondfish Scales"},{"floor":8,"key":"Replay:Antivirus Software"},{"floor":9,"key":"Iron Hammer"},{"floor":17,"key":"War Paint"},{"floor":17,"key":"Durian"},{"floor":17,"key":"infinitespire:BottledMercury"}],"event_choices":[{"damage_healed":0,"gold_gain":75,"player_choice":"Touch","damage_taken":7,"max_hp_gain":0,"max_hp_loss":0,"event_name":"FaceTrader","floor":2,"gold_loss":0},{"damage_healed":0,"gold_gain":0,"player_choice":"Simplicity","damage_taken":0,"max_hp_gain":0,"max_hp_loss":0,"event_name":"Back to Basics","floor":20,"gold_loss":0,"cards_upgraded":["Strike_B","Strike_B","Strike_B","Strike_B","Defend_B","Defend_B","Defend_B"]}],"is_beta":false,"boss_relics":[{"not_picked":["Nuclear Battery","Ring of Chaos"],"picked":"Calling Bell"}],"items_purged_floors":[],"is_endless":false,"potions_floor_spawned":[4,10,12,16,19],"ascension_level":4}}