{"host":"April","time":1611738812,"event":{"mods":["BaseMod","Minty Spire (QoL Compilation)"],"gold_per_floor":[115,115,135,135,1,33,44,77,126,141,45,75,75,108,108,203,203,215,229,229,244,244,274,274,549,619,635,635,635],"floor_reached":28,"language":"ENG","playtime":1734,"items_purged":[],"score":279,"play_id":"5adce263-cf37-4db0-8c1a-8872acc8ffc8","local_time":"20210127011332","is_ascension_mode":true,"campfire_choices":[{"floor":13.0,"key":"REST"},{"floor":15.0,"key":"REST"},{"floor":24.0,"key":"REST"}],"circlet_count":0,"master_deck":["Strike_B+1","Strike_B+1","Strike_B+1","Strike_B+1","Defend_B+1","Defend_B+1","Defend_B+1","Defend_B+1","Zap","Dualcast","Seek","Beam Cell","Genetic Algorithm","Loop","Sweeping Beam","Turbo","Fission","Chaos","Echo Form","White Noise","Conserve Battery","Go for the Eyes","Doom and Gloom","Steam","Electrodynamics","Ball Lightning","Defragment","Turbo","Regret"],"relics":["Cracked Core","Peace Pipe","Mummified Hand","Dream Catcher","Strawberry","Bottled Flame","Centennial Puzzle","Sozu","Molten Egg 2","Kunai"],"acts_visited":["Exordium","TheCity"],"potions_floor_usage":[],"damage_taken":[{"damage":0.0,"enemies":"Small Slimes","floor":1.0,"turns":2.0},{"damage":11.0,"enemies":"Jaw Worm","floor":3.0,"turns":2.0},{"damage":23.0,"enemies":"Gremlin Nob","floor":6.0,"turns":4.0},{"damage":0.0,"enemies":"Cultist","floor":7.0,"turns":3.0},{"damage":38.0,"enemies":"Lagavulin","floor":8.0,"turns":7.0},{"damage":8.0,"enemies":"Exordium Thugs","floor":10.0,"turns":4.0},{"damage":9.0,"enemies":"3 Sentries","floor":12.0,"turns":9.0},{"damage":10.0,"enemies":"Gremlin Nob","floor":14.0,"turns":4.0},{"damage":29.0,"enemies":"Slime Boss","floor":16.0,"turns":5.0},{"damage":0.0,"enemies":"Chosen","floor":18.0,"turns":4.0},{"damage":8.0,"enemies":"Spheric Guardian","floor":19.0,"turns":4.0},{"damage":5.0,"enemies":"Cultist and Chosen","floor":21.0,"turns":4.0},{"damage":17.0,"enemies":"Book of Stabbing","floor":23.0,"turns":5.0},{"damage":11,"enemies":"Centurion and Healer","floor":27,"turns":7},{"damage":51,"enemies":"3 Cultists","floor":28,"turns":5}],"seed_played":"-5751418880706603442","potions_obtained":[{"floor":7.0,"key":"Regen Potion"},{"floor":10.0,"key":"SpeedPotion"},{"floor":12.0,"key":"Fire Potion"},{"floor":14.0,"key":"Fire Potion"}],"is_trial":false,"path_per_floor":["M","?","M","T","$","E","M","E","T","M","$","E","R","E","R","B",null,"M","M","?","M","?","E","R","?","T","M","M"],"character_chosen":"DEFECT","items_purchased":["Loop","Sweeping Beam","Turbo","EntropicBrew"],"campfire_rested":3,"item_purchase_floors":[5,5,5,11],"current_hp_per_floor":[75,75,64,64,64,41,41,18,25,17,17,8,32,22,46,17,82,82,74,58,53,53,36,62,62,62,51,0,0],"gold":635,"neow_bonus":"ONE_RANDOM_RARE_CARD","is_daily":false,"chose_seed":false,"campfire_upgraded":0,"win_rate":0.0,"timestamp":1611738812,"path_taken":["M","?","M","?","$","E","M","E","T","?","$","E","R","E","R","BOSS","M","?","?","M","?","E","R","?","T","M","?"],"items_purchased_type":["Card","Card","Card","Potion"],"build_version":"2020-12-18","purchased_purges":0,"victory":false,"max_hp_per_floor":[75,75,75,75,75,75,75,75,82,82,82,82,82,82,82,82,82,82,82,87,87,87,87,87,87,87,87,87,87],"card_choices":[{"not_picked":["Turbo","Steam"],"picked":"Beam Cell","floor":1.0},{"not_picked":["Static Discharge","BootSequence"],"picked":"Genetic Algorithm","floor":3.0},{"not_picked":["Rebound","BootSequence"],"picked":"Fission","floor":6.0},{"not_picked":["Tempest","Turbo"],"picked":"Chaos","floor":7.0},{"not_picked":["Tempest","Rebound"],"picked":"Echo Form","floor":8.0},{"not_picked":["Rip and Tear","Coolheaded"],"picked":"White Noise","floor":10.0},{"not_picked":["Redo","Recycle"],"picked":"Conserve Battery","floor":12.0},{"not_picked":["Leap","Steam Power"],"picked":"Go for the Eyes","floor":13.0},{"not_picked":["Ball Lightning","Redo"],"picked":"Doom and Gloom","floor":14.0},{"not_picked":["Streamline","Force Field"],"picked":"Steam","floor":15.0},{"not_picked":["Core Surge","All For One"],"picked":"Electrodynamics","floor":16.0},{"not_picked":["Doom and Gloom+1","Conserve Battery"],"picked":"Ball Lightning","floor":18.0},{"not_picked":["Steam","Rip and Tear+1","Sweeping Beam"],"picked":"SKIP","floor":19.0},{"not_picked":["Go for the Eyes","Rip and Tear"],"picked":"Defragment","floor":21.0},{"not_picked":["Scrape+1","Gash+1","Lockon+1"],"picked":"SKIP","floor":23.0},{"not_picked":["Fission","Gash+1"],"picked":"Turbo","floor":24.0},{"not_picked":["Rip and Tear+1","Reprogram","Scrape+1"],"picked":"SKIP","floor":27}],"player_experience":2614553,"relics_obtained":[{"floor":4.0,"key":"Peace Pipe"},{"floor":6.0,"key":"Mummified Hand"},{"floor":8.0,"key":"Dream Catcher"},{"floor":9.0,"key":"Strawberry"},{"floor":12.0,"key":"Bottled Flame"},{"floor":14.0,"key":"Centennial Puzzle"},{"floor":23.0,"key":"Molten Egg 2"},{"floor":26.0,"key":"Kunai"}],"event_choices":[{"damage_healed":0.0,"max_hp_gain":0.0,"max_hp_loss":0.0,"gold_gain":0.0,"event_name":"The Cleric","player_choice":"Leave","floor":2.0,"gold_loss":0.0,"damage_taken":0.0},{"damage_healed":0.0,"max_hp_gain":5.0,"max_hp_loss":0.0,"gold_gain":0.0,"event_name":"Forgotten Altar","player_choice":"Shed Blood","floor":20.0,"gold_loss":0.0,"damage_taken":21.0},{"damage_healed":0.0,"max_hp_gain":0.0,"max_hp_loss":0.0,"gold_gain":0.0,"event_name":"Back to Basics","player_choice":"Simplicity","floor":22.0,"gold_loss":0.0,"damage_taken":0.0,"cards_upgraded":["Strike_B","Strike_B","Strike_B","Strike_B","Defend_B","Defend_B","Defend_B","Defend_B"]},{"damage_healed":0.0,"max_hp_gain":0.0,"max_hp_loss":0.0,"gold_gain":275.0,"event_name":"Golden Shrine","player_choice":"Desecrate","floor":25.0,"gold_loss":0.0,"damage_taken":0.0,"cards_obtained":["Regret"]}],"is_beta":true,"boss_relics":[{"not_picked":["Velvet Choker","Calling Bell"],"picked":"Sozu"}],"items_purged_floors":[],"is_endless":false,"potions_floor_spawned":[7,10,12,14,18,27],"killed_by":"3 Cultists","ascension_level":1}}