{"host":"fuszjwm6fqgjjp4d","time":1611709821,"event":{"mods":["BaseMod","Bestiary","Colored Map","DeckTracker","Minty Spire (QoL Compilation)","Permanent Neow","Relic Sorter","Relic Stats","StSLib"],"gold_per_floor":[14,14,14,31,31,56,56,56,56,76,1,34,51,70,70,146,146,157,157,167,167,61,61,80,96,171,171,171],"floor_reached":27,"language":"ENG","playtime":754,"items_purged":["Strike_P","Writhe"],"score":546,"play_id":"2ee2fc5d-efaf-4201-8f33-088db5a9dc73","local_time":"20210126191021","is_ascension_mode":true,"campfire_choices":[{"data":"Alpha","floor":7,"key":"SMITH"},{"data":"ClearTheMind","floor":15,"key":"SMITH"},{"data":"DeceiveReality","floor":23,"key":"SMITH"}],"circlet_count":0,"master_deck":["AscendersBane","Strike_P","Defend_P","Defend_P","Defend_P","Eruption+1","Vigilance","Protect","CrushJoints","Alpha+1","CutThroughFate","ClearTheMind+1","DeceiveReality+1","EmptyBody","WaveOfTheHand","Wireheading","EmptyBody","Scrawl","SpiritShield","Wireheading","JustLucky+1","Evaluate","Prostrate","EmptyBody+1"],"relics":["PureWater","Question Card","Prayer Wheel","Smiling Mask","Coffee Dripper","Boot","The Courier"],"acts_visited":["Exordium","TheCity"],"potions_floor_usage":[6,13,18,25],"damage_taken":[{"damage":0.0,"enemies":"2 Louse","floor":1.0,"turns":2.0},{"damage":0.0,"enemies":"Small Slimes","floor":4.0,"turns":2.0},{"damage":0,"enemies":"Gremlin Nob","floor":6,"turns":2},{"damage":0,"enemies":"Jaw Worm","floor":10,"turns":3},{"damage":15,"enemies":"Lagavulin","floor":12,"turns":5},{"damage":12,"enemies":"Looter","floor":13,"turns":3},{"damage":1,"enemies":"Blue Slaver","floor":14,"turns":4},{"damage":13,"enemies":"Hexaghost","floor":16,"turns":7},{"damage":6,"enemies":"Chosen","floor":18,"turns":4},{"damage":15,"enemies":"Shell Parasite","floor":20,"turns":5},{"damage":17,"enemies":"Snake Plant","floor":24,"turns":5},{"damage":11,"enemies":"Shelled Parasite and Fungi","floor":25,"turns":5},{"damage":19,"enemies":"Cultist and Chosen","floor":27,"turns":4}],"seed_played":"-2164389079483758170","potions_obtained":[{"floor":1.0,"key":"FearPotion"},{"floor":12,"key":"ColorlessPotion"},{"floor":13,"key":"GamblersBrew"},{"floor":24,"key":"DuplicationPotion"}],"is_trial":false,"path_per_floor":["M","?","?","M","$","E","R","?","T","M","$","E","M","M","R","B",null,"M","?","M","?","$","R","M","M","T","M"],"character_chosen":"WATCHER","items_purchased":["Evaluate"],"campfire_rested":0,"item_purchase_floors":[22],"current_hp_per_floor":[73,73,66,66,66,66,66,66,66,66,66,51,39,38,38,25,66,60,60,45,45,45,45,28,17,17,0,0],"gold":171,"neow_bonus":"TWENTY_PERCENT_HP_BONUS","is_daily":false,"chose_seed":false,"campfire_upgraded":3,"win_rate":0.0,"timestamp":1611709821,"path_taken":["M","?","?","M","?","E","R","?","T","M","$","E","M","?","R","BOSS","M","?","M","?","$","R","M","M","T","M"],"items_purchased_type":["Card"],"build_version":"2020-12-22","purchased_purges":2,"victory":false,"max_hp_per_floor":[80,80,80,80,80,80,80,80,80,80,80,80,80,80,80,80,80,80,80,80,80,80,80,80,80,80,80,80],"relic_stats":{"counters":[13,51],"Prayer Wheel":7,"Question Card":16,"Smiling Mask":50,"Boot":[3],"obtain_stats":[{"Prayer Wheel":9,"The Courier":26,"Coffee Dripper":17,"PureWater":0,"Question Card":6,"Smiling Mask":12,"Boot":21},{"Prayer Wheel":3,"The Courier":12,"Coffee Dripper":8,"PureWater":0,"Question Card":3,"Smiling Mask":5,"Boot":10},{"Prayer Wheel":6,"The Courier":47,"Coffee Dripper":28,"PureWater":0,"Question Card":6,"Smiling Mask":14,"Boot":37}]},"card_choices":[{"not_picked":["PathToVictory","Evaluate"],"picked":"Protect","floor":1.0},{"not_picked":["SignatureMove","PathToVictory"],"picked":"CrushJoints","floor":4.0},{"not_picked":["Indignation","FlyingSleeves"],"picked":"Alpha","floor":6},{"not_picked":["CrushJoints","SandsOfTime","InnerPeace"],"picked":"CutThroughFate","floor":10},{"not_picked":["PathToVictory","CrushJoints","FlyingSleeves"],"picked":"ClearTheMind","floor":10},{"not_picked":["WaveOfTheHand","Consecrate","Brilliance"],"picked":"DeceiveReality","floor":12},{"not_picked":["ReachHeaven","CarveReality","Consecrate"],"picked":"EmptyBody","floor":13},{"not_picked":["EmptyFist","JustLucky","Swivel"],"picked":"WaveOfTheHand","floor":13},{"not_picked":["Judgement","CutThroughFate","Fasting2"],"picked":"Wireheading","floor":14},{"not_picked":["WaveOfTheHand","Fasting2","EmptyFist"],"picked":"EmptyBody","floor":14},{"not_picked":["Omniscience","ConjureBlade","Ragnarok"],"picked":"Scrawl","floor":16},{"not_picked":["Weave","PathToVictory","DeceiveReality","ForeignInfluence"],"picked":"SKIP","floor":18},{"not_picked":["BowlingBash","EmptyBody","FlurryOfBlows","ClearTheMind"],"picked":"SKIP","floor":18},{"not_picked":["WindmillStrike","CutThroughFate","Swivel"],"picked":"JustLucky+1","floor":20},{"not_picked":["Blasphemy","Wallop","WheelKick","FlurryOfBlows"],"picked":"SKIP","floor":20},{"not_picked":["Crescendo","EmptyFist","Scrawl"],"picked":"Prostrate","floor":24},{"not_picked":["Meditate","MentalFortress","BowlingBash","EmptyFist"],"picked":"SKIP","floor":24},{"not_picked":["InnerPeace","Wireheading","Adaptation"],"picked":"EmptyBody+1","floor":25},{"not_picked":["Consecrate","PathToVictory","CarveReality","EmptyFist"],"picked":"SKIP","floor":25}],"player_experience":1354923,"relics_obtained":[{"floor":6,"key":"Question Card"},{"floor":9,"key":"Prayer Wheel"},{"floor":12,"key":"Smiling Mask"},{"floor":26,"key":"The Courier"}],"event_choices":[{"damage_healed":0.0,"max_hp_gain":0.0,"max_hp_loss":0.0,"gold_gain":0.0,"event_name":"Living Wall","player_choice":"Grow","floor":2.0,"gold_loss":0.0,"damage_taken":0.0,"cards_upgraded":["Eruption"]},{"cards_removed":["Defend_P"],"damage_healed":0.0,"max_hp_gain":0.0,"max_hp_loss":0.0,"gold_gain":0.0,"event_name":"Golden Wing","player_choice":"Card Removal","floor":3.0,"gold_loss":0.0,"damage_taken":7.0},{"damage_healed":0,"gold_gain":0,"player_choice":"Leave","damage_taken":0,"max_hp_gain":0,"max_hp_loss":0,"event_name":"The Cleric","floor":8,"gold_loss":0},{"damage_healed":0,"gold_gain":0,"cards_transformed":["Strike_P","Strike_P"],"player_choice":"Became Test Subject","damage_taken":0,"max_hp_gain":0,"max_hp_loss":0,"event_name":"Drug Dealer","floor":19,"gold_loss":0,"cards_obtained":["SpiritShield","Wireheading"]},{"damage_healed":0,"gold_gain":0,"player_choice":"Opened","damage_taken":0,"relics_obtained":["Boot"],"max_hp_gain":0,"max_hp_loss":0,"event_name":"The Mausoleum","floor":21,"gold_loss":0,"cards_obtained":["Writhe"]}],"is_beta":false,"boss_relics":[{"not_picked":["Astrolabe","Philosopher\u0027s Stone"],"picked":"Coffee Dripper"}],"items_purged_floors":[11,22],"is_endless":false,"potions_floor_spawned":[1,12,13,24],"killed_by":"Cultist and Chosen","ascension_level":20}}