{"host":"ooe12lh8pgcirntb","time":1611780669,"event":{"mods":["AchievementEnabler","Act Like it!","BaseMod","Beaked The Cultist","Better Note","ChefMod","Colored Map","Colored Powertips","Downfall","Hallownest","Minty Spire (QoL Compilation)","StSLib","The Animator","The Bug Knight","The Disciple","The Hierophant","The Problem Sleuth"],"gold_per_floor":[111,0,15,15,15,50,50,25,25,56,76,1,32,45,45,148,148,164,7,22,38,53,53,99,2,2,2,2,2,2,33,45,152,164,191,203,215,227,227],"floor_reached":38,"language":"ENG","playtime":3071,"items_purged":["Hallownest:curseDreamersLament"],"score":433,"play_id":"2a0ee388-427f-4245-99b1-172d2c22a9dc","local_time":"20210127155109","is_ascension_mode":false,"campfire_choices":[{"data":"HollowMod:GrimmsGift","floor":7,"key":"SMITH"},{"floor":15,"key":"REST"},{"floor":23,"key":"REST"},{"floor":27,"key":"REST"},{"data":"HollowMod:MawleksShell","floor":32,"key":"SMITH"}],"circlet_count":0,"master_deck":["HollowMod:NailStrikeStart","HollowMod:NailStrikeStart","HollowMod:QuickDashStart","HollowMod:QuickDashStart","HollowMod:QuickDashStart","HollowMod:FocusHealStart","HollowMod:PogoStrike","HollowMod:InfectedCysts","HollowMod:GrimmsGift+1","HollowMod:PaleKingsBlessing","HollowMod:NewLittleFool","HollowMod:InfectionAssault","HollowMod:InfectedAttack","HollowMod:CloakDash","HollowMod:Weaversong","HollowMod:MothsMistake+1","HollowMod:DashSlash","HollowMod:MawleksShell+1","HollowMod:DoubleDash+1","HollowMod:DashSlash","HollowMod:CloakDash","Doubt","Shame","HollowMod:NewInfectedGuardian","HollowMod:RadiancesLament","HollowMod:TaintedHusks+1","HollowMod:SoulVessel+1","HollowMod:HerrahsAnger+1"],"relics":["HollowMod:VesselMask","NeowsBlessing","Ancient Tea Set","Hallownest:TeacherSealRelic","Question Card","InkBottle","Centennial Puzzle","Ginger","Black Star","Vajra","Anchor","Singing Bowl","Red Mask","WarpedTongs","bronze:BronzeIdol","MawBank","Astrolabe","Hallownest:KingsIdolRelic"],"acts_visited":["Exordium","Hallownest:Greenpath","Hallownest:CityofTears"],"potions_floor_usage":[14,14,33],"damage_taken":[{"damage":0,"enemies":"Hallownest:monsterHuskWarrior","floor":1,"turns":1},{"damage":3,"enemies":"Hallownest:2_Tiktiks_and_1_Crawlid","floor":3,"turns":1},{"damage":1,"enemies":"Hallownest:eliteMossKnight","floor":6,"turns":1},{"damage":14,"enemies":"Hallownest:eliteVengeflyKing","floor":10,"turns":4},{"damage":7,"enemies":"Hallownest:2_Baldur","floor":11,"turns":2},{"damage":41,"enemies":"Hallownest:eliteMossKnight","floor":13,"turns":9},{"damage":10,"enemies":"Hallownest:Guard_and_Warrior","floor":14,"turns":3},{"damage":48,"enemies":"Hallownest:BossBrokenVessel","floor":16,"turns":7},{"damage":30,"enemies":"Hallownest:Guard_and_Sentry","floor":18,"turns":5},{"damage":9,"enemies":"Hallownest:Flukemon_and_Top","floor":20,"turns":4},{"damage":19,"enemies":"Hallownest:monsterShrumalOgre","floor":21,"turns":3},{"damage":25,"enemies":"Hallownest:Warrior_and_Youth","floor":22,"turns":5},{"damage":10,"enemies":"Hallownest:Nosk","floor":31,"turns":8},{"damage":45,"enemies":"Hallownest:BossSoulMaster","floor":33,"turns":6},{"damage":78,"enemies":"Hallownest:Shield_Heavy","floor":35,"turns":5},{"damage":31,"enemies":"Hallownest:2_Littles","floor":38,"turns":3}],"seed_played":"340634015958079540","potions_obtained":[{"floor":1,"key":"SneckoOil"},{"floor":6,"key":"SmokeBomb"},{"floor":11,"key":"BlessingOfTheForge"},{"floor":21,"key":"Fire Potion"},{"floor":22,"key":"ColorlessPotion"}],"is_trial":false,"path_per_floor":["M","?","M","?","?","E","R","$","T","E","M","$","E","M","R","B",null,"M","$","M","M","M","R","T","$","T","R","?","?","?","E","R","B",null,"M","$","?","M"],"character_chosen":"THE_BUGKNIGHT","items_purchased":["HollowMod:NewLittleFool","Vajra","HollowMod:DashSlash","HollowMod:CloakDash"],"campfire_rested":3,"item_purchase_floors":[8,19,25,25],"current_hp_per_floor":[75,75,72,72,72,71,71,71,71,70,63,63,42,44,66,24,75,55,55,46,27,10,32,32,32,32,54,54,54,54,50,50,24,75,28,28,28,0,0],"gold":227,"neow_bonus":"THREE_ENEMY_KILL","is_daily":false,"chose_seed":false,"campfire_upgraded":2,"win_rate":0.0,"timestamp":1611780669,"path_taken":["M","?","M","?","?","E","R","$","T","E","?","?","E","M","R","BOSS","M","$","?","M","M","R","?","$","T","R","?","?","?","E","R","BOSS","M","$","?","?"],"items_purchased_type":["Card","Relic","Card","Card"],"build_version":"2020-12-22","purchased_purges":1,"victory":false,"max_hp_per_floor":[75,75,75,75,75,75,75,75,75,75,75,75,75,75,75,75,75,75,75,75,75,75,75,75,75,75,75,75,75,75,75,75,75,75,77,77,77,77,77],"card_choices":[{"not_picked":["HollowMod:AbyssShriek","HollowMod:DescendingDark"],"picked":"HollowMod:InfectedCysts","floor":1},{"not_picked":["HollowMod:InfectedAttack","HollowMod:ChannelNail"],"picked":"HollowMod:GrimmsGift","floor":3},{"not_picked":["HollowMod:CloakDash","HollowMod:CornifersMapStart"],"picked":"HollowMod:PaleKingsBlessing","floor":6},{"not_picked":["HollowMod:DoubleDash","HollowMod:ShadowDash","HollowMod:DesolateDive"],"picked":"HollowMod:InfectionAssault","floor":10},{"not_picked":["HollowMod:SharpenedNail","HollowMod:SoulShaman","HollowMod:LifebloodCocoon"],"picked":"HollowMod:InfectedAttack","floor":11},{"not_picked":["HollowMod:HowlingWraiths","HollowMod:VengefulVoid","HollowMod:DesolateDive","HollowMod:LifebloodCocoon"],"picked":"SKIP","floor":13},{"not_picked":["HollowMod:DescendingDark","HollowMod:LuriensSpire","HollowMod:PureNailStrike"],"picked":"HollowMod:CloakDash","floor":14},{"not_picked":["HollowMod:Hiveblood","HollowMod:VoidDash","HollowMod:LordofShades"],"picked":"HollowMod:Weaversong","floor":16},{"not_picked":["HollowMod:PerfectDash","HollowMod:GoodIntentions","HollowMod:WraithStrike"],"picked":"HollowMod:MothsMistake+1","floor":18},{"not_picked":["HollowMod:RecoilStrike+1","HollowMod:DoubleDash+1","HollowMod:TaintedHusks"],"picked":"HollowMod:DashSlash","floor":20},{"not_picked":["HollowMod:NewLittleFool","HollowMod:CornifersMapStart","HollowMod:InfectedAttack"],"picked":"HollowMod:MawleksShell","floor":21},{"not_picked":["HollowMod:Grubsong","HollowMod:SiblingsSouls","HollowMod:CycloneSlash"],"picked":"HollowMod:DoubleDash+1","floor":22},{"not_picked":["HollowMod:DescendingDark","HollowMod:WraithStrike","HollowMod:GoodIntentions"],"picked":"HollowMod:NewInfectedGuardian","floor":31},{"not_picked":["HollowMod:VoidDash","HollowMod:LordofShades","HollowMod:AwokenDreamNail"],"picked":"HollowMod:RadiancesLament","floor":33},{"not_picked":["HollowMod:HuntersJournal","HollowMod:GrimmsGift","HollowMod:AbyssShriek","HollowMod:SoulStrike+1"],"picked":"Singing Bowl","floor":35}],"player_experience":771061,"relics_obtained":[{"floor":6,"key":"Question Card"},{"floor":9,"key":"InkBottle"},{"floor":10,"key":"Centennial Puzzle"},{"floor":13,"key":"Ginger"},{"floor":24,"key":"Anchor"},{"floor":26,"key":"Singing Bowl"},{"floor":31,"key":"bronze:BronzeIdol"},{"floor":31,"key":"MawBank"}],"event_choices":[],"is_beta":false,"boss_relics":[{"not_picked":["HollowMod:VoidIdolRelic","bronze:MakeshiftBattery"],"picked":"Black Star"},{"not_picked":["Cursed Key","Runic Dome"],"picked":"Astrolabe"}],"items_purged_floors":[12],"is_endless":false,"potions_floor_spawned":[1,6,11,21,22],"killed_by":"Hallownest:2_Littles","ascension_level":0}}