{"host":"xvjtz0l6trtfk8cl","time":1611788549,"event":{"mods":["BaseMod","Better Altar","Better Third Choice","Downfall","Fox Events","Hermit","Magitek Elite","Minty Spire (QoL Compilation)","StSLib","The Bladedancer","The Death Knight","The Hierophant","The Necromancer","Waifu the Spire"],"gold_per_floor":[99,116,131,159,262,277,354,373,393,427,59,136,136,70,81,179,256,256,266,266,283,297,357,434,484,484,496,496,546,531,658,674,779,856,856,875,895,945,1345,1395,1520,1585,1585,611,628,628,644,713,723,723,723,723],"floor_reached":50,"language":"ENG","playtime":5165,"items_purged":["Slimebound:Strike_Slimebound"],"score":598,"play_id":"d951716c-bb40-4bb4-9980-93053a8361fb","local_time":"20210127170229","is_ascension_mode":false,"campfire_choices":[{"data":"Slimebound:CorrosiveSpit","floor":1.0,"key":"SMITH"},{"floor":13.0,"key":"REST"},{"data":"Slimebound:OozeBath","floor":18.0,"key":"SMITH"},{"data":"Slimebound:Gluttony","floor":26.0,"key":"SMITH"},{"data":"Slimebound:SplitBruiser","floor":28.0,"key":"SMITH"},{"data":"Slimebound:Schlurp","floor":35.0,"key":"SMITH"},{"data":"Slimebound:Split","floor":43.0,"key":"SMITH"},{"data":"Slimebound:SpikyOuterGoop","floor":46.0,"key":"SMITH"}],"circlet_count":0,"master_deck":["Slimebound:Tackle","Slimebound:Defend_Slimebound","Slimebound:Defend_Slimebound","Slimebound:Defend_Slimebound","Slimebound:Defend_Slimebound","Slimebound:Split+1","Slimebound:CorrosiveSpit+1","Slimebound:Gluttony+1","Slimebound:GoopSpray+1","Slimebound:Repurpose+1","Slimebound:ViciousTackle","Slimebound:AcidTongue","Slimebound:SplitBruiser+1","Slimebound:SpikyOuterGoop+1","Slimebound:Schlurp+1","Slimebound:Darklings","Slimebound:Gluttony+1"],"relics":["Slimebound:AbsorbEndCombat","foxEvents:LuckyCharm","Dream Catcher","Kunai","War Paint","Mango","HornCleat","Empty Cage","SsserpentHead","Pear","Incense Burner","Golden_Hairpin","Old Coin","Oddly Smooth Stone","Ornamental Fan","CaptainsWheel","Frozen Eye"],"acts_visited":["Exordium","TheCity","TheBeyond"],"potions_floor_usage":[],"damage_taken":[{"damage":1.0,"enemies":"Jaw Worm","floor":2.0,"turns":4.0},{"damage":1.0,"enemies":"Cultist","floor":3.0,"turns":3.0},{"damage":20.0,"enemies":"Colosseum Slavers","floor":4.0,"turns":3.0},{"damage":6.0,"enemies":"Small Slimes","floor":6.0,"turns":4.0},{"damage":3.0,"enemies":"Red Slaver","floor":8.0,"turns":3.0},{"damage":4.0,"enemies":"3 Louse","floor":9.0,"turns":3.0},{"damage":57.0,"enemies":"Gremlin Nob","floor":10.0,"turns":5.0},{"damage":5.0,"enemies":"downfall:FleeingMerchant","floor":11.0,"turns":4.0},{"damage":0.0,"enemies":"downfall:FleeingMerchant","floor":14.0,"turns":4.0},{"damage":0.0,"enemies":"Large Slime","floor":15.0,"turns":6.0},{"damage":31.0,"enemies":"SI_SHIV_ARCHETYPE","floor":16.0,"turns":7.0},{"damage":10.0,"enemies":"3 Byrds","floor":19.0,"turns":4.0},{"damage":25.0,"enemies":"Chosen","floor":21.0,"turns":6.0},{"damage":2.0,"enemies":"Centurion and Healer","floor":22.0,"turns":5.0},{"damage":25.0,"enemies":"Sentry and Sphere","floor":23.0,"turns":8.0},{"damage":26.0,"enemies":"Snake Plant","floor":27.0,"turns":4.0},{"damage":0.0,"enemies":"downfall:FleeingMerchant","floor":30.0,"turns":4.0},{"damage":21.0,"enemies":"Centurion and Healer","floor":32.0,"turns":7.0},{"damage":3.0,"enemies":"WA_ARCHETYPE_CALM","floor":33.0,"turns":7.0},{"damage":24.0,"enemies":"3 Darklings","floor":36.0,"turns":6.0},{"damage":17.0,"enemies":"Orb Walker","floor":37.0,"turns":4.0},{"damage":5.0,"enemies":"Orb Walker","floor":39.0,"turns":7.0},{"damage":22.0,"enemies":"3 Darklings","floor":42.0,"turns":6.0},{"damage":0.0,"enemies":"downfall:FleeingMerchant","floor":44.0,"turns":4.0},{"damage":12.0,"enemies":"4 Shapes","floor":45.0,"turns":6.0},{"damage":12.0,"enemies":"Maw","floor":47.0,"turns":9.0},{"damage":19.0,"enemies":"Writhing Mass","floor":48.0,"turns":7.0},{"damage":18,"enemies":"Sphere and 2 Shapes","floor":49,"turns":7},{"damage":37,"enemies":"IC_BLOCK_ARCHETYPE","floor":50,"turns":4}],"seed_played":"5995657284940830043","potions_obtained":[{"floor":2.0,"key":"DistilledChaos"},{"floor":8.0,"key":"BlessingOfTheForge"},{"floor":10.0,"key":"Slimebound:SlimyTonguePotion"},{"floor":15.0,"key":"PowerPotion"},{"floor":16.0,"key":"LiquidBronze"},{"floor":19.0,"key":"LiquidBronze"},{"floor":21.0,"key":"LiquidMemories"},{"floor":23.0,"key":"SteroidPotion"},{"floor":29.0,"key":"CultistPotion"},{"floor":36.0,"key":"Slimebound:SlimedPotion"},{"floor":45.0,"key":"sneckomod:MuddlingPotion"}],"is_trial":false,"path_per_floor":["R","M","M","?","T","M","T","M","M","E","$","T","R","$","M","B",null,"R","M","?","M","M","M","T","?","R","M","R","?","$","T","M","B",null,"R","M","M","?","?","?","T","M","R","$","M","R","M","M","M","B"],"character_chosen":"SLIMEBOUND","items_purchased":["Mango","Slimebound:SplitBruiser","hexamod:SoulburnPotion","Ornamental Fan","CaptainsWheel","Frozen Eye","Dexterity Potion","EssenceOfSteel","Swift Potion"],"campfire_rested":1,"item_purchase_floors":[11,11,14,44,44,44,44,44,44],"current_hp_per_floor":[71,71,71,55,55,55,55,56,58,9,20,20,45,49,57,49,85,85,79,79,56,58,41,51,51,51,29,29,29,31,31,18,57,80,80,64,51,51,52,52,52,38,38,42,38,38,34,21,5,0,0,0],"gold":723,"neow_bonus":"TEN_PERCENT_HP_BONUS","is_daily":false,"chose_seed":false,"campfire_upgraded":7,"win_rate":0.0,"timestamp":1611788549,"path_taken":["R","M","M","?","?","?","T","M","M","E","$","?","R","$","M","BOSS","R","M","?","M","M","?","T","?","R","M","R","?","$","?","M","BOSS","R","M","M","?","?","?","T","?","R","$","M","R","M","?","M","BOSS"],"items_purchased_type":["Relic","Card","Potion","Relic","Relic","Relic","Potion","Potion","Potion"],"build_version":"2020-12-22","purchased_purges":1,"victory":false,"max_hp_per_floor":[71,71,71,71,71,71,71,71,71,71,85,85,85,85,85,85,85,85,85,85,85,85,85,95,80,80,80,80,80,80,80,80,80,80,80,80,80,80,80,80,80,80,80,80,80,80,80,80,80,80,80,80],"card_choices":[{"not_picked":["Slimebound:RejuvenatingLick","Slimebound:SplitMire"],"picked":"Slimebound:Gluttony","floor":2.0},{"not_picked":["Slimebound:SlimeBrawl","Slimebound:Dissolve"],"picked":"Slimebound:GoopSpray","floor":3.0},{"not_picked":["Slimebound:SplitBruiser","Slimebound:RollThrough"],"picked":"Slimebound:Repurpose","floor":4.0},{"not_picked":["Slimebound:Nibble","Slimebound:SplitLeeching","Slimebound:LeechingTouch"],"picked":"SKIP","floor":6.0},{"not_picked":["Slimebound:RollThrough","Slimebound:FormOfPuddle"],"picked":"Slimebound:ViciousTackle","floor":8.0},{"not_picked":["Slimebound:Gluttony","Slimebound:PressTheAttack"],"picked":"Slimebound:AcidTongue","floor":9.0},{"not_picked":["Slimebound:LevelUp","Slimebound:RallyTheTroops","Slimebound:SplitLeeching"],"picked":"SKIP","floor":10.0},{"not_picked":["Slimebound:SplitAcid","Slimebound:SamplingLick","Slimebound:PressTheAttack"],"picked":"SKIP","floor":11.0},{"not_picked":["Slimebound:SplitLeeching","Slimebound:LeadByExample"],"picked":"Slimebound:SpikyOuterGoop","floor":13.0},{"not_picked":["Slimebound:SamplingLick","Slimebound:TongueLash","Slimebound:MegaLick"],"picked":"SKIP","floor":14.0},{"not_picked":["Slimebound:SlimeSpikes","Slimebound:HauntingLick","Slimebound:Gluttony"],"picked":"SKIP","floor":15.0},{"not_picked":["Slimebound:Teamwork","Slimebound:RallyTheTroops"],"picked":"Slimebound:OozeBath","floor":16.0},{"not_picked":["Slimebound:RollThrough","Slimebound:GoopSpray","Slimebound:SamplingLick"],"picked":"SKIP","floor":19.0},{"not_picked":["Slimebound:Chomp","Slimebound:BestDefense"],"picked":"Slimebound:Schlurp","floor":21.0},{"not_picked":["Slimebound:GoopTackle","Slimebound:Equalize","Slimebound:DisruptingSlam"],"picked":"SKIP","floor":22.0},{"not_picked":["Slimebound:FormOfPuddle","Slimebound:GrowthPunch","Slimebound:ItLooksTasty"],"picked":"SKIP","floor":23.0},{"not_picked":["Slimebound:DisruptingSlam","Slimebound:Chomp","Slimebound:LeechingTouch"],"picked":"SKIP","floor":27.0},{"not_picked":["Slimebound:GoopSpray","Slimebound:SplitAcid","Slimebound:SamplingLick"],"picked":"SKIP","floor":30.0},{"not_picked":["Slimebound:SamplingLick","Slimebound:SplitLeeching","Slimebound:FinishingTackle+1"],"picked":"SKIP","floor":32.0},{"not_picked":["Slimebound:GoopTackle","Slimebound:RollThrough+1","Slimebound:ComboTackle+1"],"picked":"SKIP","floor":36.0},{"not_picked":["Slimebound:SamplingLick+1","Slimebound:Schlurp","Slimebound:GoopSpray"],"picked":"SKIP","floor":37.0},{"not_picked":["Slimebound:Gluttony+1","Slimebound:FinishingTackle+1","Slimebound:HauntingLick+1"],"picked":"SKIP","floor":42.0},{"not_picked":["Slimebound:ItLooksTasty+1","Slimebound:SplitAcid+1","Slimebound:Equalize+1"],"picked":"SKIP","floor":44.0},{"not_picked":["Slimebound:Schlurp","Slimebound:SlimeBarrage+1","Slimebound:LivingWall"],"picked":"SKIP","floor":45.0},{"not_picked":["Slimebound:SplitBruiser","Slimebound:SlimeBarrage","Slimebound:LivingWall+1"],"picked":"SKIP","floor":47.0},{"not_picked":["Slimebound:LeechEnergy+1","Slimebound:ItLooksTasty+1","Slimebound:Gluttony"],"picked":"SKIP","floor":48.0},{"not_picked":["Slimebound:SplitLeeching","Slimebound:SlimeSpikes","Slimebound:PressTheAttack+1"],"picked":"SKIP","floor":49}],"player_experience":17374,"relics_obtained":[{"floor":4.0,"key":"foxEvents:LuckyCharm"},{"floor":5.0,"key":"Dream Catcher"},{"floor":7.0,"key":"Kunai"},{"floor":10.0,"key":"War Paint"},{"floor":12.0,"key":"HornCleat"},{"floor":24.0,"key":"Pear"},{"floor":31.0,"key":"Incense Burner"},{"floor":39.0,"key":"Old Coin"},{"floor":41.0,"key":"Oddly Smooth Stone"}],"event_choices":[{"damage_healed":0.0,"max_hp_gain":0.0,"max_hp_loss":0.0,"gold_gain":0.0,"event_name":"FaceTrader","player_choice":"Trade","floor":20.0,"gold_loss":0.0,"damage_taken":0.0,"relics_obtained":["SsserpentHead"]}],"is_beta":false,"boss_relics":[{"not_picked":["Cursed Key","Astrolabe"],"picked":"Empty Cage"},{"not_picked":["Slimebound:AbsorbEndCombatUpgraded","Philosopher\u0027s Stone"],"picked":"Golden_Hairpin"}],"items_purged_floors":[44],"is_endless":false,"potions_floor_spawned":[2,8,10,15,16,19,21,23,36,45],"killed_by":"IC_BLOCK_ARCHETYPE","ascension_level":0}}