{"host":"juoup3p5tvzzktl5","time":1611728871,"event":{"mods":["Aspiration","BaseMod","Better Vampires","BetterRewards","Colored Map","Colored Powertips","Friendly Minions","GifTheSpireLib","Hermit","Hubris","Infinite Spire","KinomotoSakuraMod(ƒæ÷Æ±æ”£)","Koishi","KomeijiMod","Marisa£®ÏF”Í°°ƒß¿Ì…≥£©","Minty Spire (QoL Compilation)","Quick Restart","Reimu£®≤©¿ˆ¡È√Œ£©","Replay The Spire","Shop Mod","StSLib","The Administrix","The Alterego","The Bug Knight","The Construct","The Cursed","The Jungle","The Mystic","The Runesmith","The Senshi","Youmu£®ªÍ∆«—˝√Œ£©","Yuyuko"],"gold_per_floor":[116,127,127,138,138,138,187,187,237,237,256,5,17,36,36,36,136,136,146,161,101,121,121,150,150,161,242,242,258,106,125,125,125,125,225,225,235,235,235,235,245,145,145,173,184,59,110,110,140,154,154,185,185,201,217,217,267,369,369,365,365,491,502,535,545,545,539,539,538,542,572,572,586,586,674,674,673,673,671,670,670,670,670,664,664,666,692,693,693,686,686,686,686,690,690,663,663,672,664,684,684,648,648],"floor_reached":102,"language":"ZHS","playtime":5890,"items_purged":["Defend_P","Defend_P","Strike_P","Strike_P","SashWhip"],"score":1701,"play_id":"a1a570b6-e006-4978-8f18-40d05b3653c4","local_time":"20210127152751","is_ascension_mode":false,"campfire_choices":[{"data":"Eruption","floor":6.0,"key":"SMITH"},{"data":"Wallop","floor":8.0,"key":"SMITH"},{"data":"WheelKick","floor":10.0,"key":"SMITH"},{"data":"Replay:Hum","floor":15.0,"key":"SMITH"},{"data":"Vigilance","floor":16.0,"key":"SMITH"},{"data":"Strike_P","floor":33.0,"key":"PURGE"},{"floor":34.0,"key":"REST"},{"data":"Adaptation","floor":43.0,"key":"SMITH"},{"data":"infinitespire:Collect","floor":51.0,"key":"SMITH"},{"data":"Replay:Fractal Strike","floor":53.0,"key":"SMITH"},{"data":"BowlingBash","floor":56.0,"key":"SMITH"},{"data":"TalkToTheHand","floor":66.0,"key":"SMITH"},{"floor":74.0,"key":"RECALL"},{"data":"DeusExMachina","floor":83.0,"key":"SMITH"},{"data":"DeusExMachina","floor":85.0,"key":"SMITH"},{"floor":89.0,"key":"REST"},{"floor":95.0,"key":"REST"}],"circlet_count":0,"master_deck":["Eruption+1","Vigilance+1","WheelKick+1","Wallop+1","DeusExMachina+1","Adaptation+1","DeusExMachina+1","infinitespire:Collect+1","FlurryOfBlows+1","BowlingBash+1","FlurryOfBlows+1","Replay:Fractal Strike+1","Vault+1","Adaptation+1","ClearTheMind+1","Blasphemy+1","TalkToTheHand+1","Scrawl+1"],"relics":["PureWater","hubris:Towel","hubris:DuctTape","Vajra","Shuriken","Runic Pyramid","HollowMod:PaleOreRelic","Toxic Egg 2","Bag of Marbles","Busted Crown","hubris:Icosahedron","Frozen Egg 2","Damaru","Gremlin Horn","Bag of Preparation","Replay:Baseball","hubris:64BitClover","infinitespire:Cupcake","hubris:NiceRug","Gremlin Food","theSenshi:SailorFukuRelic","Toolbox","Question Card","infinitespire:Lucky Rock","aspiration:ChemicalBlood","Replay:Kaleidoscope","Lantern","Empty Cage","Ring of Fury","aspiration:Lifesprig","infinitespire:Satchel","Omamori","aspiration:MobileForge","construct:BoolHorns"],"acts_visited":["Exordium","TheCity","TheBeyond","Exordium","Exordium","TheBeyond"],"potions_floor_usage":[],"damage_taken":[{"damage":0.0,"enemies":"Small Slimes","floor":1.0,"turns":4.0},{"damage":1.0,"enemies":"Jaw Worm","floor":2.0,"turns":3.0},{"damage":0.0,"enemies":"Cultist","floor":4.0,"turns":2.0},{"damage":0.0,"enemies":"Blue Slaver","floor":11.0,"turns":2.0},{"damage":0.0,"enemies":"Exordium Wildlife","floor":13.0,"turns":2.0},{"damage":0.0,"enemies":"Looter","floor":14.0,"turns":2.0},{"damage":33.0,"enemies":"Fading Forest","floor":17.0,"turns":11.0},{"damage":7.0,"enemies":"2 Thieves","floor":19.0,"turns":2.0},{"damage":0.0,"enemies":"Shell Parasite","floor":20.0,"turns":3.0},{"damage":31.0,"enemies":"Centurion and Healer","floor":22.0,"turns":3.0},{"damage":30.0,"enemies":"Nightmare","floor":24.0,"turns":6.0},{"damage":3.0,"enemies":"Cultist and Chosen","floor":26.0,"turns":2.0},{"damage":0.0,"enemies":"3 Cultists","floor":29.0,"turns":3.0},{"damage":0.0,"enemies":"Centurion and Healer","floor":31.0,"turns":2.0},{"damage":0.0,"enemies":"Champ","floor":35.0,"turns":3.0},{"damage":21.0,"enemies":"3 Darklings","floor":37.0,"turns":2.0},{"damage":0.0,"enemies":"3 Shapes","floor":41.0,"turns":1.0},{"damage":0.0,"enemies":"Giant Head","floor":44.0,"turns":2.0},{"damage":0.0,"enemies":"3 Darklings","floor":45.0,"turns":3.0},{"damage":6.0,"enemies":"Nemesis","floor":49.0,"turns":3.0},{"damage":0.0,"enemies":"Maw","floor":50.0,"turns":2.0},{"damage":0.0,"enemies":"HollowMod:StalkingDevout","floor":52.0,"turns":2.0},{"damage":0.0,"enemies":"Spire Growth","floor":54.0,"turns":2.0},{"damage":0.0,"enemies":"Sphere and 2 Shapes","floor":55.0,"turns":1.0},{"damage":0.0,"enemies":"Mind Bloom Boss Battle","floor":57.0,"turns":1.0},{"damage":0.0,"enemies":"Replay:Hell Engine","floor":58.0,"turns":2.0},{"damage":0.0,"enemies":"Cultist","floor":60.0,"turns":2.0},{"damage":0.0,"enemies":"hubris:Merchant","floor":62.0,"turns":2.0},{"damage":0.0,"enemies":"Small Slimes","floor":63.0,"turns":1.0},{"damage":0.0,"enemies":"2 Louse","floor":64.0,"turns":1.0},{"damage":0.0,"enemies":"3 Sentries","floor":65.0,"turns":1.0},{"damage":0.0,"enemies":"Exordium Thugs","floor":67.0,"turns":2.0},{"damage":0.0,"enemies":"Exordium Wildlife","floor":69.0,"turns":1.0},{"damage":0.0,"enemies":"Large Slime","floor":70.0,"turns":1.0},{"damage":0.0,"enemies":"Lagavulin","floor":73.0,"turns":1.0},{"damage":0.0,"enemies":"Hexaghost","floor":75.0,"turns":1.0},{"damage":0.0,"enemies":"Shell Parasite","floor":77.0,"turns":1.0},{"damage":0.0,"enemies":"theJungle:GiantWrat","floor":79.0,"turns":1.0},{"damage":6.0,"enemies":"theJungle:Snecko_Cultist_And_Trap","floor":80.0,"turns":1.0},{"damage":0.0,"enemies":"theJungle:2_Flameangoes","floor":84.0,"turns":1.0},{"damage":0.0,"enemies":"theJungle:2_Snecko_Cultists","floor":86.0,"turns":1.0},{"damage":0.0,"enemies":"theJungle:Snecko_Cultist_And_Trap","floor":88.0,"turns":2.0},{"damage":0.0,"enemies":"theJungle:SlimyTreeVines","floor":90.0,"turns":1.0},{"damage":0.0,"enemies":"Nightmare","floor":94.0,"turns":1.0},{"damage":0,"enemies":"theJungle:QueenSpyder","floor":96,"turns":1},{"damage":0,"enemies":"Orb Walker","floor":98,"turns":1},{"damage":0,"enemies":"3 Darklings","floor":99,"turns":1},{"damage":0,"enemies":"2 Orb Walkers","floor":100,"turns":1},{"damage":0,"enemies":"infinitespire:Three Voidlings","floor":102,"turns":2},{"damage":71,"enemies":"Nightmare_Alpha","floor":102,"turns":1}],"seed_played":"3355918875023947176","potions_obtained":[{"floor":4.0,"key":"ColorlessPotion"},{"floor":11.0,"key":"EntropicBrew"},{"floor":24.0,"key":"SkillPotion"},{"floor":26.0,"key":"BottledMiracle"},{"floor":29.0,"key":"Cursed Concoction"},{"floor":31.0,"key":"JyouchiReiPotion"},{"floor":37.0,"key":"Toxic Potion"},{"floor":42.0,"key":"DuplicationPotion"},{"floor":45.0,"key":"Adrenaline Potion"},{"floor":50.0,"key":"SteroidPotion"},{"floor":60.0,"key":"EssenceOfSteel"},{"floor":61.0,"key":"Regen Potion"},{"floor":100,"key":"FearPotion"}],"is_trial":false,"path_per_floor":["M","M","?","M","?","R","?","R","T","R","M","$","M","M","R","R","B",null,"M","M","?","M","?","NM","?","M","T","?","M","$","M","AVR","R_BF","R","B",null,"M","?","?","?","M","?","R","E","M","$","T","T","E","M","R","E","R","M","M","R","R_BF","B",null,"M","?","$","M","M","E","R","M","T","M","M","?","$","E","R","B",null,"M","?","M","M","?","?","R","M","R","M","T","M","R","M","$","PTL","PTL","NM","R","B",null,"M","M","?","?","?"],"character_chosen":"WATCHER","items_purchased":["Shuriken","FlurryOfBlows"],"campfire_rested":3,"item_purchase_floors":[12,30],"current_hp_per_floor":[72,71,71,71,71,71,53,53,53,53,53,53,53,53,53,53,20,72,65,65,65,34,49,19,19,16,16,10,10,10,10,10,10,31,31,72,51,51,51,51,51,51,51,51,51,51,51,51,45,45,45,45,45,45,45,45,45,45,68,68,68,68,68,68,68,68,68,68,68,68,68,68,68,68,68,68,68,68,68,62,62,62,62,62,62,62,62,62,68,68,68,68,68,68,68,68,68,68,68,68,65,0,0],"gold":648,"neow_bonus":"","is_daily":false,"chose_seed":false,"campfire_upgraded":12,"win_rate":0.0,"timestamp":1611728871,"path_taken":["M","M","?","M","?","R","?","R","T","R","M","?","M","?","R","R","BOSS","M","M","?","M","?","NM","?","?","T","?","?","$","M","AVR","R_BF","R","BOSS","M","?","?","?","M","?","R","E","M","$","T","T","E","?","R","E","R","M","M","R","R_BF","BOSS","M","?","?","M","M","E","R","M","T","M","M","?","$","E","R","BOSS","M","?","M","M","?","?","R","M","R","M","T","M","R","?","?","PTL","PTL","NM","R","BOSS","M","M","?","?","?"],"items_purchased_type":["Relic","Card"],"build_version":"2020-12-22","purchased_purges":5,"victory":false,"max_hp_per_floor":[72,72,72,72,72,72,72,72,72,72,72,72,72,72,72,72,72,72,72,72,72,72,72,72,72,72,72,72,72,72,72,72,72,72,72,72,72,72,72,68,68,68,68,68,68,68,68,68,68,68,68,68,68,68,68,68,68,68,68,68,68,68,68,68,68,68,68,68,68,68,68,68,68,68,68,68,68,68,68,68,68,68,68,68,68,68,68,68,68,68,68,68,68,68,68,68,68,68,68,68,65,65,65],"card_choices":[{"not_picked":["FlurryOfBlows","ClearTheMind"],"picked":"Replay:Hum","floor":1.0},{"not_picked":["ThirdEye","CrushJoints"],"picked":"SashWhip","floor":2.0},{"not_picked":["CarveReality","EmptyBody"],"picked":"WheelKick","floor":4.0},{"not_picked":["WaveOfTheHand","PathToVictory"],"picked":"Wallop","floor":7.0},{"not_picked":["Replay:Hum","ClearTheMind","ConjureBlade"],"picked":"SKIP","floor":11.0},{"not_picked":["CutThroughFate","Replay:LoomingThreat","SashWhip"],"picked":"SKIP","floor":13.0},{"not_picked":["WreathOfFlame","FearNoEvil","Evaluate"],"picked":"SKIP","floor":14.0},{"not_picked":["Blasphemy","Replay:LoomingThreat"],"picked":"DeusExMachina","floor":17.0},{"not_picked":["SandsOfTime","Conclude"],"picked":"Adaptation","floor":19.0},{"not_picked":["PathToVictory","Protect","Prostrate+1"],"picked":"SKIP","floor":20.0},{"not_picked":["Prostrate","CutThroughFate+1"],"picked":"DeusExMachina","floor":22.0},{"not_picked":["infinitespire:Oblivion","infinitespire:Execution"],"picked":"infinitespire:Collect","floor":24.0},{"not_picked":["Prostrate","BattleHymn"],"picked":"FlurryOfBlows+1","floor":24.0},{"not_picked":["Consecrate","CutThroughFate"],"picked":"BowlingBash","floor":26.0},{"not_picked":["ReachHeaven","Halt+1"],"picked":"FlurryOfBlows+1","floor":29.0},{"not_picked":["MentalFortress","Prostrate+1","Halt+1"],"picked":"SKIP","floor":31.0},{"not_picked":["Ragnarok","Judgement+1"],"picked":"Vault+1","floor":35.0},{"not_picked":["Halt+1"],"picked":"SKIP","floor":37.0},{"not_picked":["Weave+1"],"picked":"SKIP","floor":41.0},{"not_picked":["Weave+1"],"picked":"SKIP","floor":41.0},{"not_picked":[],"picked":"Adaptation+1","floor":42.0},{"not_picked":[],"picked":"ClearTheMind+1","floor":44.0},{"not_picked":["JustLucky+1"],"picked":"SKIP","floor":45.0},{"not_picked":["WindmillStrike"],"picked":"SKIP","floor":49.0},{"not_picked":["Prostrate+1"],"picked":"SKIP","floor":50.0},{"not_picked":["JustLucky+1"],"picked":"SKIP","floor":52.0},{"not_picked":["CarveReality+1"],"picked":"SKIP","floor":54.0},{"not_picked":["Replay:AtTheReady+1"],"picked":"SKIP","floor":55.0},{"not_picked":[],"picked":"Blasphemy+1","floor":58.0},{"not_picked":[],"picked":"TalkToTheHand","floor":60.0},{"not_picked":["Weave"],"picked":"SKIP","floor":62.0},{"not_picked":["Replay:BluntJabs"],"picked":"SKIP","floor":62.0},{"not_picked":["WaveOfTheHand+1"],"picked":"SKIP","floor":62.0},{"not_picked":["Worship+1"],"picked":"SKIP","floor":62.0},{"not_picked":["LikeWater+1"],"picked":"SKIP","floor":62.0},{"not_picked":["PanicButton+1"],"picked":"SKIP","floor":62.0},{"not_picked":["Magnetism+1"],"picked":"SKIP","floor":62.0},{"not_picked":["Replay:ManipulateFuture+1"],"picked":"SKIP","floor":63.0},{"not_picked":["Vengeance+1"],"picked":"SKIP","floor":64.0},{"not_picked":["Indignation+1"],"picked":"SKIP","floor":65.0},{"not_picked":["Prostrate+1","Replay:AtTheReady+1"],"picked":"SKIP","floor":67.0},{"not_picked":["Replay:Cycle+1","Brilliance"],"picked":"SKIP","floor":69.0},{"not_picked":["Crescendo+1","Replay:AtTheReady+1"],"picked":"SKIP","floor":70.0},{"not_picked":["ReachHeaven","FlurryOfBlows"],"picked":"SKIP","floor":73.0},{"not_picked":["JustLucky","PathToVictory+1"],"picked":"SKIP","floor":77.0},{"not_picked":["Tantrum","EmptyFist"],"picked":"SKIP","floor":79.0},{"not_picked":["PathToVictory+1","JustLucky+1"],"picked":"SKIP","floor":80.0},{"not_picked":["Adaptation+1","Replay:BluntJabs"],"picked":"SKIP","floor":84.0},{"not_picked":["Perseverance+1","Consecrate+1"],"picked":"SKIP","floor":86.0},{"not_picked":["Replay:Hum+1","SignatureMove"],"picked":"SKIP","floor":88.0},{"not_picked":["ClearTheMind+1","ForeignInfluence+1"],"picked":"SKIP","floor":90.0},{"not_picked":["MentalFortress+1","FlurryOfBlows"],"picked":"SKIP","floor":94.0},{"not_picked":["Replay:ManipulateFuture+1","EmptyFist"],"picked":"SKIP","floor":98},{"not_picked":["ForeignInfluence+1","Replay:Anticipation+1"],"picked":"SKIP","floor":99}],"player_experience":1031035,"relics_obtained":[{"floor":7.0,"key":"hubris:DuctTape"},{"floor":9.0,"key":"Vajra"},{"floor":24.0,"key":"HollowMod:PaleOreRelic"},{"floor":27.0,"key":"Toxic Egg 2"},{"floor":44.0,"key":"Frozen Egg 2"},{"floor":47.0,"key":"Damaru"},{"floor":48.0,"key":"Gremlin Horn"},{"floor":49.0,"key":"Bag of Preparation"},{"floor":52.0,"key":"Replay:Baseball"},{"floor":57.0,"key":"hubris:64BitClover"},{"floor":62.0,"key":"Gremlin Food"},{"floor":62.0,"key":"theSenshi:SailorFukuRelic"},{"floor":62.0,"key":"Toolbox"},{"floor":65.0,"key":"Question Card"},{"floor":68.0,"key":"infinitespire:Lucky Rock"},{"floor":70.0,"key":"aspiration:ChemicalBlood"},{"floor":73.0,"key":"Lantern"},{"floor":81.0,"key":"Ring of Fury"},{"floor":87.0,"key":"aspiration:Lifesprig"},{"floor":88.0,"key":"infinitespire:Satchel"},{"floor":94.0,"key":"Omamori"},{"floor":100,"key":"construct:BoolHorns"}],"event_choices":[{"cards_removed":["Defend_P"],"damage_healed":0.0,"max_hp_gain":0.0,"max_hp_loss":0.0,"gold_gain":0.0,"event_name":"Back to Basics","player_choice":"Elegance","floor":25.0,"gold_loss":0.0,"damage_taken":0.0},{"damage_healed":0.0,"max_hp_gain":0.0,"max_hp_loss":0.0,"gold_gain":0.0,"event_name":"Knowing Skull","player_choice":"","floor":28.0,"potions_obtained":[],"gold_loss":0.0,"damage_taken":6.0,"cards_obtained":[]},{"cards_removed":["FlurryOfBlows"],"damage_healed":0.0,"max_hp_gain":0.0,"max_hp_loss":0.0,"gold_gain":0.0,"event_name":"Falling","player_choice":"Removed Attack","floor":38.0,"gold_loss":0.0,"damage_taken":0.0},{"damage_healed":0.0,"max_hp_gain":0.0,"max_hp_loss":4.0,"gold_gain":0.0,"event_name":"Winding Halls","player_choice":"Max HP","floor":40.0,"gold_loss":0.0,"damage_taken":0.0},{"damage_healed":0.0,"max_hp_gain":0.0,"max_hp_loss":0.0,"gold_gain":0.0,"event_name":"MindBloom","player_choice":"Fight","floor":57.0,"gold_loss":0.0,"damage_taken":0.0},{"damage_healed":0.0,"max_hp_gain":0.0,"max_hp_loss":0.0,"gold_gain":0.0,"event_name":"Lab","player_choice":"Got Potions","floor":61.0,"gold_loss":0.0,"damage_taken":0.0},{"damage_healed":0.0,"max_hp_gain":0.0,"max_hp_loss":0.0,"gold_gain":30.0,"event_name":"Dead Adventurer","player_choice":"Searched \u00273\u0027 times","floor":71.0,"gold_loss":0.0,"damage_taken":0.0,"relics_obtained":["Replay:Kaleidoscope"]},{"damage_healed":0.0,"max_hp_gain":0.0,"max_hp_loss":0.0,"gold_gain":0.0,"event_name":"Match and Keep!","player_choice":"1 cards matched","floor":82.0,"gold_loss":0.0,"damage_taken":0.0,"cards_obtained":["Scrawl"]},{"damage_healed":0,"gold_gain":0,"player_choice":"Fight","damage_taken":0,"max_hp_gain":0,"max_hp_loss":0,"event_name":"Mysterious Sphere","floor":100,"gold_loss":0},{"damage_healed":0,"gold_gain":0,"player_choice":"Max HP","damage_taken":0,"max_hp_gain":0,"max_hp_loss":3,"event_name":"Winding Halls","floor":101,"gold_loss":0}],"is_beta":false,"boss_relics":[{"not_picked":["Sozu","Replay:Drink Me"],"picked":"Runic Pyramid"},{"not_picked":["ChewingGum","ReplayTheSpireMod:DimensionalGlitch"],"picked":"Busted Crown"},{"not_picked":["HolyWater","hubris:RunicObelisk"],"picked":"infinitespire:Cupcake"},{"not_picked":["Cursed Key","aspiration:IroncladSkillbook"],"picked":"Empty Cage"},{"not_picked":["Velvet Choker","aspiration:SecretTechniqueScroll"],"picked":"aspiration:MobileForge"}],"items_purged_floors":[0,30,32,46,62],"is_endless":true,"potions_floor_spawned":[4,11,24,26,29,31,37,45,49,50,52,60,63,67,70,73,75,84,88,90,94,99,100],"killed_by":"Nightmare_Alpha","ascension_level":0}}