{"host":"46uvxjljuwj2efdf","time":1611730072,"event":{"mods":["Act Like it!","BaseMod","Challenge The Spire","Colored Powertips","Minty Spire (QoL Compilation)","Quick Restart","StSLib","The Bug Knight"],"gold_per_floor":[115,115,130,143,157,182,182,212,261,287,303,313,238,249,249,249,249],"floor_reached":16,"language":"ZHS","playtime":1170,"items_purged":["HollowMod:NailStrikeStart"],"score":155,"play_id":"1ad0d1eb-a0bd-461a-b9de-6ffe9f673b6b","local_time":"20210127144752","is_ascension_mode":true,"campfire_choices":[{"data":"HollowMod:LuriensSpire","floor":7,"key":"SMITH"},{"data":"HollowMod:MonomonsArchive","floor":15,"key":"SMITH"}],"circlet_count":0,"master_deck":["HollowMod:NailStrikeStart","HollowMod:NailStrikeStart","HollowMod:NailStrikeStart","HollowMod:QuickDashStart","HollowMod:QuickDashStart","HollowMod:QuickDashStart","HollowMod:FocusHealStart","HollowMod:PogoStrike","HollowMod:InfectedAttack","HollowMod:ShapeofUnn","HollowMod:CloakDash","HollowMod:MonomonsArchive+1","HollowMod:LuriensSpire+1","HollowMod:InfectionAssault+1","HollowMod:HowlingWraiths+1","HollowMod:ChannelNail","HollowMod:NewLittleFool+1"],"relics":["HollowMod:VesselMask","NeowsBlessing","HollowMod:MillibellesNoteRelic","Molten Egg 2","HollowMod:IsmasTear","Pen Nib"],"acts_visited":["Exordium"],"potions_floor_usage":[6,10,11,16],"damage_taken":[{"damage":0,"enemies":"Small Slimes","floor":1,"turns":1},{"damage":0,"enemies":"Cultist","floor":3,"turns":1},{"damage":0,"enemies":"Jaw Worm","floor":4,"turns":1},{"damage":13,"enemies":"Lots of Slimes","floor":5,"turns":4},{"damage":28,"enemies":"3 Sentries","floor":6,"turns":11},{"damage":57,"enemies":"Gremlin Nob","floor":8,"turns":5},{"damage":8,"enemies":"HollowMod:MossKnight","floor":10,"turns":10},{"damage":12,"enemies":"Blue Slaver","floor":11,"turns":4},{"damage":0,"enemies":"Exordium Thugs","floor":12,"turns":1},{"damage":4,"enemies":"Large Slime","floor":14,"turns":5},{"damage":21,"enemies":"HollowMod:FalseKnight","floor":16,"turns":5}],"seed_played":"-6420069221977477060","potions_obtained":[{"floor":1,"key":"EssenceOfSteel"},{"floor":3,"key":"Regen Potion"},{"floor":4,"key":"SpeedPotion"},{"floor":10,"key":"PowerPotion"},{"floor":12,"key":"Swift Potion"}],"is_trial":false,"path_per_floor":["M","?","M","M","M","E","R","E","T","E","M","M","$","M","R","B"],"character_chosen":"THE_BUGKNIGHT","items_purchased":[],"campfire_rested":0,"item_purchase_floors":[],"current_hp_per_floor":[75,75,75,75,72,54,54,7,7,9,19,19,19,15,15,0,0],"gold":249,"neow_bonus":"THREE_ENEMY_KILL","is_daily":false,"chose_seed":false,"campfire_upgraded":2,"win_rate":0.0,"timestamp":1611730072,"path_taken":["M","?","M","M","M","E","R","E","T","E","?","M","$","M","R","BOSS"],"items_purchased_type":[],"build_version":"2020-12-22","purchased_purges":1,"victory":false,"max_hp_per_floor":[75,75,75,75,75,75,75,75,75,75,75,75,75,75,75,75,75],"card_choices":[{"not_picked":["HollowMod:PerfectDash","HollowMod:CycloneSlash"],"picked":"HollowMod:InfectedAttack","floor":1},{"not_picked":["HollowMod:SoulVessel","HollowMod:DescendingDark"],"picked":"HollowMod:CloakDash","floor":3},{"not_picked":["HollowMod:BlackTendrils","HollowMod:DoubleDash","HollowMod:SoulSplash"],"picked":"SKIP","floor":4},{"not_picked":["HollowMod:DescendingDark","HollowMod:BlackTendrils"],"picked":"HollowMod:MonomonsArchive","floor":5},{"not_picked":["HollowMod:DescendingDark","HollowMod:SiblingsSouls"],"picked":"HollowMod:LuriensSpire","floor":6},{"not_picked":["HollowMod:MonarchWings","HollowMod:BrokenVessel"],"picked":"HollowMod:InfectionAssault+1","floor":8},{"not_picked":["HollowMod:WraithStrike+1","HollowMod:DungDefenderAura","HollowMod:NewJinnsSoul"],"picked":"SKIP","floor":10},{"not_picked":["HollowMod:ZotesMagnificence+1","HollowMod:QuirrelsAssistance+1"],"picked":"HollowMod:HowlingWraiths+1","floor":11},{"not_picked":["HollowMod:SoulSplash","HollowMod:SoulStrike+1"],"picked":"HollowMod:ChannelNail","floor":12},{"not_picked":["HollowMod:VengefulVoid+1","HollowMod:DescendingDark+1"],"picked":"HollowMod:NewLittleFool+1","floor":14}],"player_experience":283010,"relics_obtained":[{"floor":6,"key":"HollowMod:MillibellesNoteRelic"},{"floor":8,"key":"Molten Egg 2"},{"floor":9,"key":"HollowMod:IsmasTear"},{"floor":10,"key":"Pen Nib"}],"event_choices":[{"damage_healed":0,"gold_gain":0,"cards_transformed":["HollowMod:QuickDashStart"],"player_choice":"Transformed","damage_taken":0,"max_hp_gain":0,"max_hp_loss":0,"event_name":"Transmorgrifier","floor":2,"gold_loss":0,"cards_obtained":["HollowMod:ShapeofUnn"]}],"is_beta":false,"boss_relics":[],"items_purged_floors":[13],"is_endless":false,"potions_floor_spawned":[1,3,4,10,12],"killed_by":"HollowMod:FalseKnight","ascension_level":5}}