{"host":"o7j6aatxjwpw1421","time":1611752468,"event":{"mods":["2.2 Compatiblity","AchievementEnabler","BaseMod","Colored Map","DeckTracker","Highlight Path","Keyboard Shortcuts","Minty Spire (QoL Compilation)","Permanent Neow","Quick Restart","StSLib","SuperFastMode","everything is the same but u backflip on backflip"],"gold_per_floor":[111,127,137,137,287,287,127,127,127,157,173,187,187,217,217,294,294,313,238,249,35,68,68,99,149,149,149,184,200,217,237,237,314,314,329,380,270,280,180,180,190,222,297,314,327,362,584,584,584,584,584],"floor_reached":52,"language":"KOR","playtime":3017,"items_purged":["Doubt","Consecrate","LessonLearned+1"],"score":2220,"play_id":"b79f186b-15c6-46a8-8a47-5479988f2a73","local_time":"20210127220108","is_ascension_mode":true,"campfire_choices":[{"data":"Eruption","floor":6.0,"key":"SMITH"},{"data":"Adaptation","floor":8.0,"key":"SMITH"},{"data":"BattleHymn","floor":13.0,"key":"SMITH"},{"data":"EmptyFist","floor":15.0,"key":"SMITH"},{"data":"Vault","floor":23.0,"key":"SMITH"},{"data":"EmptyMind","floor":32.0,"key":"SMITH"},{"data":"Adaptation","floor":40.0,"key":"SMITH"},{"data":"MentalFortress","floor":49,"key":"SMITH"}],"circlet_count":0,"master_deck":["AscendersBane","Eruption+1","Vigilance","BattleHymn+1","Adaptation+1","EmptyFist+1","ThirdEye+1","Evaluate+1","Judgement+1","SandsOfTime+1","Tantrum+1","Vault+1","FearNoEvil+1","EmptyMind+1","Adaptation+1","TalkToTheHand","MentalFortress+1","MentalFortress+1","Master of Strategy","Master of Strategy"],"relics":["PureWater","Gremlin Horn","The Courier","Anchor","Blood Vial","Pandora\u0027s Box","Red Mask","Pen Nib","Eternal Feather","Oddly Smooth Stone","VioletLotus","CaptainsWheel","CloakClasp","Molten Egg 2","Ornamental Fan","Happy Flower"],"acts_visited":["Exordium","TheCity","TheBeyond"],"potions_floor_usage":[51],"damage_taken":[{"damage":0.0,"enemies":"Jaw Worm","floor":1.0,"turns":3.0},{"damage":1.0,"enemies":"Small Slimes","floor":2.0,"turns":6.0},{"damage":7.0,"enemies":"2 Louse","floor":3.0,"turns":3.0},{"damage":0.0,"enemies":"Lagavulin","floor":10.0,"turns":4.0},{"damage":5.0,"enemies":"Large Slime","floor":11.0,"turns":4.0},{"damage":0.0,"enemies":"2 Fungi Beasts","floor":12.0,"turns":2.0},{"damage":6.0,"enemies":"Gremlin Nob","floor":14.0,"turns":3.0},{"damage":35.0,"enemies":"Slime Boss","floor":16.0,"turns":8.0},{"damage":0.0,"enemies":"Spheric Guardian","floor":18.0,"turns":2.0},{"damage":0.0,"enemies":"Chosen","floor":20.0,"turns":3.0},{"damage":0.0,"enemies":"Masked Bandits","floor":22.0,"turns":3.0},{"damage":20.0,"enemies":"Book of Stabbing","floor":24.0,"turns":5.0},{"damage":3.0,"enemies":"Slavers","floor":28.0,"turns":4.0},{"damage":0.0,"enemies":"Shelled Parasite and Fungi","floor":29.0,"turns":3.0},{"damage":7.0,"enemies":"Snake Plant","floor":30.0,"turns":3.0},{"damage":0.0,"enemies":"3 Cultists","floor":31.0,"turns":3.0},{"damage":43.0,"enemies":"Automaton","floor":33.0,"turns":9.0},{"damage":0.0,"enemies":"3 Darklings","floor":35.0,"turns":3.0},{"damage":8.0,"enemies":"2 Orb Walkers","floor":36.0,"turns":4.0},{"damage":0.0,"enemies":"3 Shapes","floor":38.0,"turns":5.0},{"damage":3,"enemies":"Writhing Mass","floor":41,"turns":4},{"damage":0,"enemies":"Giant Head","floor":42,"turns":4},{"damage":0,"enemies":"Jaw Worm Horde","floor":44,"turns":4},{"damage":0,"enemies":"Maw","floor":45,"turns":3},{"damage":0,"enemies":"Nemesis","floor":46,"turns":6},{"damage":16,"enemies":"Time Eater","floor":50,"turns":9},{"damage":0,"enemies":"Awakened One","floor":51,"turns":4}],"seed_played":"-7004306951679701684","potions_obtained":[{"floor":1.0,"key":"Strength Potion"},{"floor":11.0,"key":"DistilledChaos"},{"floor":16.0,"key":"Strength Potion"},{"floor":28.0,"key":"Swift Potion"},{"floor":31.0,"key":"SteroidPotion"},{"floor":35.0,"key":"SkillPotion"},{"floor":38.0,"key":"Weak Potion"}],"is_trial":false,"path_per_floor":["M","M","M","?","?","R","$","R","T","E","M","M","R","E","R","B",null,"M","?","M","$","?","R","E","?","T","?","E","M","M","M","R","B",null,"M","?","?","M","$","R","M","E","T","M","M","E","?","?","R","B","B",null],"character_chosen":"WATCHER","items_purchased":["Adaptation","Vault"],"campfire_rested":0,"item_purchase_floors":[7,21],"current_hp_per_floor":[61,60,53,48,48,48,48,48,48,48,43,43,43,37,37,4,48,50,50,52,52,54,54,36,36,36,36,35,37,32,34,43,2,47,49,43,43,45,45,54,53,55,55,57,59,61,61,51,62,46,48],"gold":584,"neow_bonus":"REMOVE_TWO","is_daily":false,"chose_seed":false,"campfire_upgraded":8,"win_rate":0.0,"timestamp":1611752468,"path_taken":["M","M","M","?","?","R","?","R","T","E","M","M","R","E","R","BOSS","M","?","M","$","?","R","E","?","T","?","E","M","?","M","R","BOSS","M","?","?","M","$","R","M","E","T","M","?","E","?","?","R","BOSS","BOSS"],"items_purchased_type":["Card","Card"],"build_version":"2020-12-22","purchased_purges":3,"victory":true,"max_hp_per_floor":[62,62,62,62,62,62,62,62,62,62,62,62,62,62,62,62,62,62,62,62,62,62,62,62,62,62,62,62,62,62,62,62,62,62,62,62,62,62,62,62,62,62,62,62,62,62,62,62,62,62,62],"card_choices":[{"not_picked":["Collect","FlurryOfBlows","Consecrate"],"picked":"SKIP","floor":1.0},{"not_picked":["Prostrate","EmptyBody"],"picked":"BattleHymn","floor":2.0},{"not_picked":["JustLucky","Crescendo","Prostrate"],"picked":"SKIP","floor":3.0},{"not_picked":["WreathOfFlame","SignatureMove"],"picked":"EmptyFist","floor":10.0},{"not_picked":["Worship","FlyingSleeves","Halt"],"picked":"SKIP","floor":11.0},{"not_picked":["FlurryOfBlows","Protect","Halt"],"picked":"SKIP","floor":12.0},{"not_picked":["ThirdEye","Fasting2","WreathOfFlame"],"picked":"SKIP","floor":14.0},{"not_picked":["Devotion","Wish"],"picked":"LessonLearned","floor":16.0},{"not_picked":["Protect","Conclude+1","PathToVictory"],"picked":"SKIP","floor":18.0},{"not_picked":["Swivel","BowlingBash"],"picked":"Tantrum","floor":20.0},{"not_picked":["Worship","Consecrate"],"picked":"FearNoEvil","floor":22.0},{"not_picked":["Vengeance","FlyingSleeves","FlurryOfBlows"],"picked":"SKIP","floor":24.0},{"not_picked":["Protect","BattleHymn","ThirdEye"],"picked":"SKIP","floor":28.0},{"not_picked":["Perseverance","EmptyFist+1","Sanctity"],"picked":"SKIP","floor":29.0},{"not_picked":["Fasting2","Consecrate","WaveOfTheHand"],"picked":"SKIP","floor":30.0},{"not_picked":["Study","Crescendo","CutThroughFate"],"picked":"SKIP","floor":31.0},{"not_picked":["FlurryOfBlows+1","CutThroughFate"],"picked":"Adaptation","floor":35.0},{"not_picked":["Halt+1","EmptyBody"],"picked":"TalkToTheHand","floor":38.0},{"not_picked":["Alpha","Halt","ClearTheMind"],"picked":"SKIP","floor":41},{"not_picked":["Evaluate+1","Protect"],"picked":"MentalFortress","floor":42},{"not_picked":["Wallop+1","JustLucky+1"],"picked":"MentalFortress+1","floor":44},{"not_picked":["BowlingBash+1","InnerPeace","DeceiveReality"],"picked":"SKIP","floor":45},{"not_picked":["Weave+1","WreathOfFlame","Wish"],"picked":"SKIP","floor":46},{"not_picked":["Violence","Apotheosis"],"picked":"Master of Strategy","floor":48},{"not_picked":["Deep Breath","Good Instincts"],"picked":"Master of Strategy","floor":48}],"player_experience":624741,"relics_obtained":[{"floor":9.0,"key":"The Courier"},{"floor":10.0,"key":"Anchor"},{"floor":14.0,"key":"Blood Vial"},{"floor":22.0,"key":"Red Mask"},{"floor":24.0,"key":"Pen Nib"},{"floor":26.0,"key":"Eternal Feather"},{"floor":28.0,"key":"Oddly Smooth Stone"},{"floor":36.0,"key":"CaptainsWheel"},{"floor":42,"key":"Molten Egg 2"},{"floor":43,"key":"Ornamental Fan"},{"floor":46,"key":"Happy Flower"}],"event_choices":[{"damage_healed":0.0,"max_hp_gain":0.0,"max_hp_loss":0.0,"gold_gain":0.0,"event_name":"Scrap Ooze","player_choice":"Success","floor":4.0,"gold_loss":0.0,"damage_taken":5.0,"relics_obtained":["Gremlin Horn"]},{"damage_healed":0.0,"max_hp_gain":0.0,"max_hp_loss":0.0,"gold_gain":150.0,"event_name":"Liars Game","player_choice":"AGREE","floor":5.0,"gold_loss":0.0,"damage_taken":0.0,"cards_obtained":["Doubt"]},{"cards_removed":["Worship"],"damage_healed":0.0,"max_hp_gain":0.0,"max_hp_loss":0.0,"gold_gain":0.0,"event_name":"Beggar","player_choice":"Gave Gold","floor":19.0,"gold_loss":75.0,"damage_taken":0.0},{"damage_healed":0.0,"max_hp_gain":0.0,"max_hp_loss":0.0,"gold_gain":0.0,"event_name":"Masked Bandits","player_choice":"Fought Bandits","floor":22.0,"gold_loss":0.0,"damage_taken":0.0},{"damage_healed":0.0,"max_hp_gain":0.0,"max_hp_loss":0.0,"gold_gain":50.0,"event_name":"Nest","player_choice":"Stole From Cult","floor":25.0,"gold_loss":0.0,"damage_taken":0.0},{"damage_healed":0.0,"max_hp_gain":0.0,"max_hp_loss":0.0,"gold_gain":0.0,"event_name":"The Library","player_choice":"Read","floor":27.0,"gold_loss":0.0,"damage_taken":0.0,"cards_obtained":["EmptyMind"]},{"damage_healed":0.0,"max_hp_gain":0.0,"max_hp_loss":0.0,"gold_gain":0.0,"event_name":"Mysterious Sphere","player_choice":"Fight","floor":36.0,"gold_loss":0.0,"damage_taken":0.0},{"damage_healed":0.0,"max_hp_gain":0.0,"max_hp_loss":0.0,"gold_gain":0.0,"event_name":"WeMeetAgain","player_choice":"Paid Gold","floor":37.0,"gold_loss":110.0,"damage_taken":0.0,"relics_obtained":["CloakClasp"]},{"damage_healed":0,"gold_gain":222,"player_choice":"Wore Mask","damage_taken":0,"max_hp_gain":0,"max_hp_loss":0,"event_name":"Tomb of Lord Red Mask","floor":47,"gold_loss":0},{"damage_healed":0,"gold_gain":0,"player_choice":"Memory 3","damage_taken":10,"max_hp_gain":0,"max_hp_loss":0,"event_name":"SensoryStone","floor":48,"gold_loss":0}],"is_beta":false,"boss_relics":[{"not_picked":["Astrolabe","Fusion Hammer"],"picked":"Pandora\u0027s Box"},{"not_picked":["Busted Crown","Empty Cage"],"picked":"VioletLotus"}],"items_purged_floors":[7,21,39],"is_endless":false,"potions_floor_spawned":[1,11,16,18,20,28,31,33,35,38,41,46],"ascension_level":20}}