{"host":"vyiqbz5w606ur92t","time":1611775972,"event":{"mods":["BaseMod","Downfall","Minty Spire (QoL Compilation)","StSLib"],"gold_per_floor":[99,118,132,145,60,74,74,92,92,112,147,47,47,32,48,144,144,44,54,69,88,188,215,264,264,298,312,212,122,122,122,132,230,230,230,330,347,366,376,148,174,174,35,45,74,74,102,102,114,114,114,142,42,42,42,42,42,42],"floor_reached":56,"language":"ENG","playtime":8534,"items_purged":["Writhe","downfall:Malfunctioning"],"score":749,"play_id":"0dc2f40a-1864-45ef-83da-148b44c6fa95","local_time":"20210127193252","is_ascension_mode":false,"campfire_choices":[{"floor":1,"key":"RECALL"},{"floor":12,"key":"REST"},{"data":"Guardian:Orbwalk","floor":18,"key":"SMITH"},{"floor":28,"key":"REST"},{"data":"Guardian:Planning","floor":35,"key":"SMITH"},{"data":"Guardian:TimeCapacitor","floor":42,"key":"SMITH"},{"data":"Guardian:SentryBeam","floor":46,"key":"SMITH"},{"floor":54,"key":"REST"}],"circlet_count":0,"master_deck":["Guardian:Strike_Guardian+1","Guardian:Defend_Guardian","Guardian:Defend_Guardian","Guardian:TwinSlam","Guardian:ChargeCore","Guardian:PiercingHide+1","Guardian:Planning+1","Guardian:MultiBeam+1","Guardian:TimeCapacitor+1","Guardian:Reroute","Guardian:ChargeCore","Guardian:Emergency","Guardian:Orbwalk+1","Guardian:Suspension","Guardian:StasisStrike","Guardian:ConstructionForm+1","Guardian:PrimingBeam+1","Guardian:StasisStrike+1","Guardian:Recover+1","J.A.X.","Guardian:BronzeArmor","Guardian:WalkerClaw","Guardian:SphericShield","Guardian:EvasiveProtocol","Guardian:TemporalShield","Guardian:SentryBeam+1","Guardian:FloatingOrbs","Guardian:Clone+1","Guardian:ChargeUp+1","Guardian:ShieldCharger","Guardian:TimeCapacitor+1","Guardian:AncientConstruct","Guardian:Incinerate+1"],"relics":["Guardian:ModeShifter","Toy Ornithopter","Singing Bowl","Bottled Lightning","downfall:HeartBlessingGreen","Astrolabe","downfall:HeartBlessingRed","MutagenicStrength","Lantern","Question Card","War Paint","downfall:HeartBlessingBlue","SacredBark","Potion Belt","Guardian:BottledStasis","Blood Vial","Blue Candle","Dream Catcher","Guardian:PickAxe"],"acts_visited":["Exordium","TheCity","TheBeyond","TheEnding"],"potions_floor_usage":[15,16,21,22,22,23,23,33,37,40,40,44,45,45,50,50,50,55],"damage_taken":[{"damage":6,"enemies":"Jaw Worm","floor":2,"turns":4},{"damage":5,"enemies":"Small Slimes","floor":3,"turns":4},{"damage":1,"enemies":"Cultist","floor":4,"turns":5},{"damage":3,"enemies":"downfall:FleeingMerchant","floor":5,"turns":4},{"damage":11,"enemies":"Gremlin Gang","floor":6,"turns":8},{"damage":22,"enemies":"Exordium Thugs","floor":8,"turns":4},{"damage":1,"enemies":"2 Fungi Beasts","floor":10,"turns":3},{"damage":9,"enemies":"3 Sentries","floor":11,"turns":6},{"damage":0,"enemies":"downfall:FleeingMerchant","floor":14,"turns":4},{"damage":12,"enemies":"Large Slime","floor":15,"turns":6},{"damage":28,"enemies":"DF_ARCHETYPE_STREAMLINE","floor":16,"turns":9},{"damage":0,"enemies":"3 Byrds","floor":19,"turns":4},{"damage":10,"enemies":"Spheric Guardian","floor":20,"turns":4},{"damage":7,"enemies":"Snake Plant","floor":21,"turns":5},{"damage":24,"enemies":"downfall:Augmenter","floor":22,"turns":7},{"damage":43,"enemies":"Book of Stabbing","floor":23,"turns":6},{"damage":39,"enemies":"Slavers","floor":26,"turns":6},{"damage":6,"enemies":"Centurion and Healer","floor":27,"turns":7},{"damage":0,"enemies":"downfall:FleeingMerchant","floor":29,"turns":4},{"damage":0,"enemies":"Shelled Parasite and Fungi","floor":32,"turns":5},{"damage":26,"enemies":"WA_ARCHETYPE_CALM","floor":33,"turns":10},{"damage":16,"enemies":"downfall:LadyInBlue","floor":36,"turns":11},{"damage":0,"enemies":"3 Shapes","floor":37,"turns":4},{"damage":0,"enemies":"Orb Walker","floor":38,"turns":5},{"damage":10,"enemies":"3 Darklings","floor":39,"turns":5},{"damage":3,"enemies":"downfall:FleeingMerchant","floor":40,"turns":4},{"damage":3,"enemies":"downfall:FleeingMerchant","floor":43,"turns":4},{"damage":3,"enemies":"Transient","floor":44,"turns":5},{"damage":23,"enemies":"Reptomancer","floor":45,"turns":6},{"damage":12,"enemies":"Giant Head","floor":47,"turns":8},{"damage":0,"enemies":"Maw","floor":49,"turns":6},{"damage":74,"enemies":"IC_BLOCK_ARCHETYPE","floor":50,"turns":11},{"damage":77,"enemies":"downfall:CharBossMerchant","floor":52,"turns":11},{"damage":41,"enemies":"downfall:NeowBoss","floor":55,"turns":14},{"damage":80,"enemies":"downfall:NeowBossFinal","floor":56,"turns":5}],"seed_played":"-1691431581212730937","potions_obtained":[{"floor":2,"key":"Guardian:StasisDiscoveryPotion"},{"floor":6,"key":"FairyPotion"},{"floor":11,"key":"EssenceOfSteel"},{"floor":16,"key":"ColorlessPotion"},{"floor":20,"key":"Explosive Potion"},{"floor":21,"key":"Block Potion"},{"floor":22,"key":"EntropicBrew"},{"floor":32,"key":"Slimebound:ThreeZeroPotion"},{"floor":36,"key":"SpeedPotion"},{"floor":36,"key":"Swift Potion"},{"floor":36,"key":"Guardian:AcceleratePotion"},{"floor":36,"key":"PowerPotion"},{"floor":38,"key":"Guardian:DefensiveModePotion"},{"floor":44,"key":"Swift Potion"},{"floor":47,"key":"Block Potion"},{"floor":49,"key":"SkillPotion"}],"is_trial":false,"path_per_floor":["R","M","M","M","$","M","T","M","?","M","E","R","?","$","M","B",null,"R","M","M","M","?","E","T","?","E","M","R","$","?","?","M","B",null,"R","?","M","M","M","$","T","R","$","M","E","R","E","?","M","B",null,"E","$","R","B","B"],"character_chosen":"GUARDIAN","items_purchased":["Guardian:TimeCapacitor","Guardian:BottledStasis","Guardian:TimeCapacitor","Fire Potion","Regen Potion"],"campfire_rested":3,"item_purchase_floors":[5,40,40,43,43],"current_hp_per_floor":[80,74,69,68,65,54,54,34,34,33,24,48,48,48,41,18,82,82,84,74,72,58,25,25,25,25,19,57,57,57,57,59,38,96,96,80,85,85,75,82,82,82,81,87,76,76,68,68,70,13,100,23,23,55,76,0,0,0],"gold":42,"neow_bonus":"RANDOM_COMMON_RELIC","is_daily":false,"chose_seed":false,"campfire_upgraded":4,"win_rate":0.0,"timestamp":1611775972,"path_taken":["R","M","M","M","$","M","T","M","?","M","E","R","?","?","M","BOSS","R","M","M","M","?","E","T","?","E","M","R","?","?","?","M","BOSS","R","?","?","?","M","$","T","R","?","?","E","R","E","?","M","BOSS","E","$","R","BOSS","BOSS"],"items_purchased_type":["Card","Relic","Card","Potion","Potion"],"build_version":"2020-12-22","purchased_purges":2,"victory":false,"max_hp_per_floor":[80,80,80,80,80,80,80,82,82,82,82,82,82,82,82,82,82,82,84,84,84,84,84,84,84,84,84,94,94,94,94,96,96,96,96,96,96,96,96,96,96,96,96,98,98,98,100,100,100,100,100,100,100,102,102,102,102,102],"card_choices":[{"not_picked":["Guardian:Gem_Yellow","Guardian:Suspension"],"picked":"Guardian:ChargeCore","floor":2},{"not_picked":["Guardian:Gem_White","Guardian:SpikerProtocol"],"picked":"Guardian:PiercingHide","floor":3},{"not_picked":["Guardian:ArmoredProtocol","Guardian:PiercingHide"],"picked":"Guardian:Planning","floor":4},{"not_picked":["Guardian:Recover","Guardian:PrismaticBarrier"],"picked":"Guardian:MultiBeam","floor":5},{"not_picked":["Guardian:Gem_Green","Guardian:Planning"],"picked":"Guardian:Reroute","floor":6},{"not_picked":["Guardian:EvasiveProtocol","Guardian:RefractedBeam","Guardian:ShieldSpikes"],"picked":"Singing Bowl","floor":8},{"not_picked":["Guardian:TemporalStrike","Guardian:ConstructionForm"],"picked":"Guardian:ChargeCore","floor":10},{"not_picked":["Guardian:Gem_Green","Guardian:RollAttack"],"picked":"Guardian:Emergency","floor":11},{"not_picked":["Guardian:Planning","Guardian:Reroute"],"picked":"Guardian:Orbwalk","floor":14},{"not_picked":["Guardian:PiercingHide","Guardian:Incinerate"],"picked":"Guardian:Suspension","floor":15},{"not_picked":["Guardian:GemFinder","Guardian:BaubleBeam"],"picked":"Guardian:StasisStrike","floor":16},{"not_picked":["Guardian:BodySlam","Guardian:Suspension","Guardian:Gem_Red"],"picked":"Singing Bowl","floor":19},{"not_picked":["Guardian:ShieldSpikes","Guardian:Emergency"],"picked":"Guardian:Gem_White","floor":20},{"not_picked":["Guardian:DonusPower","Guardian:PrismaticBarrier"],"picked":"Guardian:Gem_Crimson","floor":21},{"not_picked":["Guardian:Gem_Lightblue","Guardian:Gem_Red"],"picked":"Guardian:Recover","floor":22},{"not_picked":[],"picked":"J.A.X.","floor":22},{"not_picked":["Guardian:DonusPower","Guardian:RollAttack"],"picked":"Guardian:SphericShield","floor":23},{"not_picked":["Guardian:BodySlam+1","Guardian:StasisStrike","Guardian:Harden+1"],"picked":"Guardian:EvasiveProtocol","floor":26},{"not_picked":["Guardian:Recover","Guardian:Reroute","Guardian:WalkerClaw+1"],"picked":"Guardian:TemporalShield","floor":27},{"not_picked":["Guardian:Gem_Synthetic","Guardian:Reroute+1","Guardian:Gem_Purple"],"picked":"Guardian:SentryBeam","floor":29},{"not_picked":["Guardian:WalkerClaw","Guardian:Incinerate","Guardian:Recover","Guardian:Gem_Lightblue"],"picked":"Singing Bowl","floor":32},{"not_picked":["Guardian:Gem_Synthetic","Guardian:FierceBash","Guardian:BaubleBeam"],"picked":"Guardian:Gem_Orange","floor":33},{"not_picked":["Guardian:Gem_Lightblue","Guardian:DecasProtection","Guardian:Reroute+1"],"picked":"Guardian:FloatingOrbs","floor":36},{"not_picked":["Guardian:PiercingHide","Guardian:ChargeCore","Guardian:ArmoredProtocol"],"picked":"Guardian:Clone+1","floor":37},{"not_picked":["Guardian:PrimingBeam+1","Guardian:Gem_Cyan","Guardian:TimeCapacitor"],"picked":"Guardian:ChargeUp+1","floor":38},{"not_picked":["Guardian:RollAttack+1","Guardian:ArmoredProtocol+1","Guardian:PiercingHide"],"picked":"Guardian:ShieldCharger","floor":39},{"not_picked":["Guardian:Planning+1","Guardian:FloatingOrbs","Guardian:GatlingBeam"],"picked":"Guardian:Gem_White","floor":40},{"not_picked":["Guardian:WalkerClaw","Guardian:Planning","Guardian:Gem_Red"],"picked":"Guardian:Gem_Yellow","floor":43},{"not_picked":["Guardian:SpikerProtocol+1","Guardian:Gem_Lightblue","Guardian:ChargeUp","Guardian:BodySlam"],"picked":"Singing Bowl","floor":44},{"not_picked":["Guardian:Suspension","Guardian:RollAttack+1","Guardian:Gem_Crimson"],"picked":"Guardian:Gem_Purple","floor":45},{"not_picked":["Guardian:Gem_Lightblue","Guardian:Gem_Green","Guardian:Clone","Guardian:GuardianWhirl+1"],"picked":"Singing Bowl","floor":47},{"not_picked":["Guardian:PiercingHide","Guardian:TemporalShield","Guardian:RefractedBeam"],"picked":"Guardian:AncientConstruct","floor":49},{"not_picked":["Guardian:Gem_Fragmented","Guardian:Gem_Purple","Guardian:ExploitGems"],"picked":"Guardian:Incinerate+1","floor":52},{"not_picked":["Guardian:ChargeCore","Guardian:PrimingBeam","Guardian:Gem_Crimson","Guardian:TimeBomb+1"],"picked":"Singing Bowl","floor":54}],"player_experience":1117768,"relics_obtained":[{"floor":7,"key":"Singing Bowl"},{"floor":11,"key":"Bottled Lightning"},{"floor":22,"key":"MutagenicStrength"},{"floor":23,"key":"Lantern"},{"floor":26,"key":"War Paint"},{"floor":36,"key":"Potion Belt"},{"floor":41,"key":"Blood Vial"},{"floor":45,"key":"Blue Candle"},{"floor":47,"key":"Dream Catcher"},{"floor":52,"key":"Guardian:PickAxe"}],"event_choices":[{"damage_healed":0,"gold_gain":0,"player_choice":"Ignored","damage_taken":0,"max_hp_gain":0,"max_hp_loss":0,"event_name":"Vampires","floor":31,"gold_loss":0}],"is_beta":false,"boss_relics":[{"not_picked":["Guardian:StasisSlotReductionRelic","Sozu"],"picked":"Astrolabe"},{"not_picked":["Tiny House","Pandora\u0027s Box"],"picked":"SacredBark"}],"items_purged_floors":[29,53],"is_endless":false,"potions_floor_spawned":[2,6,11,16,20,21,22,32,36,38,39,44,47,49],"killed_by":"downfall:NeowBossFinal","ascension_level":0}}