{"host":"9kxnbj80f46l6gnh","time":1611790502,"event":{"mods":["AchievementEnabler","Aspiration","Bard","BaseMod","Beaked The Cultist","Better Altar","Better Match","Better Note","Better Sensory Stone","Better Skull","Better Third Choice","BetterRewards","CCEM2","Clawfect","Colored Map","Conspire","Downfall","GifTheSpireLib","Halation","Hermit","Highlight Path","Hubris","Hunter ??","Infinite Spire","Jedi Mod","Jorbs\u0027s Wanderer Trilogy","Mad Scientist","Marisa????????","Mimic Mod","Minty Spire (QoL Compilation)","Permanent Neow","Replay The Spire","Shade Mod","Shop Mod","Spicy Shops","StSLib","Stuff the Spire","The Administrix","The Blackbeard","The Bug Knight","The Construct","The Cursed","The Disciple","The Gatherer","The Hierophant","The Jungle","The Mystic","The Necromancer","The Problem Sleuth","The Runesmith","The Servant 0.9.4","The Spell Scribe","The Witch","Unceasing Turn Reminder","everything is the same but u backflip on backflip"],"gold_per_floor":[211,211,228,81,92,92,118,118,118,145,145,156,56,75,75,172,172,183,194,194,210,85,85,99,99,99,112,196,46,56,56,56,204,204,234,234,284,322,322,322],"floor_reached":39,"language":"ENG","playtime":2838,"items_purged":["bard:Strike","bard:Defend","bard:BestowCurse","bard:Defend"],"score":586,"play_id":"622244d0-6761-4eab-af7b-7b2bc60ab904","local_time":"20210127163502","is_ascension_mode":false,"campfire_choices":[{"data":"ReplayTheSpireMod:Book of Names","floor":6,"key":"SMITH"},{"data":"bard:MagnumOpus","floor":11,"key":"SMITH"},{"floor":15,"key":"REST"},{"data":"bard:DeathMetal","floor":23,"key":"SMITH"},{"data":"bard:EnGarde","floor":25,"key":"SMITH"},{"data":"bard:Thunderwave","floor":32,"key":"SMITH"}],"circlet_count":0,"master_deck":["bard:Strike","bard:Strike","bard:Strike","bard:Defend","bard:Defend","bard:Riposte","bard:Inspire","bard:Shout","ReplayTheSpireMod:Book of Names+1","bard:Flourish","bard:Thunderwave","bard:EnGarde+1","bard:MagnumOpus+1","bard:Balestra","bard:DeathMetal+1","CurseOfTheBell","bard:Thunderwave+1","bard:LingeringEcho+1","bard:TinyHut+1","bard:LocateObject+1","bard:CovetousAura","bard:FirstStrike+1"],"relics":["bard:PitchPipe","bard:BagPipes","StuffTheSpire:Gunfinga","CCEMRelics:DissonantTune","Bird Faced Urn","CCEMRelics:DerglesHeadphones","Calling Bell","CCEMRelics:SelfSharpeningBlade","hubris:DeckOfHolding","TungstenRod","FaceOfCleric","hubris:MobiusCoin","infinitespire:EvilPickle","CCEMRelics:ExpiredCReal","halation:PenCase"],"acts_visited":["Exordium","TheCity","TheBeyond"],"potions_floor_usage":[16,16,39],"damage_taken":[{"damage":1,"enemies":"Cultist","floor":1,"turns":4},{"damage":0,"enemies":"2 Louse","floor":3,"turns":2},{"damage":1,"enemies":"Jaw Worm","floor":5,"turns":2},{"damage":14,"enemies":"3 Sentries","floor":7,"turns":4},{"damage":10,"enemies":"Lagavulin","floor":10,"turns":5},{"damage":4,"enemies":"Red Slaver","floor":12,"turns":4},{"damage":23,"enemies":"Exordium Thugs","floor":14,"turns":6},{"damage":8,"enemies":"Slime Boss","floor":16,"turns":6},{"damage":12,"enemies":"conspire:FuzzyDice","floor":18,"turns":4},{"damage":8,"enemies":"Chosen","floor":19,"turns":5},{"damage":7,"enemies":"Snecko","floor":21,"turns":4},{"damage":24,"enemies":"Snake Plant","floor":24,"turns":4},{"damage":7,"enemies":"Shelled Parasite and Fungi","floor":27,"turns":3},{"damage":15,"enemies":"Gremlin Leader","floor":28,"turns":5},{"damage":5,"enemies":"Centurion and Healer","floor":30,"turns":5},{"damage":8,"enemies":"Pondfish","floor":33,"turns":9},{"damage":42,"enemies":"3 Shapes","floor":35,"turns":4},{"damage":32,"enemies":"Mind Bloom Boss Battle","floor":37,"turns":5},{"damage":10,"enemies":"3 Darklings","floor":38,"turns":4},{"damage":16,"enemies":"Sphere and 2 Shapes","floor":39,"turns":4}],"seed_played":"5076794463251758615","potions_obtained":[{"floor":1,"key":"Venom Potion"},{"floor":7,"key":"hexamod:SoulburnPotion"},{"floor":14,"key":"hexamod:SoulburnPotion"},{"floor":19,"key":"Swift Potion"},{"floor":21,"key":"Fire Potion"},{"floor":24,"key":"Regen Potion"}],"is_trial":false,"path_per_floor":["M","?","M","$","M","R","E","?","T","E","R","M","$","M","R","B",null,"M","M","?","M","$","R","M","R","T","M","E","$","M","?","R","B",null,"M","$","?","M","M"],"character_chosen":"BARD","items_purchased":["StuffTheSpire:Gunfinga"],"campfire_rested":1,"item_purchase_floors":[4],"current_hp_per_floor":[69,52,52,52,51,51,37,37,37,29,41,41,41,24,45,41,70,58,60,60,58,58,70,50,62,62,58,50,50,54,54,66,71,76,37,37,14,11,0,0],"gold":322,"neow_bonus":"HUNDRED_GOLD","is_daily":false,"chose_seed":false,"campfire_upgraded":5,"win_rate":0.0,"timestamp":1611790502,"path_taken":["M","?","M","$","M","R","E","?","T","E","R","M","$","M","R","BOSS","M","?","?","M","$","R","?","R","T","M","E","?","M","?","R","BOSS","M","$","?","M","M"],"items_purchased_type":["Relic"],"build_version":"2020-12-22","purchased_purges":4,"victory":false,"max_hp_per_floor":[70,70,70,70,70,70,70,70,70,70,70,70,70,70,70,70,70,70,70,70,71,71,71,72,72,72,73,74,74,75,75,75,76,76,77,77,78,79,79,79],"card_choices":[{"not_picked":["bard:QuickSong","bard:BucklerBash"],"picked":"bard:Shout","floor":1},{"not_picked":["ReplayTheSpireMod:Black Plague","Replay:Fractal Strike"],"picked":"ReplayTheSpireMod:Book of Names","floor":2},{"not_picked":["bard:FeastOnFear","bard:Silence"],"picked":"bard:Flourish","floor":3},{"not_picked":["bard:InspiringSong","bard:ViciousMockery"],"picked":"bard:Thunderwave","floor":5},{"not_picked":["bard:BucklerBash","bard:Gamble"],"picked":"bard:EnGarde","floor":7},{"not_picked":["bard:InspiringSong","bard:SongBolt"],"picked":"bard:MagnumOpus","floor":10},{"not_picked":["bard:LingeringPerformance","bard:Sift"],"picked":"bard:BestowCurse","floor":12},{"not_picked":["bard:DervishDance","bard:InspiringSong"],"picked":"bard:Balestra","floor":14},{"not_picked":["bard:Rhapsody","bard:Improv"],"picked":"bard:DeathMetal","floor":16},{"not_picked":["bard:FingerOfDeath","bard:Shout+1"],"picked":"bard:Thunderwave","floor":18},{"not_picked":["bard:PhantasmalForce","bard:Gamble+1"],"picked":"bard:LingeringEcho+1","floor":19},{"not_picked":["bard:Aphasia","bard:QuickSong","bard:Shout"],"picked":"SKIP","floor":21},{"not_picked":["bard:CuttingWords","bard:Gamble","bard:Parry"],"picked":"SKIP","floor":24},{"not_picked":["bard:ViciousMockery","bard:MagnumOpus"],"picked":"bard:TinyHut+1","floor":27},{"not_picked":["bard:Blink","bard:Sift"],"picked":"bard:LocateObject+1","floor":28},{"not_picked":["bard:EchoEcho","bard:SongBolt","bard:BucklerBash"],"picked":"SKIP","floor":30},{"not_picked":["bard:ReverseGravity","bard:Shifting"],"picked":"bard:CovetousAura","floor":33},{"not_picked":["bard:BucklerBash","bard:Silence+1","bard:FeastOnFear+1"],"picked":"SKIP","floor":35},{"not_picked":["bard:Thunderwave+1","bard:SixFourTime"],"picked":"bard:FirstStrike+1","floor":37},{"not_picked":["bard:Gamble","bard:Rest+1","bard:FalseLife+1"],"picked":"SKIP","floor":38}],"player_experience":144511,"relics_obtained":[{"floor":7,"key":"CCEMRelics:DissonantTune"},{"floor":9,"key":"Bird Faced Urn"},{"floor":10,"key":"CCEMRelics:DerglesHeadphones"},{"floor":17,"key":"CCEMRelics:SelfSharpeningBlade"},{"floor":17,"key":"hubris:DeckOfHolding"},{"floor":17,"key":"TungstenRod"},{"floor":28,"key":"hubris:MobiusCoin"},{"floor":37,"key":"halation:PenCase"}],"event_choices":[{"damage_healed":0,"gold_gain":0,"player_choice":"Ignored","damage_taken":0,"max_hp_gain":0,"max_hp_loss":0,"event_name":"betterNote:BetterNote","floor":8,"gold_loss":0,"cards_obtained":["Headbutt"]},{"damage_healed":0,"gold_gain":0,"player_choice":"Trade","damage_taken":0,"relics_obtained":["FaceOfCleric"],"max_hp_gain":0,"max_hp_loss":0,"event_name":"FaceTrader","floor":20,"gold_loss":0},{"damage_healed":0,"gold_gain":0,"player_choice":"Fight","damage_taken":0,"max_hp_gain":0,"max_hp_loss":0,"event_name":"MindBloom","floor":37,"gold_loss":0}],"is_beta":false,"boss_relics":[{"not_picked":["aspiration:RunesmithSkillbook","Honey Jar"],"picked":"Calling Bell"},{"not_picked":["Replay:Wanted Poster","aspiration:RitualDagger"],"picked":"CCEMRelics:ExpiredCReal"}],"items_purged_floors":[4,13,22,29],"is_endless":false,"potions_floor_spawned":[1,7,14,19,21,24,28,37],"killed_by":"Sphere and 2 Shapes","ascension_level":0}}