{"host":"pi8b3ffzwvxqztac","time":1611784962,"event":{"mods":["BaseMod","Colored Map","Downfall","Minty Spire (QoL Compilation)","StSLib"],"gold_per_floor":[99,119,136,150,60,60,87,87,87,118,168,185,85,70,86,163,163,163,175,160,160,260,260,260,260],"floor_reached":23,"language":"ENG","playtime":1429,"items_purged":["Slimebound:Tackle"],"score":346,"play_id":"234ac5d8-8d53-41f3-bc46-3863dfcf53f0","local_time":"20210128110242","is_ascension_mode":true,"campfire_choices":[{"floor":1,"key":"RECALL"},{"data":"Slimebound:CorrosiveSpit","floor":6,"key":"SMITH"},{"data":"Slimebound:Split","floor":13,"key":"SMITH"},{"data":"Slimebound:Teamwork","floor":18,"key":"SMITH"}],"circlet_count":0,"master_deck":["AscendersBane","Slimebound:Strike_Slimebound","Slimebound:Strike_Slimebound","Slimebound:Strike_Slimebound","Slimebound:Defend_Slimebound","Slimebound:Defend_Slimebound","Slimebound:Defend_Slimebound","Slimebound:Defend_Slimebound","Slimebound:Split+1","Slimebound:CorrosiveSpit+1","Slimebound:LivingWall","Slimebound:SplitMire","Slimebound:MegaLick","Slimebound:Recollect","Slimebound:Darklings","Slimebound:DisruptingSlam","Slimebound:Teamwork+1","Slimebound:GoopSpray","Slimebound:SlimeBarrage"],"relics":["Slimebound:AbsorbEndCombatUpgraded","Regal Pillow","downfall:ShatteredFragment","Happy Flower","downfall:HeartBlessingRed","Unceasing Top","HornCleat"],"acts_visited":["Exordium","TheCity"],"potions_floor_usage":[5,12,16,23,23],"damage_taken":[{"damage":7,"enemies":"Small Slimes","floor":2,"turns":4},{"damage":2,"enemies":"Jaw Worm","floor":3,"turns":4},{"damage":0,"enemies":"2 Louse","floor":4,"turns":3},{"damage":3,"enemies":"downfall:FleeingMerchant","floor":5,"turns":4},{"damage":22,"enemies":"3 Sentries","floor":10,"turns":7},{"damage":4,"enemies":"Exordium Thugs","floor":12,"turns":4},{"damage":0,"enemies":"downfall:FleeingMerchant","floor":14,"turns":4},{"damage":0,"enemies":"3 Louse","floor":15,"turns":2},{"damage":52,"enemies":"IC_STATUS_ARCHETYPE","floor":16,"turns":9},{"damage":15,"enemies":"Chosen","floor":19,"turns":5},{"damage":15,"enemies":"downfall:FleeingMerchant","floor":20,"turns":4},{"damage":58,"enemies":"SI_SHIV_ARCHETYPE","floor":22,"turns":9},{"damage":19,"enemies":"Slavers","floor":23,"turns":1}],"seed_played":"-476751131234164832","potions_obtained":[{"floor":3,"key":"GamblersBrew"},{"floor":4,"key":"Block Potion"},{"floor":10,"key":"AttackPotion"},{"floor":15,"key":"Regen Potion"},{"floor":16,"key":"Strength Potion"},{"floor":21,"key":"CultistPotion"}],"is_trial":false,"path_per_floor":["R","M","M","M","$","R","T","?","?","E","?","M","R","$","M","B",null,"R","M","$","?","?","E"],"character_chosen":"SLIMEBOUND","items_purchased":[],"campfire_rested":0,"item_purchase_floors":[],"current_hp_per_floor":[58,57,61,64,63,63,63,45,45,31,31,35,35,43,49,5,49,49,46,46,46,3,0,0,0],"gold":260,"neow_bonus":"TEN_PERCENT_HP_BONUS","is_daily":false,"chose_seed":false,"campfire_upgraded":3,"win_rate":0.0,"timestamp":1611784962,"path_taken":["R","M","M","M","$","R","T","?","?","E","?","?","R","?","M","BOSS","R","M","$","?","?","E"],"items_purchased_type":[],"build_version":"2020-12-22","purchased_purges":1,"victory":false,"max_hp_per_floor":[64,64,64,64,64,64,64,64,64,64,64,64,64,64,64,64,64,64,64,64,64,64,64,64,64],"card_choices":[{"not_picked":["Slimebound:Prepare","Slimebound:FlameTackle"],"picked":"Slimebound:LivingWall","floor":2},{"not_picked":["Slimebound:Chomp","Slimebound:ComboTackle","Slimebound:ProtectTheBoss"],"picked":"SKIP","floor":3},{"not_picked":["Slimebound:DisruptingSlam","Slimebound:Nibble"],"picked":"Slimebound:SplitMire","floor":4},{"not_picked":["Slimebound:HauntingLick","Slimebound:Chomp"],"picked":"Slimebound:MegaLick","floor":5},{"not_picked":["Slimebound:GoopTackle","Slimebound:SpikyOuterGoop"],"picked":"Slimebound:Recollect","floor":10},{"not_picked":["Slimebound:ViciousTackle","Slimebound:Replication","Slimebound:SplitMire"],"picked":"SKIP","floor":12},{"not_picked":["Slimebound:GoopTackle","Slimebound:DivideAndConquer"],"picked":"Slimebound:Darklings","floor":14},{"not_picked":["Slimebound:LivingWall","Slimebound:RollThrough"],"picked":"Slimebound:DisruptingSlam","floor":15},{"not_picked":["Slimebound:OneTwoCombo","Slimebound:CheckThePlaybook"],"picked":"Slimebound:Teamwork","floor":16},{"not_picked":["Slimebound:ItLooksTasty","Slimebound:DivideAndConquer"],"picked":"Slimebound:GoopSpray","floor":19},{"not_picked":["Slimebound:CheckThePlaybook","Slimebound:SplitLeeching"],"picked":"Slimebound:SlimeBarrage","floor":20}],"player_experience":642988,"relics_obtained":[{"floor":7,"key":"Regal Pillow"},{"floor":10,"key":"Happy Flower"},{"floor":22,"key":"Unceasing Top"},{"floor":22,"key":"HornCleat"}],"event_choices":[],"is_beta":false,"boss_relics":[{"not_picked":["Velvet Choker","Fusion Hammer"],"picked":"Slimebound:AbsorbEndCombatUpgraded"}],"items_purged_floors":[5],"is_endless":false,"potions_floor_spawned":[3,4,10,15,16],"killed_by":"Slavers","ascension_level":17}}