{"host":"opyh6vr790e42ffe","time":1611707166,"event":{"mods":["BaseMod","Bestiary","Colored Map","Downfall","Highlight Path","Minty Spire (QoL Compilation)","Relic Stats","StSLib"],"gold_per_floor":[0,13,13,30,47,66,66,80,99,111,151,151,51,60,82,193,193,193,220,220,242,378,378,453,453,496,127,150,172,57,70,92,205,205,5,28,57,107,139,176,251,251,96,96,123,123,123,123,151,151,151,151],"floor_reached":50,"language":"ENG","playtime":4041,"items_purged":["bronze:Defend","downfall:Malfunctioning","bronze:Defend"],"score":548,"play_id":"a2ab7f6f-c6c4-4792-bc6b-ae5baa8b6a65","local_time":"20210126162606","is_ascension_mode":false,"campfire_choices":[{"floor":1.0,"key":"RECALL"},{"data":"bronze:ChosenStrike","floor":13.0,"key":"SMITH"},{"data":"bronze:InfiniteLoop","floor":18.0,"key":"SMITH"},{"data":"bronze:Assembly","floor":23.0,"key":"SMITH"},{"data":"bronze:SpaghettiCode","floor":35.0,"key":"SMITH"},{"data":"bronze:GetLatest","floor":42.0,"key":"SMITH"},{"data":"bronze:MaxOutput","floor":44.0,"key":"SMITH"},{"data":"bronze:Repulsor","floor":46.0,"key":"SMITH"}],"circlet_count":0,"master_deck":["bronze:Replicate","bronze:Goto","bronze:Repulsor","bronze:MaxOutput+1","bronze:Refactor","bronze:Branch","bronze:Boost","bronze:SpaghettiCode+1","bronze:DelayedSlice","bronze:ChosenStrike+1","bronze:Optimize","bronze:InfiniteLoop+1","bronze:GetLatest+1","bronze:Turbo+1","bronze:Assembly+1","bronze:CloningBeam","J.A.X.","bronze:Boost","bronze:Deprecate","bronze:Boost","bronze:GetLatest+1","bronze:FollowUp+1","bronze:BronzeOrb","bronze:SpaghettiCode+1","bronze:Turbo+1","bronze:ForLoop+1","bronze:Repair+1","bronze:HardenedForm","bronze:Optimize+1","bronze:Repulsor","bronze:Repulsor+1","bronze:Invalidate","expansioncontent:Chronoboost","expansioncontent:Chronoboost","expansioncontent:Chronoboost","bronze:MaxOutput+1"],"relics":["bronze:BronzeCore","Gambling Chip","Meat on the Bone","CeramicFish","bronze:BottledCode","downfall:HeartBlessingRed","SlaversCollar","MutagenicStrength","Bag of Preparation","Bottled Flame","Empty Cage","downfall:HeartBlessingBlue","downfall:HeartBlessingGreen","Prayer Wheel","StoneCalendar","Gremlin Horn","Bottled Tornado","Mercury Hourglass"],"acts_visited":["Exordium","TheCity","TheBeyond"],"potions_floor_usage":[50,50,50],"damage_taken":[{"damage":0.0,"enemies":"2 Louse","floor":2.0,"turns":3.0},{"damage":1.0,"enemies":"Jaw Worm","floor":4.0,"turns":5.0},{"damage":0.0,"enemies":"Cultist","floor":5.0,"turns":4.0},{"damage":9.0,"enemies":"2 Fungi Beasts","floor":6.0,"turns":4.0},{"damage":4.0,"enemies":"Blue Slaver","floor":8.0,"turns":3.0},{"damage":19.0,"enemies":"Red Slaver","floor":9.0,"turns":7.0},{"damage":0.0,"enemies":"Large Slime","floor":10.0,"turns":7.0},{"damage":1.0,"enemies":"3 Sentries","floor":11.0,"turns":4.0},{"damage":12.0,"enemies":"Blue Slaver","floor":15.0,"turns":3.0},{"damage":12.0,"enemies":"DF_ARCHETYPE_STREAMLINE","floor":16.0,"turns":11.0},{"damage":0.0,"enemies":"Shell Parasite","floor":19.0,"turns":1.0},{"damage":10.0,"enemies":"Chosen","floor":21.0,"turns":4.0},{"damage":21.0,"enemies":"downfall:Augmenter","floor":22.0,"turns":5.0},{"damage":13.0,"enemies":"Slavers","floor":26.0,"turns":3.0},{"damage":11.0,"enemies":"downfall:FleeingMerchant","floor":27.0,"turns":4.0},{"damage":18.0,"enemies":"Snecko","floor":28.0,"turns":4.0},{"damage":3.0,"enemies":"Centurion and Healer","floor":29.0,"turns":5.0},{"damage":23.0,"enemies":"downfall:FleeingMerchant","floor":30.0,"turns":4.0},{"damage":0.0,"enemies":"3 Cultists","floor":31.0,"turns":4.0},{"damage":8.0,"enemies":"Shelled Parasite and Fungi","floor":32.0,"turns":4.0},{"damage":10.0,"enemies":"WA_ARCHETYPE_CALM","floor":33.0,"turns":4.0},{"damage":11.0,"enemies":"3 Darklings","floor":36.0,"turns":7.0},{"damage":1.0,"enemies":"3 Shapes","floor":37.0,"turns":5.0},{"damage":8.0,"enemies":"3 Shapes","floor":38.0,"turns":3.0},{"damage":8.0,"enemies":"Jaw Worm Horde","floor":39.0,"turns":4.0},{"damage":10.0,"enemies":"Giant Head","floor":40.0,"turns":8.0},{"damage":0.0,"enemies":"downfall:FleeingMerchant","floor":43.0,"turns":1.0},{"damage":32.0,"enemies":"Writhing Mass","floor":48.0,"turns":5.0},{"damage":31.0,"enemies":"Maw","floor":49.0,"turns":7.0},{"damage":43,"enemies":"IC_BLOCK_ARCHETYPE","floor":50,"turns":4}],"seed_played":"-2180993024972777601","potions_obtained":[{"floor":2.0,"key":"Block Potion"},{"floor":5.0,"key":"bronze:BuildAFunctionPotion"},{"floor":8.0,"key":"EntropicBrew"},{"floor":15.0,"key":"hexamod:SoulburnPotion"},{"floor":20.0,"key":"CultistPotion"},{"floor":22.0,"key":"Fruit Juice"},{"floor":26.0,"key":"GamblersBrew"},{"floor":28.0,"key":"bronze:BurnAndBuffPotion"},{"floor":49.0,"key":"Explosive Potion"}],"is_trial":false,"path_per_floor":["R","M","?","M","M","M","T","M","M","M","E","?","R","?","M","B",null,"R","M","?","M","?","R","T","?","E","$","M","M","$","M","M","B",null,"R","M","M","?","M","E","T","R","?","R","?","R","T","M","M","B"],"character_chosen":"THE_AUTOMATON","items_purchased":["bronze:Boost","Bottled Flame","Bottled Tornado","Energy Potion","bronze:Repulsor","bronze:Invalidate"],"campfire_rested":0,"item_purchase_floors":[27,27,43,43,43,43],"current_hp_per_floor":[70,70,45,44,44,35,35,43,36,36,47,47,47,47,35,35,60,60,60,60,50,41,41,41,41,40,34,28,37,26,38,42,44,65,75,64,63,55,47,47,47,47,47,47,37,37,37,27,18,0,0,0],"gold":151,"neow_bonus":"REMOVE_TWO","is_daily":false,"chose_seed":false,"campfire_upgraded":7,"win_rate":0.0,"timestamp":1611707166,"path_taken":["R","M","?","M","M","M","T","M","M","M","E","?","R","?","M","BOSS","R","M","?","M","?","R","T","?","E","$","M","M","$","M","M","BOSS","R","M","M","?","M","E","T","R","?","R","?","R","?","?","M","BOSS"],"items_purchased_type":["Card","Relic","Relic","Potion","Card","Card"],"build_version":"2020-12-22","purchased_purges":3,"victory":false,"max_hp_per_floor":[70,70,70,70,70,70,70,70,70,70,70,60,60,60,60,60,60,60,60,60,60,60,60,60,60,60,65,65,65,65,65,65,65,65,75,75,75,75,75,75,75,75,75,75,75,75,75,75,75,75,75,75],"relic_stats":{"Gremlin Horn":[0,0],"counters":[30,137],"Gambling Chip":[45],"CeramicFish":252,"Prayer Wheel":2,"StoneCalendar":[0],"Bag of Preparation":[32],"obtain_stats":[{"bronze:BronzeCore":0,"downfall:HeartBlessingRed":13,"Gremlin Horn":41,"CeramicFish":11,"downfall:HeartBlessingGreen":35,"StoneCalendar":40,"Bag of Preparation":26,"Bottled Tornado":43,"Empty Cage":34,"Mercury Hourglass":47,"bronze:BottledCode":12,"SlaversCollar":17,"Bottled Flame":27,"downfall:HeartBlessingBlue":35,"Gambling Chip":3,"MutagenicStrength":22,"Prayer Wheel":38,"Meat on the Bone":7},{"bronze:BronzeCore":0,"downfall:HeartBlessingRed":8,"Gremlin Horn":26,"CeramicFish":8,"downfall:HeartBlessingGreen":21,"StoneCalendar":26,"Bag of Preparation":14,"Bottled Tornado":27,"Empty Cage":21,"Mercury Hourglass":27,"bronze:BottledCode":8,"SlaversCollar":10,"Bottled Flame":15,"downfall:HeartBlessingBlue":21,"Gambling Chip":1,"MutagenicStrength":13,"Prayer Wheel":24,"Meat on the Bone":4},{"bronze:BronzeCore":0,"downfall:HeartBlessingRed":37,"Gremlin Horn":120,"CeramicFish":37,"downfall:HeartBlessingGreen":93,"StoneCalendar":120,"Bag of Preparation":64,"Bottled Tornado":121,"Empty Cage":93,"Mercury Hourglass":121,"bronze:BottledCode":37,"SlaversCollar":51,"Bottled Flame":68,"downfall:HeartBlessingBlue":93,"Gambling Chip":3,"MutagenicStrength":61,"Prayer Wheel":108,"Meat on the Bone":16}],"Meat on the Bone":168,"Mercury Hourglass":[45]},"card_choices":[{"not_picked":["bronze:NullPointer","bronze:BugBarrage"],"picked":"bronze:Repulsor","floor":2.0},{"not_picked":["bronze:Constructor","bronze:Overheat"],"picked":"bronze:MaxOutput","floor":4.0},{"not_picked":["bronze:Repair","bronze:BugBarrage"],"picked":"bronze:Refactor","floor":5.0},{"not_picked":["bronze:Allocate","bronze:Frontload"],"picked":"bronze:Branch","floor":6.0},{"not_picked":["bronze:BitShift","bronze:Branch"],"picked":"bronze:Boost","floor":8.0},{"not_picked":["bronze:Frontload","bronze:Branch"],"picked":"bronze:SpaghettiCode","floor":9.0},{"not_picked":["bronze:InfiniteBeams","bronze:Invalidate"],"picked":"bronze:DelayedSlice","floor":10.0},{"not_picked":["bronze:BitShift","bronze:Shield"],"picked":"bronze:ChosenStrike","floor":11.0},{"not_picked":["bronze:SpaghettiCode","bronze:Deprecate"],"picked":"bronze:Optimize","floor":15.0},{"not_picked":["bronze:FindAndReplace","bronze:Format"],"picked":"bronze:InfiniteLoop","floor":16.0},{"not_picked":["bronze:DelayedGuard","bronze:Overload"],"picked":"bronze:GetLatest+1","floor":19.0},{"not_picked":["bronze:DarkDash","bronze:Backtrace"],"picked":"bronze:Turbo+1","floor":21.0},{"not_picked":[],"picked":"J.A.X.","floor":22.0},{"not_picked":["bronze:Overload","bronze:DigitalCarnage+1"],"picked":"bronze:Boost","floor":22.0},{"not_picked":["bronze:Optimize","bronze:BugBarrage"],"picked":"bronze:Deprecate","floor":26.0},{"not_picked":["bronze:Branch","bronze:Frontload+1","bronze:DelayedGuard"],"picked":"SKIP","floor":27.0},{"not_picked":["bronze:WhirlingStrike","bronze:BitShift"],"picked":"bronze:GetLatest","floor":28.0},{"not_picked":["bronze:HyperBeam","bronze:GetLatest"],"picked":"bronze:FollowUp+1","floor":29.0},{"not_picked":["bronze:NullPointer+1","bronze:DarkDash","bronze:Safeguard"],"picked":"SKIP","floor":30.0},{"not_picked":["bronze:OilSpill+1","bronze:NullPointer","bronze:Iterate"],"picked":"SKIP","floor":31.0},{"not_picked":["bronze:Safeguard","bronze:Deprecate"],"picked":"bronze:BronzeOrb","floor":32.0},{"not_picked":["bronze:Format","bronze:InfiniteLoop"],"picked":"bronze:SpaghettiCode","floor":33.0},{"not_picked":["bronze:Frontload","bronze:Shield"],"picked":"bronze:Turbo+1","floor":36.0},{"not_picked":["bronze:Overload","bronze:Overheat"],"picked":"bronze:ForLoop+1","floor":37.0},{"not_picked":["bronze:ForceShield","bronze:DelayedSlice+1"],"picked":"bronze:Repair+1","floor":39.0},{"not_picked":["bronze:Overheat","bronze:ForLoop"],"picked":"bronze:HardenedForm","floor":39.0},{"not_picked":["bronze:DelayedGuard+1","bronze:Overheat"],"picked":"bronze:Optimize+1","floor":40.0},{"not_picked":["bronze:DelayedSlice","bronze:Overheat+1"],"picked":"bronze:Repulsor","floor":43.0},{"not_picked":["expansioncontent:AwakenDeath","expansioncontent:PrepareCrush"],"picked":"expansioncontent:Chronoboost","floor":45.0},{"not_picked":["expansioncontent:LastStand","expansioncontent:Hexaburn"],"picked":"expansioncontent:Chronoboost","floor":45.0},{"not_picked":["expansioncontent:YouAreMine","expansioncontent:GuardianWhirl"],"picked":"expansioncontent:Chronoboost","floor":45.0},{"not_picked":["bronze:Turbo+1","bronze:BugBarrage"],"picked":"bronze:MaxOutput+1","floor":49.0},{"not_picked":["bronze:Invalidate+1","bronze:DelayedGuard","bronze:WhirlingStrike"],"picked":"SKIP","floor":49.0}],"player_experience":2647607,"relics_obtained":[{"floor":7.0,"key":"Meat on the Bone"},{"floor":11.0,"key":"CeramicFish"},{"floor":22.0,"key":"MutagenicStrength"},{"floor":26.0,"key":"Bag of Preparation"},{"floor":38.0,"key":"Prayer Wheel"},{"floor":40.0,"key":"StoneCalendar"},{"floor":41.0,"key":"Gremlin Horn"},{"floor":47.0,"key":"Mercury Hourglass"}],"event_choices":[{"damage_healed":0.0,"max_hp_gain":0.0,"max_hp_loss":0.0,"gold_gain":0.0,"event_name":"Scrap Ooze","player_choice":"Success","floor":3.0,"gold_loss":0.0,"damage_taken":25.0,"relics_obtained":["Gambling Chip"]}],"is_beta":false,"boss_relics":[{"not_picked":["Pandora\u0027s Box","Astrolabe"],"picked":"SlaversCollar"},{"not_picked":["Black Star","Sozu"],"picked":"Empty Cage"}],"items_purged_floors":[27,30,43],"is_endless":false,"potions_floor_spawned":[2,5,8,15,22,26,28,29,32,48,49],"killed_by":"IC_BLOCK_ARCHETYPE","ascension_level":0}}