{"host":"vucub2jtaeo9vgh1","time":1611791267,"event":{"mods":["BaseMod","BetterRewards","GungeonMod","Minty Spire (QoL Compilation)","Quick Restart","Rare Cards Sparkle","Replay The Spire","Robot Space Explorer","StSLib","The Marked","The Necromancer"],"gold_per_floor":[114,129,4,19,34,64,64,94,94,124,124,49,79,94,94,194,194,209,224,224,239,62,92,107,137,137,167,167,197,212,212,212,312,362,377,392,18,0,0,30,45,75,100,100,130,130,145,175,175,175],"floor_reached":51,"language":"ENG","playtime":2817,"items_purged":["Strike_R","Pain"],"score":998,"play_id":"b51c6541-d57f-40e3-81e6-2a7f333445f1","local_time":"20210128004747","daily_mods":["Heirloom","Blue Cards","Elite Swarm"],"is_ascension_mode":false,"campfire_choices":[{"data":"Echo Form","floor":7.0,"key":"SMITH"},{"data":"Demon Form","floor":15.0,"key":"SMITH"},{"data":"Berserk","floor":28,"key":"SMITH"},{"data":"Berserk","floor":32,"key":"SMITH"},{"floor":44,"key":"REST"},{"data":"Barricade","floor":46,"key":"SMITH"},{"data":"Impervious","floor":49,"key":"SMITH"}],"circlet_count":0,"master_deck":["Strike_R","Strike_R","Strike_R","Strike_R","Defend_R","Defend_R","Defend_R","Defend_R","Bash","Flex","Sword Boomerang","Chrysalis","Flash of Steel","Loop","Echo Form+1","Berserk+1","Barricade+1","Offering","Demon Form+1","Creative AI","Leap+1","Flame Barrier+1","Auto Shields","Berserk+1","Bludgeon","Bludgeon+1","Reprogram+1","Meteor Strike+1","Shrug It Off","Hyperbeam+1","Parasite","Impervious+1"],"relics":["Burning Blood","DemoMod:Relodestone","ReplayTheSpireMod:ShopPack","DemoMod:SevenLeafClover","Happy Flower","Bird Faced Urn","Anchor","Bottled Flame","ReplayTheSpireMod:Ring of Exchange","Mango","Snecko Heart","Prayer Wheel","WarpedTongs","Garlic","Ornamental Fan","DemoMod:NanoMachines","Replay:Accelerometer","Molten Egg 2","Lantern","Tiny House","Unceasing Top","Red Mask","FossilizedHelix","Du-Vu Doll","DemoMod:PartiallyEatenCheese","ReplayTheSpireMod:Spearhead","Replay:Mystery Machine","Vajra"],"acts_visited":["Exordium","TheCity","TheBeyond"],"potions_floor_usage":[23,33,36,36,48,50],"damage_taken":[{"damage":5.0,"enemies":"2 Louse","floor":1.0,"turns":4.0},{"damage":0.0,"enemies":"Cultist","floor":2.0,"turns":3.0},{"damage":0.0,"enemies":"Small Slimes","floor":4.0,"turns":3.0},{"damage":5.0,"enemies":"Red Slaver","floor":5.0,"turns":5.0},{"damage":13.0,"enemies":"Lagavulin","floor":6.0,"turns":7.0},{"damage":11.0,"enemies":"Replay:BlueRogue","floor":8.0,"turns":7.0},{"damage":11.0,"enemies":"Lagavulin","floor":10.0,"turns":6.0},{"damage":37.0,"enemies":"Replay:BlueRogue","floor":13.0,"turns":8.0},{"damage":6.0,"enemies":"Large Slime","floor":14.0,"turns":3.0},{"damage":11.0,"enemies":"Fading Forest","floor":16.0,"turns":11.0},{"damage":28.0,"enemies":"3 Byrds","floor":18.0,"turns":5.0},{"damage":53,"enemies":"Shell Parasite","floor":19,"turns":7},{"damage":27,"enemies":"Centurion and Healer","floor":21,"turns":9},{"damage":54,"enemies":"Slavers","floor":23,"turns":5},{"damage":7,"enemies":"Snecko","floor":24,"turns":5},{"damage":0,"enemies":"Replay:Snechameleon","floor":25,"turns":5},{"damage":15,"enemies":"Gremlin Leader","floor":27,"turns":6},{"damage":17,"enemies":"Replay:Snechameleon","floor":29,"turns":6},{"damage":5,"enemies":"Snake Plant","floor":30,"turns":3},{"damage":6,"enemies":"Collector","floor":33,"turns":8},{"damage":11,"enemies":"3 Shapes","floor":35,"turns":5},{"damage":16,"enemies":"3 Darklings","floor":36,"turns":5},{"damage":5,"enemies":"Giant Head","floor":40,"turns":6},{"damage":0,"enemies":"Writhing Mass","floor":41,"turns":5},{"damage":82,"enemies":"Nemesis","floor":42,"turns":7},{"damage":19,"enemies":"Reptomancer","floor":45,"turns":6},{"damage":0,"enemies":"Sphere and 2 Shapes","floor":47,"turns":3},{"damage":6,"enemies":"Giant Head","floor":48,"turns":6},{"damage":40,"enemies":"Awakened One","floor":50,"turns":10}],"seed_played":"-8653540479942029245","potions_obtained":[{"floor":1.0,"key":"Swift Potion"},{"floor":2.0,"key":"DistilledChaos"},{"floor":8.0,"key":"Reflective Coating"},{"floor":13.0,"key":"Dexterity Potion"},{"floor":14.0,"key":"Block Potion"},{"floor":16.0,"key":"Block Potion"},{"floor":19,"key":"PowerPotion"},{"floor":25,"key":"Dexterity Potion"},{"floor":27,"key":"AttackPotion"},{"floor":29,"key":"PowerPotion"},{"floor":34,"key":"LiquidBronze"},{"floor":40,"key":"Explosive Potion"},{"floor":42,"key":"Weak Potion"}],"is_trial":false,"path_per_floor":["M","M","$","M","M","E","R","E","T","E","?","$","E","M","R","B",null,"M","M","?","M","$","E","M","E","T","E","R","E","M","?","R","B",null,"M","M","$","?","?","E","M","E","T","R","E","R","M","E","R","B",null],"character_chosen":"IRONCLAD","items_purchased":["ReplayTheSpireMod:ShopPack","Auto Shields","Unceasing Top","Hyperbeam+1"],"campfire_rested":1,"item_purchase_floors":[3,22,37,37],"current_hp_per_floor":[80,80,80,80,80,73,73,68,68,73,73,73,67,71,71,78,94,78,51,51,52,52,18,35,49,49,56,56,65,74,94,94,94,99,99,93,93,93,109,109,109,47,47,79,84,84,96,109,109,93],"gold":175,"neow_bonus":"","is_daily":true,"chose_seed":false,"campfire_upgraded":6,"win_rate":0.0,"timestamp":1611791267,"path_taken":["M","M","$","M","M","E","R","E","T","E","?","$","E","M","R","BOSS","M","M","?","M","$","E","?","E","T","E","R","E","M","?","R","BOSS","M","M","$","?","?","E","?","E","T","R","E","R","M","E","R","BOSS"],"items_purchased_type":["Relic","Card","Relic","Card"],"build_version":"2020-12-22","purchased_purges":2,"victory":true,"max_hp_per_floor":[80,80,80,80,80,80,80,80,80,80,80,80,94,94,94,94,94,94,94,94,94,94,94,94,94,94,94,94,94,94,94,94,94,99,99,99,99,99,109,109,109,109,109,109,109,109,109,109,109,109],"card_choices":[{"not_picked":["Beam Cell","Havoc"],"picked":"Flex","floor":1.0},{"not_picked":["ReplayTheSpireMod:System Scan","ReplaySort"],"picked":"Sword Boomerang","floor":2.0},{"not_picked":["ReplayTheSpireMod:Brewmster","Midas Touch"],"picked":"Sadistic Nature","floor":3.0},{"not_picked":["Survey Options","Swift Strike"],"picked":"Chrysalis","floor":3.0},{"not_picked":["ReplayUltimateDefense","Forethought"],"picked":"Flash of Steel","floor":3.0},{"not_picked":["Havoc","FTL","FIFO Queue"],"picked":"SKIP","floor":4.0},{"not_picked":["Glacier","Conserve Battery"],"picked":"Loop","floor":5.0},{"not_picked":["Exhume","Hyperbeam"],"picked":"Echo Form","floor":6.0},{"not_picked":["ReplayTheSpireMod:Fabricate Wheel","Immolate"],"picked":"Berserk","floor":8.0},{"not_picked":["Fiend Fire","Multi-Cast"],"picked":"Barricade","floor":9.0},{"not_picked":["Seek","Reaper"],"picked":"Offering","floor":10.0},{"not_picked":["Mirror Shield","Reaper"],"picked":"Demon Form","floor":13.0},{"not_picked":["Beam Cell","Coolheaded","Steam"],"picked":"SKIP","floor":14.0},{"not_picked":["Seek","Rainbow"],"picked":"Creative AI","floor":16.0},{"not_picked":["White Noise","Perfected Strike+1","Hologram"],"picked":"SKIP","floor":18.0},{"not_picked":["Armaments","Sword Boomerang+1"],"picked":"Leap+1","floor":19},{"not_picked":["Clash+1","Undo","Second Wind"],"picked":"SKIP","floor":19},{"not_picked":["Body Slam","Shrug It Off"],"picked":"Flame Barrier+1","floor":21},{"not_picked":["Defy Death","Sweeping Beam","Iron Wave"],"picked":"SKIP","floor":21},{"not_picked":["Demonic Infusion","Exhume","Feed"],"picked":"SKIP","floor":23},{"not_picked":["ReplayTheSpireMod:Calculation Training+1","Clothesline","Turbo"],"picked":"SKIP","floor":24},{"not_picked":["Rage","Tempest","Coolheaded+1"],"picked":"SKIP","floor":24},{"not_picked":["Fission","Multi-Cast"],"picked":"Berserk","floor":25},{"not_picked":["Exhume","Barricade"],"picked":"Bludgeon","floor":26},{"not_picked":["Replay:Many Hands","Juggernaut","Echo Form"],"picked":"SKIP","floor":27},{"not_picked":["Exhume","Multi-Cast"],"picked":"Bludgeon+1","floor":29},{"not_picked":["Ball Lightning+1","Clash+1"],"picked":"Reprogram+1","floor":30},{"not_picked":["Melter+1","Body Slam+1","Headbutt+1"],"picked":"SKIP","floor":30},{"not_picked":["ReplayTheSpireMod:Fabricate Wheel","Reboot"],"picked":"Meteor Strike+1","floor":33},{"not_picked":["Compile Driver+1","Body Slam+1"],"picked":"Shrug It Off","floor":34},{"not_picked":["Cold Snap+1","Rampage+1","Demon Form"],"picked":"SKIP","floor":35},{"not_picked":["Ball Lightning+1","Clash+1","Cleave+1"],"picked":"SKIP","floor":35},{"not_picked":["True Grit","ReplayTheSpireMod:LeadingStrike+1","Coolheaded+1"],"picked":"SKIP","floor":36},{"not_picked":["Armaments+1","Time Bomb+1","Rebound+1"],"picked":"SKIP","floor":36},{"not_picked":["Barricade","Biased Cognition","Rainbow"],"picked":"SKIP","floor":40},{"not_picked":["Havoc+1","Storm+1","Replay:Undeath\u0027s Touch+1"],"picked":"SKIP","floor":41},{"not_picked":["Twin Strike+1","Life Link","Coolheaded"],"picked":"SKIP","floor":41},{"not_picked":["Double Tap","Biased Cognition"],"picked":"Impervious","floor":42},{"not_picked":["ReplayTheSpireMod:Omega Cannon","Reboot","Bludgeon"],"picked":"SKIP","floor":43},{"not_picked":["Immolate+1","Electrodynamics","Biased Cognition"],"picked":"SKIP","floor":45},{"not_picked":["Doom and Gloom+1","Metallicize","Panic Button+1"],"picked":"SKIP","floor":47},{"not_picked":["Go for the Eyes+1","Self Repair","Stack+1"],"picked":"SKIP","floor":47},{"not_picked":["Corruption","Juggernaut","Core Surge+1"],"picked":"SKIP","floor":48}],"player_experience":318372,"relics_obtained":[{"floor":6.0,"key":"DemoMod:SevenLeafClover"},{"floor":8.0,"key":"Happy Flower"},{"floor":9.0,"key":"Bird Faced Urn"},{"floor":9.0,"key":"Anchor"},{"floor":10.0,"key":"Bottled Flame"},{"floor":11.0,"key":"ReplayTheSpireMod:Ring of Exchange"},{"floor":13.0,"key":"Mango"},{"floor":23,"key":"Garlic"},{"floor":25,"key":"Ornamental Fan"},{"floor":26,"key":"DemoMod:NanoMachines"},{"floor":26,"key":"Replay:Accelerometer"},{"floor":27,"key":"Molten Egg 2"},{"floor":29,"key":"Lantern"},{"floor":40,"key":"FossilizedHelix"},{"floor":42,"key":"Du-Vu Doll"},{"floor":43,"key":"DemoMod:PartiallyEatenCheese"},{"floor":43,"key":"ReplayTheSpireMod:Spearhead"},{"floor":45,"key":"Replay:Mystery Machine"},{"floor":48,"key":"Vajra"}],"event_choices":[{"damage_healed":0,"gold_gain":0,"player_choice":"Rummage","damage_taken":0,"relics_obtained":["WarpedTongs"],"max_hp_gain":0,"max_hp_loss":0,"event_name":"Accursed Blacksmith","floor":20,"gold_loss":0,"cards_obtained":["Pain"]},{"damage_healed":31,"gold_gain":0,"player_choice":"Heal","damage_taken":0,"max_hp_gain":0,"max_hp_loss":0,"event_name":"The Library","floor":31,"gold_loss":0},{"damage_healed":0,"gold_gain":0,"player_choice":"Paid","damage_taken":0,"relics_obtained":["Red Mask"],"max_hp_gain":0,"max_hp_loss":0,"event_name":"Tomb of Lord Red Mask","floor":38,"gold_loss":18},{"cards_removed":["Sadistic Nature"],"damage_healed":6,"gold_gain":0,"player_choice":"Offered Rare","damage_taken":0,"max_hp_gain":10,"max_hp_loss":0,"event_name":"Bonfire Elementals","floor":39,"gold_loss":0}],"is_beta":false,"boss_relics":[{"not_picked":["Strange Spoon","Calling Bell"],"picked":"Snecko Heart"},{"not_picked":["TheAbacus","DemoMod:MeatBun"],"picked":"Tiny House"}],"items_purged_floors":[12,22],"is_endless":false,"potions_floor_spawned":[1,2,8,13,14,16,19,25,27,29,40,42],"ascension_level":0}}