{"host":"zkqorkqsr6o67e8b","time":1611756263,"event":{"mods":["BaseMod","Better Vampires","Minty Spire (QoL Compilation)","Quick Restart","StSLib","The Alterego","Waifu the Spire","Yakumo Yukari mod","¡¾ÒÅÎï¿¨ÅÆ¡¿REMEMod"],"gold_per_floor":[131,147,161,161,171,171,19,19,19,19,52,62,82,114,114,187,187,197,215,231,242,258,293,293,324,350,365,377,377,408,418,418,490,490,510,526,101,101,101,132,132,161,243,243,261,31,50,80,80,80],"floor_reached":51,"language":"ZHS","playtime":3797,"items_purged":["AT_purpleEX","AT_purpleEX","AT_purpleEX+1"],"score":1760,"play_id":"37b0a663-cee2-4073-9c4d-568bd2bf46c8","local_time":"20210127220423","is_ascension_mode":true,"campfire_choices":[{"data":"Feed","floor":6.0,"key":"SMITH"},{"data":"WeekHit_purple","floor":8.0,"key":"SMITH"},{"data":"Observe_purple_2","floor":10.0,"key":"SMITH"},{"data":"Mirror_WaveAndshot_purple","floor":15.0,"key":"SMITH"},{"data":"DimensionStaggered_purple","floor":24.0,"key":"SMITH"},{"data":"Boundary_LightAndDark_purple","floor":29.0,"key":"SMITH"},{"floor":32.0,"key":"RECALL"},{"floor":41.0,"key":"REST"},{"floor":49,"key":"REST"}],"circlet_count":0,"master_deck":["Defend_purpleEX+1","Defend_purpleEX+1","Defend_purpleEX+1","Defend_purpleEX+1","Observe_purple_1+1","Observe_purple_2+1","Feed+1","PurpleNeedle_purple+1","ButterflyHabitatTemple_purple+1","Mirror_WaveAndshot_purple+1","WeekHit_purple+1","Nest_LightFlightworm_purple+1","Know_ledgeAbilityRealm_purple+1","StateErode_purple+1","DimensionStaggered_purple+1","StateErode_purple+1","Nest_LightFlightworm_purple+1","Boundary_LightAndDark_purple+1","MonsterNeedle_purple+1","ContainerChange_purple+1","DistantPastFriend_purple+1","DistantPastFriend_purple+1","MNeedle_purple+1"],"relics":["Boundary_crack","Memoryfragments_purpleEX","REME_ComplimentaryCards","NeowsBlessing","Molten Egg 2","Frozen Egg 2","Tiny Chest","Seventeenyearold_girl_Forever","CaptainsWheel","Lizard Tail","Bottled Flame","Philosopher\u0027s Stone","Gambling Chip","Boot","Dream Catcher","Pear","Membership Card","Pen Nib"],"acts_visited":["Exordium","TheCity","TheBeyond","TheEnding"],"potions_floor_usage":[],"damage_taken":[{"damage":0.0,"enemies":"Cultist","floor":1.0,"turns":1.0},{"damage":0.0,"enemies":"Jaw Worm","floor":2.0,"turns":1.0},{"damage":0.0,"enemies":"2 Louse","floor":3.0,"turns":3.0},{"damage":12.0,"enemies":"2 Fungi Beasts","floor":5.0,"turns":6.0},{"damage":39.0,"enemies":"Gremlin Nob","floor":11.0,"turns":5.0},{"damage":13.0,"enemies":"Exordium Thugs","floor":12.0,"turns":6.0},{"damage":3.0,"enemies":"Looter","floor":13.0,"turns":4.0},{"damage":25.0,"enemies":"Lagavulin","floor":14.0,"turns":9.0},{"damage":3.0,"enemies":"The Guardian","floor":16.0,"turns":12.0},{"damage":0.0,"enemies":"Chosen","floor":18.0,"turns":3.0},{"damage":0.0,"enemies":"Shell Parasite","floor":19.0,"turns":2.0},{"damage":12.0,"enemies":"Centurion and Healer","floor":20.0,"turns":5.0},{"damage":31.0,"enemies":"Cultist and Chosen","floor":21.0,"turns":8.0},{"damage":36.0,"enemies":"Snecko","floor":22.0,"turns":7.0},{"damage":11.0,"enemies":"Gremlin Leader","floor":23.0,"turns":3.0},{"damage":11.0,"enemies":"Book of Stabbing","floor":25.0,"turns":5.0},{"damage":0.0,"enemies":"Shelled Parasite and Fungi","floor":27.0,"turns":5.0},{"damage":12.0,"enemies":"Centurion and Healer","floor":28.0,"turns":4.0},{"damage":23.0,"enemies":"Gremlin Leader","floor":30.0,"turns":8.0},{"damage":0.0,"enemies":"3 Cultists","floor":31.0,"turns":6.0},{"damage":22.0,"enemies":"Champ","floor":33.0,"turns":10.0},{"damage":0.0,"enemies":"3 Shapes","floor":35.0,"turns":8.0},{"damage":0.0,"enemies":"Orb Walker","floor":36.0,"turns":3.0},{"damage":95.0,"enemies":"Orb Walker","floor":38.0,"turns":9.0},{"damage":1.0,"enemies":"Nemesis","floor":40.0,"turns":5.0},{"damage":3.0,"enemies":"Reptomancer","floor":42.0,"turns":2.0},{"damage":9.0,"enemies":"Reptomancer","floor":44.0,"turns":13.0},{"damage":11.0,"enemies":"Jaw Worm Horde","floor":45.0,"turns":8.0},{"damage":7,"enemies":"4 Shapes","floor":47,"turns":11},{"damage":1,"enemies":"Nemesis","floor":48,"turns":5},{"damage":76,"enemies":"Donu and Deca","floor":50,"turns":8}],"seed_played":"-5475766357884658327","potions_obtained":[{"floor":2.0,"key":"Block Potion"},{"floor":11.0,"key":"SteroidPotion"},{"floor":12.0,"key":"DuplicationPotion"},{"floor":23.0,"key":"Fruit Juice"},{"floor":25.0,"key":"SteroidPotion"},{"floor":27.0,"key":"SpeedPotion"},{"floor":42.0,"key":"BlessingOfTheForge"},{"floor":45.0,"key":"PanachePotion"}],"is_trial":false,"path_per_floor":["M","M","M","?","M","R","$","R","T","R","E","M","M","E","R","B",null,"M","M","M","M","M","E","R","E","T","M","M","R","E","M","R","B",null,"M","M","$","?","$","E","R","E","T","?","M","$","M","E","R","B",null],"character_chosen":"Youkari","items_purchased":["WeekHit_purple","Gambling Chip","Membership Card"],"campfire_rested":2,"item_purchase_floors":[7,37,46],"current_hp_per_floor":[63,66,70,70,67,67,67,67,67,67,34,33,32,10,10,16,76,80,81,79,63,38,33,33,33,33,48,48,48,31,50,50,36,140,159,163,163,189,189,193,193,196,206,213,221,221,237,242,249,184],"gold":80,"neow_bonus":"THREE_ENEMY_KILL","is_daily":false,"chose_seed":false,"campfire_upgraded":6,"win_rate":0.0,"timestamp":1611756263,"path_taken":["M","M","M","?","?","R","?","R","T","R","E","M","M","E","R","BOSS","M","M","M","M","M","E","R","E","T","M","M","R","E","M","R","BOSS","M","M","$","?","$","E","R","E","T","?","M","$","?","E","R","BOSS"],"items_purchased_type":["Card","Relic","Relic"],"build_version":"2020-12-22","purchased_purges":3,"victory":true,"max_hp_per_floor":[68,71,74,74,80,80,80,80,80,80,84,92,92,92,92,96,96,100,100,108,118,124,129,129,135,135,145,153,153,157,171,171,175,175,189,189,189,189,189,193,193,197,207,213,227,227,245,249,249,255],"card_choices":[{"not_picked":["Erosivefilter_purple","Realm_recovery_purpleEX"],"picked":"PurpleNeedle_purple","floor":1.0},{"not_picked":["SharpContractionReality_purple","Mirror_FormAndEmptin_purple","Line_surface_state_purple"],"picked":"SKIP","floor":2.0},{"not_picked":["StateDuplicate_purple","RealityDreamConfluencek_purple"],"picked":"ButterflyHabitatTemple_purple","floor":3.0},{"not_picked":["Boundary_ObjectiveBoundary_purple","MeetDecomposer_purple","Boundary_of_Extermination_purpleEX"],"picked":"SKIP","floor":5.0},{"not_picked":["AdvanceAttack_purple+1","SharpContractionReality_purple+1","WatchEChange_purple"],"picked":"SKIP","floor":11.0},{"not_picked":["StateDuplicate_purple","RuleDissolution_purple"],"picked":"Nest_LightFlightworm_purple+1","floor":12.0},{"not_picked":["Mirror_Drifter_purple+1","Worldmountain_purple+1","Realm_recovery_purpleEX"],"picked":"SKIP","floor":13.0},{"not_picked":["WingOfChimera_purple","WasteWire_Metro_purple+1","Shallow_ocean_purpleEX+1"],"picked":"SKIP","floor":14.0},{"not_picked":["Human_Monster_Realm_purple","LoveAcrossDimensions_purple+1"],"picked":"Know_ledgeAbilityRealm_purple+1","floor":16.0},{"not_picked":["Umbrella_purple+1","Mirror_FourBoundary_purple+1"],"picked":"StateErode_purple+1","floor":18.0},{"not_picked":["Mirror_FormAndEmptin_purple","MetroBOOM_purple","Line_surface_state_purple"],"picked":"SKIP","floor":19.0},{"not_picked":["Anti_communist_purple","Computing_the_future_purpleEX+1"],"picked":"DimensionStaggered_purple","floor":20.0},{"not_picked":["PurpleNeedle_purple+1","Shallow_ocean_purpleEX+1"],"picked":"StateErode_purple+1","floor":21.0},{"not_picked":["ExternalForce_HighSpeedFlying_purple+1","WatchEChange_purple"],"picked":"Nest_LightFlightworm_purple+1","floor":22.0},{"not_picked":["Extrememeaning_purpleEX","Boundary_DreamRealityDamnation_purple+1"],"picked":"Boundary_LightAndDark_purple","floor":23.0},{"not_picked":["SharpContractionReality_purple+1","Nest_LightFlightworm_purple+1"],"picked":"MonsterNeedle_purple+1","floor":25.0},{"not_picked":["Anti_communist_purple","RuleDissolution_purple","MeetDecomposer_purple"],"picked":"SKIP","floor":27.0},{"not_picked":["SfantasyHide_purple","OmniscientAndOmnipotent_Monster_purple+1","Realm_recovery_purpleEX"],"picked":"SKIP","floor":28.0},{"not_picked":["MonsterNeedle_purple","StretchesForeverDream_purple"],"picked":"ContainerChange_purple+1","floor":30.0},{"not_picked":["Umbrella_purple+1","OmniscientAndOmnipotent_Monster_purple+1","SfantasyHide_purple"],"picked":"SKIP","floor":31.0},{"not_picked":["SharpContractionReality_purple+1","ButterflyHabitatTemple_purple","RuleDissolution_purple"],"picked":"SKIP","floor":35.0},{"not_picked":["StateDuplicate_purple","WorldDissolvedintheRealm_purple+1","Mirror_Drifter_purple+1"],"picked":"SKIP","floor":36.0},{"not_picked":["AdvanceAttack_purple+1","StateErode_purple+1","Worldmountain_purple+1"],"picked":"SKIP","floor":40.0},{"not_picked":["MetroBOOM_purple+1","Fancifulhole_purple+1","Line_surface_state_purple"],"picked":"SKIP","floor":42.0},{"not_picked":["Boundary_DreamRealityDamnation_purple+1","StateErode_purple+1"],"picked":"MNeedle_purple+1","floor":44.0},{"not_picked":["Worldmountain_purple+1","Line_surface_state_purple","Anti_communist_purple"],"picked":"SKIP","floor":45.0},{"not_picked":["Anti_communist_purple","Worldmountain_purple+1","AdvanceAttack_purple+1"],"picked":"SKIP","floor":47},{"not_picked":["Human_Monster_Realm_purple","RuleDissolution_purple","WangLiang_OokamiKakushi_purple+1"],"picked":"SKIP","floor":48}],"player_experience":455112,"relics_obtained":[{"floor":9.0,"key":"Molten Egg 2"},{"floor":11.0,"key":"Frozen Egg 2"},{"floor":14.0,"key":"Tiny Chest"},{"floor":23.0,"key":"CaptainsWheel"},{"floor":25.0,"key":"Lizard Tail"},{"floor":30.0,"key":"Bottled Flame"},{"floor":40.0,"key":"Boot"},{"floor":42.0,"key":"Dream Catcher"},{"floor":43.0,"key":"Pear"},{"floor":48,"key":"Pen Nib"}],"event_choices":[{"damage_healed":0.0,"max_hp_gain":0.0,"max_hp_loss":0.0,"gold_gain":0.0,"cards_transformed":["AT_purpleEX"],"event_name":"Transmorgrifier","player_choice":"Transformed","floor":4.0,"gold_loss":0.0,"damage_taken":0.0,"cards_obtained":["Mirror_WaveAndshot_purple"]}],"is_beta":false,"boss_relics":[{"not_picked":["Runic Pyramid","REME_DemonsWealth"],"picked":"Seventeenyearold_girl_Forever"},{"not_picked":["SacredBark","Runic Dome"],"picked":"Philosopher\u0027s Stone"}],"items_purged_floors":[7,37,46],"is_endless":false,"potions_floor_spawned":[2,11,12,13,18,23,25,27,33,42,44,45],"ascension_level":16}}