{"host":"t9zjxed0utvsfjwc","time":1611755587,"event":{"mods":["2.2 Compatiblity","Aspiration","BaseMod","Better Altar","Better Match","Better Note","Better Sensory Stone","Better Skull","Better Third Choice","Block Reminder","Colored Map","Colored Powertips","Custom Start","Downfall","Hermit","Highlight Path","Hubris","Infinite Spire","Minty Spire (QoL Compilation)","Quick Restart","Rare Cards Sparkle","Reliquary","Replay The Spire","StSLib","The Cursed","The Marked","The Runesmith","Unceasing Turn Reminder","everything is the same but u backflip on backflip"],"gold_per_floor":[99,117,117,117,128,146,146,162,162,6,22,50,35,45,62,62,62,62],"floor_reached":16,"language":"ENG","playtime":797,"items_purged":[],"score":104,"play_id":"e37493a8-8048-4a86-89af-36cf2697d4e9","local_time":"20210127135307","is_ascension_mode":false,"campfire_choices":[{"floor":1,"key":"RECALL"}],"circlet_count":0,"master_deck":["bronze:Strike","bronze:Strike","bronze:Defend","bronze:Defend","bronze:Replicate","m_Bronzebash","bronze:Shell","bronze:Overheat","bronze:DelayedSlice","TheCursedMod:Dregs","bronze:WildBeam","bronze:HyperBeam","bronze:DigitalCarnage"],"relics":["m_BronzeBlood","Ornamental Fan","hubris:SphereOfDissonance"],"acts_visited":["Exordium"],"potions_floor_usage":[8,13,16],"damage_taken":[{"damage":0,"enemies":"2 Louse","floor":2,"turns":2},{"damage":3,"enemies":"Jaw Worm","floor":5,"turns":3},{"damage":0,"enemies":"Small Slimes","floor":6,"turns":4},{"damage":6,"enemies":"Exordium Thugs","floor":8,"turns":4},{"damage":0,"enemies":"downfall:FleeingMerchant","floor":10,"turns":4},{"damage":13,"enemies":"Red Slaver","floor":11,"turns":2},{"damage":24,"enemies":"Lagavulin","floor":12,"turns":5},{"damage":5,"enemies":"downfall:FleeingMerchant","floor":13,"turns":4},{"damage":6,"enemies":"Large Slime","floor":14,"turns":3},{"damage":0,"enemies":"Gremlin Gang","floor":15,"turns":3},{"damage":59,"enemies":"DF_ARCHETYPE_STREAMLINE","floor":16,"turns":8}],"seed_played":"3028768990358879635","potions_obtained":[{"floor":2,"key":"SneckoOil"},{"floor":12,"key":"hexamod:SoulburnPotion"},{"floor":14,"key":"Languid Potion"}],"is_trial":false,"path_per_floor":["R","M","?","?","M","M","T","M","?","$","M","E","$","M","M","B"],"character_chosen":"THE_AUTOMATON","items_purchased":["bronze:HyperBeam"],"campfire_rested":0,"item_purchase_floors":[10],"current_hp_per_floor":[77,77,77,77,77,77,77,77,77,77,70,52,53,53,59,0,0,0],"gold":62,"neow_bonus":"TEN_PERCENT_HP_BONUS","is_daily":false,"chose_seed":false,"campfire_upgraded":0,"win_rate":0.0,"timestamp":1611755587,"path_taken":["R","M","?","?","?","M","T","M","?","?","M","E","$","M","M","BOSS"],"items_purchased_type":["Card"],"build_version":"2020-12-22","purchased_purges":0,"victory":false,"max_hp_per_floor":[77,77,77,77,77,77,77,77,77,77,77,77,77,77,77,77,77,77],"card_choices":[{"not_picked":["bronze:Turbo","bronze:Safeguard","bronze:Deprecate"],"picked":"SKIP","floor":2},{"not_picked":["bronze:OilSpill","bronze:Flail"],"picked":"bronze:Shell","floor":5},{"not_picked":["bronze:CutThrough","bronze:Branch"],"picked":"bronze:Overheat","floor":6},{"not_picked":["bronze:BitShift","bronze:Return"],"picked":"bronze:DelayedSlice","floor":8},{"not_picked":["bronze:BurnOut","bronze:BuggyMess"],"picked":"bronze:WildBeam","floor":10},{"not_picked":["Body Slam","bronze:WhirlingStrike","bronze:Iterate"],"picked":"SKIP","floor":11},{"not_picked":["Flame Barrier","bronze:Deprecate","bronze:Overheat"],"picked":"SKIP","floor":12},{"not_picked":["bronze:CutThrough","Entrench"],"picked":"bronze:DigitalCarnage","floor":13},{"not_picked":["bronze:NullPointer","bronze:Branch","bronze:Safeguard"],"picked":"SKIP","floor":14},{"not_picked":["bronze:Overheat","bronze:Branch","bronze:BitShift"],"picked":"SKIP","floor":15}],"player_experience":438190,"relics_obtained":[{"floor":7,"key":"Ornamental Fan"},{"floor":12,"key":"hubris:SphereOfDissonance"}],"event_choices":[{"cards_removed":["bronze:Defend"],"damage_healed":0,"gold_gain":0,"player_choice":"Card Removal","damage_taken":0,"max_hp_gain":0,"max_hp_loss":0,"event_name":"The Cleric","floor":4,"gold_loss":0}],"is_beta":false,"boss_relics":[],"items_purged_floors":[],"is_endless":false,"potions_floor_spawned":[2,12,14],"killed_by":"DF_ARCHETYPE_STREAMLINE","ascension_level":0}}