{"host":"d9m9v0h6vo0edadb","time":1611735106,"event":{"mods":["BaseMod","Hermit","Keyboard Shortcuts","Minty Spire (QoL Compilation)","StSLib","SuperFastMode","The Cursed"],"gold_per_floor":[116,41,41,52,52,77,77,89,89,89,102,118,138,153,153,226,226,237,197,197],"floor_reached":19,"language":"KOR","playtime":336,"items_purged":["Strike_G"],"score":392,"play_id":"6a46a012-de66-43d2-9cfa-a9c0e5fd97aa","local_time":"20210127171146","is_ascension_mode":true,"campfire_choices":[{"data":"Poisoned Stab","floor":7,"key":"SMITH"},{"data":"Dagger Spray","floor":10,"key":"SMITH"},{"floor":15,"key":"REST"}],"circlet_count":0,"master_deck":["AscendersBane","Strike_G","Strike_G+1","Strike_G","Strike_G","Defend_G","Defend_G","Defend_G","Defend_G+1","Defend_G","Survivor","Neutralize","Cloak And Dagger+1","Tactician","Poisoned Stab+1","Dagger Spray+1","Poisoned Stab","Backflip","Adrenaline","Poisoned Stab+1"],"relics":["Ring of the Snake","NeowsBlessing","Torii","Pantograph"],"acts_visited":["Exordium","TheCity"],"potions_floor_usage":[16,18],"damage_taken":[{"damage":0,"enemies":"Jaw Worm","floor":1,"turns":1},{"damage":0,"enemies":"Cultist","floor":4,"turns":1},{"damage":0,"enemies":"Gremlin Nob","floor":6,"turns":1},{"damage":0,"enemies":"Small Slimes","floor":8,"turns":3},{"damage":15,"enemies":"Exordium Thugs","floor":11,"turns":5},{"damage":13,"enemies":"Large Slime","floor":12,"turns":6},{"damage":0,"enemies":"Looter","floor":13,"turns":4},{"damage":1,"enemies":"3 Louse","floor":14,"turns":2},{"damage":16,"enemies":"Hexaghost","floor":16,"turns":9},{"damage":11,"enemies":"Shell Parasite","floor":18,"turns":8},{"damage":1,"enemies":"2 Thieves","floor":19,"turns":2}],"seed_played":"-8122887704219460861","potions_obtained":[{"floor":8,"key":"BlessingOfTheForge"},{"floor":11,"key":"PowerPotion"},{"floor":16,"key":"Strength Potion"}],"is_trial":false,"path_per_floor":["M","$","?","M","?","E","R","M","T","R","M","M","M","M","R","B",null,"M","M"],"character_chosen":"THE_SILENT","items_purchased":[],"campfire_rested":1,"item_purchase_floors":[],"current_hp_per_floor":[59,59,39,39,39,39,39,39,39,39,24,11,11,10,29,38,59,48,47,47],"gold":197,"neow_bonus":"THREE_ENEMY_KILL","is_daily":false,"chose_seed":false,"campfire_upgraded":2,"win_rate":0.0,"timestamp":1611735106,"path_taken":["M","$","?","M","?","E","R","M","T","R","?","M","M","M","R","BOSS","M","M"],"items_purchased_type":[],"build_version":"2020-12-22","purchased_purges":1,"victory":false,"max_hp_per_floor":[66,66,66,66,66,66,66,66,66,66,66,66,66,66,66,66,66,66,66,66],"card_choices":[{"not_picked":["Sucker Punch","Quick Slash"],"picked":"Cloak And Dagger","floor":1},{"not_picked":["Distraction","Slice"],"picked":"Tactician","floor":4},{"not_picked":["PiercingWail","Underhanded Strike"],"picked":"Poisoned Stab","floor":6},{"not_picked":["Bane","PiercingWail"],"picked":"Dagger Spray","floor":8},{"not_picked":["Expertise","Slice","Night Terror"],"picked":"SKIP","floor":11},{"not_picked":["Quick Slash","Well Laid Plans"],"picked":"Poisoned Stab","floor":12},{"not_picked":["Riddle With Holes","Backflip","Flechettes"],"picked":"SKIP","floor":13},{"not_picked":["Riddle With Holes","Backflip","Flechettes"],"picked":"SKIP","floor":13},{"not_picked":["Prepared","Quick Slash"],"picked":"Backflip","floor":14},{"not_picked":["Bullet Time","After Image"],"picked":"Adrenaline","floor":16},{"not_picked":["Prepared","Dodge and Roll"],"picked":"Poisoned Stab+1","floor":18}],"player_experience":992507,"relics_obtained":[{"floor":6,"key":"Torii"},{"floor":9,"key":"Pantograph"}],"event_choices":[{"damage_healed":0,"gold_gain":0,"player_choice":"Entered Light","damage_taken":20,"max_hp_gain":0,"max_hp_loss":0,"event_name":"Shining Light","floor":3,"gold_loss":0,"cards_upgraded":["Defend_G","Strike_G"]},{"damage_healed":0,"gold_gain":0,"player_choice":"Forge","damage_taken":0,"max_hp_gain":0,"max_hp_loss":0,"event_name":"Accursed Blacksmith","floor":5,"gold_loss":0,"cards_upgraded":["Cloak And Dagger"]}],"is_beta":false,"boss_relics":[{"not_picked":["Runic Dome","Calling Bell","Fusion Hammer"]}],"items_purged_floors":[2],"is_endless":false,"potions_floor_spawned":[8,11,12,14,16],"killed_by":"2 Thieves","ascension_level":20}}