{"host":"tjq6rykv202u6iqx","time":1611781496,"event":{"mods":["AchievementEnabler","BaseMod","Minty Spire (QoL Compilation)","Rare Cards Sparkle","Relic Stats"],"gold_per_floor":[363,363,382,156,231,231,262,262,262,262,292,18,29,61,61,138,138,155,135,46,57,77,77,102,102,102,121,121,121,132,2,2,79,79,89,109,120,139,139,168,188,188,260,260,175,190,219,219,219],"floor_reached":48,"language":"ENG","playtime":4368,"items_purged":["Strike_B"],"score":1085,"play_id":"0aaf338f-9abb-437a-bebc-d7c54a01d974","local_time":"20210127150456","is_ascension_mode":true,"campfire_choices":[{"data":"Loop","floor":6.0,"key":"SMITH"},{"floor":10.0,"key":"REST"},{"floor":15.0,"key":"REST"},{"data":"Consume","floor":23.0,"key":"SMITH"},{"data":"Capacitor","floor":25.0,"key":"SMITH"},{"data":"Fission","floor":29.0,"key":"SMITH"},{"data":"Machine Learning","floor":32.0,"key":"SMITH"},{"floor":42.0,"key":"REST"},{"floor":44.0,"key":"RECALL"}],"circlet_count":0,"master_deck":["AscendersBane","Strike_B+1","Defend_B","Defend_B","Defend_B+1","Zap","Dualcast","Compile Driver","Loop+1","Coolheaded","Consume+1","Darkness","Steam","Machine Learning+1","Ball Lightning","Capacitor+1","Sweeping Beam","Genetic Algorithm","Hello World","Electrodynamics","Chaos+1","Fission+1","Glacier","PanicButton","Steam+1","Heatsinks","Fission+1","Echo Form","Capacitor","Darkness+1","Skim","Reinforced Body"],"relics":["Cracked Core","ClockworkSouvenir","Vajra","Singing Bowl","HornCleat","Orrery","Happy Flower","Astrolabe","Ancient Tea Set","The Courier","PreservedInsect","SlaversCollar","Smiling Mask","Gambling Chip"],"acts_visited":["TheCity","TheBeyond"],"potions_floor_usage":[48],"damage_taken":[{"damage":7.0,"enemies":"2 Louse","floor":1.0,"turns":4.0},{"damage":5.0,"enemies":"Small Slimes","floor":3.0,"turns":3.0},{"damage":13.0,"enemies":"Lagavulin","floor":7.0,"turns":8.0},{"damage":20.0,"enemies":"Gremlin Nob","floor":11.0,"turns":4.0},{"damage":3.0,"enemies":"Cultist","floor":13.0,"turns":4.0},{"damage":8.0,"enemies":"3 Sentries","floor":14.0,"turns":6.0},{"damage":13.0,"enemies":"Hexaghost","floor":16.0,"turns":9.0},{"damage":0.0,"enemies":"Spheric Guardian","floor":18.0,"turns":3.0},{"damage":12.0,"enemies":"Shell Parasite","floor":21.0,"turns":7.0},{"damage":0.0,"enemies":"3 Cultists","floor":22.0,"turns":5.0},{"damage":0.0,"enemies":"Slavers","floor":24.0,"turns":6.0},{"damage":18.0,"enemies":"Snake Plant","floor":27.0,"turns":4.0},{"damage":10.0,"enemies":"Centurion and Healer","floor":30.0,"turns":6.0},{"damage":6.0,"enemies":"Champ","floor":33.0,"turns":12.0},{"damage":24.0,"enemies":"3 Shapes","floor":35.0,"turns":4.0},{"damage":6.0,"enemies":"3 Darklings","floor":36.0,"turns":7.0},{"damage":3.0,"enemies":"Maw","floor":37.0,"turns":7.0},{"damage":3.0,"enemies":"Sphere and 2 Shapes","floor":38.0,"turns":6.0},{"damage":0.0,"enemies":"Giant Head","floor":40.0,"turns":8.0},{"damage":20.0,"enemies":"3 Darklings","floor":41.0,"turns":5.0},{"damage":0.0,"enemies":"4 Shapes","floor":46.0,"turns":6.0},{"damage":12.0,"enemies":"Reptomancer","floor":47.0,"turns":7.0},{"damage":36,"enemies":"Transient","floor":48,"turns":3}],"seed_played":"-8301706211329615046","potions_obtained":[{"floor":1.0,"key":"SpeedPotion"},{"floor":3.0,"key":"EssenceOfSteel"},{"floor":16.0,"key":"Ancient Potion"},{"floor":19.0,"key":"DistilledChaos"},{"floor":27.0,"key":"CultistPotion"},{"floor":40.0,"key":"ColorlessPotion"}],"is_trial":false,"path_per_floor":["M","?","M","$","?","R","E","?","T","R","E","$","M","E","R","B",null,"M","?","$","M","M","R","E","R","T","M","?","R","M","$","R","B",null,"M","M","M","M","?","E","M","R","T","R","$","M","E","M"],"character_chosen":"DEFECT","items_purchased":["ClockworkSouvenir","Coolheaded","Orrery","Capacitor","Sweeping Beam","PanicButton","PreservedInsect","Skim"],"campfire_rested":3,"item_purchase_floors":[4,4,12,12,12,20,31,45],"current_hp_per_floor":[57,38,33,33,22,22,9,9,9,28,10,12,9,1,21,8,53,53,53,53,43,45,45,47,47,47,29,29,29,21,21,21,15,61,37,33,32,31,31,31,13,38,38,38,38,40,28,0,0],"gold":219,"neow_bonus":"TWO_FIFTY_GOLD","is_daily":false,"chose_seed":false,"campfire_upgraded":5,"win_rate":0.0,"timestamp":1611781496,"path_taken":["M","?","M","$","?","R","E","?","T","R","E","?","?","E","R","BOSS","M","?","$","M","M","R","E","R","T","?","?","R","M","?","R","BOSS","M","M","M","M","?","E","M","R","T","R","$","M","E","M"],"items_purchased_type":["Relic","Card","Relic","Card","Card","Card","Relic","Card"],"build_version":"2020-12-22","purchased_purges":1,"victory":false,"max_hp_per_floor":[64,64,64,64,64,64,64,64,64,64,66,68,68,68,68,68,68,68,68,68,70,72,72,74,74,74,74,74,74,76,76,76,76,76,76,78,80,82,82,82,84,84,84,84,84,86,86,86,86],"relic_stats":{"Singing Bowl":22,"Happy Flower":[35],"counters":[23,134],"Astrolabe":["Compile Driver","Chaos","Fission"],"Gambling Chip":[4],"PreservedInsect":192,"Smiling Mask":10,"obtain_stats":[{"Singing Bowl":9,"Happy Flower":14,"Astrolabe":17,"Vajra":7,"The Courier":26,"PreservedInsect":31,"Ancient Tea Set":24,"Smiling Mask":40,"ClockworkSouvenir":4,"SlaversCollar":34,"HornCleat":11,"Gambling Chip":47,"Orrery":12,"Cracked Core":0},{"Singing Bowl":3,"Happy Flower":6,"Astrolabe":7,"Vajra":3,"The Courier":11,"PreservedInsect":13,"Ancient Tea Set":11,"Smiling Mask":19,"ClockworkSouvenir":2,"SlaversCollar":14,"HornCleat":4,"Gambling Chip":22,"Orrery":4,"Cracked Core":0},{"Singing Bowl":15,"Happy Flower":29,"Astrolabe":38,"Vajra":15,"The Courier":59,"PreservedInsect":69,"Ancient Tea Set":59,"Smiling Mask":113,"ClockworkSouvenir":7,"SlaversCollar":81,"HornCleat":19,"Gambling Chip":131,"Orrery":19,"Cracked Core":0}]},"card_choices":[{"not_picked":["BootSequence","Leap"],"picked":"Compile Driver","floor":1.0},{"not_picked":["Double Energy","Redo"],"picked":"Loop","floor":3.0},{"not_picked":["Rebound","Leap"],"picked":"Consume","floor":7.0},{"not_picked":["Heatsinks","Compile Driver","Streamline"],"picked":"Singing Bowl","floor":11.0},{"not_picked":["Compile Driver","Redo"],"picked":"Darkness","floor":12.0},{"not_picked":["Ball Lightning","Leap"],"picked":"Steam","floor":12.0},{"not_picked":["Lockon","Gash"],"picked":"Machine Learning","floor":12.0},{"not_picked":["Sweeping Beam","Force Field"],"picked":"Ball Lightning","floor":12.0},{"not_picked":["Leap","Beam Cell","Steam Power"],"picked":"Singing Bowl","floor":12.0},{"not_picked":["Sweeping Beam","Compile Driver"],"picked":"Genetic Algorithm","floor":13.0},{"not_picked":["Scrape","Compile Driver"],"picked":"Hello World","floor":14.0},{"not_picked":["All For One","Seek"],"picked":"Electrodynamics","floor":16.0},{"not_picked":["Conserve Battery","Stack+1"],"picked":"Glacier","floor":18.0},{"not_picked":["Steam","Compile Driver","Leap"],"picked":"Singing Bowl","floor":21.0},{"not_picked":["Compile Driver","Steam Power","Beam Cell"],"picked":"Singing Bowl","floor":22.0},{"not_picked":["Genetic Algorithm","Turbo","Force Field"],"picked":"Singing Bowl","floor":24.0},{"not_picked":["Gash","Beam Cell"],"picked":"Steam+1","floor":27.0},{"not_picked":["Barrage","Redo","Sunder"],"picked":"Singing Bowl","floor":30.0},{"not_picked":["Amplify","Buffer"],"picked":"Echo Form","floor":33.0},{"not_picked":["Scrape","Streamline"],"picked":"Capacitor","floor":35.0},{"not_picked":["Lockon","Hello World","Stack"],"picked":"Singing Bowl","floor":36.0},{"not_picked":["Chaos","Storm+1","Sweeping Beam"],"picked":"Singing Bowl","floor":37.0},{"not_picked":["Beam Cell+1","Conserve Battery","Sweeping Beam"],"picked":"Singing Bowl","floor":38.0},{"not_picked":["Rebound+1","Chill"],"picked":"Darkness+1","floor":40.0},{"not_picked":["Steam Power","Stack","White Noise"],"picked":"Singing Bowl","floor":41.0},{"not_picked":["Go for the Eyes","Auto Shields","Sweeping Beam"],"picked":"Singing Bowl","floor":46.0},{"not_picked":["Electrodynamics","Go for the Eyes"],"picked":"Reinforced Body","floor":47.0}],"player_experience":891533,"relics_obtained":[{"floor":7.0,"key":"Vajra"},{"floor":9.0,"key":"Singing Bowl"},{"floor":11.0,"key":"HornCleat"},{"floor":14.0,"key":"Happy Flower"},{"floor":24.0,"key":"Ancient Tea Set"},{"floor":26.0,"key":"The Courier"},{"floor":40.0,"key":"Smiling Mask"},{"floor":47.0,"key":"Gambling Chip"}],"event_choices":[{"damage_healed":0.0,"max_hp_gain":0.0,"max_hp_loss":0.0,"gold_gain":0.0,"event_name":"Shining Light","player_choice":"Entered Light","floor":2.0,"gold_loss":0.0,"damage_taken":19.0,"cards_upgraded":["Defend_B","Strike_B"]},{"damage_healed":0.0,"max_hp_gain":0.0,"max_hp_loss":0.0,"gold_gain":75.0,"event_name":"World of Goop","player_choice":"Gather Gold","floor":5.0,"gold_loss":0.0,"damage_taken":11.0},{"damage_healed":0.0,"max_hp_gain":0.0,"max_hp_loss":0.0,"gold_gain":0.0,"event_name":"Scrap Ooze","player_choice":"Fled","floor":8.0,"gold_loss":0.0,"damage_taken":0.0},{"damage_healed":0.0,"max_hp_gain":0.0,"max_hp_loss":0.0,"gold_gain":0.0,"event_name":"The Woman in Blue","player_choice":"Bought 1 Potion","floor":19.0,"gold_loss":0.0,"damage_taken":0.0},{"damage_healed":0.0,"max_hp_gain":0.0,"max_hp_loss":0.0,"gold_gain":0.0,"event_name":"Match and Keep!","player_choice":"2 cards matched","floor":28.0,"gold_loss":0.0,"damage_taken":0.0,"cards_obtained":["Heatsinks","Fission"]},{"cards_removed":["Compile Driver"],"damage_healed":0.0,"max_hp_gain":0.0,"max_hp_loss":0.0,"gold_gain":0.0,"event_name":"Falling","player_choice":"Removed Attack","floor":39.0,"gold_loss":0.0,"damage_taken":0.0}],"is_beta":false,"boss_relics":[{"not_picked":["Ectoplasm","Coffee Dripper"],"picked":"Astrolabe"},{"not_picked":["SacredBark","Velvet Choker"],"picked":"SlaversCollar"}],"items_purged_floors":[45],"is_endless":false,"potions_floor_spawned":[1,3,16,21,27,36,37,40],"killed_by":"Transient","ascension_level":16}}