{"host":"0kk91h4bq4kgfj0u","time":1611710350,"event":{"mods":["BaseMod","Minty Spire (QoL Compilation)","StSLib"],"gold_per_floor":[113,113,113,125,144,144,144,173,173,191,191,201,211,240,240,240,240],"floor_reached":16,"language":"ENG","playtime":399,"items_purged":[],"score":140,"play_id":"00bf66a9-6969-44e2-90d4-7c35e7493b27","local_time":"20210126201910","is_ascension_mode":true,"campfire_choices":[{"data":"Zap","floor":6,"key":"SMITH"},{"floor":11,"key":"REST"},{"floor":15,"key":"REST"}],"circlet_count":0,"master_deck":["Strike_B+1","Strike_B","Strike_B","Strike_B","Defend_B","Defend_B+1","Defend_B","Defend_B","Zap+1","Dualcast","Coolheaded","Storm","Go for the Eyes","Compile Driver","Ball Lightning","Redo","Stack"],"relics":["Cracked Core","Anchor","Question Card","Pen Nib"],"acts_visited":["Exordium"],"potions_floor_usage":[],"damage_taken":[{"damage":9.0,"enemies":"Jaw Worm","floor":1.0,"turns":3.0},{"damage":0,"enemies":"2 Louse","floor":4,"turns":2},{"damage":8,"enemies":"Cultist","floor":5,"turns":4},{"damage":32,"enemies":"3 Sentries","floor":8,"turns":9},{"damage":0,"enemies":"3 Louse","floor":10,"turns":3},{"damage":0,"enemies":"Exordium Wildlife","floor":12,"turns":3},{"damage":9,"enemies":"Lots of Slimes","floor":13,"turns":3},{"damage":30,"enemies":"Lagavulin","floor":14,"turns":5},{"damage":0,"enemies":"Hexaghost","floor":16,"turns":1}],"seed_played":"853499592557118773","potions_obtained":[{"floor":5,"key":"BlessingOfTheForge"},{"floor":8,"key":"ColorlessPotion"},{"floor":10,"key":"Weak Potion"}],"is_trial":false,"path_per_floor":["M","?","?","M","M","R","?","E","T","M","R","M","M","E","R","B"],"character_chosen":"DEFECT","items_purchased":[],"campfire_rested":2,"item_purchase_floors":[],"current_hp_per_floor":[73,78,83,83,75,75,58,26,26,26,52,52,43,13,39,39,39],"gold":240,"neow_bonus":"TEN_PERCENT_HP_BONUS","is_daily":false,"chose_seed":false,"campfire_upgraded":1,"win_rate":0.0,"timestamp":1611710350,"path_taken":["M","?","?","M","?","R","?","E","T","M","R","M","M","E","R","BOSS"],"items_purchased_type":[],"build_version":"2020-12-22","purchased_purges":0,"victory":false,"max_hp_per_floor":[82,87,87,87,87,87,87,87,87,87,87,87,87,87,87,87,87],"card_choices":[{"not_picked":["Leap","Skim"],"picked":"Redo","floor":1.0},{"not_picked":["Hologram","Consume"],"picked":"Coolheaded","floor":4},{"not_picked":["Reinforced Body","Hologram"],"picked":"Storm","floor":5},{"not_picked":["Lockon","Streamline"],"picked":"Go for the Eyes","floor":8},{"not_picked":["Seek","Beam Cell","Cold Snap"],"picked":"Compile Driver","floor":10},{"not_picked":["Leap","Doom and Gloom","Double Energy"],"picked":"Ball Lightning","floor":12},{"not_picked":["Sweeping Beam","Multi-Cast","Cold Snap"],"picked":"Redo","floor":13},{"not_picked":["Storm","Steam","Meteor Strike"],"picked":"Stack","floor":14}],"player_experience":813554,"relics_obtained":[{"floor":8,"key":"Anchor"},{"floor":9,"key":"Question Card"},{"floor":14,"key":"Pen Nib"}],"event_choices":[{"damage_healed":0.0,"max_hp_gain":5.0,"max_hp_loss":0.0,"gold_gain":0.0,"event_name":"Big Fish","player_choice":"Donut","floor":2.0,"gold_loss":0.0,"damage_taken":0.0},{"cards_removed":["Redo"],"damage_healed":5,"gold_gain":0,"player_choice":"Offered Common","damage_taken":0,"max_hp_gain":0,"max_hp_loss":0,"event_name":"Bonfire Elementals","floor":3,"gold_loss":0},{"cards_removed":["Redo"],"damage_healed":5,"gold_gain":0,"player_choice":"Offered Special","damage_taken":0,"max_hp_gain":0,"max_hp_loss":0,"event_name":"Bonfire Elementals","floor":3,"gold_loss":0},{"damage_healed":0,"gold_gain":0,"player_choice":"Entered Light","damage_taken":17,"max_hp_gain":0,"max_hp_loss":0,"event_name":"Shining Light","floor":7,"gold_loss":0,"cards_upgraded":["Defend_B","Strike_B"]}],"is_beta":false,"boss_relics":[],"items_purged_floors":[],"is_endless":false,"potions_floor_spawned":[5,8,10,13],"killed_by":"Hexaghost","ascension_level":5}}