{"host":"hw9lt6p3yhr90vz0","time":1611718624,"event":{"mods":["BaseMod","DeckTracker","Minty Spire (QoL Compilation)","Relic Stats"],"gold_per_floor":[16,16,32,32,32,67,77,77,77,77,89,99,117,151,151,255,555,565,565,565,580,489,489,68,68,68],"floor_reached":25,"language":"ENG","playtime":1528,"items_purged":["Regret"],"score":283,"play_id":"2d62d5b0-1c45-4e7a-894d-dfafd69caa6d","local_time":"20210126223704","is_ascension_mode":true,"campfire_choices":[{"floor":8.0,"key":"REST"},{"floor":10.0,"key":"REST"},{"floor":15.0,"key":"REST"},{"floor":23,"key":"REST"}],"circlet_count":0,"master_deck":["Strike_P","Strike_P","Strike_P","Strike_P","Defend_P","Defend_P+1","Defend_P","Defend_P","Eruption","Vigilance","The Bomb","Consecrate","EmptyFist+1","LessonLearned+1","Consecrate","ReachHeaven","Crescendo","FlurryOfBlows","ClearTheMind+1","Alpha","CurseOfTheBell","Study","ThirdEye","FearNoEvil","Weave","ForeignInfluence"],"relics":["PureWater","Pear","Lantern","Pantograph","Yang","Calling Bell","Akabeko","The Courier","Old Coin","Regal Pillow","Bottled Lightning"],"acts_visited":["Exordium","TheCity"],"potions_floor_usage":[21],"damage_taken":[{"damage":0.0,"enemies":"Jaw Worm","floor":1.0,"turns":5.0},{"damage":0.0,"enemies":"Cultist","floor":3.0,"turns":2.0},{"damage":67.0,"enemies":"Gremlin Nob","floor":6.0,"turns":5.0},{"damage":5.0,"enemies":"Small Slimes","floor":7.0,"turns":4.0},{"damage":8.0,"enemies":"Exordium Wildlife","floor":11.0,"turns":3.0},{"damage":13.0,"enemies":"Looter","floor":12.0,"turns":3.0},{"damage":0.0,"enemies":"Large Slime","floor":13.0,"turns":4.0},{"damage":0.0,"enemies":"Lagavulin","floor":14.0,"turns":3.0},{"damage":80.0,"enemies":"Hexaghost","floor":16.0,"turns":8.0},{"damage":37.0,"enemies":"2 Thieves","floor":18.0,"turns":5.0},{"damage":23,"enemies":"Shell Parasite","floor":21,"turns":4},{"damage":58,"enemies":"Slavers","floor":25,"turns":3}],"seed_played":"2636924368117089787","potions_obtained":[{"floor":7.0,"key":"CultistPotion"},{"floor":11.0,"key":"AttackPotion"},{"floor":13.0,"key":"BlessingOfTheForge"},{"floor":16.0,"key":"SkillPotion"},{"floor":21,"key":"Strength Potion"}],"is_trial":false,"path_per_floor":["M","?","M","$","?","E","M","R","T","R","M","M","M","E","R","B",null,"M","?","T","M","$","R","$","E"],"character_chosen":"WATCHER","items_purchased":["FearNoEvil","Regal Pillow","Weave","Bottled Lightning","ForeignInfluence"],"campfire_rested":4,"item_purchase_floors":[22,24,24,24,24],"current_hp_per_floor":[72,72,72,72,82,15,10,34,34,58,50,37,37,37,61,2,82,45,45,45,22,22,46,46,0,0],"gold":68,"neow_bonus":"RANDOM_COLORLESS_2","is_daily":false,"chose_seed":false,"campfire_upgraded":0,"win_rate":0.0,"timestamp":1611718624,"path_taken":["M","?","M","?","?","E","M","R","T","R","M","M","M","E","R","BOSS","M","?","?","M","$","R","$","E"],"items_purchased_type":["Card","Relic","Card","Relic","Card"],"build_version":"2020-12-22","purchased_purges":1,"victory":false,"max_hp_per_floor":[72,72,72,72,82,82,82,82,82,82,82,82,82,82,82,82,82,82,82,82,82,82,82,82,82,82],"relic_stats":{"Regal Pillow":0,"counters":[12,49],"Pantograph":21,"Yang":[50],"obtain_stats":[{"Calling Bell":17,"Lantern":6,"Regal Pillow":24,"Pear":5,"Pantograph":9,"Yang":14,"The Courier":17,"Bottled Lightning":24,"PureWater":0,"Akabeko":17,"Old Coin":17},{"Calling Bell":9,"Lantern":3,"Regal Pillow":11,"Pear":2,"Pantograph":4,"Yang":8,"The Courier":9,"Bottled Lightning":11,"PureWater":0,"Akabeko":9,"Old Coin":9},{"Calling Bell":37,"Lantern":12,"Regal Pillow":46,"Pear":7,"Pantograph":16,"Yang":29,"The Courier":37,"Bottled Lightning":46,"PureWater":0,"Akabeko":37,"Old Coin":37}]},"card_choices":[{"not_picked":["Violence","Metamorphosis"],"picked":"The Bomb","floor":0.0},{"not_picked":["CutThroughFate","CrushJoints"],"picked":"Consecrate","floor":1.0},{"not_picked":["Indignation","SignatureMove"],"picked":"EmptyFist","floor":3.0},{"not_picked":["Vengeance","SashWhip"],"picked":"LessonLearned","floor":6.0},{"not_picked":["Worship","SashWhip"],"picked":"Consecrate","floor":7.0},{"not_picked":["EmptyFist","Pray"],"picked":"ReachHeaven","floor":11.0},{"not_picked":["Halt","Conclude"],"picked":"Crescendo","floor":12.0},{"not_picked":["Prostrate","Adaptation"],"picked":"FlurryOfBlows","floor":13.0},{"not_picked":["Worship","Consecrate"],"picked":"ClearTheMind","floor":14.0},{"not_picked":["Blasphemy","ConjureBlade"],"picked":"Alpha","floor":16.0},{"not_picked":["Halt+1","SashWhip+1"],"picked":"Study","floor":18.0},{"not_picked":["Halt","Pray"],"picked":"ThirdEye","floor":21}],"player_experience":1285890,"relics_obtained":[{"floor":6.0,"key":"Lantern"},{"floor":9.0,"key":"Pantograph"},{"floor":14.0,"key":"Yang"},{"floor":17.0,"key":"Akabeko"},{"floor":17.0,"key":"The Courier"},{"floor":17.0,"key":"Old Coin"}],"event_choices":[{"damage_healed":0.0,"max_hp_gain":0.0,"max_hp_loss":0.0,"gold_gain":0.0,"event_name":"WeMeetAgain","player_choice":"Ignored","floor":2.0,"gold_loss":0.0,"damage_taken":0.0},{"damage_healed":0.0,"max_hp_gain":0.0,"max_hp_loss":0.0,"gold_gain":0.0,"event_name":"Big Fish","player_choice":"Box","floor":5.0,"gold_loss":0.0,"damage_taken":0.0,"relics_obtained":["Pear"],"cards_obtained":["Regret"]},{"damage_healed":0.0,"max_hp_gain":0.0,"max_hp_loss":0.0,"gold_gain":0.0,"event_name":"Ghosts","player_choice":"Ignored","floor":19.0,"gold_loss":0.0,"damage_taken":0.0}],"is_beta":false,"boss_relics":[{"not_picked":["Fusion Hammer","Empty Cage"],"picked":"Calling Bell"}],"items_purged_floors":[22],"is_endless":false,"potions_floor_spawned":[7,11,13,16,21],"killed_by":"Slavers","ascension_level":4}}