{"host":"g01l53quoe6lrer0","time":1611750536,"event":{"mods":["2.2 Compatiblity","AchievementEnabler","BaseMod","Colored Map","Highlight Path","Keyboard Shortcuts","Minty Spire (QoL Compilation)","Permanent Neow","StSLib","SuperFastMode","everything is the same but u backflip on backflip"],"gold_per_floor":[114,130,148,167,167,167,201,220,246,246,264,189,189,212,212,212,212],"floor_reached":16,"language":"KOR","playtime":343,"items_purged":["Strike_G"],"score":203,"play_id":"c1b0453d-ca8a-43fb-bb5b-59e2a37cd3bd","local_time":"20210127212856","is_ascension_mode":true,"campfire_choices":[{"floor":6,"key":"REST"},{"data":"Tactician","floor":10,"key":"SMITH"},{"data":"Deadly Poison","floor":15,"key":"SMITH"}],"circlet_count":0,"master_deck":["AscendersBane","Strike_G","Strike_G","Strike_G","Strike_G","Defend_G","Defend_G","Defend_G","Defend_G","Defend_G","Survivor","Neutralize","Dagger Throw","Riddle With Holes","Dash","Tactician+1","PiercingWail","Leg Sweep","Deadly Poison+1"],"relics":["Ring of the Snake","The Specimen","Golden Idol","Potion Belt","Omamori"],"acts_visited":["Exordium"],"potions_floor_usage":[7,8],"damage_taken":[{"damage":8,"enemies":"Jaw Worm","floor":1,"turns":7},{"damage":2,"enemies":"Small Slimes","floor":2,"turns":3},{"damage":1,"enemies":"Cultist","floor":3,"turns":4},{"damage":1,"enemies":"Blue Slaver","floor":4,"turns":5},{"damage":6,"enemies":"Gremlin Nob","floor":7,"turns":3},{"damage":0,"enemies":"3 Louse","floor":8,"turns":4},{"damage":8,"enemies":"Looter","floor":11,"turns":4},{"damage":21,"enemies":"Lots of Slimes","floor":14,"turns":6},{"damage":37,"enemies":"Hexaghost","floor":16,"turns":10}],"seed_played":"-1103763014327541173","potions_obtained":[{"floor":1,"key":"Strength Potion"},{"floor":2,"key":"SteroidPotion"},{"floor":14,"key":"Energy Potion"}],"is_trial":false,"path_per_floor":["M","M","M","M","?","R","E","M","T","R","M","$","?","M","R","B"],"character_chosen":"THE_SILENT","items_purchased":[],"campfire_rested":1,"item_purchase_floors":[],"current_hp_per_floor":[36,34,33,32,32,50,44,44,44,44,36,36,56,35,35,0,0],"gold":212,"neow_bonus":"ONE_RARE_RELIC","is_daily":false,"chose_seed":false,"campfire_upgraded":2,"win_rate":0.0,"timestamp":1611750536,"path_taken":["M","M","M","M","?","R","E","M","T","R","M","$","?","M","R","BOSS"],"items_purchased_type":[],"build_version":"2020-12-22","purchased_purges":1,"victory":false,"max_hp_per_floor":[66,66,66,66,60,60,60,60,60,60,60,60,60,60,60,60,60],"card_choices":[{"not_picked":["Heel Hook","Terror"],"picked":"Dagger Throw","floor":1},{"not_picked":["Infinite Blades","Sucker Punch"],"picked":"Riddle With Holes","floor":2},{"not_picked":["Backflip","Underhanded Strike"],"picked":"Dash","floor":3},{"not_picked":["Backflip","Skewer"],"picked":"Tactician","floor":4},{"not_picked":["Dash","Dagger Spray"],"picked":"PiercingWail","floor":7},{"not_picked":["Deflect","Eviscerate"],"picked":"Leg Sweep","floor":8},{"not_picked":["Flying Knee","PiercingWail"],"picked":"Deadly Poison","floor":11},{"not_picked":["Distraction","Accuracy","Blade Dance"],"picked":"SKIP","floor":14}],"player_experience":310942,"relics_obtained":[{"floor":7,"key":"Potion Belt"},{"floor":9,"key":"Omamori"}],"event_choices":[{"damage_healed":0,"gold_gain":0,"player_choice":"Lose Max HP","damage_taken":0,"relics_obtained":["Golden Idol"],"max_hp_gain":0,"max_hp_loss":6,"event_name":"Golden Idol","floor":5,"gold_loss":0},{"damage_healed":20,"gold_gain":0,"player_choice":"Banana","damage_taken":0,"max_hp_gain":0,"max_hp_loss":0,"event_name":"Big Fish","floor":13,"gold_loss":0}],"is_beta":false,"boss_relics":[],"items_purged_floors":[12],"is_endless":false,"potions_floor_spawned":[1,2,3,14],"killed_by":"Hexaghost","ascension_level":19}}