{"host":"ojezjkpqju62j8xy","time":1611750769,"event":{"mods":["ATMod(°¢èªMod)","Act Like it!","Aspiration","BaseMod","Conspire","Minty Spire (QoL Compilation)","Pale of the Ancients","Replay The Spire","Spicy Shops","StSLib","[GremlinLeader]The Maniac","¡¾ÒÅÎï¿¨ÅÆ¡¿REMEMod"],"gold_per_floor":[111,111,122,133,133,167,167,202,202,221,221,251,216,234,234,234,234],"floor_reached":16,"language":"ZHS","playtime":415,"items_purged":[],"score":186,"play_id":"8b42825b-eb7d-498c-9107-a43d798b6057","local_time":"20210127203249","is_ascension_mode":true,"campfire_choices":[{"floor":7,"key":"RECALL"},{"data":"AT_OneInchPunch","floor":11,"key":"SMITH"},{"floor":15,"key":"REST"}],"circlet_count":0,"master_deck":["AscendersBane","Strike_B","Strike_B","Strike_B","Defend_B","Defend_B","Defend_B","Defend_B","Zap","Dualcast","AT_OneInchPunch+1","Power Through","Sweeping Beam","Turbo","Conserve Battery","Time Bomb","Turbo","Beam Cell","All For One","Hologram"],"relics":["Cracked Core","AT_ATBox","REME_ComplimentaryCards","Happy Flower","Nunchaku","AT_SpeedBoots"],"acts_visited":["Exordium"],"potions_floor_usage":[8,12],"damage_taken":[{"damage":2,"enemies":"2 Louse","floor":1,"turns":3},{"damage":0,"enemies":"Cultist","floor":3,"turns":3},{"damage":0,"enemies":"Small Slimes","floor":4,"turns":3},{"damage":11,"enemies":"3 Sentries","floor":6,"turns":6},{"damage":12,"enemies":"Gremlin Nob","floor":8,"turns":3},{"damage":1,"enemies":"Blue Slaver","floor":10,"turns":3},{"damage":24,"enemies":"Lagavulin","floor":12,"turns":5},{"damage":0,"enemies":"Large Slime","floor":14,"turns":3},{"damage":71,"enemies":"Hexaghost","floor":16,"turns":10}],"seed_played":"-2082347472006476245","potions_obtained":[{"floor":3,"key":"FearPotion"},{"floor":6,"key":"Energy Potion"},{"floor":8,"key":"Swift Potion"}],"is_trial":false,"path_per_floor":["M","?","M","M","?","E","R","E","T","M","R","E","?","M","R","B"],"character_chosen":"DEFECT","items_purchased":[],"campfire_rested":1,"item_purchase_floors":[],"current_hp_per_floor":[73,73,73,73,73,62,62,50,50,49,49,25,45,45,69,0,0],"gold":234,"neow_bonus":"TEN_PERCENT_HP_BONUS","is_daily":false,"chose_seed":false,"campfire_upgraded":1,"win_rate":0.0,"timestamp":1611750769,"path_taken":["M","?","M","M","?","E","R","E","T","?","R","E","?","M","R","BOSS"],"items_purchased_type":[],"build_version":"2020-12-22","purchased_purges":0,"victory":false,"max_hp_per_floor":[82,82,82,82,82,82,82,82,82,82,82,82,82,82,82,82,82],"card_choices":[{"not_picked":["Go for the Eyes","Coolheaded"],"picked":"Sweeping Beam","floor":1},{"not_picked":["Fusion","Reprogram"],"picked":"Turbo","floor":3},{"not_picked":["Stack","ReplayTheSpireMod:Repulse"],"picked":"Conserve Battery","floor":4},{"not_picked":["Streamline","Panic Button"],"picked":"Time Bomb","floor":6},{"not_picked":["Darkness","Streamline"],"picked":"Turbo","floor":8},{"not_picked":["Reinforced Body","Stack"],"picked":"Beam Cell","floor":10},{"not_picked":["ReplayTheSpireMod:System Scan","REME_Whirling"],"picked":"All For One","floor":12},{"not_picked":["REME_Whirling","Coolheaded"],"picked":"Hologram","floor":14}],"player_experience":1394198,"relics_obtained":[{"floor":6,"key":"Happy Flower"},{"floor":8,"key":"Nunchaku"},{"floor":12,"key":"AT_SpeedBoots"}],"event_choices":[{"damage_healed":0,"gold_gain":0,"player_choice":"Disagree","damage_taken":0,"max_hp_gain":0,"max_hp_loss":0,"event_name":"conspire:LoneGhost","floor":2,"gold_loss":0},{"cards_removed":["Strike_B"],"damage_healed":0,"gold_gain":0,"player_choice":"Offered Basic","damage_taken":0,"max_hp_gain":0,"max_hp_loss":0,"event_name":"Bonfire Elementals","floor":5,"gold_loss":0},{"damage_healed":20,"gold_gain":0,"player_choice":"Healed","damage_taken":0,"max_hp_gain":0,"max_hp_loss":0,"event_name":"The Cleric","floor":13,"gold_loss":35}],"is_beta":false,"boss_relics":[],"items_purged_floors":[],"is_endless":false,"potions_floor_spawned":[3,6,8],"killed_by":"Hexaghost","ascension_level":11}}