{"host":"pe7ycb8t2t906so2","time":1611716224,"event":{"mods":["BaseMod","Colored Map","Highlight Path","Minty Spire (QoL Compilation)"],"gold_per_floor":[115,40,115,115,132,132,167,180,180,180,1,30,30,40,40,117,117,132,132,47,60,60,60,60,70,93,93,93,93,122,5,5,79,79,93,93,105,24,24,24,51,51,76,96,96,114,129,142,142,142],"floor_reached":51,"language":"FRA","playtime":2083,"items_purged":["Strike_R","Strike_R"],"score":1242,"play_id":"c2e03b8c-3525-4d97-845f-9e188a1c27ff","local_time":"20210126215704","is_ascension_mode":true,"campfire_choices":[{"data":"Bash","floor":6,"key":"SMITH"},{"data":"Pommel Strike","floor":10,"key":"SMITH"},{"data":"Double Tap","floor":15,"key":"SMITH"},{"data":"Limit Break","floor":23,"key":"SMITH"},{"data":"1","floor":27,"key":"LIFT"},{"data":"2","floor":29,"key":"LIFT"},{"data":"3","floor":32,"key":"LIFT"},{"data":"Flame Barrier","floor":40,"key":"SMITH"},{"data":"Shrug It Off","floor":42,"key":"SMITH"},{"data":"Shrug It Off","floor":49,"key":"SMITH"}],"circlet_count":0,"master_deck":["AscendersBane","Strike_R+1","Strike_R","Strike_R","Defend_R","Defend_R","Defend_R+1","Defend_R","Bash+1","Spot Weakness+1","Dark Shackles","Pommel Strike+1","Cleave","Double Tap+1","Battle Trance","Limit Break+1","Heavy Blade+1","Headbutt+1","Inflame+1","Shrug It Off+1","Flame Barrier+1","Shrug It Off+1","Twin Strike+1"],"relics":["Burning Blood","NeowsBlessing","TungstenRod","Frozen Egg 2","Lizard Tail","Sozu","Bag of Marbles","Girya","Whetstone","Pear","Ice Cream","Mark of Pain","Blood Vial","StoneCalendar","Centennial Puzzle"],"acts_visited":["Exordium","TheCity","TheBeyond"],"potions_floor_usage":[12,16,25],"damage_taken":[{"damage":0,"enemies":"Jaw Worm","floor":1,"turns":1},{"damage":0,"enemies":"Cultist","floor":5,"turns":1},{"damage":0,"enemies":"Gremlin Nob","floor":7,"turns":1},{"damage":0,"enemies":"Small Slimes","floor":8,"turns":3},{"damage":29,"enemies":"Lagavulin","floor":12,"turns":4},{"damage":0,"enemies":"Blue Slaver","floor":14,"turns":5},{"damage":37,"enemies":"Slime Boss","floor":16,"turns":9},{"damage":13,"enemies":"Spheric Guardian","floor":18,"turns":5},{"damage":2,"enemies":"Chosen","floor":21,"turns":4},{"damage":16,"enemies":"Snake Plant","floor":25,"turns":6},{"damage":11,"enemies":"Gremlin Leader","floor":30,"turns":4},{"damage":58,"enemies":"Automaton","floor":33,"turns":7},{"damage":3,"enemies":"3 Shapes","floor":35,"turns":3},{"damage":2,"enemies":"Orb Walker","floor":37,"turns":2},{"damage":21,"enemies":"Nemesis","floor":41,"turns":5},{"damage":8,"enemies":"Transient","floor":44,"turns":5},{"damage":2,"enemies":"4 Shapes","floor":46,"turns":4},{"damage":10,"enemies":"Sphere and 2 Shapes","floor":47,"turns":3},{"damage":0,"enemies":"Writhing Mass","floor":48,"turns":4},{"damage":73,"enemies":"Donu and Deca","floor":50,"turns":5}],"seed_played":"2186206000510803059","potions_obtained":[{"floor":5,"key":"BloodPotion"},{"floor":7,"key":"DuplicationPotion"},{"floor":16,"key":"SkillPotion"}],"is_trial":false,"path_per_floor":["M","$","?","?","M","R","E","M","T","R","$","E","?","M","R","B",null,"M","?","?","M","T","R","$","M","T","R","?","R","E","$","R","B",null,"M","?","M","$","T","R","E","R","T","M","?","M","M","M","R","B",null],"character_chosen":"IRONCLAD","items_purchased":["Double Tap","Inflame+1","Shrug It Off","Flame Barrier"],"campfire_rested":0,"item_purchase_floors":[11,31,31,38],"current_hp_per_floor":[74,74,63,63,69,69,75,75,75,75,75,52,38,44,44,28,63,56,56,56,60,60,60,60,50,50,50,60,60,55,55,55,48,76,79,79,83,83,83,83,70,70,70,70,70,76,74,82,82,17],"gold":142,"neow_bonus":"THREE_ENEMY_KILL","is_daily":false,"chose_seed":false,"campfire_upgraded":7,"win_rate":0.0,"timestamp":1611716224,"path_taken":["M","$","?","?","M","R","E","?","T","R","$","E","?","M","R","BOSS","M","?","?","M","?","R","?","?","T","R","?","R","E","$","R","BOSS","M","?","M","$","?","R","E","R","T","?","?","M","M","M","R","BOSS"],"items_purchased_type":["Card","Card","Card","Card"],"build_version":"2020-12-22","purchased_purges":2,"victory":true,"max_hp_per_floor":[75,75,75,75,75,75,75,75,75,75,75,75,75,75,75,75,75,75,75,75,75,75,75,75,75,75,75,85,85,85,85,85,85,85,85,85,85,85,85,85,85,85,85,85,85,85,85,85,85,85],"card_choices":[{"not_picked":["True Grit","Combust"],"picked":"Spot Weakness","floor":1},{"not_picked":["Thunderclap","Whirlwind","Headbutt"],"picked":"SKIP","floor":5},{"not_picked":["Clothesline","Burning Pact"],"picked":"Pommel Strike","floor":7},{"not_picked":["Havoc","Flex"],"picked":"Cleave","floor":8},{"not_picked":["Anger","Dark Embrace+1"],"picked":"Metallicize+1","floor":12},{"not_picked":["Iron Wave","Cleave"],"picked":"Battle Trance","floor":14},{"not_picked":["Immolate","Bludgeon"],"picked":"Limit Break","floor":16},{"not_picked":["Warcry","Wild Strike","Clothesline"],"picked":"SKIP","floor":18},{"not_picked":["Flex","Second Wind","Rupture+1"],"picked":"SKIP","floor":21},{"not_picked":["Headbutt","Flex+1"],"picked":"Heavy Blade","floor":25},{"not_picked":["Perfected Strike+1","Fiend Fire"],"picked":"Headbutt+1","floor":30},{"not_picked":["Sword Boomerang","Armaments+1","Iron Wave"],"picked":"SKIP","floor":35},{"not_picked":["Anger","Sentinel+1","Sword Boomerang"],"picked":"SKIP","floor":37},{"not_picked":["Ghostly Armor","Clash+1"],"picked":"Shrug It Off","floor":41},{"not_picked":["Searing Blow","Perfected Strike","Hemokinesis"],"picked":"SKIP","floor":44},{"not_picked":["Intimidate","Flex","Reckless Charge"],"picked":"SKIP","floor":46},{"not_picked":["Immolate","Blood for Blood+1"],"picked":"Twin Strike+1","floor":47},{"not_picked":["Clash+1","Hemokinesis","Heavy Blade"],"picked":"SKIP","floor":48}],"player_experience":956007,"relics_obtained":[{"floor":7,"key":"TungstenRod"},{"floor":9,"key":"Frozen Egg 2"},{"floor":12,"key":"Lizard Tail"},{"floor":22,"key":"Girya"},{"floor":26,"key":"Whetstone"},{"floor":30,"key":"Ice Cream"},{"floor":39,"key":"Blood Vial"},{"floor":41,"key":"StoneCalendar"},{"floor":43,"key":"Centennial Puzzle"}],"event_choices":[{"damage_healed":0,"gold_gain":75,"player_choice":"Gather Gold","damage_taken":11,"max_hp_gain":0,"max_hp_loss":0,"event_name":"World of Goop","floor":3,"gold_loss":0},{"damage_healed":0,"gold_gain":0,"player_choice":"1 cards matched","damage_taken":0,"max_hp_gain":0,"max_hp_loss":0,"event_name":"Match and Keep!","floor":4,"gold_loss":0,"cards_obtained":["Dark Shackles"]},{"damage_healed":0,"gold_gain":0,"player_choice":"Entered Light","damage_taken":15,"max_hp_gain":0,"max_hp_loss":0,"event_name":"Shining Light","floor":13,"gold_loss":0,"cards_upgraded":["Spot Weakness","Defend_R"]},{"damage_healed":0,"gold_gain":0,"player_choice":"Ignored","damage_taken":0,"max_hp_gain":0,"max_hp_loss":0,"event_name":"Ghosts","floor":19,"gold_loss":0},{"damage_healed":0,"gold_gain":0,"player_choice":"Obtained Relic","damage_taken":0,"relics_obtained":["Bag of Marbles"],"max_hp_gain":0,"max_hp_loss":0,"event_name":"Addict","floor":20,"gold_loss":85},{"damage_healed":0,"gold_gain":0,"player_choice":"Opened","damage_taken":0,"relics_obtained":["Pear"],"max_hp_gain":0,"max_hp_loss":0,"event_name":"The Mausoleum","floor":28,"gold_loss":0},{"damage_healed":0,"gold_gain":0,"player_choice":"Bought 0 Potions","damage_taken":0,"max_hp_gain":0,"max_hp_loss":0,"event_name":"The Woman in Blue","floor":36,"gold_loss":0},{"cards_removed":["Metallicize"],"damage_healed":0,"gold_gain":0,"player_choice":"Removed Power","damage_taken":0,"max_hp_gain":0,"max_hp_loss":0,"event_name":"Falling","floor":45,"gold_loss":0}],"is_beta":false,"boss_relics":[{"not_picked":["Calling Bell","Philosopher\u0027s Stone"],"picked":"Sozu"},{"not_picked":["Runic Dome","Runic Pyramid"],"picked":"Mark of Pain"}],"items_purged_floors":[2,11],"is_endless":false,"potions_floor_spawned":[5,7,16,21,30,37,47],"ascension_level":14}}