{"host":"51f0ad793vly1w6u","time":1611724566,"event":{"mods":["BaseMod","Colored Map","DeckTracker","Minty Spire (QoL Compilation)","Replay The Spire","StSLib","SuperFastMode"],"gold_per_floor":[113,113,63,63,73,73,104,118,118,130,165,165,165,192,192,302,302,327,346,56,80,80,80,105,130,155,6,6,6,6],"floor_reached":29,"language":"KOR","playtime":569,"items_purged":["Defend_B"],"score":253,"play_id":"c599bc03-891d-48ea-85b2-e5dcab38013a","local_time":"20210127141606","is_ascension_mode":false,"campfire_choices":[{"data":"Consume","floor":6,"key":"SMITH"},{"data":"FIFO Queue","floor":15,"key":"SMITH"},{"floor":23,"key":"REST"}],"circlet_count":0,"master_deck":["Strike_B","Strike_B","Defend_B","Defend_B","Zap+1","Dualcast","Chill","Consume+1","Doom and Gloom","Conserve Battery","Panic Button+1","Redo","FIFO Queue+1","Creative AI","Reinforced Body","Capacitor+1","Coolheaded","ReplayTheSpireMod:Calculation Training+1","Pot Of Greed","Pot Of Greed","Compile Driver+1","Hologram"],"relics":["Cracked Core","Pantograph","Onion Ring","CeramicFish","Gremlin Food","Bottled Lightning","Runic Dome","Grinning Jar","Matryoshka","Bag of Marbles","Blood Vial","Geode"],"acts_visited":["Exordium","TheCity"],"potions_floor_usage":[16,18,24,24,25],"damage_taken":[{"damage":0,"enemies":"Cultist","floor":1,"turns":4},{"damage":0,"enemies":"2 Louse","floor":5,"turns":2},{"damage":1,"enemies":"Replay:BlueRogue","floor":7,"turns":6},{"damage":0,"enemies":"Small Slimes","floor":8,"turns":3},{"damage":10,"enemies":"Exordium Wildlife","floor":10,"turns":4},{"damage":15,"enemies":"Lagavulin","floor":11,"turns":6},{"damage":2,"enemies":"Blue Slaver","floor":14,"turns":4},{"damage":19,"enemies":"Hexaghost","floor":16,"turns":7},{"damage":4,"enemies":"2 Thieves","floor":18,"turns":2},{"damage":10,"enemies":"Shell Parasite","floor":19,"turns":5},{"damage":25,"enemies":"Snake Plant","floor":21,"turns":5},{"damage":6,"enemies":"Centurion and Healer","floor":24,"turns":6},{"damage":32,"enemies":"Slavers","floor":25,"turns":6},{"damage":10,"enemies":"Chosen and Byrds","floor":29,"turns":1}],"seed_played":"7953588025868198959","potions_obtained":[{"floor":1,"key":"AttackPotion"},{"floor":10,"key":"Adrenaline Potion"},{"floor":16,"key":"Energy Potion"},{"floor":18,"key":"Weak Potion"},{"floor":21,"key":"LifebloodPotion"},{"floor":25,"key":"Weak Potion"}],"is_trial":false,"path_per_floor":["M","?","?","?","M","R","E","M","T","M","E","?","T","M","R","B",null,"M","M","$","M","?","R","M","E","T","$","?","M"],"character_chosen":"DEFECT","items_purchased":["Coolheaded","ReplayTheSpireMod:Calculation Training","Grinning Jar","Geode"],"campfire_rested":1,"item_purchase_floors":[20,20,20,27],"current_hp_per_floor":[75,75,75,68,68,68,67,67,67,57,42,39,39,37,37,43,75,71,61,61,36,22,46,40,8,8,8,8,0,0],"gold":6,"neow_bonus":"UPGRADE_CARD","is_daily":false,"chose_seed":false,"campfire_upgraded":2,"win_rate":0.0,"timestamp":1611724566,"path_taken":["M","?","?","?","M","R","E","M","T","?","E","?","?","M","R","BOSS","M","M","$","M","?","R","M","E","T","$","?","?"],"items_purchased_type":["Card","Card","Relic","Relic"],"build_version":"2020-12-22","purchased_purges":1,"victory":false,"max_hp_per_floor":[75,75,75,75,75,75,75,75,75,75,75,75,75,75,75,75,75,75,75,75,75,80,80,80,80,80,80,80,80,80],"card_choices":[{"not_picked":["Steam Power","Turbo"],"picked":"Chill","floor":1},{"not_picked":["Stack","Go for the Eyes"],"picked":"Consume","floor":5},{"not_picked":["Thunder Strike","Steam"],"picked":"Doom and Gloom","floor":7},{"not_picked":["Beam Cell","Rebound"],"picked":"Conserve Battery","floor":8},{"not_picked":["Turbo","Stack"],"picked":"Panic Button","floor":10},{"not_picked":["Crystallizer","Go for the Eyes"],"picked":"Redo","floor":11},{"not_picked":["Go for the Eyes","Melter"],"picked":"FIFO Queue","floor":14},{"not_picked":["All For One","Amplify"],"picked":"Creative AI","floor":16},{"not_picked":["Stack","Steam"],"picked":"Reinforced Body","floor":18},{"not_picked":["Conserve Battery","Compile Driver+1"],"picked":"Capacitor+1","floor":19},{"not_picked":["Gash+1","Double Energy"],"picked":"Compile Driver+1","floor":21},{"not_picked":["Go for the Eyes","Rip and Tear+1"],"picked":"Hologram","floor":24},{"not_picked":["Hologram","Streamline","ReplaySolidLightProjector"],"picked":"SKIP","floor":25}],"player_experience":1418417,"relics_obtained":[{"floor":7,"key":"Pantograph"},{"floor":9,"key":"Onion Ring"},{"floor":11,"key":"CeramicFish"},{"floor":13,"key":"Bottled Lightning"},{"floor":25,"key":"Matryoshka"},{"floor":26,"key":"Bag of Marbles"},{"floor":26,"key":"Blood Vial"}],"event_choices":[{"cards_removed":["Defend_B"],"damage_healed":0,"gold_gain":0,"player_choice":"Card Removal","damage_taken":0,"max_hp_gain":0,"max_hp_loss":0,"event_name":"The Cleric","floor":3,"gold_loss":50},{"cards_removed":["Strike_B"],"damage_healed":0,"gold_gain":0,"player_choice":"Card Removal","damage_taken":7,"max_hp_gain":0,"max_hp_loss":0,"event_name":"Golden Wing","floor":4,"gold_loss":0},{"damage_healed":0,"gold_gain":0,"player_choice":"Success","damage_taken":3,"relics_obtained":["Gremlin Food"],"max_hp_gain":0,"max_hp_loss":0,"event_name":"Scrap Ooze","floor":12,"gold_loss":0},{"damage_healed":0,"gold_gain":0,"player_choice":"Shed Blood","damage_taken":19,"max_hp_gain":5,"max_hp_loss":0,"event_name":"Forgotten Altar","floor":22,"gold_loss":0},{"damage_healed":0,"gold_gain":0,"player_choice":"Upgraded","damage_taken":0,"max_hp_gain":0,"max_hp_loss":0,"event_name":"Upgrade Shrine","floor":28,"gold_loss":0,"cards_upgraded":["ReplayTheSpireMod:Calculation Training"]}],"is_beta":false,"boss_relics":[{"not_picked":["Kintsugi","Abe\u0027s Treasure"],"picked":"Runic Dome"}],"items_purged_floors":[20],"is_endless":false,"potions_floor_spawned":[1,10,16,18,21,25],"killed_by":"Chosen and Byrds","ascension_level":0}}