{"host":"922zt4fjsmmy4kg9","time":1611719685,"event":{"mods":["A Magickal Journey","Act Like it!","BaseMod","Better Third Choice","Downfall","Friendly Minions","Hermit","HololiveMod","Hubris","Jorbs\u0027s Wanderer Trilogy","Kiyohime????","Koishi","Marisa????????","Minty Spire (QoL Compilation)","Quick Restart","Reimu??????","Shop Mod","Spicy Shops","StSLib","SuperFastMode","The Animator","The Disciple","The Runesmith"],"gold_per_floor":[99,99,99,274,374,404,404,404,434,434,334,334,434,534,554,554,554,554],"floor_reached":16,"language":"ENG","playtime":397,"items_purged":[],"score":107,"play_id":"dd91c528-105a-44d4-a6e7-915fac311c15","local_time":"20210127145445","is_ascension_mode":true,"campfire_choices":[{"data":"hexamod:Sear","floor":1.0,"key":"SMITH"},{"data":"hexamod:DynamicBlow","floor":11.0,"key":"SMITH"}],"circlet_count":0,"master_deck":["hexamod:Strike","hexamod:Strike","hexamod:Strike","hexamod:Strike","hexamod:Defend","hexamod:Defend","hexamod:Defend","hexamod:Sear+1","hexamod:Float","hexamod:RainOfEmbers+1","hexamod:InspiringFlames","hexamod:FourthSeal","hexamod:FlamesFromBeyond","hexamod:DynamicBlow+1","hexamod:TimeOfNeed","hexamod:RainOfEmbers+1","hexamod:InspiringFlames"],"relics":["hexamod:SpiritBrand","downfall:HeartsMalice","Juzu Bracelet","Molten Egg 2","hubris:Towel","TungstenRod","downfall:HeartBlessingGreen","downfall:BrokenWingStatue"],"acts_visited":["Exordium"],"potions_floor_usage":[16,16,16],"damage_taken":[{"damage":0.0,"enemies":"2 Louse","floor":2.0,"turns":1.0},{"damage":0.0,"enemies":"Jaw Worm","floor":3.0,"turns":1.0},{"damage":0.0,"enemies":"downfall:Heads","floor":5.0,"turns":1.0},{"damage":16.0,"enemies":"Lagavulin","floor":6.0,"turns":5.0},{"damage":17.0,"enemies":"3 Sentries","floor":9.0,"turns":5.0},{"damage":1.0,"enemies":"Small Slimes","floor":15.0,"turns":3.0},{"damage":52,"enemies":"DF_ARCHETYPE_STREAMLINE","floor":16,"turns":9}],"seed_played":"-763662188696677426","potions_obtained":[{"floor":6.0,"key":"Swift Potion"},{"floor":6.0,"key":"SteroidPotion"},{"floor":15.0,"key":"SneckoOil"},{"floor":15.0,"key":"GamblersBrew"}],"is_trial":false,"path_per_floor":["R","M","M","?","?","E","T","?","E","?","R","?","?","?","M","B"],"character_chosen":"THE_SPIRIT","items_purchased":[],"campfire_rested":0,"item_purchase_floors":[],"current_hp_per_floor":[70,70,70,70,70,54,54,54,37,37,37,37,37,37,36,0,0,0],"gold":554,"neow_bonus":"THREE_ENEMY_KILL","is_daily":false,"chose_seed":false,"campfire_upgraded":2,"win_rate":0.0,"timestamp":1611719685,"path_taken":["R","M","M","?","?","E","T","?","E","?","R","?","?","?","M","BOSS"],"items_purchased_type":[],"build_version":"2020-12-22","purchased_purges":0,"victory":false,"max_hp_per_floor":[70,70,70,70,70,70,70,70,70,70,70,70,70,70,70,70,70,70],"card_choices":[{"not_picked":["hexamod:ThermalTransfer","hexamod:SwordOfDarkness"],"picked":"hexamod:RainOfEmbers","floor":2.0},{"not_picked":["hexamod:SpectersWail","hexamod:ShieldOfDarkness"],"picked":"hexamod:InspiringFlames","floor":3.0},{"not_picked":["hexamod:HeatMetal","hexamod:BurningTouch"],"picked":"hexamod:FlamesFromBeyond","floor":5.0},{"not_picked":["hexamod:GhostShield","hexamod:SpectralSpark"],"picked":"hexamod:DynamicBlow","floor":6.0},{"not_picked":["hexamod:EtherealExpedition","hexamod:NightmareGuise"],"picked":"hexamod:TimeOfNeed","floor":9.0},{"not_picked":["hexamod:FlamesFromBeyond","hexamod:FastForward"],"picked":"hexamod:InspiringFlames","floor":15.0}],"player_experience":1352482,"relics_obtained":[{"floor":6.0,"key":"Juzu Bracelet"},{"floor":7.0,"key":"Molten Egg 2"},{"floor":9.0,"key":"TungstenRod"}],"event_choices":[],"is_beta":false,"boss_relics":[],"items_purged_floors":[],"is_endless":false,"potions_floor_spawned":[6,15],"killed_by":"DF_ARCHETYPE_STREAMLINE","ascension_level":1}}