{"host":"zmny8rpyz0lk1igr","time":1611719631,"event":{"mods":["2.2 Compatiblity","Aspiration","Bard","BaseMod","Better Third Choice","BetterRewards","Challenge The Spire","Downfall","Duelist Mod","Energized Spire","Googly Eyes","GungeonMod","Halation","Hermit","Hero for Fun","Hubris","KomeijiMod","MarisaÅiñ∂âJÅ@ñÇóùçπÅj","Minty Spire (QoL Compilation)","Replay The Spire","Shop Mod","Spicy Shops","StSLib","The Animator","The Cursed","The Gatherer","The Hierophant","The Necromancer","The Runesmith","The Servant 0.9.4","UnlockEverythingMod"],"gold_per_floor":[119,130,130,147,158,189,200,200,200,210,64,92,105,123,123,222,222,236,236,255,269,281,281,281,296,296,296,311,321,321,96,96,96,96],"floor_reached":33,"language":"ENG","playtime":2473,"items_purged":[],"score":290,"play_id":"e8d31fe2-9181-4388-8fe9-80c245a0d44a","local_time":"20210127025351","is_ascension_mode":false,"campfire_choices":[{"floor":15,"key":"REST"},{"floor":23,"key":"REST"},{"floor":27,"key":"REST"},{"floor":30,"key":"REST"},{"floor":32,"key":"DIG"}],"circlet_count":0,"master_deck":["Defend_W","Defend_W","Defend_W","Defend_W","Negative_Energy_Arrows","Bone_Wall","Bone_Armory","Necrotic_Claws","Requiem+1","Grasp_Heart","Spectral_Walk","Bone_Bullets","Negative_Energy_Javelin","Death_March_Dance","Death_March_Dance","Exploit","Bone_Shift","Summon_Vampire_Lady","Siphon_Strength+1","Deaths_Shadow+1","Negative_Energy_Mist+1","Negative_Energy_Burst+1","Death_Knell","Bones_to_Steel","Toxic_Smoke_Screen","Whirlwind_of_Bones","Scare"],"relics":["Vampire_Amulet","aspiration:StickyExplosives_weak","Blue Doll","hubris:SlimyHat","Astrolabe","Nloth\u0027s Gift","hubris:Towel","Frozen Egg 2","Gremlin Food","Ancient Tea Set"],"acts_visited":["Exordium","TheCity"],"potions_floor_usage":[6,10,13,13,16,33,33],"damage_taken":[{"damage":0,"enemies":"2 Louse","floor":1,"turns":1},{"damage":0,"enemies":"Cultist","floor":2,"turns":1},{"damage":0,"enemies":"Jaw Worm","floor":4,"turns":1},{"damage":7,"enemies":"Exordium Thugs","floor":5,"turns":6},{"damage":22,"enemies":"Lagavulin","floor":6,"turns":4},{"damage":13,"enemies":"Exordium Wildlife","floor":7,"turns":5},{"damage":2,"enemies":"Looter","floor":10,"turns":2},{"damage":25,"enemies":"Replay:BlueRogue","floor":12,"turns":4},{"damage":5,"enemies":"Large Slime","floor":13,"turns":5},{"damage":12,"enemies":"2 Fungi Beasts","floor":14,"turns":3},{"damage":15,"enemies":"The Guardian","floor":16,"turns":8},{"damage":13,"enemies":"Spheric Guardian","floor":18,"turns":4},{"damage":9,"enemies":"Chosen","floor":20,"turns":3},{"damage":17,"enemies":"Snecko","floor":21,"turns":4},{"damage":30,"enemies":"Chosen and Byrds","floor":22,"turns":5},{"damage":17,"enemies":"Snake Plant","floor":25,"turns":3},{"damage":38,"enemies":"Sentry and Sphere","floor":28,"turns":5},{"damage":12,"enemies":"Snecko","floor":29,"turns":4},{"damage":39,"enemies":"hubris:MusketHawk","floor":33,"turns":6}],"seed_played":"-2861045053054980001","potions_obtained":[{"floor":1,"key":"ColorlessPotion"},{"floor":2,"key":"Swift Potion"},{"floor":5,"key":"Energy Potion"},{"floor":7,"key":"ColorlessPotion"},{"floor":12,"key":"Dexterity Potion"},{"floor":14,"key":"UndeadPotion"},{"floor":18,"key":"SpeedPotion"},{"floor":21,"key":"SpeedPotion"}],"is_trial":false,"path_per_floor":["M","M","?","M","M","E","M","?","T","M","$","E","M","M","R","B",null,"M","?","M","M","M","R","?","M","T","R","M","M","R","$","R","B"],"character_chosen":"NECROMANCER","items_purchased":["Blue Doll","Scare","Gremlin Food"],"campfire_rested":4,"item_purchase_floors":[11,31,31],"current_hp_per_floor":[75,75,75,75,70,50,41,41,41,41,41,18,17,9,31,18,75,64,64,60,48,22,44,44,29,29,51,26,16,38,38,38,0,0],"gold":96,"neow_bonus":"THREE_ENEMY_KILL","is_daily":false,"chose_seed":false,"campfire_upgraded":0,"win_rate":0.0,"timestamp":1611719631,"path_taken":["M","M","?","M","M","E","M","?","T","?","?","E","M","M","R","BOSS","M","?","M","M","?","R","?","M","T","R","M","M","R","$","R","BOSS"],"items_purchased_type":["Relic","Card","Relic"],"build_version":"2020-12-22","purchased_purges":0,"victory":false,"max_hp_per_floor":[75,75,75,75,75,75,75,75,75,75,75,75,75,75,75,75,75,75,75,75,75,75,75,75,75,75,75,75,75,75,75,75,75,75],"card_choices":[{"not_picked":["Negative_Energy_Sphere","Bones_to_Steel"],"picked":"Bone_Armory","floor":1},{"not_picked":["Blood_Is_Power","Negative_Energy_Javelin"],"picked":"Necrotic_Claws","floor":2},{"not_picked":["Negative_Energy_Sphere","Death_Knell"],"picked":"Grasp_Heart","floor":4},{"not_picked":["Bone_Spikes","Bone_Shift"],"picked":"Spectral_Walk","floor":5},{"not_picked":["Shade_Step","Blood_Curse"],"picked":"Bone_Bullets","floor":6},{"not_picked":["Death_Coil","Blood_Curse"],"picked":"Negative_Energy_Javelin","floor":7},{"not_picked":["Pandemic","Bone_Prison"],"picked":"Death_March_Dance","floor":10},{"not_picked":["Hellfire","Skeleton_Dragon"],"picked":"Death_March_Dance","floor":12},{"not_picked":["Shade_Step","Negative_Energy_Javelin"],"picked":"Exploit","floor":13},{"not_picked":["Epidemic","Death_March_Dance"],"picked":"Bone_Shift","floor":14},{"not_picked":["Hellfire","Requiem"],"picked":"Summon_Vampire_Lady","floor":16},{"not_picked":["Death_March_Dance+1","Vampiric_Strike"],"picked":"Negative_Energy_Burst+1","floor":18},{"not_picked":["Blood_Whip+1","Death_March_Dance"],"picked":"Death_Knell","floor":20},{"not_picked":["Death_Coil","Negative_Energy_Mist+1","Slay_Living"],"picked":"SKIP","floor":21},{"not_picked":["Negative_Energy_Mist","Slay_Living","Plague_Bolt"],"picked":"SKIP","floor":22},{"not_picked":["Negative_Energy_Javelin","Chill_Blood"],"picked":"Bones_to_Steel","floor":25},{"not_picked":["Consume_Illness","Death_Coil"],"picked":"Toxic_Smoke_Screen","floor":28},{"not_picked":["Negative_Energy_Sphere","Epidemic"],"picked":"Whirlwind_of_Bones","floor":29}],"player_experience":451516,"relics_obtained":[{"floor":6,"key":"aspiration:StickyExplosives_weak"},{"floor":12,"key":"hubris:SlimyHat"},{"floor":26,"key":"Frozen Egg 2"},{"floor":32,"key":"Ancient Tea Set"}],"event_choices":[{"damage_healed":0,"gold_gain":0,"player_choice":"Ignored","damage_taken":0,"max_hp_gain":0,"max_hp_loss":0,"event_name":"NoteForYourself","floor":8,"gold_loss":0},{"damage_healed":0,"gold_gain":0,"player_choice":"Traded Relic","damage_taken":0,"relics_obtained":["Nloth\u0027s Gift"],"max_hp_gain":0,"max_hp_loss":0,"event_name":"N\u0027loth","floor":19,"relics_lost":["NeowsBlessing"],"gold_loss":0}],"is_beta":false,"boss_relics":[{"not_picked":["SacredBark","bronze:MakeshiftBattery"],"picked":"Astrolabe"}],"items_purged_floors":[],"is_endless":false,"potions_floor_spawned":[1,2,5,7,12,14,18,21,22],"killed_by":"hubris:MusketHawk","ascension_level":0}}