{"host":"7iv10lxbxedtd0qh","time":1611710177,"event":{"mods":["BaseMod","Colored Map","Colored Powertips","Downfall","Minty Spire (QoL Compilation)","StSLib"],"gold_per_floor":[99,110,122,122,134,34,34,44,44,79,89,89,113,128,145,250,250,50,61,161,171,185,204,204,222,222,222],"floor_reached":25,"language":"ENG","playtime":1499,"items_purged":[],"score":244,"play_id":"7ae3d490-2dfb-4b1b-89b0-b3b1464f67a6","local_time":"20210127021617","is_ascension_mode":true,"campfire_choices":[{"floor":1.0,"key":"RECALL"},{"data":"bronze:CloningBeam","floor":6.0,"key":"SMITH"},{"data":"bronze:AlphaBuild","floor":12.0,"key":"SMITH"},{"data":"bronze:Boost","floor":18,"key":"SMITH"}],"circlet_count":0,"master_deck":["bronze:Strike","bronze:Strike","bronze:Strike","bronze:Strike","bronze:Defend","bronze:Defend","bronze:Defend","bronze:Defend","bronze:Replicate","bronze:Goto","bronze:CloningBeam+1","bronze:Boost","bronze:Boost+1","bronze:AlphaBuild+1","bronze:Flail","bronze:FunctionCard","bronze:FineTuning","bronze:Fortify"],"relics":["Coffee Dripper","downfall:HeartBlessingRed","CaptainsWheel","Toy Ornithopter","Cursed Key","downfall:HeartBlessingGreen","downfall:HeartBlessingBlue"],"acts_visited":["Exordium","TheCity"],"potions_floor_usage":[16,16,19],"damage_taken":[{"damage":2.0,"enemies":"2 Louse","floor":2.0,"turns":2.0},{"damage":1.0,"enemies":"Cultist","floor":3.0,"turns":3.0},{"damage":3.0,"enemies":"Jaw Worm","floor":5.0,"turns":3.0},{"damage":2.0,"enemies":"Blue Slaver","floor":8.0,"turns":4.0},{"damage":13.0,"enemies":"Gremlin Nob","floor":10.0,"turns":3.0},{"damage":0.0,"enemies":"Exordium Wildlife","floor":11.0,"turns":2.0},{"damage":10.0,"enemies":"Exordium Thugs","floor":14.0,"turns":2.0},{"damage":6.0,"enemies":"Blue Slaver","floor":15.0,"turns":3.0},{"damage":19,"enemies":"DF_ARCHETYPE_STREAMLINE","floor":16,"turns":10},{"damage":3,"enemies":"Chosen","floor":19,"turns":5},{"damage":40,"enemies":"Centurion and Healer","floor":21,"turns":14},{"damage":4,"enemies":"Shelled Parasite and Fungi","floor":22,"turns":5},{"damage":2,"enemies":"Snecko","floor":23,"turns":3},{"damage":3,"enemies":"Centurion and Healer","floor":25,"turns":5}],"seed_played":"-7439262328753856756","potions_obtained":[{"floor":3.0,"key":"hexamod:SoulburnPotion"},{"floor":8.0,"key":"Swift Potion"},{"floor":10.0,"key":"SteroidPotion"},{"floor":14.0,"key":"Fire Potion"},{"floor":15.0,"key":"Swift Potion"},{"floor":16,"key":"BlessingOfTheForge"},{"floor":19,"key":"SteroidPotion"},{"floor":22,"key":"Ancient Potion"}],"is_trial":false,"path_per_floor":["R","M","M","?","M","R","T","M","?","E","M","R","T","M","M","B",null,"R","M","?","M","M","M","T","M"],"character_chosen":"THE_AUTOMATON","items_purchased":[],"campfire_rested":0,"item_purchase_floors":[],"current_hp_per_floor":[70,68,67,67,64,64,64,62,67,54,54,54,54,44,38,29,75,85,83,83,43,39,37,37,34,34,34],"gold":222,"neow_bonus":"BOSS_RELIC","is_daily":false,"chose_seed":false,"campfire_upgraded":3,"win_rate":0.0,"timestamp":1611710177,"path_taken":["R","M","M","?","?","R","T","M","?","E","M","R","?","M","M","BOSS","R","M","?","M","?","M","T","M"],"items_purchased_type":[],"build_version":"2020-12-22","purchased_purges":0,"victory":false,"max_hp_per_floor":[70,70,70,70,70,70,70,70,75,75,75,75,75,75,75,75,75,85,85,85,85,85,85,85,85,85,85],"card_choices":[{"not_picked":["bronze:WhirlingStrike","bronze:Invalidate"],"picked":"bronze:CloningBeam","floor":2.0},{"not_picked":["bronze:Constructor","bronze:ForceShield"],"picked":"bronze:Boost","floor":3.0},{"not_picked":["bronze:Invalidate","bronze:Deprecate"],"picked":"bronze:AlphaBuild","floor":5.0},{"not_picked":["bronze:ItsAFeature","bronze:BronzeOrb","bronze:DelayedGuard"],"picked":"SKIP","floor":8.0},{"not_picked":["bronze:Turbo","bronze:BuggyMess"],"picked":"bronze:Flail","floor":10.0},{"not_picked":["bronze:DelayedSlice","bronze:BugBarrage","bronze:BuggyMess"],"picked":"SKIP","floor":11.0},{"not_picked":["bronze:Boost","bronze:Separator"],"picked":"bronze:Shell","floor":14.0},{"not_picked":["bronze:Separator","bronze:CutThrough","bronze:Branch"],"picked":"SKIP","floor":15.0},{"not_picked":["bronze:SpaghettiCode","bronze:BurnOut"],"picked":"bronze:Hardcode","floor":16},{"not_picked":["bronze:Turbo","bronze:CutThrough+1"],"picked":"bronze:Iterate+1","floor":19},{"not_picked":["bronze:DelayedSlice","bronze:Terminator"],"picked":"bronze:FineTuning","floor":21},{"not_picked":["bronze:DarkDash+1","bronze:Deprecate"],"picked":"bronze:Fortify","floor":22},{"not_picked":["bronze:WildBeam","bronze:BugBarrage","bronze:TinkerersToolbox"],"picked":"SKIP","floor":23}],"player_experience":728655,"relics_obtained":[{"floor":7.0,"key":"CaptainsWheel"},{"floor":10.0,"key":"Toy Ornithopter"}],"event_choices":[{"damage_healed":0.0,"max_hp_gain":5.0,"max_hp_loss":0.0,"gold_gain":0.0,"event_name":"Big Fish","player_choice":"Donut","floor":9.0,"gold_loss":0.0,"damage_taken":0.0}],"is_beta":false,"boss_relics":[{"not_picked":["Empty Cage","Calling Bell"],"picked":"Cursed Key"}],"items_purged_floors":[],"is_endless":false,"potions_floor_spawned":[3,8,10,14,15,16,19,22,25],"killed_by":"Centurion and Healer","ascension_level":1}}