{"host":"ifd7sfhtlbe34qll","time":1611785932,"event":{"mods":["2.2 Compatiblity","Act Like it!","BaseMod","Block Reminder","Colored Map","Curses Come First","Downfall","Highlight Path","Minty Spire (QoL Compilation)","Potion Indicator Mod","Quick Restart","Random Character Button","Relic Stats","StSLib","SuperFastMode"],"gold_per_floor":[99,119,137,287,0,30,55,85,85,99,130,148,179,191,204,204,204,204],"floor_reached":16,"language":"ENG","playtime":1111,"items_purged":["Doubt"],"score":244,"play_id":"b0879816-5465-4a00-9c4c-261ea2c2f7d4","local_time":"20210127161852","is_ascension_mode":true,"campfire_choices":[{"data":"bronze:Replicate","floor":1.0,"key":"SMITH"},{"floor":9.0,"key":"REST"}],"circlet_count":0,"master_deck":["AscendersBane","bronze:Strike","bronze:Strike","bronze:Strike","bronze:Strike","bronze:Defend","bronze:Defend","bronze:Defend","bronze:Defend","bronze:Replicate+1","bronze:Goto","bronze:Philosophize","bronze:GetLatest","bronze:Optimize","bronze:InfiniteBeams","bronze:ClassDefault","bronze:FineTuning","bronze:Return","bronze:InfiniteBeams","bronze:Flail","bronze:Overheat","bronze:DarkDash"],"relics":["bronze:BronzeCore","Membership Card","Art of War","Orichalcum","InkBottle","Juzu Bracelet","Centennial Puzzle"],"acts_visited":["Exordium"],"potions_floor_usage":[],"damage_taken":[{"damage":9.0,"enemies":"Small Slimes","floor":2.0,"turns":4.0},{"damage":6.0,"enemies":"2 Louse","floor":3.0,"turns":3.0},{"damage":0.0,"enemies":"downfall:FleeingMerchant","floor":5.0,"turns":4.0},{"damage":24.0,"enemies":"Lagavulin","floor":8.0,"turns":7.0},{"damage":0.0,"enemies":"Jaw Worm","floor":10.0,"turns":1.0},{"damage":8.0,"enemies":"Gremlin Nob","floor":11.0,"turns":3.0},{"damage":0.0,"enemies":"Large Slime","floor":12.0,"turns":4.0},{"damage":27.0,"enemies":"3 Sentries","floor":13.0,"turns":5.0},{"damage":0.0,"enemies":"Lots of Slimes","floor":14.0,"turns":2.0},{"damage":2.0,"enemies":"Blue Slaver","floor":15.0,"turns":2.0},{"damage":14,"enemies":"DF_ARCHETYPE_STREAMLINE","floor":16,"turns":3}],"seed_played":"5909758997525065115","potions_obtained":[{"floor":8.0,"key":"bronze:BurnAndBuffPotion"},{"floor":10.0,"key":"Weak Potion"},{"floor":13.0,"key":"GamblersBrew"},{"floor":14.0,"key":"SkillPotion"}],"is_trial":false,"path_per_floor":["R","M","M","?","$","?","T","E","R","M","E","M","E","M","M","B"],"character_chosen":"THE_AUTOMATON","items_purchased":["Membership Card","bronze:InfiniteBeams","FearPotion"],"campfire_rested":1,"item_purchase_floors":[5,5,5],"current_hp_per_floor":[63,54,48,48,48,48,48,24,44,44,36,36,9,9,7,0,0,0],"gold":204,"neow_bonus":"TEN_PERCENT_HP_BONUS","is_daily":false,"chose_seed":false,"campfire_upgraded":1,"win_rate":0.0,"timestamp":1611785932,"path_taken":["R","M","M","?","$","?","T","E","R","M","E","M","E","M","M","BOSS"],"items_purchased_type":["Relic","Card","Potion"],"build_version":"2020-12-22","purchased_purges":1,"victory":false,"max_hp_per_floor":[69,69,69,69,69,69,69,69,69,69,69,69,69,69,69,69,69,69],"relic_stats":{"Centennial Puzzle":[3],"counters":[11,38],"Art of War":[1],"Juzu Bracelet":0,"Orichalcum":[90],"obtain_stats":[{"Centennial Puzzle":13,"bronze:BronzeCore":0,"Art of War":6,"Juzu Bracelet":11,"Membership Card":5,"Orichalcum":7,"InkBottle":8},{"Centennial Puzzle":8,"bronze:BronzeCore":0,"Art of War":3,"Juzu Bracelet":6,"Membership Card":3,"Orichalcum":3,"InkBottle":4},{"Centennial Puzzle":31,"bronze:BronzeCore":0,"Art of War":11,"Juzu Bracelet":22,"Membership Card":11,"Orichalcum":11,"InkBottle":18}],"InkBottle":[7]},"card_choices":[{"not_picked":["bronze:Iterate","bronze:DelayedSlice"],"picked":"bronze:Philosophize","floor":2.0},{"not_picked":["bronze:DelayedSlice","bronze:Turbo"],"picked":"bronze:GetLatest","floor":3.0},{"not_picked":["bronze:ForceShield","bronze:BuggyMess"],"picked":"bronze:Optimize","floor":5.0},{"not_picked":["bronze:BitShift","bronze:Repulsor"],"picked":"bronze:ClassDefault","floor":8.0},{"not_picked":["bronze:Refactor","bronze:Optimize"],"picked":"bronze:FineTuning","floor":10.0},{"not_picked":["bronze:ChildClass","bronze:Shell"],"picked":"bronze:Return","floor":11.0},{"not_picked":["bronze:DelayedSlice","bronze:ShipIt"],"picked":"bronze:InfiniteBeams","floor":12.0},{"not_picked":["bronze:DelayedSlice","bronze:Allocate"],"picked":"bronze:Flail","floor":13.0},{"not_picked":["bronze:Invalidate","bronze:Turbo"],"picked":"bronze:Overheat","floor":14.0},{"not_picked":["bronze:Repulsor","bronze:ForceShield"],"picked":"bronze:DarkDash","floor":15.0}],"player_experience":1717986,"relics_obtained":[{"floor":7.0,"key":"Orichalcum"},{"floor":8.0,"key":"InkBottle"},{"floor":11.0,"key":"Juzu Bracelet"},{"floor":13.0,"key":"Centennial Puzzle"}],"event_choices":[],"is_beta":false,"boss_relics":[],"items_purged_floors":[5],"is_endless":false,"potions_floor_spawned":[8,10,13,14],"killed_by":"DF_ARCHETYPE_STREAMLINE","ascension_level":20}}