{"host":"xp5rvh2jwe2ejyfm","time":1611705771,"event":{"mods":["Aspiration","BaseMod","BetterRewards","Colored Powertips","Conspire","Downfall","Duelist Mod","GifTheSpireLib","Gremlin Mod","Hermit","Hubris","Minty Spire (QoL Compilation)","Robot Space Explorer","StSLib","The Blackbeard","The Clintock","The Construct","The Cursed","The Disciple","The Forsaken","The Hierophant","The Necromancer","The Runesmith","The Servant 0.9.4"],"gold_per_floor":[111,129,304,316,328,358,368,393,393,440,440,440],"floor_reached":11,"language":"ENG","playtime":374,"items_purged":[],"score":85,"play_id":"9e6c4133-30b8-4100-8ed7-4f6b0ca6e8a1","local_time":"20210126190251","is_ascension_mode":false,"campfire_choices":[],"circlet_count":0,"master_deck":["TheCursedMod:Strike_TheCursed","TheCursedMod:Strike_TheCursed","TheCursedMod:Strike_TheCursed","TheCursedMod:Strike_TheCursed","TheCursedMod:Defend_TheCursed","TheCursedMod:Defend_TheCursed","TheCursedMod:Defend_TheCursed","TheCursedMod:Defend_TheCursed","TheCursedMod:CursedWand","TheCursedMod:CleanUpWorkshop","TheCursedMod:Dregs","TheCursedMod:CursedBoomerang","TheCursedMod:CursedBlade","Doubt","TheCursedMod:CircleOfFlame","TheCursedMod:SmokeScreen","TheCursedMod:HellfireBreathing","TheCursedMod:FleshFromBone","TheCursedMod:CircleOfFlame"],"relics":["TheCursedMod:BlackMagic101","aspiration:DSix","Pear","theForsaken:Lifeblossom"],"acts_visited":["Exordium"],"potions_floor_usage":[6,8,8,11],"damage_taken":[{"damage":2,"enemies":"Cultist","floor":1,"turns":4},{"damage":1,"enemies":"Jaw Worm","floor":2,"turns":3},{"damage":3,"enemies":"Small Slimes","floor":4,"turns":3},{"damage":4,"enemies":"Blue Slaver","floor":5,"turns":4},{"damage":32,"enemies":"Lagavulin","floor":6,"turns":6},{"damage":13,"enemies":"Lots of Slimes","floor":7,"turns":2},{"damage":11,"enemies":"3 Sentries","floor":8,"turns":6},{"damage":26,"enemies":"Gremlin Nob","floor":11,"turns":4}],"seed_played":"3377113928702667303","potions_obtained":[{"floor":1,"key":"FearPotion"},{"floor":6,"key":"LiquidBronze"},{"floor":7,"key":"LiquidMemories"},{"floor":8,"key":"TheCursedMod:DregsPotion"}],"is_trial":false,"path_per_floor":["M","M","?","M","M","E","M","E","T","T","E"],"character_chosen":"THE_CURSED","items_purchased":[],"campfire_rested":0,"item_purchase_floors":[],"current_hp_per_floor":[73,72,72,69,65,43,30,19,19,19,0,0],"gold":440,"neow_bonus":"DSIX","is_daily":false,"chose_seed":false,"campfire_upgraded":0,"win_rate":0.0,"timestamp":1611705771,"path_taken":["M","M","?","M","M","E","M","E","T","?","E"],"items_purchased_type":[],"build_version":"2020-12-22","purchased_purges":0,"victory":false,"max_hp_per_floor":[75,75,75,75,75,85,85,85,85,85,85,85],"card_choices":[{"not_picked":["TheCursedMod:SmokeScreen","TheCursedMod:CursedMace"],"picked":"TheCursedMod:CursedBoomerang","floor":1},{"not_picked":["TheCursedMod:RapidMovement","TheCursedMod:Stretching"],"picked":"TheCursedMod:CursedBlade","floor":2},{"not_picked":["TheCursedMod:Stretching","TheCursedMod:OutForBlood"],"picked":"TheCursedMod:CircleOfFlame","floor":4},{"not_picked":["TheCursedMod:AshesToAshes","TheCursedMod:StingEye"],"picked":"TheCursedMod:SmokeScreen","floor":5},{"not_picked":["TheCursedMod:BlessingInDisguise","TheCursedMod:BloodBarrier"],"picked":"TheCursedMod:HellfireBreathing","floor":6},{"not_picked":["TheCursedMod:Obscuration","TheCursedMod:Wield"],"picked":"TheCursedMod:FleshFromBone","floor":7},{"not_picked":["TheCursedMod:CursedSpellbook","TheCursedMod:Stretching"],"picked":"TheCursedMod:CircleOfFlame","floor":8}],"player_experience":359282,"relics_obtained":[{"floor":6,"key":"Pear"},{"floor":8,"key":"theForsaken:Lifeblossom"}],"event_choices":[{"damage_healed":0,"gold_gain":175,"player_choice":"AGREE","damage_taken":0,"max_hp_gain":0,"max_hp_loss":0,"event_name":"Liars Game","floor":3,"gold_loss":0,"cards_obtained":["Doubt"]}],"is_beta":false,"boss_relics":[],"items_purged_floors":[],"is_endless":false,"potions_floor_spawned":[1,6,7,8],"killed_by":"Gremlin Nob","ascension_level":0}}