{"host":"rqwnmhn71fwyjegj","time":1611760242,"event":{"mods":["AchievementEnabler","BaseMod","Minty Spire (QoL Compilation)"],"gold_per_floor":[115,130,130,81,81,81,98,108,108,142,152,152,166,166,166],"floor_reached":14,"language":"ENG","playtime":433,"items_purged":[],"score":124,"play_id":"691d3d16-40a5-42e8-9edc-5bd7ba038322","local_time":"20210127151042","is_ascension_mode":true,"campfire_choices":[{"data":"Bouncing Flask","floor":6,"key":"SMITH"}],"circlet_count":0,"master_deck":["Strike_G","Strike_G","Strike_G","Strike_G","Strike_G","Defend_G","Defend_G","Defend_G","Defend_G","Defend_G","Survivor","Neutralize","Flying Knee","Bouncing Flask+1","Sucker Punch","Poisoned Stab","Catalyst+1"],"relics":["Ring of the Snake","Meat on the Bone","Shuriken"],"acts_visited":["Exordium"],"potions_floor_usage":[],"damage_taken":[{"damage":1,"enemies":"2 Louse","floor":1,"turns":3},{"damage":9,"enemies":"Jaw Worm","floor":2,"turns":5},{"damage":0,"enemies":"Cultist","floor":7,"turns":3},{"damage":2,"enemies":"2 Fungi Beasts","floor":8,"turns":3},{"damage":17,"enemies":"Gremlin Nob","floor":10,"turns":4},{"damage":8,"enemies":"3 Louse","floor":11,"turns":4},{"damage":34,"enemies":"Exordium Thugs","floor":13,"turns":5},{"damage":31,"enemies":"3 Sentries","floor":14,"turns":6}],"seed_played":"-9032289419014914","potions_obtained":[{"floor":2,"key":"FearPotion"},{"floor":8,"key":"FearPotion"},{"floor":13,"key":"Weak Potion"}],"is_trial":false,"path_per_floor":["M","M","?","$","?","R","M","M","T","E","M","?","M","E"],"character_chosen":"THE_SILENT","items_purchased":["Sucker Punch"],"campfire_rested":0,"item_purchase_floors":[4],"current_hp_per_floor":[69,60,60,60,77,77,77,75,75,58,50,50,28,0,0],"gold":166,"neow_bonus":"TEN_PERCENT_HP_BONUS","is_daily":false,"chose_seed":false,"campfire_upgraded":1,"win_rate":0.0,"timestamp":1611760242,"path_taken":["M","M","?","$","?","R","M","M","T","E","?","?","M","E"],"items_purchased_type":["Card"],"build_version":"2020-12-22","purchased_purges":0,"victory":false,"max_hp_per_floor":[77,77,77,77,77,77,77,77,77,77,77,77,77,77,77],"card_choices":[{"not_picked":["PiercingWail","Skewer"],"picked":"Flying Knee","floor":1},{"not_picked":["Prepared","Blade Dance"],"picked":"Bouncing Flask","floor":2},{"not_picked":["Slice","Bane"],"picked":"Poisoned Stab","floor":7},{"not_picked":["Dagger Spray","Slice","Calculated Gamble"],"picked":"SKIP","floor":8},{"not_picked":["Dagger Spray","Reflex","Prepared"],"picked":"SKIP","floor":10},{"not_picked":["Dodge and Roll","Caltrops"],"picked":"Catalyst","floor":11},{"not_picked":["Acrobatics","Predator","Finisher"],"picked":"SKIP","floor":13}],"player_experience":334876,"relics_obtained":[{"floor":9,"key":"Meat on the Bone"},{"floor":10,"key":"Shuriken"}],"event_choices":[{"damage_healed":0,"gold_gain":0,"player_choice":"Ignored","damage_taken":0,"max_hp_gain":0,"max_hp_loss":0,"event_name":"Liars Game","floor":3,"gold_loss":0},{"damage_healed":17,"gold_gain":0,"player_choice":"Full Heal","damage_taken":0,"max_hp_gain":0,"max_hp_loss":0,"event_name":"Wheel of Change","floor":5,"gold_loss":0},{"damage_healed":0,"gold_gain":0,"player_choice":"Grow","damage_taken":0,"max_hp_gain":0,"max_hp_loss":0,"event_name":"Living Wall","floor":12,"gold_loss":0,"cards_upgraded":["Catalyst"]}],"is_beta":false,"boss_relics":[],"items_purged_floors":[],"is_endless":false,"potions_floor_spawned":[2,8,13],"killed_by":"3 Sentries","ascension_level":7}}