{"host":"ws1rigs6jhqnf67d","time":1611756280,"event":{"mods":["BaseMod","Downfall","Friendly Minions","KinomotoSakuraMod(ƒæ÷Æ±æ”£)","Kiyohime£®«Âºß£©","Lobotomy","LobotomyExtend","Marisa£®ÏF”Í°°ƒß¿Ì…≥£©","Minty Spire (QoL Compilation)","Remilia£®¿Ÿ√◊¿Ú—«£©","StSLib","The Bug Knight","The Senshi","Youmu£®ªÍ∆«—˝√Œ£©","[IsaacMod]“‘»ˆº‚À˛"],"gold_per_floor":[117,130,147,166,166,199,199,226,226,226,202,222,222,236,236,256,256,271,311,336,186,202,202,202,227,227,358,358,371,114,114,137,160,199,199,199,199,199,237,261,280,301,301,427,427,451,465,485,504,522,558,558,591,603,615,646,676,724,752,764,790,802],"floor_reached":52,"language":"ZHS","playtime":2337,"items_purged":[],"score":1554,"play_id":"a3f4e946-200e-4a63-a8b4-4b910e077c98","local_time":"20210127220440","is_ascension_mode":true,"campfire_choices":[{"data":"HollowMod:PogoStrike","floor":7,"key":"SMITH"},{"data":"HollowMod:NailStrikeStart","floor":10,"key":"SMITH"},{"data":"HollowMod:DashSlash","floor":6,"key":"SMITH"},{"data":"HollowMod:NailStrikeStart","floor":12,"key":"SMITH"},{"data":"HollowMod:QuickDashStart","floor":15,"key":"SMITH"},{"data":"HollowMod:QuickDashStart","floor":25,"key":"SMITH"},{"data":"HollowMod:NailStrikeStart","floor":27,"key":"SMITH"},{"data":"HollowMod:DashSlash","floor":32,"key":"SMITH"},{"data":"HollowMod:Weaversong","floor":44,"key":"SMITH"},{"data":"HollowMod:NailStrikeStart","floor":49,"key":"SMITH"}],"circlet_count":0,"master_deck":["HollowMod:NailStrikeStart+1","HollowMod:NailStrikeStart+1","HollowMod:NailStrikeStart+1","HollowMod:NailStrikeStart+1","HollowMod:QuickDashStart+1","HollowMod:QuickDashStart+1","HollowMod:QuickDashStart","HollowMod:FocusHealStart+1","HollowMod:PogoStrike+1","HollowMod:DashSlash+1","HollowMod:DashSlash+1","HollowMod:CloakDash+1","HollowMod:Weaversong+1","HollowMod:CloakDash+1"],"relics":["HollowMod:VesselMask","HushsDoor","SatanicBible","Oddly Smooth Stone","Mummified Hand","Kunai","LetterFromLob","Golden Idol","theSenshi:FeatherClipsRelic","Bronze Scales","HollowMod:KingsBrand","HollowMod:PaleOreRelic","Philosopher\u0027s Stone","Ornamental Fan","Torii","Singing Bowl","Art of War","MagicMushroom","Ginger","MawBank","GuppysHead","SalivaCoin"],"acts_visited":["Exordium","TheCity","TheBeyond"],"potions_floor_usage":[8,8,23,28,50,50],"damage_taken":[{"damage":0,"enemies":"Small Slimes","floor":1,"turns":2},{"damage":0,"enemies":"Jaw Worm","floor":2,"turns":2},{"damage":0,"enemies":"Cultist","floor":3,"turns":2},{"damage":0,"enemies":"2 Fungi Beasts","floor":4,"turns":4},{"damage":0,"enemies":"Gremlin Nob","floor":6,"turns":3},{"damage":16,"enemies":"Lagavulin","floor":8,"turns":7},{"damage":1,"enemies":"Jaw Worm","floor":1,"turns":2},{"damage":0,"enemies":"Small Slimes","floor":3,"turns":3},{"damage":0,"enemies":"Cultist","floor":5,"turns":2},{"damage":0,"enemies":"Exordium Wildlife","floor":7,"turns":3},{"damage":16,"enemies":"Lagavulin","floor":8,"turns":5},{"damage":1,"enemies":"Blue Slaver","floor":11,"turns":2},{"damage":0,"enemies":"Looter","floor":14,"turns":2},{"damage":0,"enemies":"Slime Boss","floor":16,"turns":6},{"damage":0,"enemies":"Chosen","floor":18,"turns":3},{"damage":0,"enemies":"Spheric Guardian","floor":21,"turns":3},{"damage":0,"enemies":"Centurion and Healer","floor":22,"turns":4},{"damage":0,"enemies":"Gremlin Leader","floor":23,"turns":6},{"damage":0,"enemies":"Slavers","floor":28,"turns":4},{"damage":0,"enemies":"Snecko","floor":29,"turns":3},{"damage":0,"enemies":"Snake Plant","floor":30,"turns":3},{"damage":1,"enemies":"Centurion and Healer","floor":31,"turns":4},{"damage":19,"enemies":"Collector","floor":33,"turns":14},{"damage":0,"enemies":"3 Darklings","floor":35,"turns":3},{"damage":0,"enemies":"3 Shapes","floor":36,"turns":2},{"damage":0,"enemies":"Spire Growth","floor":37,"turns":3},{"damage":0,"enemies":"Jaw Worm Horde","floor":38,"turns":2},{"damage":0,"enemies":"Maw","floor":39,"turns":5},{"damage":47,"enemies":"Giant Head","floor":40,"turns":8},{"damage":0,"enemies":"Nemesis","floor":42,"turns":5},{"damage":0,"enemies":"4 Shapes","floor":45,"turns":3},{"damage":0,"enemies":"3 Darklings","floor":46,"turns":3},{"damage":0,"enemies":"Giant Head","floor":47,"turns":7},{"damage":0,"enemies":"Spire Growth","floor":48,"turns":3},{"damage":19,"enemies":"Donu and Deca","floor":50,"turns":6}],"seed_played":"-4747510847744095404","potions_obtained":[{"floor":2,"key":"CultistPotion"},{"floor":6,"key":"Weak Potion"},{"floor":8,"key":"FearPotion"},{"floor":1,"key":"Swift Potion"},{"floor":3,"key":"Strength Potion"},{"floor":8,"key":"Fire Potion"},{"floor":21,"key":"AttackPotion"},{"floor":23,"key":"LiquidBronze"},{"floor":30,"key":"Ancient Potion"}],"is_trial":false,"path_per_floor":["M","M","M","M","?","E","R","E","T","R","$","E","M","?","M","?","M","R","M","E","T","$","M","R","E","M","R","B",null,"M","$","?","M","M","E","?","R","T","R","E","M","M","M","R","B",null,"M","M","M","M","M","E","?","E","T","R","M","M","E","M","R","B",null,null],"character_chosen":"THE_BUGKNIGHT","items_purchased":["HollowMod:DashSlash","HollowMod:PaleOreRelic","Ornamental Fan"],"campfire_rested":0,"item_purchase_floors":[11,10,19],"current_hp_per_floor":[75,75,75,75,80,80,80,70,70,70,70,70,70,70,63,69,69,74,70,70,70,74,74,74,74,74,74,74,74,74,74,74,74,74,74,74,74,74,74,76,78,78,78,65,82,87,89,91,93,95,62,64,81,81,81,100,103,105,107,107,94,94],"gold":814,"neow_bonus":"UPGRADE_CARD","is_daily":false,"chose_seed":false,"campfire_upgraded":10,"win_rate":0.0,"timestamp":1611756280,"path_taken":["M","M","M","M","?","E","R","E","T","R","$","E","M","?","M","?","M","R","M","E","T","$","M","R","E","M","R","BOSS","M","$","?","M","M","E","?","R","T","R","E","M","?","M","R","BOSS","M","M","M","M","M","E","?","E","T","R","?","M","E","M","R","BOSS"],"items_purchased_type":["Card","Relic","Relic"],"build_version":"2020-12-22","purchased_purges":0,"victory":true,"max_hp_per_floor":[75,75,75,75,80,80,80,80,80,80,80,80,74,74,74,74,74,74,74,74,74,74,74,74,74,74,74,74,74,74,74,74,74,74,74,74,74,74,74,76,78,78,78,78,85,87,89,91,93,95,97,99,99,99,99,101,103,105,107,107,107,107],"card_choices":[{"not_picked":[],"picked":"ChaosCard","floor":0},{"not_picked":["HollowMod:HuntersJournal","HollowMod:ShadowDash"],"picked":"Bomb","floor":1},{"not_picked":["HollowMod:InfectedAttack","HollowMod:GrimmsGift","HollowMod:AbyssShriek"],"picked":"SKIP","floor":2},{"not_picked":["HollowMod:NewLittleFool","HollowMod:SharpenedNail","HollowMod:SiblingsSouls"],"picked":"SKIP","floor":3},{"not_picked":["HollowMod:FallenFury","HollowMod:ElderbugsWisdom","HollowMod:HeavyBlow"],"picked":"SKIP","floor":4},{"not_picked":["HollowMod:SharpenedNail","HollowMod:WraithStrike","HollowMod:MonomonsArchive"],"picked":"SKIP","floor":6},{"not_picked":["HollowMod:SoulShaman","HollowMod:CrystalDash","HollowMod:HowlingWraiths"],"picked":"SKIP","floor":8},{"not_picked":["HollowMod:DoubleDash","HollowMod:SharpenedNail","HollowMod:DesolateDive"],"picked":"SKIP","floor":1},{"not_picked":["HollowMod:CycloneSlash","HollowMod:SharpenedNail","HollowMod:WraithStrike"],"picked":"SKIP","floor":3},{"not_picked":["HollowMod:AbyssShriek","HollowMod:NewLittleFool","HollowMod:PureNailStrike"],"picked":"SKIP","floor":5},{"not_picked":["HollowMod:AwokenDreamNail","HollowMod:CycloneSlash","HollowMod:SoulStrike"],"picked":"SKIP","floor":7},{"not_picked":["HollowMod:MothsMistake","HollowMod:LifebloodCocoon","HollowMod:FastStrike"],"picked":"SKIP","floor":8},{"not_picked":["HollowMod:PureNailStrike","HollowMod:DescendingDark","HollowMod:SoulEater"],"picked":"SKIP","floor":11},{"not_picked":["HollowMod:CycloneSlash","HollowMod:SharpenedShadows","HollowMod:LifebloodCocoon"],"picked":"SKIP","floor":14},{"not_picked":["HollowMod:ShadowDash","HollowMod:ChannelNail","HollowMod:CornifersMapStart"],"picked":"SKIP","floor":18},{"not_picked":["HollowMod:LuriensSpire+1","HollowMod:CornifersMapStart+1","HollowMod:CycloneSlash"],"picked":"SKIP","floor":21},{"not_picked":["HollowMod:ZotesMagnificence","HollowMod:PureNailStrike","HollowMod:GoodIntentions+1"],"picked":"SKIP","floor":22},{"not_picked":["HollowMod:MothsMistake","HollowMod:SoulSplash","HollowMod:SiblingsShadow+1"],"picked":"SKIP","floor":23},{"not_picked":["HollowMod:HowlingWraiths","HollowMod:TaintedHusks"],"picked":"HollowMod:DashSlash","floor":28},{"not_picked":["HollowMod:DungDefenderAura","HollowMod:ShadowDash","HollowMod:SoulStrike+1"],"picked":"Singing Bowl","floor":29},{"not_picked":["HollowMod:VengefulSpirit","HollowMod:SoulStrike","HollowMod:SiblingsShadow"],"picked":"Singing Bowl","floor":30},{"not_picked":["HollowMod:ShadowDash+1","HollowMod:VengefulVoid"],"picked":"HollowMod:CloakDash+1","floor":31},{"not_picked":["HollowMod:ElderbugsWisdom","HollowMod:MidwifesHunger"],"picked":"HollowMod:Weaversong","floor":33},{"not_picked":["HollowMod:InfectedCysts+1","HollowMod:WraithStrike","HollowMod:DungDefenderAura+1"],"picked":"Singing Bowl","floor":35},{"not_picked":["HollowMod:FastStrike+1","HollowMod:SharpenedNail+1","HollowMod:SoulSplash+1"],"picked":"Singing Bowl","floor":36},{"not_picked":["HollowMod:CycloneSlash+1","HollowMod:WraithStrike","HollowMod:GoodIntentions"],"picked":"Singing Bowl","floor":37},{"not_picked":["HollowMod:ShapeofUnn+1","HollowMod:InfectedCysts","HollowMod:PureNailStrike"],"picked":"Singing Bowl","floor":38},{"not_picked":["HollowMod:ChannelNail+1","HollowMod:CloakDash","HollowMod:NewInfectedGuardian"],"picked":"Singing Bowl","floor":39},{"not_picked":["HollowMod:ChannelNail","HollowMod:LifebloodCocoon+1","HollowMod:SoulMaster"],"picked":"Singing Bowl","floor":40},{"not_picked":["Forethought","Discovery","PanicButton"],"picked":"Singing Bowl","floor":41},{"not_picked":["HollowMod:LifebloodCocoon","HollowMod:NewLittleFool"],"picked":"HollowMod:CloakDash+1","floor":42},{"not_picked":["HollowMod:TaintedHusks","HollowMod:CycloneSlash","HollowMod:BrokenVessel"],"picked":"Singing Bowl","floor":45},{"not_picked":["HollowMod:NewGlowingWomb+1","HollowMod:NewJinnsSoul","HollowMod:BaldurShell"],"picked":"Singing Bowl","floor":46},{"not_picked":["HollowMod:NewLittleFool","HollowMod:DungDefenderAura+1","HollowMod:InfectedAttack+1"],"picked":"Singing Bowl","floor":47},{"not_picked":["HollowMod:NewGlowingWomb","HollowMod:FallenFury","HollowMod:InfectedCysts+1"],"picked":"Singing Bowl","floor":48}],"player_experience":949967,"relics_obtained":[{"floor":1,"key":"LetterFromLob"},{"floor":6,"key":"Oddly Smooth Stone"},{"floor":8,"key":"Mummified Hand"},{"floor":9,"key":"Kunai"},{"floor":1,"key":"LetterFromLob"},{"floor":8,"key":"Bronze Scales"},{"floor":9,"key":"HollowMod:KingsBrand"},{"floor":23,"key":"Torii"},{"floor":26,"key":"Singing Bowl"},{"floor":28,"key":"Art of War"},{"floor":40,"key":"Ginger"},{"floor":42,"key":"MawBank"},{"floor":43,"key":"GuppysHead"},{"floor":47,"key":"SalivaCoin"}],"event_choices":[{"damage_healed":0,"gold_gain":0,"player_choice":"Donut","damage_taken":0,"max_hp_gain":5,"max_hp_loss":0,"event_name":"Big Fish","floor":5,"gold_loss":0},{"damage_healed":0,"gold_gain":0,"player_choice":"Lose Max HP","damage_taken":0,"relics_obtained":["Golden Idol"],"max_hp_gain":0,"max_hp_loss":6,"event_name":"Golden Idol","floor":2,"gold_loss":0},{"damage_healed":0,"gold_gain":0,"player_choice":"Success","damage_taken":7,"relics_obtained":["theSenshi:FeatherClipsRelic"],"max_hp_gain":0,"max_hp_loss":0,"event_name":"Scrap Ooze","floor":4,"gold_loss":0},{"damage_healed":0,"gold_gain":0,"player_choice":"Ignored","damage_taken":0,"max_hp_gain":0,"max_hp_loss":0,"event_name":"Ghosts","floor":24,"gold_loss":0},{"damage_healed":0,"gold_gain":0,"player_choice":"Memory 1","damage_taken":0,"max_hp_gain":0,"max_hp_loss":0,"event_name":"SensoryStone","floor":41,"gold_loss":0}],"is_beta":false,"boss_relics":[{"not_picked":["Runic Dome","Astrolabe"],"picked":"Philosopher\u0027s Stone"},{"not_picked":[]},{"not_picked":["theSenshi:MoonKaleidoScopeRelic","SacredBark"],"picked":"MagicMushroom"},{"not_picked":[]}],"items_purged_floors":[],"is_endless":false,"potions_floor_spawned":[2,6,8,1,3,8,21,23,30,33,37,39,42,45,48],"ascension_level":5}}