{"host":"tfkz8stxzb1up54p","time":1611737261,"event":{"mods":["AchievementEnabler","BaseMod","Better Note","Block Reminder","Colored Powertips","Curses Come First","Disable Question Mark Monsters","Displayed Cursed Tome","Emptier Cage","Gold Saver","Gremlin Skip","Halation","Highlight Path","Minty Spire (QoL Compilation)","Permanent Neow","Poor People Problems","Relic Filter Mod","Reliquary","Replay The Spire","StSLib"],"gold_per_floor":[1038,1053,230,245,245,275,275,305,305,339,339,14,50,66,66,170,170,188,225,242,242,157,197,197,237,237,276,292,292,328,346,346,450,450,467,487,162,72,91,125,125,161,161,161,194,194,216,249,249,257],"floor_reached":51,"language":"ENG","playtime":4869,"items_purged":["Defend_R","Reprogram"],"score":1046,"play_id":"76ce3a04-b8d5-4ba2-a2cb-427de514f206","local_time":"20210127084741","daily_mods":["Heirloom","Blue Cards","Elite Swarm"],"is_ascension_mode":false,"campfire_choices":[{"data":"1","floor":7,"key":"LIFT"},{"data":"2","floor":15,"key":"LIFT"},{"data":"3","floor":29,"key":"LIFT"},{"floor":32,"key":"DIG"},{"data":"Limit Break","floor":44,"key":"SMITH"},{"data":"Echo Form","floor":46,"key":"SMITH"},{"data":"Echo Form","floor":49,"key":"SMITH"}],"circlet_count":0,"master_deck":["Bash","Blind","Cold Snap","Entrench+1","Feed+1","Flex+1","Leap","Feed","Rage","Go for the Eyes","ReplayTheSpireMod:Stacked","Beam Cell","Berserk","Limit Break+1","Echo Form+1","Rage+1","Reboot","Dropkick+1","Echo Form+1","ReplayTheSpireMod:Stacked","ReplaySolidLightProjector","Barricade+1","Dual Wield+1","Buffer","Cleave+1","Beam Cell+1","Rage+1","Demon Form","Feed","Amplify","Seeing Red","Reboot"],"relics":["Burning Blood","Turnip","Shuriken","Pantograph","Medical Kit","Girya","halation:IllGainedPizza","Replay:Wax Seal","reliquary:Firecrackers","StrikeDummy","reliquary:TuningFork","Honey Jar","Pear","Quantum Egg","Divine Protection","Ancient Tea Set","reliquary:SharkskinSheath","halation:SwordOfLegend","ReplayTheSpireMod:Shallot","Pandora\u0027s Box","Membership Card","Replay:WaspNest","reliquary:PartyBalloon","ReplayFunnel","ReplayTheSpireMod:Ninjato","Ginger","War Paint"],"acts_visited":["Exordium","TheCity","TheBeyond"],"potions_floor_usage":[2,6,6,16,25,28,31,36,42,45,50,50],"damage_taken":[{"damage":5,"enemies":"2 Louse","floor":1,"turns":3},{"damage":0,"enemies":"Cultist","floor":2,"turns":4},{"damage":0,"enemies":"Small Slimes","floor":4,"turns":3},{"damage":12,"enemies":"Lagavulin","floor":6,"turns":14},{"damage":3,"enemies":"Replay:BlueRogue","floor":8,"turns":6},{"damage":21,"enemies":"Lagavulin","floor":10,"turns":9},{"damage":9,"enemies":"Replay:BlueRogue","floor":13,"turns":8},{"damage":2,"enemies":"Red Slaver","floor":14,"turns":2},{"damage":35,"enemies":"Slime Boss","floor":16,"turns":12},{"damage":18,"enemies":"2 Thieves","floor":18,"turns":3},{"damage":3,"enemies":"3 Byrds","floor":19,"turns":6},{"damage":12,"enemies":"Snecko","floor":20,"turns":4},{"damage":28,"enemies":"Slavers","floor":23,"turns":7},{"damage":4,"enemies":"Replay:Snechameleon","floor":25,"turns":5},{"damage":17,"enemies":"Gremlin Leader","floor":27,"turns":4},{"damage":0,"enemies":"Centurion and Healer","floor":28,"turns":4},{"damage":0,"enemies":"Replay:Snechameleon","floor":30,"turns":3},{"damage":3,"enemies":"Snake Plant","floor":31,"turns":2},{"damage":0,"enemies":"Champ","floor":33,"turns":8},{"damage":0,"enemies":"Orb Walker","floor":35,"turns":3},{"damage":0,"enemies":"3 Shapes","floor":36,"turns":4},{"damage":0,"enemies":"Writhing Mass","floor":39,"turns":5},{"damage":2,"enemies":"Giant Head","floor":40,"turns":7},{"damage":27,"enemies":"Nemesis","floor":42,"turns":7},{"damage":12,"enemies":"Reptomancer","floor":45,"turns":5},{"damage":17,"enemies":"3 Darklings","floor":47,"turns":3},{"damage":0,"enemies":"Giant Head","floor":48,"turns":6},{"damage":43,"enemies":"Awakened One","floor":50,"turns":6}],"seed_played":"-8653540479942029245","potions_obtained":[{"floor":1,"key":"SteroidPotion"},{"floor":2,"key":"HeartOfIron"},{"floor":4,"key":"PowerPotion"},{"floor":14,"key":"ElixirPotion"},{"floor":20,"key":"Milkshake"},{"floor":23,"key":"SkillPotion"},{"floor":25,"key":"Swift Potion"},{"floor":30,"key":"SpeedPotion"},{"floor":33,"key":"AttackPotion"},{"floor":39,"key":"Swift Potion"},{"floor":42,"key":"BlessingOfTheForge"},{"floor":45,"key":"Reflective Coating"}],"is_trial":false,"path_per_floor":["M","M","$","M","?","E","R","E","T","E","?","$","E","M","R","B",null,"M","M","M","?","?","E","?","E","T","E","M","R","E","M","R","B",null,"M","M","$","?","M","E","?","E","T","R","E","R","M","E","R","B",null],"character_chosen":"IRONCLAD","items_purchased":["Shuriken","Pantograph","Medical Kit","Blind","StrikeDummy","Flex","Leap","Membership Card","Replay:WaspNest"],"campfire_rested":0,"item_purchase_floors":[3,3,3,3,12,12,12,37,37],"current_hp_per_floor":[80,80,80,80,80,74,74,77,77,62,62,62,63,71,71,63,92,87,94,91,91,101,86,80,85,85,78,91,91,101,107,110,144,147,150,154,154,154,157,160,160,143,143,158,156,159,148,154,160,134],"gold":257,"neow_bonus":"","is_daily":true,"chose_seed":false,"campfire_upgraded":3,"win_rate":0.0,"timestamp":1611737261,"path_taken":["M","M","$","M","?","E","R","E","T","E","?","$","E","M","R","BOSS","M","?","M","?","?","E","?","E","T","E","?","R","E","M","R","BOSS","M","M","$","?","?","E","?","E","T","R","E","R","M","E","R","BOSS"],"items_purchased_type":["Relic","Relic","Relic","Card","Relic","Card","Card","Relic","Relic"],"build_version":"2020-12-22","purchased_purges":2,"victory":true,"max_hp_per_floor":[80,80,80,80,80,80,80,80,80,80,80,80,84,88,88,92,92,99,103,106,106,116,123,123,126,126,130,137,137,141,144,144,147,147,150,154,154,154,157,160,160,164,164,164,168,168,168,168,168,171],"card_choices":[{"not_picked":["ReplayTheSpireMod:Repulse","Power Through"],"picked":"Glacier","floor":1},{"not_picked":["Redo","Havoc","BasicCrystalCard"],"picked":"SKIP","floor":2},{"not_picked":["BasicCrystalCard","Sentinel"],"picked":"Cold Snap","floor":4},{"not_picked":["Demonic Infusion","Double Tap","Eclipse"],"picked":"SKIP","floor":6},{"not_picked":["Biased Cognition","Fission"],"picked":"Feed","floor":8},{"not_picked":["Offering","Eclipse","All For One"],"picked":"SKIP","floor":10},{"not_picked":["Replay:Many Hands","Thunder Strike","Eclipse"],"picked":"SKIP","floor":13},{"not_picked":["Gash","Scrape","Defy Death"],"picked":"SKIP","floor":14},{"not_picked":["Eclipse","Bludgeon"],"picked":"Feed","floor":16},{"not_picked":["Combust","Perfected Strike","Headbutt"],"picked":"Rage","floor":18},{"not_picked":["FTL","BasicCrystalCard","ReplaySolidLightProjector"],"picked":"Go for the Eyes","floor":19},{"not_picked":["Rupture","Darkness","Rainbow"],"picked":"ReplayTheSpireMod:Stacked","floor":20},{"not_picked":["Mirror Shield","ReplayTheSpireMod:Omega Cannon","Impervious"],"picked":"Berserk","floor":23},{"not_picked":["Brutality","ReplayTheSpireMod:Omega Cannon","Thunder Strike"],"picked":"Limit Break","floor":25},{"not_picked":["Hemogenesis","Hyperbeam","Exhume"],"picked":"Echo Form","floor":27},{"not_picked":["Warcry","Go for the Eyes","ReplayTheSpireMod:Strike From Hell"],"picked":"Rage+1","floor":28},{"not_picked":["Mirror Shield","Bludgeon","Demonic Infusion"],"picked":"Reboot","floor":30},{"not_picked":["Sweeping Beam+1","Panic Button","Shrug It Off"],"picked":"Dropkick+1","floor":31},{"not_picked":["Barricade","Eclipse","Creative AI"],"picked":"Echo Form","floor":33},{"not_picked":["Iron Wave","Chaos+1","ReplayGash+1"],"picked":"Cleave+1","floor":35},{"not_picked":["Perfected Strike","Undo+1","ReplayTheSpireMod:GoodbyeWorld"],"picked":"Beam Cell+1","floor":36},{"not_picked":["Iron Wave+1","Ball Lightning","Hologram+1"],"picked":"Rage+1","floor":39},{"not_picked":["Brutality","Offering","Feed"],"picked":"Demon Form","floor":40},{"not_picked":["Berserk","Demon Form","Electrodynamics"],"picked":"Feed","floor":42},{"not_picked":["Fiend Fire","Eclipse","Brutality"],"picked":"Amplify","floor":45},{"not_picked":["Heavy Blade+1","ReplayTheSpireMod:Strike From Hell","Shrug It Off+1"],"picked":"Seeing Red","floor":47},{"not_picked":["Eclipse","ReplayRNGCard","Mirror Shield"],"picked":"Reboot","floor":48}],"player_experience":1381114,"relics_obtained":[{"floor":6,"key":"Girya"},{"floor":8,"key":"halation:IllGainedPizza"},{"floor":9,"key":"Replay:Wax Seal"},{"floor":10,"key":"reliquary:Firecrackers"},{"floor":13,"key":"reliquary:TuningFork"},{"floor":23,"key":"Quantum Egg"},{"floor":25,"key":"Divine Protection"},{"floor":26,"key":"Ancient Tea Set"},{"floor":27,"key":"reliquary:SharkskinSheath"},{"floor":30,"key":"halation:SwordOfLegend"},{"floor":32,"key":"ReplayTheSpireMod:Shallot"},{"floor":40,"key":"reliquary:PartyBalloon"},{"floor":42,"key":"ReplayFunnel"},{"floor":43,"key":"ReplayTheSpireMod:Ninjato"},{"floor":45,"key":"Ginger"},{"floor":48,"key":"War Paint"}],"event_choices":[{"damage_healed":0,"gold_gain":0,"player_choice":"Upgraded","damage_taken":0,"max_hp_gain":0,"max_hp_loss":0,"event_name":"Upgrade Shrine","floor":11,"gold_loss":0,"cards_upgraded":["Feed"]},{"damage_healed":0,"gold_gain":0,"player_choice":"Read","damage_taken":0,"max_hp_gain":0,"max_hp_loss":0,"event_name":"The Library","floor":21,"gold_loss":0,"cards_obtained":["Beam Cell"]},{"damage_healed":0,"gold_gain":0,"player_choice":"Obtained Relic","damage_taken":0,"relics_obtained":["Pear"],"max_hp_gain":0,"max_hp_loss":0,"event_name":"Addict","floor":22,"gold_loss":85},{"damage_healed":0,"gold_gain":0,"player_choice":"","damage_taken":6,"max_hp_gain":0,"max_hp_loss":0,"event_name":"Knowing Skull","floor":24,"potions_obtained":[],"gold_loss":0,"cards_obtained":[]},{"cards_removed":["ReplayTheSpireMod:Calculation Training"],"damage_healed":0,"gold_gain":0,"player_choice":"Upgrade and Remove","damage_taken":0,"max_hp_gain":0,"max_hp_loss":0,"event_name":"Designer","floor":38,"gold_loss":90,"cards_upgraded":["Barricade"]},{"cards_removed":["Defy Death"],"damage_healed":0,"gold_gain":0,"player_choice":"Purged","damage_taken":0,"max_hp_gain":0,"max_hp_loss":0,"event_name":"Purifier","floor":41,"gold_loss":0}],"is_beta":false,"boss_relics":[{"not_picked":["Calling Bell","Cursed Key"],"picked":"Honey Jar"},{"not_picked":["Snecko Heart","Snecko Eye"],"picked":"Pandora\u0027s Box"}],"items_purged_floors":[3,37],"is_endless":false,"potions_floor_spawned":[1,2,4,14,20,23,25,30,33,39,42,45],"ascension_level":0}}