{"host":"q0qnzbgdx8oqogg9","time":1611711385,"event":{"mods":["BaseMod","Minty Spire (QoL Compilation)","StSLib"],"gold_per_floor":[116,45,62,40,52,52,79,79,79,89,100,134,134,165,165,265,265,265,1,1,1,1,1,1,1,1,1,1,1,1,1,1,1,1,1,1,1],"floor_reached":36,"language":"ENG","playtime":1407,"items_purged":[],"score":697,"play_id":"b2f1fdd4-e5d1-445f-af62-713b91cbc41f","local_time":"20210126203625","is_ascension_mode":true,"campfire_choices":[{"data":"Glass Knife","floor":6.0,"key":"SMITH"},{"data":"Terror","floor":8.0,"key":"SMITH"},{"floor":15.0,"key":"REST"},{"data":"Bouncing Flask","floor":25.0,"key":"SMITH"},{"data":"Adrenaline","floor":28.0,"key":"SMITH"},{"floor":30.0,"key":"REST"},{"data":"Skewer","floor":32.0,"key":"SMITH"}],"circlet_count":0,"master_deck":["AscendersBane","Survivor","Neutralize","Storm of Steel","Adrenaline+1","Blur","Catalyst","Skewer+1","Envenom","Underhanded Strike","Glass Knife+1","Backstab","Bullet Time","Backflip","Terror+1","Blade Dance","Quick Slash","Leg Sweep","PiercingWail","Bouncing Flask+1","Crippling Poison","Unload","Well Laid Plans","Acrobatics","Bite","Bite","Bite","Bite","Bite","Calculated Gamble","Dash","Adrenaline","Dash+1"],"relics":["Pandora\u0027s Box","CaptainsWheel","Ninja Scroll","Pantograph","Question Card","Boot","Ectoplasm","Membership Card","Mercury Hourglass","Bronze Scales","Oddly Smooth Stone","GremlinMask","Paper Crane","Busted Crown"],"acts_visited":["Exordium","TheCity","TheBeyond"],"potions_floor_usage":[],"damage_taken":[{"damage":0.0,"enemies":"Cultist","floor":1.0,"turns":2.0},{"damage":4.0,"enemies":"Jaw Worm","floor":3.0,"turns":3.0},{"damage":0.0,"enemies":"2 Louse","floor":5.0,"turns":1.0},{"damage":22.0,"enemies":"Gremlin Nob","floor":7.0,"turns":4.0},{"damage":11.0,"enemies":"Exordium Thugs","floor":10.0,"turns":2.0},{"damage":0.0,"enemies":"Large Slime","floor":11.0,"turns":2.0},{"damage":12.0,"enemies":"3 Sentries","floor":12.0,"turns":6.0},{"damage":11.0,"enemies":"Lagavulin","floor":14.0,"turns":6.0},{"damage":19.0,"enemies":"Hexaghost","floor":16.0,"turns":6.0},{"damage":0.0,"enemies":"Spheric Guardian","floor":18.0,"turns":3.0},{"damage":6.0,"enemies":"3 Byrds","floor":20.0,"turns":3.0},{"damage":26.0,"enemies":"Gremlin Leader","floor":23.0,"turns":5.0},{"damage":13.0,"enemies":"Shelled Parasite and Fungi","floor":24.0,"turns":3.0},{"damage":29.0,"enemies":"Book of Stabbing","floor":29.0,"turns":5.0},{"damage":0.0,"enemies":"3 Cultists","floor":31.0,"turns":4.0},{"damage":20.0,"enemies":"Collector","floor":33.0,"turns":5.0},{"damage":47,"enemies":"3 Darklings","floor":35,"turns":3},{"damage":11,"enemies":"Orb Walker","floor":36,"turns":1}],"seed_played":"5868971005629387180","potions_obtained":[{"floor":3.0,"key":"EssenceOfSteel"},{"floor":10.0,"key":"BlessingOfTheForge"},{"floor":24.0,"key":"Explosive Potion"},{"floor":29.0,"key":"DuplicationPotion"},{"floor":35,"key":"Poison Potion"}],"is_trial":false,"path_per_floor":["M","$","M","$","M","R","E","R","T","M","M","E","T","E","R","B",null,"M","$","M","?","?","E","M","R","T","?","R","E","R","M","R","B",null,"M","M"],"character_chosen":"THE_SILENT","items_purchased":["Terror","Quick Slash","Membership Card","Mercury Hourglass"],"campfire_rested":2,"item_purchase_floors":[2,4,19,19],"current_hp_per_floor":[63,63,59,59,59,59,37,37,37,26,26,14,14,3,24,30,60,60,60,54,49,49,33,28,28,28,28,28,5,19,27,27,33,45,8,0,0],"gold":1,"neow_bonus":"BOSS_RELIC","is_daily":false,"chose_seed":false,"campfire_upgraded":5,"win_rate":0.0,"timestamp":1611711385,"path_taken":["M","?","M","?","M","R","E","R","T","M","M","E","?","E","R","BOSS","M","$","M","?","?","E","?","R","T","?","R","E","R","M","R","BOSS","M","M"],"items_purchased_type":["Card","Card","Relic","Relic"],"build_version":"2020-12-22","purchased_purges":0,"victory":false,"max_hp_per_floor":[70,70,70,70,70,70,70,70,70,70,70,70,70,70,70,70,70,70,70,70,49,49,49,49,49,49,49,49,49,49,49,49,49,49,49,49,49],"card_choices":[{"not_picked":["Prepared","Catalyst"],"picked":"Backflip","floor":1.0},{"not_picked":["Setup","Outmaneuver"],"picked":"Blade Dance","floor":3.0},{"not_picked":["Blade Dance","Acrobatics","Dodge and Roll"],"picked":"SKIP","floor":5.0},{"not_picked":["Distraction","Dodge and Roll"],"picked":"Leg Sweep","floor":7.0},{"not_picked":["Sucker Punch","Underhanded Strike"],"picked":"PiercingWail","floor":10.0},{"not_picked":["Dagger Spray","Skewer","Caltrops"],"picked":"SKIP","floor":11.0},{"not_picked":["Malaise","Dagger Throw"],"picked":"Bouncing Flask","floor":12.0},{"not_picked":["Endless Agony","Prepared","Flying Knee"],"picked":"Crippling Poison","floor":14.0},{"not_picked":["Night Terror","After Image","Storm of Steel"],"picked":"Unload","floor":16.0},{"not_picked":["Blade Dance","Bouncing Flask","Slice"],"picked":"Well Laid Plans","floor":18.0},{"not_picked":["Terror","Sucker Punch","Blade Dance"],"picked":"Acrobatics","floor":20.0},{"not_picked":["Well Laid Plans","Slice","PiercingWail","Bane"],"picked":"SKIP","floor":23.0},{"not_picked":["Deflect","Dagger Throw","Accuracy"],"picked":"Calculated Gamble","floor":24.0},{"not_picked":["Concentrate","Expertise","Catalyst","Grand Finale"],"picked":"SKIP","floor":29.0},{"not_picked":["Slice","Acrobatics+1","Distraction"],"picked":"Dash","floor":31.0},{"not_picked":["Burst","Venomology","Phantasmal Killer"],"picked":"Adrenaline","floor":33.0},{"not_picked":["Heel Hook"],"picked":"Dash+1","floor":35}],"player_experience":301052,"relics_obtained":[{"floor":7.0,"key":"CaptainsWheel"},{"floor":9.0,"key":"Ninja Scroll"},{"floor":12.0,"key":"Pantograph"},{"floor":13.0,"key":"Question Card"},{"floor":14.0,"key":"Boot"},{"floor":23.0,"key":"Bronze Scales"},{"floor":26.0,"key":"Oddly Smooth Stone"},{"floor":29.0,"key":"Paper Crane"}],"event_choices":[{"damage_healed":0.0,"max_hp_gain":0.0,"max_hp_loss":21.0,"gold_gain":0.0,"event_name":"Vampires","player_choice":"Became a vampire","floor":21.0,"gold_loss":0.0,"damage_taken":0.0,"cards_obtained":["Bite","Bite","Bite","Bite","Bite"]},{"damage_healed":0.0,"max_hp_gain":0.0,"max_hp_loss":0.0,"gold_gain":0.0,"event_name":"The Mausoleum","player_choice":"Ignored","floor":22.0,"gold_loss":0.0,"damage_taken":0.0},{"damage_healed":0.0,"max_hp_gain":0.0,"max_hp_loss":0.0,"gold_gain":0.0,"event_name":"FaceTrader","player_choice":"Trade","floor":27.0,"gold_loss":0.0,"damage_taken":0.0,"relics_obtained":["GremlinMask"]}],"is_beta":false,"boss_relics":[{"not_picked":["Coffee Dripper","Philosopher\u0027s Stone"],"picked":"Ectoplasm"},{"not_picked":["SlaversCollar","Empty Cage"],"picked":"Busted Crown"}],"items_purged_floors":[],"is_endless":false,"potions_floor_spawned":[3,10,11,16,24,29,31,35],"killed_by":"Orb Walker","ascension_level":12}}