{"host":"qekv59dthhdg54sz","time":1611720446,"event":{"mods":["AchievementEnabler","BaseMod","Colored Map","DeckTracker","KOR Keyword Fix","Minty Spire (QoL Compilation)","Rare Cards Sparkle","StSLib","SuperFastMode"],"gold_per_floor":[113,124,124,124,31,31,55,88,88,88,88,88,123,141,141,231,231,256,306,356,379,429,429,429],"floor_reached":23,"language":"KOR","playtime":498,"items_purged":[],"score":345,"play_id":"0aaa010d-d62f-42c9-b0a0-10a3e832767c","local_time":"20210127130726","is_ascension_mode":true,"campfire_choices":[{"data":"True Grit","floor":6.0,"key":"SMITH"},{"data":"Sword Boomerang","floor":10.0,"key":"SMITH"},{"floor":12.0,"key":"REST"},{"data":"Inflame","floor":15.0,"key":"SMITH"}],"circlet_count":0,"master_deck":["AscendersBane","Strike_R","Strike_R","Strike_R","Strike_R","Defend_R","Defend_R","Defend_R","Defend_R","Bash","Power Through","Sword Boomerang+1","Inflame+1","True Grit+1","Battle Trance","Shrug It Off","Second Wind","Limit Break","Twin Strike"],"relics":["Black Blood","Ginger","Golden Idol","Sundial","Orichalcum","SsserpentHead","Calipers","MutagenicStrength","Enchiridion"],"acts_visited":["Exordium","TheCity"],"potions_floor_usage":[],"damage_taken":[{"damage":9.0,"enemies":"Jaw Worm","floor":1.0,"turns":5.0},{"damage":7.0,"enemies":"Small Slimes","floor":2.0,"turns":4.0},{"damage":1.0,"enemies":"Cultist","floor":7.0,"turns":3.0},{"damage":46.0,"enemies":"3 Sentries","floor":8.0,"turns":11.0},{"damage":22.0,"enemies":"Gremlin Nob","floor":13.0,"turns":5.0},{"damage":0.0,"enemies":"3 Louse","floor":14.0,"turns":4.0},{"damage":22.0,"enemies":"The Guardian","floor":16.0,"turns":15.0},{"damage":13.0,"enemies":"Spheric Guardian","floor":18.0,"turns":4.0},{"damage":0,"enemies":"Chosen","floor":21,"turns":4},{"damage":41,"enemies":"Book of Stabbing","floor":23,"turns":4}],"seed_played":"-1817272084990390943","potions_obtained":[{"floor":1.0,"key":"EssenceOfSteel"},{"floor":13.0,"key":"AttackPotion"}],"is_trial":false,"path_per_floor":["M","M","?","?","$","R","M","E","T","R","?","R","E","M","R","B",null,"M","?","?","M","?","E"],"character_chosen":"IRONCLAD","items_purchased":["Inflame","True Grit"],"campfire_rested":1,"item_purchase_floors":[5,5],"current_hp_per_floor":[65,64,57,57,57,57,62,22,22,22,22,40,24,30,30,14,50,49,49,49,61,40,0,0],"gold":429,"neow_bonus":"ONE_RARE_RELIC","is_daily":false,"chose_seed":false,"campfire_upgraded":3,"win_rate":0.0,"timestamp":1611720446,"path_taken":["M","M","?","?","?","R","M","E","T","R","?","R","E","M","R","BOSS","M","?","?","M","?","E"],"items_purchased_type":["Card","Card"],"build_version":"2020-12-22","purchased_purges":0,"victory":false,"max_hp_per_floor":[68,68,68,62,62,62,62,62,62,62,62,62,62,62,62,62,62,62,62,62,62,62,62,62],"card_choices":[{"not_picked":["Seeing Red","Clothesline"],"picked":"Power Through","floor":1.0},{"not_picked":["Warcry","Heavy Blade"],"picked":"Sword Boomerang","floor":2.0},{"not_picked":["Sword Boomerang","Hemokinesis"],"picked":"Battle Trance","floor":7.0},{"not_picked":["Reckless Charge","Sword Boomerang"],"picked":"Shrug It Off","floor":8.0},{"not_picked":["Warcry","Feel No Pain"],"picked":"Second Wind","floor":13.0},{"not_picked":["Body Slam","Warcry","Anger"],"picked":"SKIP","floor":14.0},{"not_picked":["Immolate","Impervious"],"picked":"Limit Break","floor":16.0},{"not_picked":["Havoc+1","Anger"],"picked":"Twin Strike","floor":18.0},{"not_picked":["Anger","Clothesline","Sever Soul"],"picked":"SKIP","floor":21}],"player_experience":859366,"relics_obtained":[{"floor":8.0,"key":"Sundial"},{"floor":9.0,"key":"Orichalcum"},{"floor":13.0,"key":"Calipers"},{"floor":22,"key":"Enchiridion"}],"event_choices":[{"cards_removed":["Strike_R"],"damage_healed":0.0,"max_hp_gain":0.0,"max_hp_loss":0.0,"gold_gain":0.0,"event_name":"Golden Wing","player_choice":"Card Removal","floor":3.0,"gold_loss":0.0,"damage_taken":7.0},{"damage_healed":0.0,"max_hp_gain":0.0,"max_hp_loss":6.0,"gold_gain":0.0,"event_name":"Golden Idol","player_choice":"Lose Max HP","floor":4.0,"gold_loss":0.0,"damage_taken":0.0,"relics_obtained":["Golden Idol"]},{"damage_healed":0.0,"max_hp_gain":0.0,"max_hp_loss":0.0,"gold_gain":0.0,"event_name":"FaceTrader","player_choice":"Trade","floor":11.0,"gold_loss":0.0,"damage_taken":0.0,"relics_obtained":["SsserpentHead"]},{"damage_healed":0.0,"max_hp_gain":0.0,"max_hp_loss":0.0,"gold_gain":0.0,"event_name":"Ghosts","player_choice":"Ignored","floor":19.0,"gold_loss":0.0,"damage_taken":0.0},{"damage_healed":0,"gold_gain":0,"player_choice":"Inject Mutagens","damage_taken":0,"relics_obtained":["MutagenicStrength"],"max_hp_gain":0,"max_hp_loss":0,"event_name":"Drug Dealer","floor":20,"gold_loss":0},{"damage_healed":0,"gold_gain":0,"player_choice":"Obtained Book","damage_taken":21,"max_hp_gain":0,"max_hp_loss":0,"event_name":"Cursed Tome","floor":22,"gold_loss":0}],"is_beta":false,"boss_relics":[{"not_picked":["Sozu","Pandora\u0027s Box"],"picked":"Black Blood"}],"items_purged_floors":[],"is_endless":false,"potions_floor_spawned":[1,13,14],"killed_by":"Book of Stabbing","ascension_level":15}}