{"host":"cjhtzh7tp54jdfyv","time":1611751252,"event":{"mods":["AchievementEnabler","BaseMod","Colored Map","Colored Powertips","Curses Come First","DeckTracker","Minty Spire (QoL Compilation)","RNG Fix","Relic Sorter","Relic Stats","StSLib","UnlockEverythingMod","ojb\u0027s Better Paths Mod","ojb\u0027s Info Mod"],"gold_per_floor":[119,130,280,205,35,35,66,66,138,171,171,189,222,233,233,306,306,321,321,3,15,41,76,76,105,105,105,105,118,149,161,161,239,239,254,266,266,266,105,132,132,156,156,181,200,210,210,245,245,245,245,245,245,35,62,62,62],"floor_reached":56,"language":"ENG","playtime":6710,"items_purged":["Defend_G","Strike_G"],"score":2183,"play_id":"51f0997b-ea85-4b29-8aa9-ce3a411245ab","local_time":"20210127074052","is_ascension_mode":true,"campfire_choices":[{"data":"Dagger Spray","floor":6,"key":"SMITH"},{"data":"Neutralize","floor":8,"key":"SMITH"},{"data":"Eviscerate","floor":11,"key":"SMITH"},{"data":"Blade Dance","floor":15,"key":"SMITH"},{"data":"Wraith Form v2","floor":24,"key":"SMITH"},{"floor":28,"key":"REST"},{"data":"Burst","floor":32,"key":"SMITH"},{"floor":41,"key":"RECALL"},{"data":"Well Laid Plans","floor":47,"key":"SMITH"},{"data":"Malaise","floor":49,"key":"SMITH"},{"data":"Calculated Gamble","floor":53,"key":"SMITH"}],"circlet_count":0,"master_deck":["AscendersBane","Strike_G","Strike_G+1","Strike_G","Defend_G","Defend_G","Defend_G","Defend_G","Survivor","Neutralize+1","Dagger Spray+1","Backstab","Eviscerate+1","Blade Dance+1","Burst+1","After Image","Slice+1","Endless Agony","Blade Dance","Calculated Gamble+1","Wraith Form v2+1","Finisher+1","Cloak And Dagger","Escape Plan","Venomology","Backflip","Well Laid Plans+1","Infinite Blades","Reflex","Malaise+1","Tactician+1","Acrobatics","Escape Plan+1","Cloak And Dagger+1","Accuracy","Wraith Form v2"],"relics":["Ring of the Snake","Nunchaku","NeowsBlessing","Toy Ornithopter","Question Card","White Beast Statue","CaptainsWheel","WristBlade","Gremlin Horn","Singing Bowl","Art of War","Enchiridion","Coffee Dripper","Bag of Preparation","Whetstone","Juzu Bracelet","Strawberry","Gambling Chip","Bag of Marbles","Anchor","Du-Vu Doll"],"acts_visited":["Exordium","TheCity","TheBeyond","TheEnding"],"potions_floor_usage":[10,13,16,16,21,23,25,30,33,35,35,35,35,36,40,46,48,50,51,55,55,56,56,56],"damage_taken":[{"damage":0,"enemies":"Jaw Worm","floor":1,"turns":1},{"damage":0,"enemies":"Cultist","floor":2,"turns":1},{"damage":0,"enemies":"Lagavulin","floor":7,"turns":1},{"damage":3,"enemies":"Gremlin Nob","floor":10,"turns":3},{"damage":0,"enemies":"2 Louse","floor":12,"turns":1},{"damage":17,"enemies":"Lagavulin","floor":13,"turns":5},{"damage":6,"enemies":"Red Slaver","floor":14,"turns":3},{"damage":34,"enemies":"Slime Boss","floor":16,"turns":9},{"damage":6,"enemies":"Chosen","floor":18,"turns":4},{"damage":6,"enemies":"2 Thieves","floor":21,"turns":3},{"damage":7,"enemies":"Slavers","floor":23,"turns":2},{"damage":7,"enemies":"Book of Stabbing","floor":25,"turns":4},{"damage":0,"enemies":"Chosen and Byrds","floor":29,"turns":3},{"damage":0,"enemies":"Gremlin Leader","floor":30,"turns":2},{"damage":0,"enemies":"Centurion and Healer","floor":31,"turns":4},{"damage":3,"enemies":"Collector","floor":33,"turns":11},{"damage":0,"enemies":"Orb Walker","floor":35,"turns":3},{"damage":3,"enemies":"3 Darklings","floor":36,"turns":4},{"damage":0,"enemies":"Nemesis","floor":40,"turns":5},{"damage":0,"enemies":"Mind Bloom Boss Battle","floor":44,"turns":6},{"damage":8,"enemies":"4 Shapes","floor":45,"turns":8},{"damage":0,"enemies":"Spire Growth","floor":46,"turns":3},{"damage":0,"enemies":"Reptomancer","floor":48,"turns":8},{"damage":1,"enemies":"Awakened One","floor":50,"turns":13},{"damage":10,"enemies":"Donu and Deca","floor":51,"turns":8},{"damage":0,"enemies":"Shield and Spear","floor":55,"turns":3},{"damage":89,"enemies":"The Heart","floor":56,"turns":8}],"seed_played":"4743827064402147235","potions_obtained":[{"floor":12,"key":"Energy Potion"},{"floor":13,"key":"Energy Potion"},{"floor":14,"key":"DistilledChaos"},{"floor":16,"key":"Weak Potion"},{"floor":18,"key":"Fire Potion"},{"floor":21,"key":"ColorlessPotion"},{"floor":23,"key":"PowerPotion"},{"floor":25,"key":"ColorlessPotion"},{"floor":29,"key":"FearPotion"},{"floor":30,"key":"Weak Potion"},{"floor":31,"key":"EntropicBrew"},{"floor":33,"key":"DistilledChaos"},{"floor":35,"key":"GhostInAJar"},{"floor":40,"key":"DuplicationPotion"},{"floor":45,"key":"Fruit Juice"},{"floor":55,"key":"Strength Potion"}],"is_trial":false,"path_per_floor":["M","M","?","?","$","R","E","R","T","E","R","M","E","M","R","B",null,"M","?","$","M","T","E","R","E","T","?","R","M","E","M","R","B",null,"M","M","?","?","$","E","R","T","T","?","M","M","R","E","R","B","B",null,"R","$","E","B"],"character_chosen":"THE_SILENT","items_purchased":["Backstab","AttackPotion","Endless Agony","Blade Dance","Calculated Gamble","Bag of Preparation","Anchor","Accuracy"],"campfire_rested":1,"item_purchase_floors":[5,5,20,20,20,39,54,54],"current_hp_per_floor":[59,59,59,59,59,59,59,59,59,61,61,61,49,43,43,19,54,48,44,44,43,43,41,41,41,41,20,40,42,47,47,47,49,65,70,67,67,67,67,70,70,70,77,77,69,79,79,84,84,84,74,82,82,82,84,0,0],"gold":62,"neow_bonus":"THREE_ENEMY_KILL","is_daily":false,"chose_seed":false,"campfire_upgraded":9,"win_rate":0.0,"timestamp":1611751252,"path_taken":["M","M","?","?","$","R","E","R","T","E","R","M","E","M","R","BOSS","M","?","$","M","?","E","R","E","T","?","R","M","E","?","R","BOSS","M","M","?","?","$","E","R","?","T","?","M","M","R","E","R","BOSS","BOSS","R","$","E","BOSS"],"items_purchased_type":["Card","Potion","Card","Card","Card","Relic","Relic","Card"],"build_version":"2020-12-22","purchased_purges":2,"victory":false,"max_hp_per_floor":[66,66,66,66,66,66,66,66,66,66,66,66,66,66,66,66,66,66,66,66,66,66,66,66,68,68,68,68,70,70,70,70,70,70,70,70,70,70,70,70,70,70,77,77,77,82,82,84,84,84,84,84,84,84,84,84,84],"relic_stats":{"Gremlin Horn":[24,23],"Singing Bowl":6,"counters":[27,126],"Bag of Preparation":[15],"Juzu Bracelet":0,"Whetstone":["Finisher","Strike_G"],"Question Card":21,"Nunchaku":[40],"Gambling Chip":[34],"Art of War":[9],"obtain_stats":[{"NeowsBlessing":0,"Gremlin Horn":23,"Singing Bowl":25,"Enchiridion":27,"Bag of Preparation":39,"Juzu Bracelet":42,"Whetstone":40,"Question Card":9,"White Beast Statue":10,"Du-Vu Doll":55,"CaptainsWheel":13,"Nunchaku":30,"Anchor":54,"WristBlade":17,"Strawberry":43,"Gambling Chip":44,"Art of War":26,"Coffee Dripper":34,"Bag of Marbles":48,"Toy Ornithopter":7,"Ring of the Snake":0},{"NeowsBlessing":0,"Gremlin Horn":11,"Singing Bowl":12,"Enchiridion":12,"Bag of Preparation":18,"Juzu Bracelet":19,"Whetstone":19,"Question Card":3,"White Beast Statue":4,"Du-Vu Doll":26,"CaptainsWheel":6,"Nunchaku":14,"Anchor":25,"WristBlade":8,"Strawberry":19,"Gambling Chip":20,"Art of War":12,"Coffee Dripper":16,"Bag of Marbles":23,"Toy Ornithopter":3,"Ring of the Snake":0},{"NeowsBlessing":0,"Gremlin Horn":33,"Singing Bowl":37,"Enchiridion":37,"Bag of Preparation":64,"Juzu Bracelet":69,"Whetstone":69,"Question Card":3,"White Beast Statue":6,"Du-Vu Doll":118,"CaptainsWheel":12,"Nunchaku":42,"Anchor":115,"WristBlade":24,"Strawberry":69,"Gambling Chip":75,"Art of War":37,"Coffee Dripper":57,"Bag of Marbles":94,"Toy Ornithopter":3,"Ring of the Snake":0}],"Toy Ornithopter":65,"Ring of the Snake":[54]},"card_choices":[{"not_picked":["Poisoned Stab","Sucker Punch"],"picked":"Dagger Spray","floor":1},{"not_picked":["Heel Hook","Bane","Flying Knee"],"picked":"SKIP","floor":2},{"not_picked":["Catalyst","Distraction","Deflect"],"picked":"SKIP","floor":7},{"not_picked":["Concentrate","Dodge and Roll","Endless Agony"],"picked":"Eviscerate","floor":10},{"not_picked":["Dagger Spray","Deadly Poison","Dodge and Roll"],"picked":"Blade Dance","floor":12},{"not_picked":["Outmaneuver","Dagger Spray","Blur"],"picked":"Burst","floor":13},{"not_picked":["Accuracy","Sucker Punch","Skewer","Dagger Spray"],"picked":"SKIP","floor":14},{"not_picked":["Doppelganger","Die Die Die","Envenom"],"picked":"After Image","floor":16},{"not_picked":["Prepared","Blur","Cloak And Dagger"],"picked":"Slice+1","floor":18},{"not_picked":["Dodge and Roll","Sucker Punch","Terror"],"picked":"Wraith Form v2","floor":21},{"not_picked":["Tactician","Crippling Poison+1","Deflect"],"picked":"Finisher","floor":23},{"not_picked":["Outmaneuver","Dodge and Roll","Deflect","Finisher"],"picked":"Singing Bowl","floor":25},{"not_picked":["Quick Slash","Prepared","Envenom","Dagger Spray"],"picked":"Singing Bowl","floor":29},{"not_picked":["Backstab","Concentrate","Finisher"],"picked":"Cloak And Dagger","floor":30},{"not_picked":["Quick Slash+1","Backstab","Finisher"],"picked":"Escape Plan","floor":31},{"not_picked":["Die Die Die","Unload","Corpse Explosion"],"picked":"Venomology","floor":33},{"not_picked":["Dagger Throw","Deadly Poison","Endless Agony"],"picked":"Backflip","floor":35},{"not_picked":["Prepared","Bane+1","Dagger Throw"],"picked":"Well Laid Plans","floor":36},{"not_picked":["Flechettes","Eviscerate","Infinite Blades"],"picked":"Tactician+1","floor":40},{"not_picked":["Masterful Stab","Deadly Poison+1","Blade Dance"],"picked":"Acrobatics","floor":44},{"not_picked":["Choke","Dagger Spray+1","Prepared"],"picked":"Escape Plan+1","floor":45},{"not_picked":["Dagger Throw","Prepared","Flying Knee"],"picked":"Cloak And Dagger+1","floor":46},{"not_picked":["Quick Slash","Flechettes+1","Deflect","Finisher"],"picked":"Singing Bowl","floor":48},{"not_picked":["Infinite Blades","Eviscerate","Finisher"],"picked":"Wraith Form v2","floor":55}],"player_experience":4553558,"relics_obtained":[{"floor":7,"key":"Toy Ornithopter"},{"floor":9,"key":"Question Card"},{"floor":10,"key":"White Beast Statue"},{"floor":13,"key":"CaptainsWheel"},{"floor":23,"key":"Gremlin Horn"},{"floor":25,"key":"Singing Bowl"},{"floor":26,"key":"Art of War"},{"floor":27,"key":"Enchiridion"},{"floor":30,"key":"Nunchaku"},{"floor":40,"key":"Whetstone"},{"floor":42,"key":"Juzu Bracelet"},{"floor":43,"key":"Strawberry"},{"floor":44,"key":"Gambling Chip"},{"floor":48,"key":"Bag of Marbles"},{"floor":55,"key":"Du-Vu Doll"}],"event_choices":[{"damage_healed":0,"gold_gain":150,"player_choice":"AGREE","damage_taken":0,"max_hp_gain":0,"max_hp_loss":0,"event_name":"Liars Game","floor":3,"gold_loss":0,"cards_obtained":["Doubt"]},{"cards_removed":["Doubt"],"damage_healed":0,"gold_gain":0,"player_choice":"Card Removal","damage_taken":0,"max_hp_gain":0,"max_hp_loss":0,"event_name":"The Cleric","floor":4,"gold_loss":75},{"damage_healed":0,"gold_gain":0,"player_choice":"Bought 0 Potions","damage_taken":0,"max_hp_gain":0,"max_hp_loss":0,"event_name":"The Woman in Blue","floor":19,"gold_loss":0},{"damage_healed":0,"gold_gain":0,"player_choice":"Obtained Book","damage_taken":21,"max_hp_gain":0,"max_hp_loss":0,"event_name":"Cursed Tome","floor":27,"gold_loss":0},{"damage_healed":0,"gold_gain":0,"cards_transformed":["Strike_G"],"player_choice":"Transformed","damage_taken":0,"max_hp_gain":0,"max_hp_loss":0,"event_name":"Transmorgrifier","floor":37,"gold_loss":0,"cards_obtained":["Infinite Blades"]},{"damage_healed":0,"gold_gain":0,"player_choice":"2 cards matched","damage_taken":0,"max_hp_gain":0,"max_hp_loss":0,"event_name":"Match and Keep!","floor":38,"gold_loss":0,"cards_obtained":["Reflex","Malaise"]},{"damage_healed":0,"gold_gain":0,"player_choice":"Fight","damage_taken":0,"max_hp_gain":0,"max_hp_loss":0,"event_name":"MindBloom","floor":44,"gold_loss":0}],"is_beta":false,"boss_relics":[{"not_picked":["Cursed Key","Empty Cage"],"picked":"WristBlade"},{"not_picked":["Tiny House","Fusion Hammer"],"picked":"Coffee Dripper"}],"items_purged_floors":[5,20],"is_endless":false,"potions_floor_spawned":[12,13,14,16,18,21,23,25,29,30,31,33,35,36,40,44,45,46,48,55],"killed_by":"The Heart","ascension_level":20}}