{"host":"d9m9v0h6vo0edadb","time":1611734466,"event":{"mods":["BaseMod","Hermit","Keyboard Shortcuts","Minty Spire (QoL Compilation)","StSLib","SuperFastMode","The Cursed"],"gold_per_floor":[110,123,123,48,64,64,75,75,75,75,105,105,120,143,143,143,143],"floor_reached":16,"language":"KOR","playtime":201,"items_purged":["Strike_G"],"score":200,"play_id":"b33c6d78-4933-4836-a6f0-cc9e7bba805f","local_time":"20210127170106","is_ascension_mode":true,"campfire_choices":[{"data":"Cloak And Dagger","floor":6.0,"key":"SMITH"},{"floor":8,"key":"REST"},{"data":"Dagger Spray","floor":10,"key":"SMITH"},{"floor":15,"key":"REST"}],"circlet_count":0,"master_deck":["AscendersBane","Strike_G","Strike_G","Defend_G+1","Defend_G","Defend_G","Defend_G","Survivor+1","Neutralize","Dagger Throw","Cloak And Dagger+1","Dagger Spray+1","Tactician","Poisoned Stab","Accuracy"],"relics":["Ring of the Snake","Centennial Puzzle","Bottled Lightning","Odd Mushroom"],"acts_visited":["Exordium"],"potions_floor_usage":[11,11],"damage_taken":[{"damage":2.0,"enemies":"Jaw Worm","floor":1.0,"turns":5.0},{"damage":9.0,"enemies":"Small Slimes","floor":2.0,"turns":4.0},{"damage":5.0,"enemies":"2 Louse","floor":5.0,"turns":3.0},{"damage":22,"enemies":"Large Slime","floor":7,"turns":11},{"damage":8,"enemies":"Lagavulin","floor":11,"turns":8},{"damage":0,"enemies":"Looter","floor":13,"turns":3},{"damage":0,"enemies":"The Mushroom Lair","floor":14,"turns":3},{"damage":14,"enemies":"Slime Boss","floor":16,"turns":6}],"seed_played":"-9186596843276264862","potions_obtained":[{"floor":2.0,"key":"SkillPotion"},{"floor":7,"key":"DistilledChaos"},{"floor":13,"key":"LiquidBronze"}],"is_trial":false,"path_per_floor":["M","M","?","$","M","R","M","R","T","R","E","?","M","?","R","B"],"character_chosen":"THE_SILENT","items_purchased":[],"campfire_rested":2,"item_purchase_floors":[],"current_hp_per_floor":[57,48,41,41,36,36,14,32,32,32,24,6,6,6,24,10,10],"gold":143,"neow_bonus":"REMOVE_TWO","is_daily":false,"chose_seed":false,"campfire_upgraded":2,"win_rate":0.0,"timestamp":1611734466,"path_taken":["M","M","?","$","M","R","M","R","T","R","E","?","M","?","R","BOSS"],"items_purchased_type":[],"build_version":"2020-12-22","purchased_purges":1,"victory":false,"max_hp_per_floor":[60,60,60,60,60,60,60,60,60,60,60,60,60,60,60,60,60],"card_choices":[{"not_picked":["Dagger Spray","Setup"],"picked":"Dagger Throw","floor":1.0},{"not_picked":["Bane","Finisher"],"picked":"Cloak And Dagger","floor":2.0},{"not_picked":["Underhanded Strike","Distraction","Footwork"],"picked":"SKIP","floor":5.0},{"not_picked":["Heel Hook","Bouncing Flask"],"picked":"Dagger Spray","floor":7},{"not_picked":["Deflect","Dash"],"picked":"Tactician","floor":11},{"not_picked":["Prepared","Dodge and Roll"],"picked":"Poisoned Stab","floor":13},{"not_picked":["Catalyst","Endless Agony"],"picked":"Accuracy","floor":14}],"player_experience":992039,"relics_obtained":[{"floor":9,"key":"Centennial Puzzle"},{"floor":11,"key":"Bottled Lightning"},{"floor":14,"key":"Odd Mushroom"}],"event_choices":[{"cards_removed":["Strike_G"],"damage_healed":0.0,"max_hp_gain":0.0,"max_hp_loss":0.0,"gold_gain":0.0,"event_name":"Golden Wing","player_choice":"Card Removal","floor":3.0,"gold_loss":0.0,"damage_taken":7.0},{"damage_healed":0,"gold_gain":0,"player_choice":"Entered Light","damage_taken":18,"max_hp_gain":0,"max_hp_loss":0,"event_name":"Shining Light","floor":12,"gold_loss":0,"cards_upgraded":["Survivor","Defend_G"]},{"damage_healed":0,"gold_gain":0,"player_choice":"Fought Mushrooms","damage_taken":0,"max_hp_gain":0,"max_hp_loss":0,"event_name":"Mushrooms","floor":14,"gold_loss":0}],"is_beta":false,"boss_relics":[],"items_purged_floors":[4],"is_endless":false,"potions_floor_spawned":[2,7,13],"killed_by":"Slime Boss","ascension_level":20}}