{"host":"32dedufnxebqtmo3","time":1611763723,"event":{"mods":["AchievementEnabler","BaseMod","Better Third Choice","Card Filter","Colored Powertips","Defuse TimeMaze Blight","GifTheSpireLib","Hubris","Minty Spire (QoL Compilation)","Permanent Neow","Relic Filter","Relic Stats","Remove Card Discount Mod","Shop Mod","StSLib","The Cursed","Unceasing Turn Reminder"],"gold_per_floor":[119,137,98,115,115,115,113,145,145,145,320,56,66,66,66,170,170,187,199,0,16,16,46,46,58,58,69,86,86,86,104,104,206,206,216,233,233,248,89,119,119,132,132,162,17,0,0,20,20,20],"floor_reached":51,"language":"ENG","playtime":3883,"items_purged":["Strike_G","Strike_G","Doubt","Strike_G","Strike_G","CarveReality","Predator","Defend_G","Defend_G","Defend_G","Defend_G"],"score":977,"play_id":"ba342b80-5a22-4929-a0f7-b67572d384dd","local_time":"20210127080843","is_ascension_mode":false,"campfire_choices":[{"data":"Neutralize","floor":6,"key":"SMITH"},{"data":"Survivor","floor":10,"key":"SMITH"},{"data":"Cloak And Dagger","floor":15,"key":"SMITH"},{"data":"Accuracy","floor":24,"key":"SMITH"},{"data":"Defend_G","floor":29,"key":"SMITH"},{"data":"After Image","floor":32,"key":"SMITH"},{"data":"Terror","floor":41,"key":"SMITH"},{"data":"Noxious Fumes","floor":49,"key":"SMITH"}],"circlet_count":0,"master_deck":["Defend_G+1","Survivor+1","Accuracy+1","Blade Dance","Noxious Fumes+1","Backstab","Storm of Steel","Blade Dance","Blade Dance","hubris:Sniper","Terror+1","After Image+1","Backflip+1","Prepared+1","Backflip+1","Cloak And Dagger+1","hubris:DuctTapeCard","Cloak And Dagger+1"],"relics":["Ring of the Snake","Oddly Smooth Stone","PreservedInsect","hubris:ToyBattleship","Kunai","Mercury Hourglass","hubris:VirtuousBlindfold","Membership Card","Sundial","Calipers","Toxic Egg 2","MutagenicStrength","Coffee Dripper","hubris:Towel","Ancient Tea Set","DollysMirror","Eternal Feather","hubris:DuctTape","Pen Nib","hubris:TinFlute","Red Mask"],"acts_visited":["Exordium","TheCity","TheBeyond"],"potions_floor_usage":[],"damage_taken":[{"damage":0,"enemies":"Jaw Worm","floor":1,"turns":6},{"damage":0,"enemies":"2 Louse","floor":2,"turns":3},{"damage":0,"enemies":"Cultist","floor":4,"turns":3},{"damage":16,"enemies":"Gremlin Nob","floor":8,"turns":3},{"damage":0,"enemies":"3 Louse","floor":13,"turns":2},{"damage":0,"enemies":"Slime Boss","floor":16,"turns":7},{"damage":0,"enemies":"3 Byrds","floor":18,"turns":3},{"damage":0,"enemies":"Shell Parasite","floor":19,"turns":3},{"damage":1,"enemies":"Sentry and Sphere","floor":21,"turns":4},{"damage":0,"enemies":"Gremlin Leader","floor":23,"turns":3},{"damage":0,"enemies":"Snecko","floor":25,"turns":4},{"damage":6,"enemies":"Shelled Parasite and Fungi","floor":27,"turns":2},{"damage":0,"enemies":"3 Cultists","floor":28,"turns":4},{"damage":0,"enemies":"Centurion and Healer","floor":31,"turns":2},{"damage":12,"enemies":"hubris:MusketHawk","floor":33,"turns":4},{"damage":0,"enemies":"3 Darklings","floor":35,"turns":4},{"damage":1,"enemies":"3 Shapes","floor":36,"turns":2},{"damage":0,"enemies":"Writhing Mass","floor":38,"turns":3},{"damage":0,"enemies":"Reptomancer","floor":40,"turns":3},{"damage":0,"enemies":"Spire Growth","floor":42,"turns":2},{"damage":0,"enemies":"Nemesis","floor":44,"turns":3},{"damage":0,"enemies":"Transient","floor":48,"turns":5},{"damage":0,"enemies":"Awakened One","floor":50,"turns":6}],"seed_played":"-3028306784947370956","potions_obtained":[{"floor":4,"key":"GamblersBrew"},{"floor":16,"key":"CunningPotion"},{"floor":18,"key":"SkillPotion"},{"floor":19,"key":"PowerPotion"},{"floor":28,"key":"AttackPotion"},{"floor":31,"key":"Poison Potion"}],"is_trial":false,"path_per_floor":["M","M","$","M","?","R","$","E","T","R","?","$","M","T","R","B",null,"M","M","$","M","?","E","R","M","T","M","M","R","?","M","R","B",null,"M","M","?","M","$","E","R","M","T","E","$","?","?","M","R","B",null],"character_chosen":"THE_SILENT","items_purchased":["Noxious Fumes","Kunai","Membership Card","hubris:Sniper","Ancient Tea Set","DollysMirror","Cloak And Dagger+1","hubris:TinFlute"],"campfire_rested":0,"item_purchase_floors":[3,12,20,20,39,39,45,45],"current_hp_per_floor":[70,70,70,70,54,54,54,38,38,38,38,38,38,38,38,38,70,70,70,70,69,69,69,69,69,69,63,63,63,63,63,63,51,70,70,69,69,69,69,69,70,70,70,70,70,70,70,70,70,70],"gold":20,"neow_bonus":"TRANSFORM_CARD","is_daily":false,"chose_seed":false,"campfire_upgraded":8,"win_rate":0.0,"timestamp":1611763723,"path_taken":["M","M","$","M","?","R","$","E","T","R","?","?","M","?","R","BOSS","M","M","$","M","?","E","R","M","T","?","M","R","?","M","R","BOSS","M","M","?","M","$","E","R","M","T","E","$","?","?","M","R","BOSS"],"items_purchased_type":["Card","Relic","Relic","Card","Relic","Relic","Card","Relic"],"build_version":"2020-12-22","purchased_purges":11,"victory":true,"max_hp_per_floor":[70,70,70,70,70,70,70,70,70,70,70,70,70,70,70,70,70,70,70,70,70,70,70,70,70,70,70,70,70,70,70,70,70,70,70,70,70,70,70,70,70,70,70,70,70,70,70,70,70,70],"relic_stats":{"counters":[23,80],"Sundial":[10],"Eternal Feather":1,"PreservedInsect":151,"Pen Nib":[9],"Kunai":[93],"obtain_stats":[{"Calipers":23,"hubris:DuctTape":43,"Oddly Smooth Stone":5,"hubris:VirtuousBlindfold":17,"Eternal Feather":40,"PreservedInsect":8,"Pen Nib":44,"hubris:Towel":37,"Ancient Tea Set":39,"Mercury Hourglass":14,"Sundial":22,"DollysMirror":39,"MutagenicStrength":30,"hubris:ToyBattleship":9,"Coffee Dripper":34,"Red Mask":46,"Kunai":12,"Membership Card":20,"Toxic Egg 2":26,"hubris:TinFlute":45,"Ring of the Snake":0},{"Calipers":10,"hubris:DuctTape":20,"Oddly Smooth Stone":3,"hubris:VirtuousBlindfold":6,"Eternal Feather":19,"PreservedInsect":4,"Pen Nib":21,"hubris:Towel":17,"Ancient Tea Set":18,"Mercury Hourglass":5,"Sundial":9,"DollysMirror":18,"MutagenicStrength":13,"hubris:ToyBattleship":4,"Coffee Dripper":15,"Red Mask":21,"Kunai":4,"Membership Card":8,"Toxic Egg 2":11,"hubris:TinFlute":21,"Ring of the Snake":0},{"Calipers":37,"hubris:DuctTape":66,"Oddly Smooth Stone":12,"hubris:VirtuousBlindfold":24,"Eternal Feather":64,"PreservedInsect":15,"Pen Nib":69,"hubris:Towel":58,"Ancient Tea Set":61,"Mercury Hourglass":17,"Sundial":34,"DollysMirror":61,"MutagenicStrength":46,"hubris:ToyBattleship":15,"Coffee Dripper":52,"Red Mask":69,"Kunai":15,"Membership Card":30,"Toxic Egg 2":40,"hubris:TinFlute":69,"Ring of the Snake":0}],"Ring of the Snake":[46],"Mercury Hourglass":[274]},"card_choices":[{"not_picked":["Dagger Spray","PiercingWail"],"picked":"Blade Dance","floor":1},{"not_picked":["Poisoned Stab","Heel Hook"],"picked":"Predator","floor":2},{"not_picked":["Dagger Spray","Crippling Poison"],"picked":"Backstab","floor":4},{"not_picked":["Poisoned Stab","Outmaneuver","Deadly Poison"],"picked":"SKIP","floor":8},{"not_picked":["Tools of the Trade","Blur"],"picked":"Cloak And Dagger","floor":13},{"not_picked":["Envenom","Tools of the Trade"],"picked":"Storm of Steel","floor":16},{"not_picked":["Predator","Well Laid Plans"],"picked":"Blade Dance","floor":18},{"not_picked":["Reflex","Slice"],"picked":"Blade Dance","floor":19},{"not_picked":["Bane+1","Underhanded Strike"],"picked":"Terror","floor":21},{"not_picked":["Caltrops","Dagger Spray"],"picked":"After Image","floor":23},{"not_picked":["Flying Knee","Endless Agony"],"picked":"Backflip+1","floor":25},{"not_picked":["Dodge and Roll+1","Crippling Poison+1","Slice"],"picked":"SKIP","floor":27},{"not_picked":["Tactician+1","Flechettes","hubris:SlightOfHand+1"],"picked":"SKIP","floor":28},{"not_picked":["Flying Knee","Noxious Fumes","hubris:SlightOfHand+1"],"picked":"SKIP","floor":31},{"not_picked":["Quick Slash","Dash","Heel Hook+1"],"picked":"SKIP","floor":35},{"not_picked":["Backflip+1","Skewer"],"picked":"Prepared+1","floor":36},{"not_picked":["hubris:SlightOfHand+1","Outmaneuver+1"],"picked":"Backflip+1","floor":38},{"not_picked":["Underhanded Strike+1","Glass Knife","Prepared+1"],"picked":"SKIP","floor":40},{"not_picked":["Prepared+1","Escape Plan+1","Dodge and Roll+1"],"picked":"SKIP","floor":42},{"not_picked":["Reflex+1","hubris:TrickCloak+1","Slice+1"],"picked":"SKIP","floor":44},{"not_picked":["Dagger Spray+1","PiercingWail+1","Leg Sweep+1"],"picked":"SKIP","floor":48}],"player_experience":676436,"relics_obtained":[{"floor":8,"key":"PreservedInsect"},{"floor":9,"key":"hubris:ToyBattleship"},{"floor":14,"key":"Mercury Hourglass"},{"floor":23,"key":"Calipers"},{"floor":26,"key":"Toxic Egg 2"},{"floor":40,"key":"Eternal Feather"},{"floor":43,"key":"hubris:DuctTape"},{"floor":44,"key":"Pen Nib"}],"event_choices":[{"damage_healed":0,"gold_gain":175,"player_choice":"AGREE","damage_taken":145,"max_hp_gain":0,"max_hp_loss":0,"event_name":"betterThird:BetterSerpent","floor":11,"gold_loss":0},{"damage_healed":0,"gold_gain":0,"player_choice":"Gave Potion","damage_taken":0,"relics_obtained":["Sundial"],"max_hp_gain":0,"max_hp_loss":0,"event_name":"WeMeetAgain","floor":22,"gold_loss":0},{"damage_healed":0,"gold_gain":0,"player_choice":"Inject Mutagens","damage_taken":0,"relics_obtained":["MutagenicStrength"],"max_hp_gain":0,"max_hp_loss":0,"event_name":"Drug Dealer","floor":30,"gold_loss":0},{"damage_healed":0,"gold_gain":0,"player_choice":"Paid","damage_taken":0,"relics_obtained":["Red Mask"],"max_hp_gain":0,"max_hp_loss":0,"event_name":"Tomb of Lord Red Mask","floor":46,"gold_loss":17},{"damage_healed":0,"gold_gain":0,"player_choice":"Random: Blue","damage_taken":0,"max_hp_gain":0,"max_hp_loss":0,"event_name":"betterThird:BetterPortal","floor":47,"gold_loss":0},{"damage_healed":0,"gold_gain":0,"player_choice":"Memory 1","damage_taken":0,"max_hp_gain":0,"max_hp_loss":0,"event_name":"SensoryStone","floor":47,"gold_loss":0}],"is_beta":false,"boss_relics":[{"not_picked":["hubris:Stopwatch","Ectoplasm"],"picked":"hubris:VirtuousBlindfold"},{"not_picked":["hubris:HollowSoul","Velvet Choker"],"picked":"Coffee Dripper"}],"items_purged_floors":[3,7,12,20,20,20,20,20,39,39,45],"is_endless":false,"potions_floor_spawned":[4,16,18,19,28,31,36,42,44],"ascension_level":0}}