{"host":"p8f0otjoacyb9giz","time":1611740819,"event":{"mods":["AchievementEnabler","BaseMod","Downfall","Minty Spire (QoL Compilation)","StSLib"],"gold_per_floor":[99,99,99,99,199,228,251,281,181,195,25,40,52,52,72,72,72,72],"floor_reached":16,"language":"ENG","playtime":575,"items_purged":[],"score":135,"play_id":"95bf693c-337b-494a-9f9c-3dc615509190","local_time":"20210127124659","is_ascension_mode":true,"campfire_choices":[{"floor":1,"key":"RECALL"},{"floor":9,"key":"REST"}],"circlet_count":0,"master_deck":["bronze:Strike","bronze:Strike","bronze:Strike","bronze:Strike","bronze:Defend","bronze:Defend","bronze:Defend+1","bronze:Defend","bronze:Replicate","bronze:Goto+1","bronze:Fortify","bronze:ForLoop","bronze:Repair","bronze:Fortify"],"relics":["bronze:BronzeCore","downfall:HeartsMalice","downfall:GremlinWheel","War Paint","Orichalcum","Nunchaku","downfall:HeartBlessingRed","Bronze Scales"],"acts_visited":["Exordium"],"potions_floor_usage":[11,16],"damage_taken":[{"damage":0,"enemies":"Small Slimes","floor":2,"turns":1},{"damage":0,"enemies":"2 Louse","floor":3,"turns":1},{"damage":0,"enemies":"2 Louse","floor":5,"turns":1},{"damage":42,"enemies":"3 Sentries","floor":6,"turns":9},{"damage":20,"enemies":"Gremlin Nob","floor":8,"turns":4},{"damage":0,"enemies":"Cultist","floor":10,"turns":3},{"damage":2,"enemies":"downfall:FleeingMerchant","floor":11,"turns":4},{"damage":9,"enemies":"Red Slaver","floor":12,"turns":2},{"damage":19,"enemies":"Lots of Slimes","floor":13,"turns":4},{"damage":2,"enemies":"Exordium Wildlife","floor":15,"turns":3},{"damage":38,"enemies":"SI_SHIV_ARCHETYPE","floor":16,"turns":7}],"seed_played":"-4628870281657676993","potions_obtained":[{"floor":5,"key":"SpeedPotion"},{"floor":6,"key":"BlessingOfTheForge"},{"floor":12,"key":"bronze:FreeFunctionsPotion"},{"floor":13,"key":"LiquidMemories"}],"is_trial":false,"path_per_floor":["R","M","M","?","?","E","T","E","R","M","$","M","M","?","M","B"],"character_chosen":"THE_AUTOMATON","items_purchased":["Bronze Scales"],"campfire_rested":1,"item_purchase_floors":[11],"current_hp_per_floor":[70,70,70,70,70,28,28,8,29,36,41,32,20,20,25,0,0,0],"gold":72,"neow_bonus":"THREE_ENEMY_KILL","is_daily":false,"chose_seed":false,"campfire_upgraded":0,"win_rate":0.0,"timestamp":1611740819,"path_taken":["R","M","M","?","?","E","T","E","R","?","?","?","M","?","M","BOSS"],"items_purchased_type":["Relic"],"build_version":"2020-12-22","purchased_purges":0,"victory":false,"max_hp_per_floor":[70,70,70,70,70,70,70,70,70,70,70,70,70,70,70,70,70,70],"card_choices":[{"not_picked":["bronze:DelayedGuard","bronze:BugBarrage"],"picked":"bronze:Fortify","floor":2},{"not_picked":["bronze:Constructor","bronze:Repair"],"picked":"bronze:ForLoop","floor":3},{"not_picked":["bronze:BitShift","bronze:DelayedGuard","bronze:DigitalCarnage"],"picked":"SKIP","floor":6},{"not_picked":["bronze:Constructor","bronze:CutThrough"],"picked":"bronze:Repair","floor":8},{"not_picked":["bronze:ForceShield","bronze:CloningBeam"],"picked":"bronze:Fortify","floor":10},{"not_picked":["bronze:BuggyMess","bronze:ShipIt","bronze:Separator"],"picked":"SKIP","floor":11},{"not_picked":["bronze:ForLoop","bronze:Separator","bronze:Terminator"],"picked":"SKIP","floor":12},{"not_picked":["bronze:WhirlingStrike","bronze:BronzeArmor","bronze:CutThrough"],"picked":"SKIP","floor":13},{"not_picked":["bronze:Turbo","bronze:Frontload","bronze:Overload"],"picked":"SKIP","floor":15}],"player_experience":413967,"relics_obtained":[{"floor":5,"key":"downfall:GremlinWheel"},{"floor":6,"key":"War Paint"},{"floor":7,"key":"Orichalcum"},{"floor":8,"key":"Nunchaku"}],"event_choices":[],"is_beta":false,"boss_relics":[],"items_purged_floors":[],"is_endless":false,"potions_floor_spawned":[5,6,12,13,15],"killed_by":"SI_SHIV_ARCHETYPE","ascension_level":5}}