{"host":"Jinnai","time":1611757438,"event":{"mods":["BaseMod","Bestiary","Block Reminder","Colored Map","Colored Powertips","Highlight Path","Minty Spire (QoL Compilation)","Quick Restart","Relic Stats","StSLib"],"gold_per_floor":[110,126,142,154,204,204,217,244,290,309,335,335,335,335,335,335,335],"floor_reached":16,"language":"ENG","playtime":604,"items_purged":[],"score":218,"play_id":"8ad9372c-f79c-41b4-b9f8-c6082f524cb8","local_time":"20210127092358","is_ascension_mode":true,"campfire_choices":[{"data":"Dagger Spray","floor":6.0,"key":"SMITH"},{"floor":12.0,"key":"REST"},{"data":"Sucker Punch","floor":15.0,"key":"SMITH"}],"circlet_count":0,"master_deck":["AscendersBane","Strike_G","Strike_G","Strike_G","Strike_G","Strike_G","Defend_G","Defend_G","Defend_G","Defend_G","Defend_G","Survivor","Neutralize","Flying Knee","Dagger Spray+1","Underhanded Strike","Finisher","Dash","Heel Hook","Sucker Punch+1","Backflip","Parasite"],"relics":["Ring of the Snake","InkBottle","Happy Flower","StrikeDummy","Golden Idol"],"acts_visited":["Exordium"],"potions_floor_usage":[16,16],"damage_taken":[{"damage":13.0,"enemies":"Jaw Worm","floor":1.0,"turns":7.0},{"damage":0.0,"enemies":"Cultist","floor":2.0,"turns":4.0},{"damage":4.0,"enemies":"2 Louse","floor":3.0,"turns":3.0},{"damage":7.0,"enemies":"Blue Slaver","floor":4.0,"turns":5.0},{"damage":4.0,"enemies":"Exordium Wildlife","floor":7.0,"turns":3.0},{"damage":12.0,"enemies":"Gremlin Nob","floor":8.0,"turns":4.0},{"damage":0.0,"enemies":"3 Louse","floor":10.0,"turns":2.0},{"damage":22.0,"enemies":"Lagavulin","floor":11.0,"turns":5.0},{"damage":40,"enemies":"The Guardian","floor":16,"turns":12}],"seed_played":"2380595170563202826","potions_obtained":[{"floor":0.0,"key":"Fruit Juice"},{"floor":0.0,"key":"CunningPotion"},{"floor":0.0,"key":"SpeedPotion"},{"floor":2.0,"key":"Ancient Potion"},{"floor":10.0,"key":"SkillPotion"},{"floor":11.0,"key":"EssenceOfSteel"}],"is_trial":false,"path_per_floor":["M","M","M","M","?","R","M","E","T","M","E","R","?","?","R","B"],"character_chosen":"THE_SILENT","items_purchased":[],"campfire_rested":1,"item_purchase_floors":[],"current_hp_per_floor":[51,51,47,40,40,40,36,24,24,24,2,23,23,39,39,0,0],"gold":335,"neow_bonus":"THREE_SMALL_POTIONS","is_daily":false,"chose_seed":false,"campfire_upgraded":2,"win_rate":0.0,"timestamp":1611757438,"path_taken":["M","M","M","M","?","R","M","E","T","?","E","R","?","?","R","BOSS"],"items_purchased_type":[],"build_version":"2020-12-18","purchased_purges":0,"victory":false,"max_hp_per_floor":[71,71,71,71,71,71,71,71,71,71,71,71,64,64,64,64,64],"relic_stats":{"Happy Flower":[6],"counters":[9,45],"Golden Idol":0,"obtain_stats":[{"Happy Flower":9,"Golden Idol":13,"StrikeDummy":11,"InkBottle":8,"Ring of the Snake":0},{"Happy Flower":6,"Golden Idol":8,"StrikeDummy":8,"InkBottle":6,"Ring of the Snake":0},{"Happy Flower":26,"Golden Idol":33,"StrikeDummy":33,"InkBottle":26,"Ring of the Snake":0}],"InkBottle":[5],"Ring of the Snake":[18]},"card_choices":[{"not_picked":["Calculated Gamble","PiercingWail"],"picked":"Flying Knee","floor":1.0},{"not_picked":["Acrobatics","Backstab"],"picked":"Dagger Spray","floor":2.0},{"not_picked":["Backflip","Deflect"],"picked":"Underhanded Strike","floor":3.0},{"not_picked":["Flying Knee","Storm of Steel"],"picked":"Finisher","floor":4.0},{"not_picked":["Underhanded Strike","Eviscerate"],"picked":"Dash","floor":7.0},{"not_picked":["Eviscerate","Acrobatics"],"picked":"Heel Hook","floor":8.0},{"not_picked":["Dagger Throw","Terror"],"picked":"Sucker Punch","floor":10.0},{"not_picked":["Eviscerate","Flying Knee"],"picked":"Backflip","floor":11.0}],"player_experience":1568420,"relics_obtained":[{"floor":8.0,"key":"InkBottle"},{"floor":9.0,"key":"Happy Flower"},{"floor":11.0,"key":"StrikeDummy"}],"event_choices":[{"damage_healed":0.0,"max_hp_gain":0.0,"max_hp_loss":0.0,"gold_gain":50.0,"event_name":"Golden Shrine","player_choice":"Pray","floor":5.0,"gold_loss":0.0,"damage_taken":0.0},{"damage_healed":0.0,"max_hp_gain":0.0,"max_hp_loss":7.0,"gold_gain":0.0,"event_name":"Golden Idol","player_choice":"Lose Max HP","floor":13.0,"gold_loss":0.0,"damage_taken":0.0,"relics_obtained":["Golden Idol"]},{"damage_healed":16.0,"max_hp_gain":0.0,"max_hp_loss":0.0,"gold_gain":0.0,"event_name":"Mushrooms","player_choice":"Healed and dodged fight","floor":14.0,"gold_loss":0.0,"damage_taken":0.0,"cards_obtained":["Parasite"]}],"is_beta":true,"boss_relics":[],"items_purged_floors":[],"is_endless":false,"potions_floor_spawned":[2,3,10,11],"killed_by":"The Guardian","ascension_level":19}}