{"host":"gbsupkmj5cka9iw4","time":1611760557,"event":{"mods":["BaseMod","Better Note","BetterRewards","Minty Spire (QoL Compilation)","Say the Spire","Shop Mod","StSLib"],"gold_per_floor":[111,111,111,124,124,124,159,179,179,211,222,21,21,56,56,155,155,169,182,195,6,19,47,47,79,79,79,105,205,205,216,216,321,321,339,339,356,373,56,85,85,117,143,143,143,44,90,105,105,105],"floor_reached":51,"language":"ENG","playtime":3804,"items_purged":["Defend_B"],"score":1606,"play_id":"d8186803-15f0-4e6e-aeac-cb3cc0934f02","local_time":"20210128001557","is_ascension_mode":true,"campfire_choices":[{"floor":6.0,"key":"REST"},{"floor":15.0,"key":"DIG"},{"floor":27,"key":"DIG"},{"floor":30,"key":"DIG"},{"floor":32,"key":"DIG"},{"floor":41,"key":"DIG"},{"floor":49,"key":"DIG"}],"circlet_count":0,"master_deck":["Strike_B","Defend_B+1","Defend_B","Zap","Dualcast+1","Coolheaded+1","Go for the Eyes","Apotheosis+1","Double Energy+1","Bandage Up+1","Recycle+1","Tempest+1","Ball Lightning","Multi-Cast+1","Tempest+1","Skim+1","Leap+1","Hologram+1","Reboot+1","Barrage","Fission+1","Sweeping Beam+1","Hologram+1","Defragment+1","Secret Technique+1","Conserve Battery+1","Heatsinks+1","Machine Learning","Turbo+1","Conserve Battery+1","Fission+1","Aggregate+1","Madness+1","Madness+1","Self Repair","Blind+1","Compile Driver+1","Sunder+1","Capacitor","Streamline","Defragment","Leap+1"],"relics":["Cracked Core","Toxic Egg 2","Shovel","Regal Pillow","Mercury Hourglass","Kunai","Blue Candle","Mummified Hand","Eternal Feather","Potion Belt","SacredBark","Centennial Puzzle","DataDisk","Ornamental Fan","Tiny Chest","Happy Flower","Calipers","Gremlin Horn","Girya","Cables","Fusion Hammer","Runic Capacitor","Vajra","Gambling Chip","MealTicket","Oddly Smooth Stone","HornCleat","Pocketwatch","War Paint"],"acts_visited":["Exordium","TheCity","TheBeyond"],"potions_floor_usage":[23,23,25,25,25,28,29,33,50,50,50,50],"damage_taken":[{"damage":0.0,"enemies":"Small Slimes","floor":1.0,"turns":2.0},{"damage":0.0,"enemies":"2 Louse","floor":4.0,"turns":2.0},{"damage":17.0,"enemies":"Lagavulin","floor":7.0,"turns":4.0},{"damage":0.0,"enemies":"Cultist","floor":8.0,"turns":2.0},{"damage":17.0,"enemies":"3 Sentries","floor":10.0,"turns":4.0},{"damage":8.0,"enemies":"3 Louse","floor":11.0,"turns":2.0},{"damage":0.0,"enemies":"Gremlin Nob","floor":14.0,"turns":3.0},{"damage":35.0,"enemies":"The Guardian","floor":16.0,"turns":10.0},{"damage":19.0,"enemies":"2 Thieves","floor":18.0,"turns":2.0},{"damage":0.0,"enemies":"Chosen","floor":19.0,"turns":2.0},{"damage":36.0,"enemies":"Snecko","floor":20.0,"turns":4.0},{"damage":3,"enemies":"Snake Plant","floor":22,"turns":2},{"damage":2,"enemies":"Slavers","floor":23,"turns":2},{"damage":0,"enemies":"Gremlin Leader","floor":25,"turns":4},{"damage":6,"enemies":"Slavers","floor":28,"turns":3},{"damage":12,"enemies":"Colosseum Slavers","floor":29,"turns":2},{"damage":27,"enemies":"Colosseum Nobs","floor":29,"turns":3},{"damage":0,"enemies":"Sentry and Sphere","floor":31,"turns":1},{"damage":6,"enemies":"Champ","floor":33,"turns":5},{"damage":7,"enemies":"Orb Walker","floor":35,"turns":2},{"damage":0,"enemies":"3 Darklings","floor":37,"turns":2},{"damage":1,"enemies":"4 Shapes","floor":38,"turns":2},{"damage":0,"enemies":"Giant Head","floor":40,"turns":6},{"damage":5,"enemies":"Reptomancer","floor":42,"turns":2},{"damage":0,"enemies":"2 Orb Walkers","floor":47,"turns":2},{"damage":0,"enemies":"Transient","floor":48,"turns":5},{"damage":0,"enemies":"Donu and Deca","floor":50,"turns":5}],"seed_played":"-7908319872160744452","potions_obtained":[{"floor":1.0,"key":"Block Potion"},{"floor":4.0,"key":"AttackPotion"},{"floor":7.0,"key":"SneckoOil"},{"floor":11.0,"key":"BlessingOfTheForge"},{"floor":14.0,"key":"EntropicBrew"},{"floor":19.0,"key":"Regen Potion"},{"floor":23,"key":"FearPotion"},{"floor":29,"key":"Fire Potion"},{"floor":33,"key":"Fire Potion"},{"floor":38,"key":"Ancient Potion"},{"floor":40,"key":"EssenceOfDarkness"},{"floor":48,"key":"EssenceOfSteel"}],"is_trial":false,"path_per_floor":["M","?","?","M","?","R","E","M","T","E","M","$","$","E","R","B",null,"M","M","M","$","M","E","?","E","T","R","E","?","R","M","R","B",null,"M","?","M","M","$","E","R","E","T","?","T","$","?","M","R","B",null],"character_chosen":"DEFECT","items_purchased":["Toxic Egg 2","Apotheosis+1","Double Energy+1","Bandage Up+1","Recycle+1","Hologram+1","Reboot+1","Secret Technique+1","Runic Capacitor","Blind+1","DistilledChaos","Capacitor","Streamline"],"campfire_rested":1,"item_purchase_floors":[0,0,0,0,0,12,12,21,39,39,39,46,46],"current_hp_per_floor":[28,28,28,34,27,64,53,59,59,48,46,46,46,46,58,29,64,51,57,53,53,56,60,60,66,66,75,69,42,60,66,75,75,75,68,59,65,75,75,75,75,75,75,75,75,75,75,75,75,75],"gold":105,"neow_bonus":"","is_daily":false,"chose_seed":false,"campfire_upgraded":0,"win_rate":0.0,"timestamp":1611760557,"path_taken":["M","?","?","M","?","R","E","M","T","E","M","?","$","E","R","BOSS","M","?","M","$","M","E","?","E","T","R","E","?","R","M","R","BOSS","M","?","M","M","$","E","R","E","T","?","?","$","?","M","R","BOSS"],"items_purchased_type":["Relic","Card","Card","Card","Card","Card","Card","Card","Relic","Card","Potion","Card","Card"],"build_version":"2020-12-22","purchased_purges":1,"victory":true,"max_hp_per_floor":[75,75,75,75,75,75,75,75,75,75,75,75,75,75,75,75,75,75,75,75,75,75,75,75,75,75,75,75,75,75,75,75,75,75,75,75,75,75,75,75,75,75,75,75,75,75,75,75,75,75],"card_choices":[{"not_picked":["Coolheaded+1","Auto Shields+1"],"picked":"Tempest+1","floor":1.0},{"not_picked":["Hello World","Compile Driver"],"picked":"Ball Lightning","floor":4.0},{"not_picked":["Compile Driver","Force Field+1"],"picked":"Multi-Cast+1","floor":7.0},{"not_picked":["Go for the Eyes","Double Energy+1"],"picked":"Tempest+1","floor":8.0},{"not_picked":["Cold Snap","Steam+1"],"picked":"Skim+1","floor":10.0},{"not_picked":["Steam Power+1","Coolheaded+1"],"picked":"Leap+1","floor":11.0},{"not_picked":["Redo+1","Compile Driver"],"picked":"Barrage","floor":14.0},{"not_picked":["Amplify+1","Meteor Strike"],"picked":"Fission+1","floor":16.0},{"not_picked":["Stack+1","Sunder"],"picked":"Sweeping Beam+1","floor":18.0},{"not_picked":["Go for the Eyes","Steam+1"],"picked":"Hologram+1","floor":19.0},{"not_picked":["BootSequence+1","Auto Shields+1"],"picked":"Defragment+1","floor":20.0},{"not_picked":["Blizzard","Storm"],"picked":"Conserve Battery+1","floor":22},{"not_picked":["Gash","Sweeping Beam","Melter"],"picked":"SKIP","floor":23},{"not_picked":["Gash","Sweeping Beam","Melter"],"picked":"SKIP","floor":23},{"not_picked":["Streamline","Double Energy+1"],"picked":"Heatsinks+1","floor":25},{"not_picked":["Glacier+1","Double Energy+1"],"picked":"Machine Learning","floor":28},{"not_picked":["Steam Power+1","Hologram+1"],"picked":"Turbo+1","floor":29},{"not_picked":["Barrage","Leap+1"],"picked":"Conserve Battery+1","floor":31},{"not_picked":["Core Surge","Multi-Cast+1"],"picked":"Fission+1","floor":33},{"not_picked":["Conserve Battery+1","Rebound"],"picked":"Aggregate+1","floor":35},{"not_picked":["Doom and Gloom","Auto Shields+1"],"picked":"Self Repair","floor":37},{"not_picked":["Sweeping Beam","Conserve Battery+1","Gash+1"],"picked":"SKIP","floor":38},{"not_picked":["Sweeping Beam+1","Thunder Strike"],"picked":"Compile Driver+1","floor":40},{"not_picked":["Turbo+1","Compile Driver+1"],"picked":"Sunder+1","floor":42},{"not_picked":["Heatsinks","Chill+1"],"picked":"Defragment","floor":47},{"not_picked":["Gash","Scrape"],"picked":"Leap+1","floor":48}],"player_experience":771745,"relics_obtained":[{"floor":7.0,"key":"Kunai"},{"floor":9.0,"key":"Blue Candle"},{"floor":10.0,"key":"Mummified Hand"},{"floor":14.0,"key":"Eternal Feather"},{"floor":15.0,"key":"Potion Belt"},{"floor":23,"key":"Centennial Puzzle"},{"floor":25,"key":"DataDisk"},{"floor":26,"key":"Ornamental Fan"},{"floor":27,"key":"Tiny Chest"},{"floor":28,"key":"Happy Flower"},{"floor":29,"key":"Calipers"},{"floor":29,"key":"Gremlin Horn"},{"floor":30,"key":"Girya"},{"floor":32,"key":"Cables"},{"floor":40,"key":"Vajra"},{"floor":41,"key":"Gambling Chip"},{"floor":42,"key":"MealTicket"},{"floor":43,"key":"Oddly Smooth Stone"},{"floor":45,"key":"HornCleat"},{"floor":47,"key":"Pocketwatch"},{"floor":49,"key":"War Paint"}],"event_choices":[{"damage_healed":0.0,"max_hp_gain":0.0,"max_hp_loss":0.0,"gold_gain":0.0,"event_name":"Scrap Ooze","player_choice":"Fled","floor":2.0,"gold_loss":0.0,"damage_taken":0.0},{"damage_healed":0.0,"max_hp_gain":0.0,"max_hp_loss":0.0,"gold_gain":0.0,"event_name":"Shining Light","player_choice":"Ignored","floor":3.0,"gold_loss":0.0,"damage_taken":0.0},{"cards_removed":["Strike_B"],"damage_healed":0.0,"max_hp_gain":0.0,"max_hp_loss":0.0,"gold_gain":0.0,"event_name":"Golden Wing","player_choice":"Card Removal","floor":5.0,"gold_loss":0.0,"damage_taken":7.0},{"cards_removed":["Strike_B"],"damage_healed":0,"gold_gain":0,"player_choice":"Elegance","damage_taken":0,"max_hp_gain":0,"max_hp_loss":0,"event_name":"Back to Basics","floor":24,"gold_loss":0},{"damage_healed":0,"gold_gain":0,"player_choice":"Fight","damage_taken":0,"max_hp_gain":0,"max_hp_loss":0,"event_name":"Colosseum","floor":29,"gold_loss":0},{"damage_healed":0,"gold_gain":0,"player_choice":"Fought Nobs","damage_taken":0,"max_hp_gain":0,"max_hp_loss":0,"event_name":"Colosseum","floor":29,"gold_loss":0},{"damage_healed":0,"gold_gain":0,"player_choice":"Embrace Madness","damage_taken":9,"max_hp_gain":0,"max_hp_loss":0,"event_name":"Winding Halls","floor":36,"gold_loss":0,"cards_obtained":["Madness","Madness"]},{"cards_removed":["Strike_B"],"damage_healed":0,"gold_gain":0,"player_choice":"Removed Attack","damage_taken":0,"max_hp_gain":0,"max_hp_loss":0,"event_name":"Falling","floor":44,"gold_loss":0},{"damage_healed":0,"gold_gain":0,"player_choice":"Fight","damage_taken":0,"max_hp_gain":0,"max_hp_loss":0,"event_name":"Mysterious Sphere","floor":47,"gold_loss":0}],"is_beta":false,"boss_relics":[{"not_picked":["Sozu","Tiny House"],"picked":"SacredBark"},{"not_picked":["Astrolabe","Runic Pyramid"],"picked":"Fusion Hammer"}],"items_purged_floors":[12],"is_endless":false,"potions_floor_spawned":[1,4,7,11,14,19,23,29,33,38,40,42,48],"ascension_level":9}}