{"host":"x1d9cj1vze2ie4yu","time":1611743476,"event":{"mods":["Act Like it!","BaseMod","Better Vampires","Conspire","Minty Spire (QoL Compilation)","Pale of the Ancients","Permanent Neow","Relic Stats","Reliquary","Replay The Spire","Spicy Shops","StSLib","[IsaacMod]以撒尖塔","【功能Mod】聪明的最终Boss"],"gold_per_floor":[112,128,128,128,128,163,163,182,182,30,56,56,56,72,72,177,177,188,203,203,203,203,203,228,240,240,240,275,275,293,304,304,405,405,415,219,219,238,270,302,302,320,320,353,364,364,364],"floor_reached":46,"language":"ZHS","playtime":1503,"items_purged":["Defend_R"],"score":1005,"play_id":"b35e9d6c-475f-4548-a6d1-f5a7d2f56057","local_time":"20210127183116","is_ascension_mode":true,"campfire_choices":[{"data":"EpicFetus","floor":7.0,"key":"SMITH"},{"data":"Clash","floor":13.0,"key":"SMITH"},{"floor":15,"key":"REST"},{"data":"Cleave","floor":27,"key":"SMITH"},{"data":"Bash","floor":29,"key":"SMITH"},{"floor":32,"key":"DIG"},{"data":"Clash","floor":41,"key":"SMITH"}],"circlet_count":0,"master_deck":["Strike_R+1","Strike_R+1","Strike_R","Strike_R","Strike_R","Bash+1","EpicFetus+1","Clash+1","Dual Wield","Clash+1","Cleave+1","Clash+1","conspire:Charge+1"],"relics":["Burning Blood","HushsDoor","SatanicBible","reliquary:RoseTintedGlasses","reliquary:Firecrackers","King of Hearts","D6","Runic Cube","PunchingBag","Void","Singing Bowl","conspire:Flyswatter","Philosopher\u0027s Stone","Incubus","Mummified Hand","Pondfish Scales","Leech","conspire:GlowingRock","reliquary:PurpleTingedLeaf"],"acts_visited":["Exordium","TheCity","TheBeyond"],"potions_floor_usage":[16,25,28,30,33,33,38,44],"damage_taken":[{"damage":12.0,"enemies":"Jaw Worm","floor":1.0,"turns":2.0},{"damage":7.0,"enemies":"Small Slimes","floor":2.0,"turns":3.0},{"damage":18.0,"enemies":"Replay:BlueRogue","floor":6.0,"turns":4.0},{"damage":11.0,"enemies":"conspire:RoseBush","floor":8.0,"turns":3.0},{"damage":21.0,"enemies":"Gremlin Nob","floor":11.0,"turns":4.0},{"damage":16.0,"enemies":"Blue Slaver","floor":14.0,"turns":3.0},{"damage":12,"enemies":"Hexaghost","floor":16,"turns":4},{"damage":7,"enemies":"conspire:FuzzyDice","floor":18,"turns":3},{"damage":12,"enemies":"Chosen","floor":19,"turns":3},{"damage":30,"enemies":"Gremlin Leader","floor":24,"turns":6},{"damage":2,"enemies":"Snecko","floor":25,"turns":4},{"damage":11,"enemies":"Replay:Snechameleon","floor":28,"turns":4},{"damage":0,"enemies":"Centurion and Healer","floor":30,"turns":1},{"damage":0,"enemies":"conspire:HollyBat","floor":31,"turns":5},{"damage":33,"enemies":"Pondfish","floor":33,"turns":6},{"damage":10,"enemies":"3 Darklings","floor":35,"turns":2},{"damage":12,"enemies":"3 Shapes","floor":38,"turns":2},{"damage":2,"enemies":"conspire:MimicChest","floor":39,"turns":4},{"damage":35,"enemies":"R_Hoarder","floor":40,"turns":5},{"damage":0,"enemies":"Spire Growth","floor":42,"turns":3},{"damage":20,"enemies":"Nemesis","floor":44,"turns":3},{"damage":0,"enemies":"Sphere and 2 Shapes","floor":45,"turns":2},{"damage":44,"enemies":"Reptomancer","floor":46,"turns":2}],"seed_played":"628086765528064462","potions_obtained":[{"floor":2.0,"key":"Fire Potion"},{"floor":8.0,"key":"Strength Potion"},{"floor":16,"key":"Block Potion"},{"floor":24,"key":"SkillPotion"},{"floor":28,"key":"PowerPotion"},{"floor":31,"key":"Toxic Potion"},{"floor":33,"key":"PowerPotion"},{"floor":35,"key":"LiquidBronze"},{"floor":39,"key":"Weak Potion"},{"floor":45,"key":"PowerPotion"}],"is_trial":false,"path_per_floor":["M","M","?","?","T","E","R","M","T","$","E","?","R","M","R","B",null,"M","M","?","?","?","?","E","M","T","R","E","R","M","M","R","B",null,"M","$","?","M","?","E","R","M","T","E","M","E"],"character_chosen":"IRONCLAD","items_purchased":["King of Hearts","Incubus","Mummified Hand"],"campfire_rested":1,"item_purchase_floors":[10,34,36],"current_hp_per_floor":[66,65,65,49,49,37,37,32,32,32,17,17,17,7,31,25,66,65,59,59,59,59,59,35,39,39,39,36,36,42,50,50,25,56,54,54,54,50,56,27,27,37,37,28,39,0,0],"gold":364,"neow_bonus":"RANDOM_EVENT","is_daily":false,"chose_seed":false,"campfire_upgraded":5,"win_rate":0.0,"timestamp":1611743476,"path_taken":["M","M","?","?","?","E","R","M","T","?","E","?","R","?","R","BOSS","M","M","?","?","?","?","E","M","T","R","E","R","?","M","R","BOSS","M","$","?","?","?","E","R","M","T","E","?","E"],"items_purchased_type":["Relic","Relic","Relic"],"build_version":"2020-12-22","purchased_purges":1,"victory":false,"max_hp_per_floor":[80,80,80,80,80,80,80,80,80,80,80,80,80,80,80,80,80,80,80,80,80,80,80,80,80,80,80,82,82,82,84,84,86,66,68,68,68,70,72,72,72,74,74,76,78,78,78],"relic_stats":{"Singing Bowl":18,"counters":[23,78],"Mummified Hand":[9],"obtain_stats":[{"KeepersGift":0,"PunchingBag":24,"Singing Bowl":28,"reliquary:Firecrackers":9,"King of Hearts":10,"Incubus":34,"Burning Blood":0,"SatanicBible":0,"Leech":40,"D6":11,"Pondfish Scales":39,"conspire:GlowingRock":43,"Mummified Hand":36,"Philosopher\u0027s Stone":34,"reliquary:RoseTintedGlasses":6,"Void":26,"HushsDoor":0,"reliquary:PurpleTingedLeaf":44,"Runic Cube":17,"conspire:Flyswatter":32},{"KeepersGift":0,"PunchingBag":10,"Singing Bowl":12,"reliquary:Firecrackers":4,"King of Hearts":4,"Incubus":15,"Burning Blood":0,"SatanicBible":0,"Leech":19,"D6":5,"Pondfish Scales":18,"conspire:GlowingRock":20,"Mummified Hand":16,"Philosopher\u0027s Stone":15,"reliquary:RoseTintedGlasses":3,"Void":11,"HushsDoor":0,"reliquary:PurpleTingedLeaf":21,"Runic Cube":7,"conspire:Flyswatter":14},{"KeepersGift":0,"PunchingBag":35,"Singing Bowl":43,"reliquary:Firecrackers":12,"King of Hearts":12,"Incubus":55,"Burning Blood":0,"SatanicBible":0,"Leech":68,"D6":16,"Pondfish Scales":63,"conspire:GlowingRock":71,"Mummified Hand":57,"Philosopher\u0027s Stone":55,"reliquary:RoseTintedGlasses":9,"Void":39,"HushsDoor":0,"reliquary:PurpleTingedLeaf":74,"Runic Cube":23,"conspire:Flyswatter":49}],"Burning Blood":132,"Runic Cube":[45]},"card_choices":[{"not_picked":[],"picked":"EpicFetus","floor":0.0},{"not_picked":["Defy Death","True Grit"],"picked":"Clash","floor":1.0},{"not_picked":["Havoc","Life Link","Sword Boomerang"],"picked":"SKIP","floor":2.0},{"not_picked":["Perfected Strike","Sever Soul"],"picked":"Dual Wield","floor":6.0},{"not_picked":["Corruption","conspire:ExplosiveBarrier"],"picked":"Clash","floor":8.0},{"not_picked":["Clothesline","Shrug It Off","Armaments"],"picked":"SKIP","floor":11.0},{"not_picked":["Sword Boomerang","Burning Pact","Shrug It Off"],"picked":"SKIP","floor":14.0},{"not_picked":["Burning Pact","Warcry","Ghostly Armor+1"],"picked":"SKIP","floor":18},{"not_picked":["ReplayTheSpireMod:LeadingStrike+1","Rage","Inflame"],"picked":"SKIP","floor":19},{"not_picked":["Fire Breathing","Shrug It Off","Defy Death"],"picked":"SKIP","floor":24},{"not_picked":["Iron Wave","Heavy Blade","Abandon"],"picked":"SKIP","floor":25},{"not_picked":["Heavy Blade","Cleave","Anger"],"picked":"Singing Bowl","floor":28},{"not_picked":["Body Slam","Perfected Strike"],"picked":"Clash","floor":30},{"not_picked":["Corruption","Replay:Undeath\u0027s Touch","Heavy Blade+1"],"picked":"Singing Bowl","floor":31},{"not_picked":["Hemogenesis","Immolate","Eclipse"],"picked":"Singing Bowl","floor":33},{"not_picked":["Wild Strike","Body Slam+1","Replay:Undeath\u0027s Touch"],"picked":"Singing Bowl","floor":35},{"not_picked":["Flame Barrier+1","Anger","Rampage+1"],"picked":"Singing Bowl","floor":38},{"not_picked":["True Grit+1","Thunderclap+1","Whirlwind"],"picked":"Singing Bowl","floor":39},{"not_picked":["Fire Breathing","ReplayTheSpireMod:LeadingStrike+1"],"picked":"conspire:Charge+1","floor":40},{"not_picked":["conspire:Charge+1","Anger+1","True Grit"],"picked":"Singing Bowl","floor":42},{"not_picked":["Shrug It Off+1","Sentinel","Replay:Undeath\u0027s Touch"],"picked":"Singing Bowl","floor":44},{"not_picked":["Carnage+1","Perfected Strike+1","Rage+1"],"picked":"Singing Bowl","floor":45}],"player_experience":75311,"relics_obtained":[{"floor":6.0,"key":"reliquary:RoseTintedGlasses"},{"floor":9.0,"key":"reliquary:Firecrackers"},{"floor":11.0,"key":"D6"},{"floor":24,"key":"PunchingBag"},{"floor":26,"key":"Void"},{"floor":28,"key":"Singing Bowl"},{"floor":32,"key":"conspire:Flyswatter"},{"floor":39,"key":"Pondfish Scales"},{"floor":40,"key":"Leech"},{"floor":43,"key":"conspire:GlowingRock"},{"floor":44,"key":"reliquary:PurpleTingedLeaf"}],"event_choices":[{"cards_removed":["Defend_R"],"damage_healed":0.0,"max_hp_gain":0.0,"max_hp_loss":0.0,"gold_gain":0.0,"event_name":"Living Wall","player_choice":"Forget","floor":0.0,"gold_loss":0.0,"damage_taken":0.0},{"damage_healed":0.0,"max_hp_gain":0.0,"max_hp_loss":0.0,"gold_gain":0.0,"event_name":"Shining Light","player_choice":"Entered Light","floor":4.0,"gold_loss":0.0,"damage_taken":16.0,"cards_upgraded":["Strike_R","Strike_R"]},{"damage_healed":0,"gold_gain":0,"player_choice":"Leave","damage_taken":0,"max_hp_gain":0,"max_hp_loss":0,"event_name":"conspire:Investor","floor":20,"gold_loss":0},{"damage_healed":0,"gold_gain":0,"player_choice":"Ignored","damage_taken":0,"max_hp_gain":0,"max_hp_loss":0,"event_name":"Ghosts","floor":21,"gold_loss":0},{"cards_removed":["Eclipse"],"damage_healed":0,"gold_gain":0,"player_choice":"Elegance","damage_taken":0,"max_hp_gain":0,"max_hp_loss":0,"event_name":"Back to Basics","floor":22,"gold_loss":0},{"damage_healed":0,"gold_gain":0,"cards_transformed":["Defend_R"],"player_choice":"Transformed","damage_taken":0,"max_hp_gain":0,"max_hp_loss":0,"event_name":"Transmorgrifier","floor":23,"gold_loss":0,"cards_obtained":["Cleave"]},{"damage_healed":0,"gold_gain":0,"player_choice":"Ignored","damage_taken":0,"max_hp_gain":0,"max_hp_loss":0,"event_name":"Tomb of Lord Red Mask","floor":37,"gold_loss":0}],"is_beta":false,"boss_relics":[{"not_picked":["Ring of Chaos","Honey Jar"],"picked":"Runic Cube"},{"not_picked":[]},{"not_picked":["Black Blood","Ooze Armor"],"picked":"Philosopher\u0027s Stone"},{"not_picked":[]}],"items_purged_floors":[36],"is_endless":false,"potions_floor_spawned":[2,8,16,24,25,28,31,33,35,39,45],"killed_by":"Reptomancer","ascension_level":9}}