{"host":"1krvlh4vk1vybq4t","time":1611763786,"event":{"mods":["2.2 Compatiblity","Act Like it!","Alarm Clock","BaseMod","Better Altar","Better Match","Better Note","Better Sensory Stone","Better Skull","Better Synergies","Better Third Choice","Better-Laid Plans","BetterRewards","Block Reminder","Booster Modes","Challenge The Spire","Colored Map","Custom Start","Defective Defect","Filter the Spire","GifTheSpireLib","Googly Eyes","Ironclad Rager","Minty Spire (QoL Compilation)","Quick Restart","Relic Stats","Shop Mod","StSLib","SuperFastMode","Swap Starting Deck Mod","Transform Curses","Virulent Crown","Waifu the Spire","everything is the same but u backflip on backflip","slay the spire mod where everything is the same but ironclad has a cowboy hat"],"gold_per_floor":[109,129,145,160,174,209,209,209,209],"floor_reached":8,"language":"ENG","playtime":256,"items_purged":[],"score":99,"play_id":"df5c926b-940d-434e-a5b4-d54777e2fbb6","local_time":"20210127170946","is_ascension_mode":true,"campfire_choices":[{"data":"Spot Weakness","floor":7,"key":"SMITH"}],"circlet_count":0,"master_deck":["AscendersBane","Strike_R","Strike_R","Strike_R","Strike_R","Defend_R","Defend_R","Defend_R","Defend_R","Bash","Spot Weakness+1","Cleave","Sword Boomerang","Shrug It Off"],"relics":["Burning Blood","Molten Egg 2"],"acts_visited":["Exordium"],"potions_floor_usage":[6],"damage_taken":[{"damage":6,"enemies":"Cultist","floor":1,"turns":3},{"damage":11,"enemies":"Jaw Worm","floor":2,"turns":4},{"damage":9,"enemies":"2 Louse","floor":3,"turns":3},{"damage":38,"enemies":"Gremlin Gang","floor":4,"turns":4},{"damage":5,"enemies":"2 Fungi Beasts","floor":5,"turns":3},{"damage":25,"enemies":"3 Sentries","floor":6,"turns":5},{"damage":16,"enemies":"Gremlin Nob","floor":8,"turns":2}],"seed_played":"5887693125675350051","potions_obtained":[{"floor":3,"key":"LiquidMemories"},{"floor":4,"key":"Energy Potion"},{"floor":6,"key":"LiquidMemories"}],"is_trial":false,"path_per_floor":["M","M","M","M","M","E","R","E"],"character_chosen":"IRONCLAD","items_purchased":[],"campfire_rested":0,"item_purchase_floors":[],"current_hp_per_floor":[72,67,64,32,33,14,14,0,0],"gold":209,"neow_bonus":"REMOVE_CARD","is_daily":false,"chose_seed":false,"campfire_upgraded":1,"win_rate":0.0,"timestamp":1611763786,"path_taken":["M","M","M","M","M","E","R","E"],"items_purchased_type":[],"build_version":"2020-12-22","purchased_purges":0,"victory":false,"max_hp_per_floor":[80,80,80,80,80,80,80,80,80],"relic_stats":{"counters":[12,43],"obtain_stats":[{"Molten Egg 2":6,"Burning Blood":0},{"Molten Egg 2":11,"Burning Blood":0},{"Molten Egg 2":41,"Burning Blood":0}],"Burning Blood":66},"card_choices":[{"not_picked":["Warcry","Searing Blow"],"picked":"Spot Weakness","floor":1},{"not_picked":["Shrug It Off","Havoc","Seeing Red"],"picked":"SKIP","floor":2},{"not_picked":["Warcry","Rupture"],"picked":"Cleave","floor":3},{"not_picked":["Dark Embrace","Sever Soul"],"picked":"Sword Boomerang","floor":4},{"not_picked":["Iron Wave","Dropkick","Feel No Pain"],"picked":"SKIP","floor":5},{"not_picked":["Power Through","Ghostly Armor"],"picked":"Shrug It Off","floor":6}],"player_experience":432810,"relics_obtained":[{"floor":6,"key":"Molten Egg 2"}],"event_choices":[],"is_beta":false,"boss_relics":[],"items_purged_floors":[],"is_endless":false,"potions_floor_spawned":[3,4,6],"killed_by":"Gremlin Nob","ascension_level":13}}