{"host":"uv5ws9rdk87e8i5k","time":1611719672,"event":{"mods":["AchievementEnabler","BaseMod","Colored Map","Minty Spire (QoL Compilation)","Permanent Neow","Quick Restart","StSLib","SuperFastMode","The Animator","The Cursed","The Hierophant","The Necromancer"],"gold_per_floor":[111,125,144,159,175,175,175,175],"floor_reached":7,"language":"ENG","playtime":221,"items_purged":[],"score":72,"play_id":"544d4fd7-8f56-4dc0-84a9-abd67f6a01bb","local_time":"20210126215432","is_ascension_mode":true,"campfire_choices":[{"data":"Bone_Armory","floor":6,"key":"SMITH"}],"circlet_count":0,"master_deck":["AscendersBane","Strike_W","Strike_W","Strike_W","Strike_W","Defend_W","Defend_W","Defend_W","Defend_W","Negative_Energy_Arrows","Bone_Wall","Bone_Armory+1","Vampiric_Strike","Flesh_Made_Foul","Bone_Armory","Necrotic_Claws"],"relics":["Vampire_Amulet"],"acts_visited":["Exordium"],"potions_floor_usage":[7],"damage_taken":[{"damage":1.0,"enemies":"Small Slimes","floor":1.0,"turns":4.0},{"damage":5.0,"enemies":"Jaw Worm","floor":2.0,"turns":4.0},{"damage":4.0,"enemies":"2 Louse","floor":3.0,"turns":3.0},{"damage":51,"enemies":"Gremlin Gang","floor":4,"turns":8},{"damage":7,"enemies":"Exordium Wildlife","floor":5,"turns":4},{"damage":21,"enemies":"3 Sentries","floor":7,"turns":6}],"seed_played":"-2132495452528865552","potions_obtained":[{"floor":3.0,"key":"EssenceOfSteel"},{"floor":5,"key":"GamblersBrew"}],"is_trial":false,"path_per_floor":["M","M","M","M","M","R","E"],"character_chosen":"NECROMANCER","items_purchased":[],"campfire_rested":0,"item_purchase_floors":[],"current_hp_per_floor":[71,70,70,29,28,28,11,11],"gold":175,"neow_bonus":"THREE_CARDS","is_daily":false,"chose_seed":false,"campfire_upgraded":1,"win_rate":0.0,"timestamp":1611719672,"path_taken":["M","M","M","M","M","R","E"],"items_purchased_type":[],"build_version":"2020-12-22","purchased_purges":0,"victory":false,"max_hp_per_floor":[75,75,75,75,75,75,75,75],"card_choices":[{"not_picked":["Bone_Shift","Life_Tap"],"picked":"Bone_Armory","floor":0.0},{"not_picked":["Scare","Corrupt"],"picked":"Vampiric_Strike","floor":1.0},{"not_picked":["Negative_Energy_Sphere","Blood_Curse"],"picked":"Flesh_Made_Foul","floor":2.0},{"not_picked":["Scare","Blood_Whip","Negative_Energy_Shield"],"picked":"SKIP","floor":3.0},{"not_picked":["Corrupt","Thousand_Bone_Knives"],"picked":"Bone_Armory","floor":4},{"not_picked":["Negative_Energy_Bomb","Stop_Heart"],"picked":"Necrotic_Claws","floor":5}],"player_experience":298216,"relics_obtained":[],"event_choices":[],"is_beta":false,"boss_relics":[],"items_purged_floors":[],"is_endless":false,"potions_floor_spawned":[3,5],"killed_by":"3 Sentries","ascension_level":12}}