{"host":"njo8qgvy2a57fcny","time":1611722165,"event":{"mods":["Aspiration","BaseMod","BetterRewards","CCEM2","Colored Map","Colored Powertips","Conspire","Custom Start","Downfall","Energized Spire","GifTheSpireLib","Halation","Hermit","Hubris","Infinite Spire","Jedi Mod","Jorbs\u0027s Wanderer Trilogy","Mimic Mod","Minty Spire (QoL Compilation)","Quick Restart","Random Character Button","Random Character Mod","Rare Cards Sparkle","Relic Sorter","Replay The Spire","Shop Mod","StSLib","Stuff the Spire","The Animator","The Jungle","The Runesmith","The Servant 0.9.4","Unceasing Turn Reminder","thorton"],"gold_per_floor":[99,112,44,63,63,77,112,12,41,41,76,108,123,140,155,252,252,152,172,187,235,245,280,280,295,295,86,121,29,41,67,79,175,175,75,22,22,32,45,45,45,57,102,134,144,144,177,191,201,201,201,201,201,201],"floor_reached":52,"language":"ENG","playtime":5392,"items_purged":[],"score":1163,"play_id":"78bc5f07-34f9-46a1-a9f0-85e774997204","local_time":"20210127153605","is_ascension_mode":true,"campfire_choices":[{"data":"Slimebound:Split","floor":1,"key":"SMITH"},{"data":"Slimebound:LivingWall","floor":8,"key":"SMITH"},{"data":"Dodge and Roll","floor":10,"key":"SMITH"},{"data":"Slimebound:DouseInSlime","floor":18,"key":"SMITH"},{"floor":26,"key":"RECALL"},{"data":"Slimebound:MassFeed","floor":35,"key":"SMITH"},{"data":"StuffTheSpire:Python","floor":46,"key":"SMITH"}],"circlet_count":0,"master_deck":["Slimebound:Strike_Slimebound+1","Slimebound:Strike_Slimebound+1","Slimebound:Tackle","Slimebound:Split+1","Slimebound:CorrosiveSpit+1","StuffTheSpire:GnomedCurse","Slimebound:Schlurp","Slimebound:HungryTackle","Slimebound:DisruptingSlam","Slimebound:SplitMire","Slimebound:LeechingTouch","Slimebound:TongueLash","Toxin Wave","Dodge and Roll+1","StuffTheSpire:Python+1","Slimebound:LivingWall+1","Slimebound:SlimeSpikes","Slimebound:SlimeSpikes","Slimebound:MegaLick","Slimebound:PressTheAttack","Slimebound:GoopSpray","Slimebound:LeechEnergy+1","Slimebound:SlimeSlap","CurseOfTheBell","Slimebound:RainOfGoop+1","Slimebound:SlimeSpikes","ReplayTheSpireMod:Splinters","Slimebound:SlimeSpikes","Slimebound:LivingWall","Slimebound:ItLooksTasty+1","Slimebound:GoopSpray+1","Slimebound:LeechLife","Slimebound:SplitLeeching+1","Slimebound:RainOfGoop","Slimebound:ForwardTackle","Slimebound:RollThrough+1","Slimebound:Prepare","Slimebound:Gluttony","Slimebound:Schlurp","Slimebound:TongueLash+1","Slimebound:MegaLick+1","Slimebound:MassFeed+1","Slimebound:SlimeSpikes","StuffTheSpire:CuriosityCurse","Slimebound:FinishingTackle+1","Slimebound:Prepare+1","Slimebound:Darklings","Slimebound:Schlurp","Slimebound:SlimeSpikes","Slimebound:LeadByExample","Slimebound:Equalize+1","Slimebound:RainOfGoop+1","Slimebound:SlimeSpikes","Slimebound:AcidTongue+1","hubris:Greed","hubris:Greed"],"relics":["Slimebound:AbsorbEndCombat","downfall:HeartBlessingBlue","StuffTheSpire:Gunfinga","CCEMRelics:JestersCrown","CCEMRelics:CocoNut","Calling Bell","aspiration:VileToxins","hubris:Teleporter","CCEMRelics:FiftyFTOfRope","downfall:HeartBlessingGreen","CCEMRelics:HeirloomTomato","Du-Vu Doll","CCEMRelics:PowerPill","Blue Candle","Replay:WaspNest","StuffTheSpire:Barrel","halation:HeavySnake","downfall:HeartBlessingRed","infinitespire:Satchel","Bird Faced Urn","Peace Pipe","Toy Ornithopter"],"acts_visited":["Exordium","TheCity","TheBeyond","TheEnding"],"potions_floor_usage":[9,11,16,16,22,27,27,29,33,42,47,48,50],"damage_taken":[{"damage":0,"enemies":"Cultist","floor":2,"turns":3},{"damage":3,"enemies":"downfall:FleeingMerchant","floor":3,"turns":4},{"damage":11,"enemies":"Jaw Worm","floor":4,"turns":4},{"damage":3,"enemies":"Small Slimes","floor":6,"turns":4},{"damage":3,"enemies":"Gremlin Gang","floor":7,"turns":4},{"damage":1,"enemies":"Lagavulin","floor":9,"turns":8},{"damage":0,"enemies":"Gremlin Gang","floor":11,"turns":4},{"damage":6,"enemies":"Gremlin Nob","floor":12,"turns":4},{"damage":25,"enemies":"Gremlin Gang","floor":13,"turns":3},{"damage":2,"enemies":"Exordium Wildlife","floor":14,"turns":4},{"damage":0,"enemies":"3 Louse","floor":15,"turns":2},{"damage":7,"enemies":"SI_SHIV_ARCHETYPE","floor":16,"turns":6},{"damage":2,"enemies":"Shell Parasite","floor":19,"turns":4},{"damage":0,"enemies":"Chosen","floor":20,"turns":3},{"damage":5,"enemies":"Snake Plant","floor":22,"turns":2},{"damage":18,"enemies":"Slavers","floor":23,"turns":5},{"damage":13,"enemies":"Centurion and Healer","floor":25,"turns":9},{"damage":0,"enemies":"downfall:FleeingMerchant","floor":27,"turns":4},{"damage":3,"enemies":"conspire:SneckoGhost","floor":28,"turns":5},{"damage":6,"enemies":"downfall:FleeingMerchant","floor":29,"turns":4},{"damage":7,"enemies":"conspire:HollyBat","floor":30,"turns":10},{"damage":6,"enemies":"Book of Stabbing","floor":31,"turns":3},{"damage":3,"enemies":"Sentry and Sphere","floor":32,"turns":3},{"damage":29,"enemies":"WA_ARCHETYPE_CALM","floor":33,"turns":7},{"damage":12,"enemies":"3 Darklings","floor":38,"turns":6},{"damage":7,"enemies":"Orb Walker","floor":39,"turns":3},{"damage":5,"enemies":"Sphere and 2 Shapes","floor":42,"turns":4},{"damage":45,"enemies":"2 Orb Walkers","floor":43,"turns":4},{"damage":60,"enemies":"Reptomancer","floor":44,"turns":6},{"damage":68,"enemies":"Transient","floor":45,"turns":5},{"damage":15,"enemies":"Nemesis","floor":47,"turns":5},{"damage":18,"enemies":"Maw","floor":48,"turns":7},{"damage":5,"enemies":"Spire Growth","floor":49,"turns":6},{"damage":136,"enemies":"IC_BLOCK_ARCHETYPE","floor":50,"turns":13},{"damage":161,"enemies":"downfall:CharBossMerchant","floor":52,"turns":8}],"seed_played":"-4702725386252012840","potions_obtained":[{"floor":6,"key":"Energy Potion"},{"floor":9,"key":"jedi:StrikingPotion"},{"floor":12,"key":"Elixir"},{"floor":13,"key":"Block Potion"},{"floor":14,"key":"Elixir"},{"floor":16,"key":"Explosive Potion"},{"floor":20,"key":"jedi:wingpotion"},{"floor":21,"key":"LiquidMemories"},{"floor":22,"key":"SteroidPotion"},{"floor":23,"key":"Languid Potion"},{"floor":25,"key":"jedi:StrikingPotion"},{"floor":32,"key":"SteroidPotion"},{"floor":39,"key":"SkillPotion"},{"floor":45,"key":"Elixir"},{"floor":47,"key":"Fire Potion"},{"floor":48,"key":"DuplicationPotion"}],"is_trial":false,"path_per_floor":["R","M","$","M","?","M","MIM","R","E","R","MIM","E","M","M","M","B",null,"R_BF","M","M","?","M","E","T","M","R","$","E","$","M","E","M","B",null,"R","$","?","M","M","?","T","M","?","E","M","R","E","M","M","B",null,"E"],"character_chosen":"SLIMEBOUND","items_purchased":["Slimebound:LeechingTouch","Slimebound:LeechLife","Slimebound:SplitLeeching+1","Replay:WaspNest","Slimebound:RollThrough","Slimebound:Prepare","Slimebound:Gluttony","Slimebound:SlimeSpikes"],"campfire_rested":0,"item_purchase_floors":[3,27,27,29,29,29,29,36],"current_hp_per_floor":[65,65,64,58,58,59,62,72,75,75,75,77,60,60,60,61,80,80,80,80,85,82,74,74,71,71,81,84,85,85,85,85,61,85,85,85,85,89,89,89,89,93,87,59,25,25,14,46,57,32,101,0,0,0],"gold":201,"neow_bonus":"TRANSFORM_TWO_CARDS","is_daily":false,"chose_seed":false,"campfire_upgraded":6,"win_rate":0.0,"timestamp":1611722165,"path_taken":["R","M","?","?","?","?","MIM","R","E","R","?","E","M","M","M","BOSS","R_BF","M","M","?","M","E","T","?","R","?","E","$","?","E","M","BOSS","R","$","?","M","M","?","T","M","?","E","M","R","E","M","M","BOSS","E"],"items_purchased_type":["Card","Card","Card","Relic","Card","Card","Card","Card"],"build_version":"2020-12-22","purchased_purges":0,"victory":false,"max_hp_per_floor":[65,65,65,65,65,65,65,75,75,75,75,80,80,80,80,80,80,80,80,80,85,85,85,85,85,85,85,85,85,85,85,85,85,85,85,85,85,89,89,89,89,93,97,97,97,97,97,97,101,101,101,101,101,101],"card_choices":[{"not_picked":["Slimebound:SplitBruiser","Slimebound:Schlurp"],"picked":"Slimebound:DisruptingSlam","floor":2},{"not_picked":["Slimebound:ServeAndProtect","Slimebound:Repurpose"],"picked":"Slimebound:SplitMire","floor":3},{"not_picked":["Slimebound:SamplingLick","Slimebound:AcidTongue"],"picked":"Slimebound:TongueLash","floor":4},{"not_picked":["Slimebound:Equalize","Slimebound:SamplingLick"],"picked":"Slimebound:LivingWall","floor":6},{"not_picked":["Slimebound:Prepare","Slimebound:PressTheAttack"],"picked":"Slimebound:SlimeSpikes","floor":7},{"not_picked":["Slimebound:BestDefense","Slimebound:FlameTackle"],"picked":"Slimebound:SlimeSpikes","floor":9},{"not_picked":["Slimebound:Repurpose","Slimebound:SplitMire"],"picked":"Slimebound:MegaLick","floor":11},{"not_picked":["Slimebound:FinishingTackle","Slimebound:ComboTackle"],"picked":"Slimebound:PressTheAttack","floor":12},{"not_picked":["Slimebound:ItLooksTasty","Slimebound:LivingWall"],"picked":"Slimebound:GoopSpray","floor":13},{"not_picked":["Slimebound:Chomp","Slimebound:SplitAcid"],"picked":"Slimebound:DouseInSlime","floor":14},{"not_picked":["Slimebound:Repurpose","Slimebound:SplitMire"],"picked":"Slimebound:LeechEnergy","floor":15},{"not_picked":["Slimebound:CheckThePlaybook","Slimebound:DouseInSlime"],"picked":"Slimebound:SlimeSlap","floor":16},{"not_picked":["Slimebound:TongueLash","Slimebound:Grow"],"picked":"Slimebound:RainOfGoop+1","floor":19},{"not_picked":["Slimebound:GrowthPunch","Slimebound:PressTheAttack+1"],"picked":"Slimebound:SlimeSpikes","floor":20},{"not_picked":["Slimebound:SplitBruiser+1","Slimebound:SplitSpecialist+1"],"picked":"Slimebound:SlimeSpikes","floor":21},{"not_picked":["Slimebound:SplitAcid","Slimebound:ProtectTheBoss"],"picked":"Slimebound:LivingWall","floor":22},{"not_picked":["Slimebound:SplitAcid","Slimebound:FinishingTackle","Slimebound:FlameTackle"],"picked":"SKIP","floor":23},{"not_picked":["Slimebound:DouseInSlime","Slimebound:FinishingTackle+1"],"picked":"Slimebound:ItLooksTasty+1","floor":25},{"not_picked":["Slimebound:ServeAndProtect","Slimebound:ItLooksTasty"],"picked":"Slimebound:GoopSpray+1","floor":27},{"not_picked":["Slimebound:CheckThePlaybook","Slimebound:SplitLeeching"],"picked":"Slimebound:RainOfGoop","floor":28},{"not_picked":["Slimebound:Nibble","Slimebound:ComboTackle"],"picked":"Slimebound:ForwardTackle","floor":29},{"not_picked":["Slimebound:FormOfPuddle+1","Slimebound:HauntingLick+1"],"picked":"Slimebound:Schlurp","floor":30},{"not_picked":["Slimebound:DouseInSlime","Slimebound:CheckThePlaybook"],"picked":"Slimebound:TongueLash+1","floor":31},{"not_picked":["Slimebound:PressTheAttack","Slimebound:Schlurp"],"picked":"Slimebound:MegaLick","floor":32},{"not_picked":["Slimebound:Recycling","Slimebound:DouseInSlime"],"picked":"Slimebound:MassFeed","floor":33},{"not_picked":["Slimebound:ComboTackle","Slimebound:ServeAndProtect"],"picked":"Slimebound:FinishingTackle+1","floor":38},{"not_picked":["Slimebound:RollThrough","Slimebound:SplitLeeching+1"],"picked":"Slimebound:Prepare+1","floor":39},{"not_picked":["Slimebound:AcidTongue","Slimebound:PressTheAttack+1"],"picked":"Slimebound:Schlurp","floor":42},{"not_picked":["Slimebound:FinishingTackle+1","Slimebound:GoopTackle+1"],"picked":"Slimebound:SlimeSpikes","floor":43},{"not_picked":["Slimebound:Recollect","Slimebound:ItLooksTasty+1"],"picked":"Slimebound:LeadByExample","floor":44},{"not_picked":["Slimebound:FlameTackle+1","Slimebound:FinishingTackle+1"],"picked":"Slimebound:Equalize+1","floor":45},{"not_picked":["Slimebound:SlimeBarrage+1","Slimebound:SplitMire+1"],"picked":"Slimebound:RainOfGoop+1","floor":47},{"not_picked":["Slimebound:GoopTackle","Slimebound:RollThrough+1"],"picked":"Slimebound:SlimeSpikes","floor":48},{"not_picked":["Slimebound:FinishingTackle","Slimebound:SamplingLick+1"],"picked":"Slimebound:AcidTongue+1","floor":49}],"player_experience":725375,"relics_obtained":[{"floor":9,"key":"StuffTheSpire:Gunfinga"},{"floor":11,"key":"CCEMRelics:JestersCrown"},{"floor":12,"key":"CCEMRelics:CocoNut"},{"floor":17,"key":"aspiration:VileToxins"},{"floor":17,"key":"hubris:Teleporter"},{"floor":17,"key":"CCEMRelics:FiftyFTOfRope"},{"floor":21,"key":"CCEMRelics:HeirloomTomato"},{"floor":23,"key":"Du-Vu Doll"},{"floor":24,"key":"CCEMRelics:PowerPill"},{"floor":28,"key":"Blue Candle"},{"floor":31,"key":"StuffTheSpire:Barrel"},{"floor":41,"key":"Bird Faced Urn"},{"floor":44,"key":"Peace Pipe"},{"floor":47,"key":"Toy Ornithopter"}],"event_choices":[{"damage_healed":0,"gold_gain":0,"player_choice":"Fight","damage_taken":0,"max_hp_gain":0,"max_hp_loss":0,"event_name":"Mysterious Sphere","floor":43,"gold_loss":0}],"is_beta":false,"boss_relics":[{"not_picked":["CCEMRelics:ExpiredCReal","infinitespire:Cupcake"],"picked":"Calling Bell"},{"not_picked":["Slimebound:TarBlob","jedi:paperlyon"],"picked":"halation:HeavySnake"}],"items_purged_floors":[],"is_endless":false,"potions_floor_spawned":[6,9,12,13,14,16,20,22,23,25,32,39,45,47,48],"killed_by":"downfall:CharBossMerchant","ascension_level":4}}