{"host":"v3z2g2b45xdjh78v","time":1611789959,"event":{"mods":["BaseMod","Colored Powertips","Downfall","Minty Spire (QoL Compilation)","Replay The Spire","Shop Mod","StSLib"],"gold_per_floor":[99,99,119,136,236,236,291,310,321,340,340,340,340],"floor_reached":11,"language":"ENG","playtime":407,"items_purged":[],"score":65,"play_id":"36a6f6a3-9115-44d6-8ee0-a1b62c30a198","local_time":"20210128122559","is_ascension_mode":false,"campfire_choices":[],"circlet_count":0,"master_deck":["Slimebound:Strike_Slimebound","Slimebound:Strike_Slimebound","Slimebound:Strike_Slimebound","Slimebound:Tackle","Slimebound:Defend_Slimebound","Slimebound:Defend_Slimebound+1","Slimebound:Defend_Slimebound","Slimebound:Split","Slimebound:CorrosiveSpit","Slimebound:SplitAcid","Slimebound:SamplingLick","Slimebound:Repurpose","Slimebound:GrowthPunch","Slimebound:LeechingTouch"],"relics":["Slimebound:AbsorbEndCombat","MealTicket"],"acts_visited":["Exordium"],"potions_floor_usage":[9,11,11],"damage_taken":[{"damage":11,"enemies":"Small Slimes","floor":3,"turns":3},{"damage":18,"enemies":"Jaw Worm","floor":4,"turns":4},{"damage":6,"enemies":"2 Louse","floor":8,"turns":2},{"damage":14,"enemies":"Gremlin Gang","floor":9,"turns":4},{"damage":6,"enemies":"2 Fungi Beasts","floor":10,"turns":4},{"damage":58,"enemies":"Gremlin Nob","floor":11,"turns":4}],"seed_played":"2157568381313877206","potions_obtained":[{"floor":1,"key":"Weak Potion"},{"floor":1,"key":"DuplicationPotion"},{"floor":4,"key":"Slimebound:SlimedPotion"},{"floor":8,"key":"Regen Potion"}],"is_trial":false,"path_per_floor":["R","?","M","M","?","?","T","M","M","M","E"],"character_chosen":"SLIMEBOUND","items_purchased":[],"campfire_rested":0,"item_purchase_floors":[],"current_hp_per_floor":[71,71,62,48,48,48,48,44,34,32,0,0,0],"gold":340,"neow_bonus":"TEN_PERCENT_HP_BONUS","is_daily":false,"chose_seed":false,"campfire_upgraded":0,"win_rate":0.0,"timestamp":1611789959,"path_taken":["R","?","M","M","?","?","T","M","M","?","E"],"items_purchased_type":[],"build_version":"2020-12-22","purchased_purges":0,"victory":false,"max_hp_per_floor":[71,71,71,71,71,71,71,71,71,71,71,71,71],"card_choices":[{"not_picked":["Slimebound:GoopTackle","Slimebound:LivingWall"],"picked":"Slimebound:SplitAcid","floor":3},{"not_picked":["Slimebound:SplitLeeching","Slimebound:SlimeTap"],"picked":"Slimebound:SamplingLick","floor":4},{"not_picked":["Slimebound:ComboTackle","Slimebound:HauntingLick"],"picked":"Slimebound:Repurpose","floor":8},{"not_picked":["Slimebound:FormOfPuddle","Slimebound:MegaLick"],"picked":"Slimebound:GrowthPunch","floor":9},{"not_picked":["Slimebound:PressTheAttack","Slimebound:LivingWall"],"picked":"Slimebound:LeechingTouch","floor":10}],"player_experience":85543,"relics_obtained":[{"floor":7,"key":"MealTicket"}],"event_choices":[{"cards_removed":["Slimebound:Defend_Slimebound"],"damage_healed":0,"gold_gain":0,"player_choice":"Offered Basic","damage_taken":0,"max_hp_gain":0,"max_hp_loss":0,"event_name":"Bonfire Elementals","floor":6,"gold_loss":0}],"is_beta":false,"boss_relics":[],"items_purged_floors":[],"is_endless":false,"potions_floor_spawned":[4,8],"killed_by":"Gremlin Nob","ascension_level":0}}