{"host":"u1dfzl6o6mfmauc3","time":1611720362,"event":{"mods":["2.2 Compatiblity","AchievementEnabler","BaseMod","Block Reminder","Challenge The Spire","Dark Map","Hermit","Minty Spire (QoL Compilation)","Relic Stats","Robot Space Explorer","StSLib","The Disciple"],"gold_per_floor":[118,118,17,36,49,82,82,97,97,97,74,91,107,126,126,228,228,244,262,187,187,197,222,222,236,236,6,17,17,17,17,17,17,122,122,135,172,199,3,0,35,55,83,107,107,56,68,80,80,93,93,93,93,93],"floor_reached":53,"language":"ENG","playtime":4764,"items_purged":["Evaluate+1"],"score":762,"play_id":"b90904a5-3fc3-4882-9e79-0270dcceb2b7","local_time":"20210126230602","is_ascension_mode":true,"campfire_choices":[{"data":"Halt","floor":7,"key":"SMITH"},{"data":"Vigilance","floor":10,"key":"SMITH"},{"data":"SashWhip","floor":15,"key":"SMITH"},{"data":"Vault","floor":24,"key":"SMITH"},{"data":"LikeWater","floor":30,"key":"SMITH"},{"data":"DevaForm","floor":32,"key":"SMITH"},{"data":"EmptyFist","floor":33,"key":"SMITH"},{"floor":49,"key":"RECALL"},{"data":"Wish","floor":51,"key":"SMITH"},{"data":"Tantrum","floor":52,"key":"SMITH"}],"circlet_count":0,"master_deck":["Strike_P","Defend_P","Defend_P","Defend_P","Defend_P","Eruption","Vigilance+1","FollowUp","Halt+1","Crescendo","InnerPeace","SandsOfTime","Consecrate","SashWhip+1","EmptyBody","Sanctity","Vault+1","CrushJoints","EmptyFist+1","CrushJoints","CutThroughFate+1","ClearTheMind","LikeWater+1","ThirdEye","DevaForm+1","Wish+1","Tantrum+1","TalkToTheHand+1","LikeWater+1"],"relics":["Coffee Dripper","Oddly Smooth Stone","Lantern","Empty Cage","InkBottle","White Beast Statue","Snecko Eye","Akabeko","Red Mask","The Courier","Torii","Mercury Hourglass","Ornamental Fan"],"acts_visited":["Exordium","TheCity","TheBeyond"],"potions_floor_usage":[19,22,23,23,29,34,34,37,37,41,50,53],"damage_taken":[{"damage":0,"enemies":"Jaw Worm","floor":1,"turns":2},{"damage":0,"enemies":"Cultist","floor":4,"turns":2},{"damage":4,"enemies":"Small Slimes","floor":5,"turns":3},{"damage":32,"enemies":"3 Sentries","floor":6,"turns":7},{"damage":0,"enemies":"Exordium Wildlife","floor":8,"turns":3},{"damage":0,"enemies":"Looter","floor":12,"turns":2},{"damage":6,"enemies":"Exordium Thugs","floor":13,"turns":4},{"damage":0,"enemies":"Exordium Wildlife","floor":14,"turns":3},{"damage":0,"enemies":"Slime Boss","floor":16,"turns":5},{"damage":14,"enemies":"Spheric Guardian","floor":18,"turns":4},{"damage":33,"enemies":"2 Thieves","floor":19,"turns":4},{"damage":1,"enemies":"Shelled Parasite and Fungi","floor":22,"turns":4},{"damage":13,"enemies":"Book of Stabbing","floor":23,"turns":6},{"damage":4,"enemies":"Snake Plant","floor":25,"turns":3},{"damage":0,"enemies":"3 Cultists","floor":28,"turns":5},{"damage":0,"enemies":"Shelled Parasite and Fungi","floor":29,"turns":1},{"damage":0,"enemies":"Champ","floor":34,"turns":11},{"damage":6,"enemies":"Orb Walker","floor":36,"turns":4},{"damage":15,"enemies":"3 Darklings","floor":37,"turns":8},{"damage":28,"enemies":"Nemesis","floor":41,"turns":8},{"damage":0,"enemies":"Sphere and 2 Shapes","floor":42,"turns":8},{"damage":0,"enemies":"Giant Head","floor":43,"turns":6},{"damage":0,"enemies":"Jaw Worm Horde","floor":47,"turns":3},{"damage":1,"enemies":"Maw","floor":48,"turns":6},{"damage":9,"enemies":"Transient","floor":50,"turns":6},{"damage":18,"enemies":"Awakened One","floor":53,"turns":3}],"seed_played":"-2028187555072570745","potions_obtained":[{"floor":6,"key":"FearPotion"},{"floor":12,"key":"EssenceOfSteel"},{"floor":13,"key":"Explosive Potion"},{"floor":19,"key":"PowerPotion"},{"floor":28,"key":"Strength Potion"},{"floor":34,"key":"AttackPotion"},{"floor":36,"key":"Energy Potion"},{"floor":37,"key":"CultistPotion"},{"floor":41,"key":"PowerPotion"},{"floor":42,"key":"GamblersBrew"},{"floor":50,"key":"FearPotion"}],"is_trial":false,"path_per_floor":["M","?","$","M","M","E","R","M","T","R","?","M","M","M","R","B",null,"M","M","?","?","M","E","R","M","T","$","M","M","R","?","R","R","B",null,"M","M","T","$","?","E","M","E","T","T","?","M","M","R","M","R","R","B"],"character_chosen":"WATCHER","items_purchased":["Halt","Crescendo","LikeWater","Block Potion","SmokeBomb","Tantrum","PowerPotion"],"campfire_rested":0,"item_purchase_floors":[3,3,27,27,27,39,39],"current_hp_per_floor":[72,65,65,65,61,29,29,29,29,29,29,29,23,23,23,23,72,58,25,25,25,24,11,11,7,7,7,7,7,7,7,7,7,7,72,66,51,51,51,51,23,23,23,23,23,23,23,22,22,13,13,13,0,0],"gold":93,"neow_bonus":"BOSS_RELIC","is_daily":false,"chose_seed":false,"campfire_upgraded":9,"win_rate":0.0,"timestamp":1611720362,"path_taken":["M","?","?","M","M","E","R","M","T","R","?","M","M","M","R","BOSS","M","M","?","?","M","E","R","M","T","$","?","M","R","?","R","R","BOSS","M","?","?","$","?","E","M","E","T","T","?","M","?","R","M","R","R","BOSS"],"items_purchased_type":["Card","Card","Card","Potion","Potion","Card","Potion"],"build_version":"2020-12-22","purchased_purges":1,"victory":false,"max_hp_per_floor":[72,72,72,72,72,72,72,72,72,72,72,72,72,72,72,72,72,72,72,72,72,72,72,72,72,72,72,72,72,72,72,72,72,72,72,72,72,72,72,72,72,72,72,72,72,72,72,72,72,72,72,72,72,72],"relic_stats":{"Torii":5,"counters":[26,121],"Ornamental Fan":[32],"Snecko Eye":[115,111,108,98],"obtain_stats":[{"Lantern":9,"Torii":43,"Oddly Smooth Stone":6,"The Courier":41,"Empty Cage":17,"White Beast Statue":26,"Akabeko":38,"Mercury Hourglass":45,"Ornamental Fan":46,"Snecko Eye":35,"Coffee Dripper":0,"Red Mask":40,"PureWater":0,"InkBottle":23},{"Lantern":5,"Torii":22,"Oddly Smooth Stone":4,"The Courier":20,"Empty Cage":9,"White Beast Statue":14,"Akabeko":19,"Mercury Hourglass":22,"Ornamental Fan":22,"Snecko Eye":17,"Coffee Dripper":0,"Red Mask":19,"PureWater":0,"InkBottle":13},{"Lantern":17,"Torii":103,"Oddly Smooth Stone":14,"The Courier":89,"Empty Cage":31,"White Beast Statue":52,"Akabeko":81,"Mercury Hourglass":103,"Ornamental Fan":103,"Snecko Eye":69,"Coffee Dripper":0,"Red Mask":81,"PureWater":0,"InkBottle":49}],"InkBottle":[35],"Mercury Hourglass":[72]},"card_choices":[{"not_picked":["PathToVictory","ForeignInfluence"],"picked":"FollowUp","floor":1},{"not_picked":["ThirdEye","WindmillStrike"],"picked":"InnerPeace","floor":4},{"not_picked":["SignatureMove","Protect"],"picked":"SandsOfTime","floor":5},{"not_picked":["Brilliance","InnerPeace"],"picked":"Consecrate","floor":6},{"not_picked":["Collect","Halt","FollowUp"],"picked":"SKIP","floor":8},{"not_picked":["Halt","ForeignInfluence"],"picked":"SashWhip","floor":12},{"not_picked":["Devotion","Weave"],"picked":"EmptyBody","floor":13},{"not_picked":["ClearTheMind","CrushJoints"],"picked":"Sanctity","floor":14},{"not_picked":["Blasphemy","SpiritShield"],"picked":"Vault","floor":16},{"not_picked":["EmptyBody","InnerPeace+1"],"picked":"CrushJoints","floor":18},{"not_picked":["PathToVictory","Crescendo"],"picked":"EmptyFist","floor":19},{"not_picked":["SignatureMove","ForeignInfluence","Crescendo"],"picked":"SKIP","floor":22},{"not_picked":["WheelKick","Devotion"],"picked":"CutThroughFate+1","floor":23},{"not_picked":["Indignation","Collect"],"picked":"ClearTheMind","floor":25},{"not_picked":["Vengeance","CrushJoints"],"picked":"ThirdEye","floor":28},{"not_picked":["Ragnarok","LessonLearned"],"picked":"Wish","floor":34},{"not_picked":["EmptyFist","ClearTheMind+1","Prostrate+1"],"picked":"SKIP","floor":36},{"not_picked":["CutThroughFate","WreathOfFlame"],"picked":"Evaluate+1","floor":37},{"not_picked":["EmptyFist+1","Pray","Collect+1"],"picked":"SKIP","floor":41},{"not_picked":["ForeignInfluence","SashWhip","Crescendo"],"picked":"SKIP","floor":42},{"not_picked":["Tantrum","EmptyFist+1"],"picked":"TalkToTheHand+1","floor":43},{"not_picked":["FollowUp","DeceiveReality+1","JustLucky+1"],"picked":"SKIP","floor":47},{"not_picked":["Conclude","Pray+1"],"picked":"LikeWater+1","floor":48},{"not_picked":["Crescendo","SignatureMove+1","CarveReality"],"picked":"SKIP","floor":50}],"player_experience":165021,"relics_obtained":[{"floor":6,"key":"Oddly Smooth Stone"},{"floor":9,"key":"Lantern"},{"floor":23,"key":"InkBottle"},{"floor":26,"key":"White Beast Statue"},{"floor":38,"key":"Akabeko"},{"floor":41,"key":"The Courier"},{"floor":43,"key":"Torii"},{"floor":45,"key":"Mercury Hourglass"}],"event_choices":[{"damage_healed":0,"gold_gain":0,"player_choice":"Damaged","damage_taken":7,"max_hp_gain":0,"max_hp_loss":0,"event_name":"Wheel of Change","floor":2,"gold_loss":0},{"damage_healed":0,"gold_gain":0,"player_choice":"Left Gold","damage_taken":0,"max_hp_gain":0,"max_hp_loss":0,"event_name":"World of Goop","floor":11,"gold_loss":23},{"cards_removed":["Strike_P"],"damage_healed":0,"gold_gain":0,"player_choice":"Gave Gold","damage_taken":0,"max_hp_gain":0,"max_hp_loss":0,"event_name":"Beggar","floor":20,"gold_loss":75},{"damage_healed":0,"gold_gain":0,"player_choice":"Copied","damage_taken":0,"max_hp_gain":0,"max_hp_loss":0,"event_name":"Duplicator","floor":21,"gold_loss":0,"cards_obtained":["CrushJoints"]},{"damage_healed":0,"gold_gain":0,"player_choice":"1 cards matched","damage_taken":0,"max_hp_gain":0,"max_hp_loss":0,"event_name":"Match and Keep!","floor":31,"gold_loss":0,"cards_obtained":["DevaForm"]},{"damage_healed":0,"gold_gain":0,"player_choice":"Paid","damage_taken":0,"relics_obtained":["Red Mask"],"max_hp_gain":0,"max_hp_loss":0,"event_name":"Tomb of Lord Red Mask","floor":40,"gold_loss":3},{"damage_healed":0,"gold_gain":0,"player_choice":"Paid Gold","damage_taken":0,"relics_obtained":["Ornamental Fan"],"max_hp_gain":0,"max_hp_loss":0,"event_name":"WeMeetAgain","floor":46,"gold_loss":51}],"is_beta":false,"boss_relics":[{"not_picked":["Pandora\u0027s Box","Astrolabe"],"picked":"Empty Cage"},{"not_picked":["Cursed Key","Tiny House"],"picked":"Snecko Eye"}],"items_purged_floors":[39],"is_endless":false,"potions_floor_spawned":[6,12,13,14,16,19,28,29,34,36,37,41,42,43,47,48,50],"killed_by":"Awakened One","ascension_level":2}}