{"host":"xp5rvh2jwe2ejyfm","time":1611709169,"event":{"mods":["Aspiration","BaseMod","BetterRewards","Colored Powertips","Conspire","Downfall","Duelist Mod","GifTheSpireLib","Gremlin Mod","Hermit","Hubris","Minty Spire (QoL Compilation)","Robot Space Explorer","StSLib","The Blackbeard","The Clintock","The Construct","The Cursed","The Disciple","The Forsaken","The Hierophant","The Necromancer","The Runesmith","The Servant 0.9.4"],"gold_per_floor":[110,110,36,55,73,106,106,106,106,125,141,141,168,13,13,13,13],"floor_reached":16,"language":"ENG","playtime":394,"items_purged":[],"score":110,"play_id":"f2b230fa-3062-4ffc-a433-23d5b9d7c720","local_time":"20210126195929","is_ascension_mode":false,"campfire_choices":[{"data":"TheCursedMod:CursedWand","floor":7,"key":"SMITH"},{"floor":15,"key":"REST"}],"circlet_count":0,"master_deck":["TheCursedMod:Strike_TheCursed","TheCursedMod:Strike_TheCursed","TheCursedMod:Strike_TheCursed","TheCursedMod:Strike_TheCursed","TheCursedMod:Defend_TheCursed","TheCursedMod:Defend_TheCursed","TheCursedMod:Defend_TheCursed","TheCursedMod:Defend_TheCursed","TheCursedMod:CursedWand+1","TheCursedMod:CleanUpWorkshop","TheCursedMod:Dregs","TheCursedMod:Wield","Regret","TheCursedMod:Hemoplague","TheCursedMod:CursedShiv","TheCursedMod:SpreadPlague","TheCursedMod:Hemoplague+1","TheCursedMod:EmpowerCircles","TheCursedMod:CursedBlade","TheCursedMod:VitalStrike"],"relics":["TheCursedMod:BlackMagic101","NeowsBlessing","Runesmith:AutoHammer","hubris:TenFootPole","construct:BoolHorns","Oddly Smooth Stone","construct:RocketBooster","Slimebound:StickyStick"],"acts_visited":["Exordium"],"potions_floor_usage":[6,13],"damage_taken":[{"damage":0,"enemies":"2 Louse","floor":1,"turns":1},{"damage":0,"enemies":"Jaw Worm","floor":4,"turns":1},{"damage":0,"enemies":"Cultist","floor":5,"turns":1},{"damage":34,"enemies":"Lagavulin","floor":6,"turns":5},{"damage":10,"enemies":"Blue Slaver","floor":10,"turns":4},{"damage":16,"enemies":"Exordium Wildlife","floor":11,"turns":4},{"damage":12,"enemies":"3 Sentries","floor":13,"turns":6},{"damage":29,"enemies":"The Guardian","floor":16,"turns":5}],"seed_played":"1906969167047589376","potions_obtained":[{"floor":4,"key":"SneckoOil"},{"floor":10,"key":"bronze:BurnAndBuffPotion"}],"is_trial":false,"path_per_floor":["M","?","$","M","M","E","R","?","T","M","M","T","E","$","R","B"],"character_chosen":"THE_CURSED","items_purchased":["TheCursedMod:Hemoplague","Slimebound:StickyStick"],"campfire_rested":1,"item_purchase_floors":[3,14],"current_hp_per_floor":[75,75,75,75,75,41,41,41,41,31,15,15,3,3,25,0,0],"gold":13,"neow_bonus":"THREE_ENEMY_KILL","is_daily":false,"chose_seed":false,"campfire_upgraded":1,"win_rate":0.0,"timestamp":1611709169,"path_taken":["M","?","$","M","M","E","R","?","T","M","M","?","E","$","R","BOSS"],"items_purchased_type":["Card","Relic"],"build_version":"2020-12-22","purchased_purges":0,"victory":false,"max_hp_per_floor":[75,75,75,75,75,75,75,75,75,75,75,75,75,75,75,75,75],"card_choices":[{"not_picked":["TheCursedMod:CursedAmulet","TheCursedMod:RapidMovement"],"picked":"TheCursedMod:Wield","floor":1},{"not_picked":["TheCursedMod:Grudge","TheCursedMod:LuckyCharm"],"picked":"TheCursedMod:CursedShiv","floor":4},{"not_picked":["TheCursedMod:Stigma","TheCursedMod:CursedSpellbook"],"picked":"TheCursedMod:SpreadPlague","floor":5},{"not_picked":["TheCursedMod:CursedRelics","TheCursedMod:RavingStaff"],"picked":"TheCursedMod:Hemoplague","floor":6},{"not_picked":["TheCursedMod:CursedAmulet","TheCursedMod:Obscuration"],"picked":"TheCursedMod:EmpowerCircles","floor":10},{"not_picked":["TheCursedMod:CursedBoomerang","TheCursedMod:CircleOfCorruption"],"picked":"TheCursedMod:CursedBlade","floor":11},{"not_picked":["TheCursedMod:CollectTribute","TheCursedMod:EmpowerCircles"],"picked":"TheCursedMod:VitalStrike","floor":13}],"player_experience":362533,"relics_obtained":[{"floor":6,"key":"hubris:TenFootPole"},{"floor":9,"key":"construct:BoolHorns"},{"floor":12,"key":"Oddly Smooth Stone"},{"floor":13,"key":"construct:RocketBooster"}],"event_choices":[{"damage_healed":0,"gold_gain":0,"player_choice":"Box","damage_taken":0,"relics_obtained":["Runesmith:AutoHammer"],"max_hp_gain":0,"max_hp_loss":0,"event_name":"Big Fish","floor":2,"gold_loss":0,"cards_obtained":["Regret"]},{"damage_healed":0,"gold_gain":0,"player_choice":"Grow","damage_taken":0,"max_hp_gain":0,"max_hp_loss":0,"event_name":"Living Wall","floor":8,"gold_loss":0,"cards_upgraded":["TheCursedMod:Hemoplague"]}],"is_beta":false,"boss_relics":[],"items_purged_floors":[],"is_endless":false,"potions_floor_spawned":[4,10],"killed_by":"The Guardian","ascension_level":0}}