{"host":"sav7uxregyirlf69","time":1611731179,"event":{"mods":["AchievementEnabler","BaseMod","Colored Map","DeckTracker","Keyboard Shortcuts","Minty Spire (QoL Compilation)","READ ME - Guardian Mod","StSLib","SuperFastMode"],"gold_per_floor":[13,13,33,53,53,53,96,96,96,96,136,136,154,167,167,167,167],"floor_reached":16,"language":"KOR","playtime":262,"items_purged":[],"score":220,"play_id":"c761802e-5f43-4359-99ce-2ca7b4a433d3","local_time":"20210127160619","is_ascension_mode":true,"campfire_choices":[{"data":"Wild Strike","floor":6,"key":"SMITH"},{"data":"Evolve","floor":8,"key":"SMITH"},{"floor":10,"key":"REST"},{"data":"True Grit","floor":15,"key":"SMITH"}],"circlet_count":0,"master_deck":["AscendersBane","Strike_R","Strike_R","Strike_R","Strike_R","Defend_R","Defend_R","Defend_R","Defend_R","Bash","Wild Strike+1","Cleave","Evolve+1","Armaments","True Grit+1","Burning Pact","Immolate"],"relics":["Burning Blood","CaptainsWheel","Golden Idol","Tiny Chest","FossilizedHelix","Red Skull"],"acts_visited":["Exordium"],"potions_floor_usage":[16],"damage_taken":[{"damage":4,"enemies":"Jaw Worm","floor":1,"turns":5},{"damage":0,"enemies":"Cultist","floor":3,"turns":4},{"damage":4,"enemies":"Small Slimes","floor":4,"turns":3},{"damage":38,"enemies":"Gremlin Nob","floor":7,"turns":5},{"damage":10,"enemies":"3 Sentries","floor":11,"turns":6},{"damage":0,"enemies":"3 Louse","floor":13,"turns":2},{"damage":5,"enemies":"Large Slime","floor":14,"turns":5},{"damage":45,"enemies":"Hexaghost","floor":16,"turns":9}],"seed_played":"5238632146833462478","potions_obtained":[{"floor":4,"key":"SpeedPotion"},{"floor":11,"key":"FearPotion"}],"is_trial":false,"path_per_floor":["M","?","M","M","?","R","E","R","T","R","E","?","M","M","R","B"],"character_chosen":"IRONCLAD","items_purchased":[],"campfire_rested":1,"item_purchase_floors":[],"current_hp_per_floor":[70,70,75,75,49,49,17,17,17,39,35,35,41,42,42,0,0],"gold":167,"neow_bonus":"THREE_RARE_CARDS","is_daily":false,"chose_seed":false,"campfire_upgraded":3,"win_rate":0.0,"timestamp":1611731179,"path_taken":["M","?","?","M","?","R","E","R","T","R","E","?","M","M","R","BOSS"],"items_purchased_type":[],"build_version":"2020-12-22","purchased_purges":0,"victory":false,"max_hp_per_floor":[75,75,75,75,75,75,75,75,75,75,75,75,75,75,75,75,75],"card_choices":[{"not_picked":["Exhume","Barricade"],"picked":"Demon Form","floor":0},{"not_picked":["Dual Wield","True Grit"],"picked":"Wild Strike","floor":1},{"not_picked":["Iron Wave","True Grit"],"picked":"Cleave","floor":3},{"not_picked":["Metallicize","Reckless Charge"],"picked":"Evolve","floor":4},{"not_picked":["Cleave","Twin Strike"],"picked":"Armaments","floor":7},{"not_picked":["Entrench","Cleave","Sever Soul"],"picked":"SKIP","floor":11},{"not_picked":["Pommel Strike","Rampage"],"picked":"Burning Pact","floor":13},{"not_picked":["Evolve","Whirlwind"],"picked":"Immolate","floor":14}],"player_experience":1389903,"relics_obtained":[{"floor":7,"key":"Tiny Chest"},{"floor":9,"key":"FossilizedHelix"},{"floor":11,"key":"Red Skull"}],"event_choices":[{"cards_removed":["Demon Form"],"damage_healed":0,"gold_gain":0,"player_choice":"Gave Card","damage_taken":0,"relics_obtained":["CaptainsWheel"],"max_hp_gain":0,"max_hp_loss":0,"event_name":"WeMeetAgain","floor":2,"gold_loss":0},{"damage_healed":0,"gold_gain":0,"player_choice":"Take Damage","damage_taken":26,"relics_obtained":["Golden Idol"],"max_hp_gain":0,"max_hp_loss":0,"event_name":"Golden Idol","floor":5,"gold_loss":0},{"damage_healed":0,"gold_gain":0,"cards_transformed":["Strike_R"],"player_choice":"Change","damage_taken":0,"max_hp_gain":0,"max_hp_loss":0,"event_name":"Living Wall","floor":12,"gold_loss":0,"cards_obtained":["True Grit"]}],"is_beta":false,"boss_relics":[],"items_purged_floors":[],"is_endless":false,"potions_floor_spawned":[4,11,13],"killed_by":"Hexaghost","ascension_level":20}}