{"host":"xnmm48bggm313m0r","time":1611786898,"event":{"mods":["BaseMod","KOR Keyword Fix","Minty Spire (QoL Compilation)"],"gold_per_floor":[113,38,58,70,70,70,70,70,96,96,107,107,3,14,14,118,118,138,14,33,33,33,33,0,18,18,18,36,51,15,15,15,15,15],"floor_reached":33,"language":"KOR","playtime":1239,"items_purged":["Strike_G","Strike_G"],"score":235,"play_id":"39189cf5-a1d9-4ad7-8884-d6183041f285","local_time":"20210128073458","is_ascension_mode":false,"campfire_choices":[{"data":"Riddle With Holes","floor":6,"key":"SMITH"},{"data":"Crippling Poison","floor":12,"key":"SMITH"},{"data":"Deflect","floor":15,"key":"SMITH"},{"data":"Envenom","floor":23,"key":"SMITH"},{"data":"PiercingWail","floor":27,"key":"SMITH"},{"floor":32,"key":"REST"}],"circlet_count":0,"master_deck":["Strike_G+1","Strike_G+1","Defend_G+1","Defend_G+1","Defend_G+1","Survivor","Neutralize","Blade Dance+1","Riddle With Holes+1","Regret","Crippling Poison+1","Slice+1","Poisoned Stab+1","Deflect+1","Underhanded Strike+1","Storm of Steel","PiercingWail+1","Bane+1","Envenom+1","Shame","Dagger Spray+1","PiercingWail","Outmaneuver+1","Poisoned Stab+1","Cloak And Dagger"],"relics":["Ring of the Snake","Centennial Puzzle","Molten Egg 2","Juzu Bracelet","Empty Cage","The Courier","Kunai"],"acts_visited":["Exordium","TheCity"],"potions_floor_usage":[16,16,18,33,33],"damage_taken":[{"damage":0,"enemies":"2 Louse","floor":1,"turns":2},{"damage":0,"enemies":"Jaw Worm","floor":3,"turns":5},{"damage":0,"enemies":"Cultist","floor":4,"turns":3},{"damage":2,"enemies":"Looter","floor":11,"turns":3},{"damage":0,"enemies":"2 Fungi Beasts","floor":14,"turns":2},{"damage":43,"enemies":"The Guardian","floor":16,"turns":9},{"damage":2,"enemies":"Spheric Guardian","floor":18,"turns":3},{"damage":10,"enemies":"2 Thieves","floor":20,"turns":4},{"damage":17,"enemies":"Snecko","floor":25,"turns":3},{"damage":11,"enemies":"Centurion and Healer","floor":28,"turns":7},{"damage":6,"enemies":"Shelled Parasite and Fungi","floor":29,"turns":4},{"damage":61,"enemies":"Automaton","floor":33,"turns":6}],"seed_played":"-6786298074177713082","potions_obtained":[{"floor":1,"key":"SteroidPotion"},{"floor":4,"key":"Swift Potion"},{"floor":14,"key":"Weak Potion"},{"floor":16,"key":"Explosive Potion"},{"floor":18,"key":"DuplicationPotion"}],"is_trial":false,"path_per_floor":["M","$","M","M","?","R","?","?","T","?","M","R","$","M","R","B",null,"M","$","M","?","?","R","?","M","T","R","M","M","$","?","R","B"],"character_chosen":"THE_SILENT","items_purchased":["Poisoned Stab+1","Deflect","Bane+1","Poisoned Stab+1"],"campfire_rested":1,"item_purchase_floors":[13,13,19,30],"current_hp_per_floor":[70,70,70,70,70,70,67,67,67,67,65,65,65,65,65,22,70,68,68,58,58,58,58,58,41,41,41,30,24,24,24,45,0,0],"gold":15,"neow_bonus":"THREE_CARDS","is_daily":false,"chose_seed":false,"campfire_upgraded":5,"win_rate":0.0,"timestamp":1611786898,"path_taken":["M","$","M","M","?","R","?","?","T","?","M","R","?","M","R","BOSS","M","$","M","?","?","R","?","M","T","R","M","M","?","?","R","BOSS"],"items_purchased_type":["Card","Card","Card","Card"],"build_version":"2020-12-22","purchased_purges":2,"victory":false,"max_hp_per_floor":[70,70,70,70,70,70,70,70,70,70,70,70,70,70,70,70,70,70,70,70,70,70,70,70,70,70,70,70,70,70,70,70,70,70],"card_choices":[{"not_picked":["Prepared","Poisoned Stab"],"picked":"Blade Dance","floor":0},{"not_picked":["Predator","Prepared","Footwork"],"picked":"SKIP","floor":1},{"not_picked":["Eviscerate","Choke"],"picked":"Deflect","floor":3},{"not_picked":["Bane","Deflect"],"picked":"Riddle With Holes","floor":4},{"not_picked":["Dodge and Roll","Quick Slash+1"],"picked":"Slice+1","floor":11},{"not_picked":["Flechettes+1","All Out Attack+1"],"picked":"Underhanded Strike+1","floor":14},{"not_picked":["Doppelganger","After Image"],"picked":"Storm of Steel","floor":16},{"not_picked":["Dodge and Roll+1","Quick Slash+1"],"picked":"PiercingWail","floor":18},{"not_picked":["Escape Plan","Cloak And Dagger+1"],"picked":"Envenom","floor":20},{"not_picked":["Setup","Terror"],"picked":"Dagger Spray+1","floor":25},{"not_picked":["Deadly Poison","Acrobatics+1"],"picked":"PiercingWail","floor":28},{"not_picked":["Dash+1","Choke+1"],"picked":"Outmaneuver+1","floor":29}],"player_experience":134337,"relics_obtained":[{"floor":9,"key":"Juzu Bracelet"},{"floor":26,"key":"Kunai"}],"event_choices":[{"damage_healed":0,"gold_gain":0,"player_choice":"Box","damage_taken":0,"relics_obtained":["Centennial Puzzle"],"max_hp_gain":0,"max_hp_loss":0,"event_name":"Big Fish","floor":5,"gold_loss":0,"cards_obtained":["Regret"]},{"damage_healed":0,"gold_gain":0,"player_choice":"Success","damage_taken":3,"relics_obtained":["Molten Egg 2"],"max_hp_gain":0,"max_hp_loss":0,"event_name":"Scrap Ooze","floor":7,"gold_loss":0},{"damage_healed":0,"gold_gain":0,"player_choice":"Grow","damage_taken":0,"max_hp_gain":0,"max_hp_loss":0,"event_name":"Living Wall","floor":8,"gold_loss":0,"cards_upgraded":["Blade Dance"]},{"damage_healed":0,"gold_gain":0,"cards_transformed":["Defend_G"],"player_choice":"Transformed","damage_taken":0,"max_hp_gain":0,"max_hp_loss":0,"event_name":"Transmorgrifier","floor":10,"gold_loss":0,"cards_obtained":["Crippling Poison"]},{"damage_healed":0,"gold_gain":0,"player_choice":"Simplicity","damage_taken":0,"max_hp_gain":0,"max_hp_loss":0,"event_name":"Back to Basics","floor":21,"gold_loss":0,"cards_upgraded":["Strike_G","Strike_G","Defend_G","Defend_G","Defend_G"]},{"damage_healed":0,"gold_gain":0,"player_choice":"Stole Relic","damage_taken":0,"relics_obtained":["The Courier"],"max_hp_gain":0,"max_hp_loss":0,"event_name":"Addict","floor":22,"gold_loss":0,"cards_obtained":["Shame"]},{"damage_healed":0,"gold_gain":0,"player_choice":"Paid Fearfully","damage_taken":0,"max_hp_gain":0,"max_hp_loss":0,"event_name":"Masked Bandits","floor":24,"gold_loss":33},{"damage_healed":0,"gold_gain":0,"cards_transformed":["Deflect"],"player_choice":"Transformed","damage_taken":0,"max_hp_gain":0,"max_hp_loss":0,"event_name":"Transmorgrifier","floor":31,"gold_loss":0,"cards_obtained":["Cloak And Dagger"]}],"is_beta":false,"boss_relics":[{"not_picked":["Runic Dome","Ring of the Serpent"],"picked":"Empty Cage"}],"items_purged_floors":[2,19],"is_endless":false,"potions_floor_spawned":[1,4,14,16,18],"killed_by":"Automaton","ascension_level":0}}