{"host":"8a72fthmlk1o8pdb","time":1611730265,"event":{"mods":["AchievementEnabler","Aspiration","Astrologer","Bard","BaseMod","Beaked The Cultist","Better Third Choice","Colored Map","Colored Powertips","Downfall","Friendly Minions","GifTheSpireLib","Googly Eyes","Gremlin Mod","Hermit","Jorbs\u0027s Wanderer Trilogy","Marisa????????","Minty Spire (QoL Compilation)","Permanent Neow","Rare Cards Sparkle","Robot Space Explorer","Shop Mod","StSLib","The Animator","The Construct","The Cursed","The Disciple","The Hierophant","The Necromancer","The Poker Player","The Runesmith"],"gold_per_floor":[111,128,152,67,42,42,77,77,77,77,99,115,150,161,161,261,261,276,61,73,172,172,204,204,119,119,119,130,156,168,33,33,154,154,174,76,93,54,54,54,54,74,74,103,103,136,148,198,210,228,240,252,264,23,62,74],"floor_reached":57,"language":"ENG","playtime":19941,"items_purged":["animator:HarukoHaruhara+1","animator:Defend_TenSura"],"score":1311,"play_id":"35b0de30-6693-4304-a180-ff817a9b2d83","local_time":"20210126225105","is_ascension_mode":false,"campfire_choices":[{"floor":8,"key":"REST"},{"data":"animator:Megumin","floor":10,"key":"SMITH"},{"floor":15,"key":"REST"},{"floor":24,"key":"REST"},{"floor":32,"key":"RECALL"},{"data":"animator:Aqua","floor":40,"key":"SMITH"},{"data":"animator:PandorasActor","floor":45,"key":"SMITH"},{"data":"animator:YunYun","floor":47,"key":"SMITH"},{"data":"animator:Vanir","floor":49,"key":"SMITH"},{"data":"animator:Vanir","floor":52,"key":"SMITH"}],"circlet_count":0,"master_deck":["animator:Strike_Konosuba","animator:Defend_Konosuba","animator:Kazuma","animator:Aqua+1","animator:PandorasActor+1","animator:YunYun+1","animator:Strike_FullmetalAlchemist","animator:Strike_HitsugiNoChaika","animator:Defend_FullmetalAlchemist","animator:Defend_HitsugiNoChaika","animator:Megumin+21","animator:Vanir+1","animator:Mitsurugi","animator:Cocytus","animator:Mitsurugi","animator:Mitsurugi","animator:Demiurge+1","animator:Entoma+1","animator:Cocytus","animator:Vanir+1","animator:Wiz+1","animator:DolaStephanie+1","animator:Darkness","animator:Aqua+1","animator:Darkness","animator:HigakiRinne+1","animator:Cocytus","animator:Shalltear+1","animator:Chris+1","animator:Demiurge+1","animator:Evileye+1"],"relics":["animator:VividPicture","animator:TheMissingPiece","betterThird:SlimedRelic","Toxic Egg 2","Shuriken","Bronze Scales","aspiration:PoetsPen_weak","aspiration:Stabinomicon","TungstenRod","Calipers","Lantern","MerchantsRug","Paper Crane","MealTicket","MawBank","animator:ShionDessert","Strawberry","aspiration:ChemicalBlood"],"acts_visited":["Exordium","TheCity","TheBeyond","TheEnding"],"potions_floor_usage":[13,16,29,42,50,55,56,56,56],"damage_taken":[{"damage":10,"enemies":"Cultist","floor":1,"turns":8},{"damage":0,"enemies":"2 Louse","floor":2,"turns":3},{"damage":0,"enemies":"Small Slimes","floor":3,"turns":5},{"damage":31,"enemies":"Lagavulin","floor":7,"turns":9},{"damage":1,"enemies":"Blue Slaver","floor":11,"turns":5},{"damage":0,"enemies":"3 Louse","floor":12,"turns":1},{"damage":20,"enemies":"Gremlin Nob","floor":13,"turns":5},{"damage":5,"enemies":"Looter","floor":14,"turns":2},{"damage":3,"enemies":"Hexaghost","floor":16,"turns":7},{"damage":0,"enemies":"2 Thieves","floor":18,"turns":1},{"damage":0,"enemies":"Shell Parasite","floor":20,"turns":2},{"damage":20,"enemies":"Book of Stabbing","floor":23,"turns":3},{"damage":5,"enemies":"Centurion and Healer","floor":28,"turns":2},{"damage":0,"enemies":"Slavers","floor":29,"turns":3},{"damage":0,"enemies":"Cultist and Chosen","floor":30,"turns":1},{"damage":20,"enemies":"Collector","floor":33,"turns":5},{"damage":0,"enemies":"3 Shapes","floor":35,"turns":1},{"damage":0,"enemies":"Orb Walker","floor":37,"turns":2},{"damage":0,"enemies":"Jaw Worm Horde","floor":42,"turns":2},{"damage":17,"enemies":"Giant Head","floor":44,"turns":6},{"damage":0,"enemies":"Nemesis","floor":46,"turns":5},{"damage":2,"enemies":"Giant Head","floor":48,"turns":4},{"damage":11,"enemies":"Donu and Deca","floor":50,"turns":4},{"damage":7,"enemies":"Shield and Spear","floor":55,"turns":2},{"damage":69,"enemies":"The Heart","floor":56,"turns":8}],"seed_played":"2381747690791144452","potions_obtained":[{"floor":1,"key":"PowerPotion"},{"floor":12,"key":"Guardian:BlockOnCardUsePotion"},{"floor":23,"key":"SneckoOil"},{"floor":28,"key":"ColorlessPotion"},{"floor":29,"key":"sneckomod:MuddlingPotion"},{"floor":35,"key":"Dexterity Potion"},{"floor":41,"key":"Explosive Potion"},{"floor":41,"key":"LiquidMemories"},{"floor":44,"key":"animator:FalseLifePotion"}],"is_trial":false,"path_per_floor":["M","M","M","?","?","?","E","R","T","R","M","M","E","M","R","B",null,"M","$","M","?","?","E","R","?","T","T","M","E","M","$","R","B",null,"M","$","M","$","?","R","?","M","T","E","R","E","R","E","R","B",null,"R","??","$","E","B",null],"character_chosen":"THE_ANIMATOR","items_purchased":["animator:Megumin","animator:HarukoHaruhara+1","MerchantsRug","animator:Cocytus","animator:Vanir","animator:Darkness","animator:Darkness","Strawberry"],"campfire_rested":3,"item_purchase_floors":[19,19,31,31,31,36,38,54],"current_hp_per_floor":[56,61,66,66,55,55,30,50,50,50,54,55,40,40,60,59,68,68,68,68,68,52,34,54,54,54,54,54,59,59,59,59,44,68,68,68,68,68,60,60,60,62,62,51,51,65,65,66,66,55,72,72,72,79,72,6],"gold":74,"neow_bonus":"ONE_RANDOM_RARE_CARD","is_daily":false,"chose_seed":false,"campfire_upgraded":6,"win_rate":0.0,"timestamp":1611730265,"path_taken":["M","M","?","?","?","?","E","R","T","R","M","M","E","M","R","BOSS","M","$","?","?","?","E","R","?","T","?","?","E","M","$","R","BOSS","M","$","M","?","?","R","?","?","T","E","R","E","R","E","R","BOSS","R","??","$","E","BOSS"],"items_purchased_type":["Card","Card","Relic","Card","Card","Card","Card","Relic"],"build_version":"2020-12-22","purchased_purges":2,"victory":true,"max_hp_per_floor":[66,66,66,66,66,66,67,67,67,67,67,68,68,68,68,68,68,68,68,68,68,68,68,68,68,68,68,68,68,68,68,68,68,68,68,68,68,68,68,68,68,70,70,70,70,72,72,72,72,72,72,72,72,79,79,79],"card_choices":[{"not_picked":["animator:ChlammyZell","animator:UneriGinkaku"],"picked":"animator:PandorasActor","floor":1},{"not_picked":["animator:Emonzaemon","animator:Nanami","animator:LizardPriest"],"picked":"SKIP","floor":2},{"not_picked":["animator:SilverFang","animator:Spearman"],"picked":"animator:YunYun","floor":3},{"not_picked":["animator:YunYun","animator:Chris"],"picked":"animator:Megumin","floor":7},{"not_picked":["animator:DwarfShaman","animator:MumenRider"],"picked":"animator:Vanir","floor":11},{"not_picked":["animator:Nanami+1","animator:Hans"],"picked":"animator:Mitsurugi","floor":12},{"not_picked":["animator:Konayuki+1","animator:LizardPriest+1"],"picked":"animator:Cocytus","floor":13},{"not_picked":["animator:Chris","animator:Vanir"],"picked":"animator:Mitsurugi","floor":14},{"not_picked":["animator:Sebas+1","animator:LeleiLaLalena+1"],"picked":"animator:Mitsurugi","floor":18},{"not_picked":["animator:Sebas+1","animator:GuildGirl"],"picked":"animator:Demiurge+1","floor":20},{"not_picked":["animator:DolaRiku+1","animator:MumenRider","animator:Genos"],"picked":"SKIP","floor":23},{"not_picked":["animator:Demiurge+1","animator:Cocytus"],"picked":"animator:Entoma","floor":28},{"not_picked":["animator:DolaSchwi","animator:FielNirvalen+1","animator:Biyorigo"],"picked":"SKIP","floor":29},{"not_picked":["animator:Shichika+1","animator:DolaCouronne+1","animator:MumenRider"],"picked":"SKIP","floor":30},{"not_picked":["animator:Biyorigo","animator:Shiro"],"picked":"animator:Wiz+1","floor":33},{"not_picked":["animator:Geryuganshoop+1","animator:TukaLunaMarceau+1"],"picked":"animator:DolaStephanie+1","floor":35},{"not_picked":["animator:Kazuma+1","animator:Megumin"],"picked":"animator:Aqua+1","floor":37},{"not_picked":["animator:MetalKnight+1","animator:FielNirvalen"],"picked":"animator:Cocytus","floor":42},{"not_picked":["animator:Witch+1","animator:Tatsumaki+1"],"picked":"animator:Shalltear+1","floor":44},{"not_picked":["animator:Witch+1","animator:Darkness"],"picked":"animator:Chris+1","floor":46},{"not_picked":["animator:Evileye+1","animator:Sebas+1"],"picked":"animator:Demiurge+1","floor":48},{"not_picked":["animator:DolaCouronne+1","animator:Togame+1"],"picked":"animator:Evileye+1","floor":55}],"player_experience":18321,"relics_obtained":[{"floor":7,"key":"Toxic Egg 2"},{"floor":9,"key":"Shuriken"},{"floor":13,"key":"Bronze Scales"},{"floor":22,"key":"aspiration:Stabinomicon"},{"floor":23,"key":"TungstenRod"},{"floor":27,"key":"beaked:ShinyBauble"},{"floor":29,"key":"Lantern"},{"floor":43,"key":"Paper Crane"},{"floor":44,"key":"MealTicket"},{"floor":46,"key":"MawBank"},{"floor":48,"key":"animator:ShionDessert"},{"floor":55,"key":"aspiration:ChemicalBlood"}],"event_choices":[{"damage_healed":0,"gold_gain":0,"player_choice":"Slimed","damage_taken":11,"max_hp_gain":0,"max_hp_loss":0,"event_name":"betterThird:BetterGoop","floor":5,"gold_loss":25},{"cards_removed":["animator:Strike_OwariNoSeraph"],"damage_healed":0,"gold_gain":0,"player_choice":"Purged","damage_taken":0,"max_hp_gain":0,"max_hp_loss":0,"event_name":"Purifier","floor":6,"gold_loss":0},{"damage_healed":0,"gold_gain":99,"player_choice":"Steal","damage_taken":0,"max_hp_gain":0,"max_hp_loss":0,"event_name":"betterThird:BetterNest","floor":21,"gold_loss":0},{"damage_healed":0,"gold_gain":0,"player_choice":"Obtained Book","damage_taken":16,"max_hp_gain":0,"max_hp_loss":0,"event_name":"Cursed Tome","floor":22,"gold_loss":0},{"damage_healed":0,"gold_gain":0,"player_choice":"Obtained Relic","damage_taken":0,"relics_obtained":["Calipers"],"max_hp_gain":0,"max_hp_loss":0,"event_name":"Addict","floor":25,"gold_loss":85},{"damage_healed":0,"gold_gain":0,"player_choice":"Embrace Madness","damage_taken":9,"max_hp_gain":0,"max_hp_loss":0,"event_name":"Winding Halls","floor":39,"gold_loss":0,"cards_obtained":["animator:HigakiRinne"]},{"damage_healed":0,"gold_gain":0,"player_choice":"Got Potions","damage_taken":0,"max_hp_gain":0,"max_hp_loss":0,"event_name":"Lab","floor":41,"gold_loss":0}],"is_beta":false,"boss_relics":[{"not_picked":["Runic Dome","Ectoplasm"],"picked":"aspiration:PoetsPen_weak"},{"not_picked":["Coffee Dripper","aspiration:MobileForge"],"picked":"animator:VividPicture"}],"items_purged_floors":[36,54],"is_endless":false,"potions_floor_spawned":[1,12,23,28,29,35,44],"ascension_level":0}}