{"host":"nu52txkaz0lj0p7m","time":1611777549,"event":{"mods":["2.2 Compatiblity","AchievementEnabler","Arknights The Spire","BaseMod","Beaked The Cultist","BetterRewards","Challenge The Spire","Colored Map","Colored Powertips","Conjunction","Custom Start","Duelist Mod","Evolution","GifTheSpireLib","GungeonMod","Infinite Spire","Lobotomy","LobotomyExtend","Minty Spire (QoL Compilation)","Permanent Neow","Relic Filter","SIMod","Shade Mod","Small Relic Pack","StSLib","SuperFastMode","The Bladedancer","The Edgeheg","The Fake Hero","TheSurvivalist"],"gold_per_floor":[181,197,209,159,174,206,206,239,239,253,271,281,312,326,326,431,431,431],"floor_reached":17,"language":"ENG","playtime":1606,"items_purged":[],"score":256,"play_id":"4cef3407-435a-4c97-a944-c2694301b06d","local_time":"20210128035909","is_ascension_mode":false,"campfire_choices":[{"data":"theEdgeheg:EndlessKatanas","floor":7,"key":"SMITH"},{"data":"theEdgeheg:ArtOfTheBlade","floor":15,"key":"SMITH"}],"circlet_count":0,"master_deck":["theEdgeheg:StarterShootAttack","theEdgeheg:StarterShootAttack","theEdgeheg:StarterDodgeSkill","theEdgeheg:StarterDodgeSkill","theEdgeheg:StarterDodgeSkill","theEdgeheg:BloodyKatana","theEdgeheg:ChaosControlSkill","theEdgeheg:GatherChaos","theEdgeheg:RollAndShoot","theEdgeheg:Fastness","theEdgeheg:SexyGirlfriend","theEdgeheg:EndlessKatanas+1","theEdgeheg:BlackKatana","theEdgeheg:ArtOfTheBlade+1","theEdgeheg:BlackKatana","theEdgeheg:SephirotKatana"],"relics":["theEdgeheg:UltimateLifeformRelic","theEdgeheg:GreenEmeraldRelic","EVO:Axolotl","LetterFromLob","infinitespire:PuzzleCube","Bronze Scales","theEdgeheg:BlueEmeraldRelic","infinitespire:CursedDice","DemoMod:GlassGuonStoneRelic","Empty Cage"],"acts_visited":["Exordium","TheCity"],"potions_floor_usage":[6,6,11,13],"damage_taken":[{"damage":1,"enemies":"2 Louse","floor":1,"turns":4},{"damage":1,"enemies":"Small Slimes","floor":2,"turns":5},{"damage":0,"enemies":"infinitespire:Voidling","floor":3,"turns":5},{"damage":0,"enemies":"Exordium Thugs","floor":5,"turns":9},{"damage":3,"enemies":"3 Sentries","floor":6,"turns":21},{"damage":0,"enemies":"Lagavulin","floor":8,"turns":12},{"damage":0,"enemies":"Looter","floor":10,"turns":4},{"damage":0,"enemies":"Gremlin Gang","floor":11,"turns":5},{"damage":0,"enemies":"Large Slime","floor":12,"turns":7},{"damage":1,"enemies":"3 Sentries","floor":13,"turns":8},{"damage":1,"enemies":"Exordium Thugs","floor":14,"turns":7},{"damage":0,"enemies":"Slime Boss","floor":16,"turns":8}],"seed_played":"-6759616494445839427","potions_obtained":[{"floor":1,"key":"DemoMod:LeadSkinPotion"},{"floor":3,"key":"PowerPotion"},{"floor":5,"key":"Block Potion"},{"floor":8,"key":"Explosive Potion"},{"floor":11,"key":"Fire Potion"},{"floor":14,"key":"Weak Potion"}],"is_trial":false,"path_per_floor":["M","M","M","?","M","E","R","E","T","M","M","M","E","M","R","B",null],"character_chosen":"THE_DEFAULT","items_purchased":[],"campfire_rested":0,"item_purchase_floors":[],"current_hp_per_floor":[4,4,5,5,5,4,4,4,4,4,5,5,4,4,4,4,5,5],"gold":431,"neow_bonus":"HUNDRED_GOLD","is_daily":false,"chose_seed":false,"campfire_upgraded":2,"win_rate":0.0,"timestamp":1611777549,"path_taken":["M","M","M","?","M","E","R","E","T","M","M","M","E","M","R","BOSS"],"items_purchased_type":[],"build_version":"2020-12-22","purchased_purges":0,"victory":false,"max_hp_per_floor":[5,5,5,5,5,5,5,5,5,5,5,5,5,5,5,5,5,5],"card_choices":[{"not_picked":["theEdgeheg:CoolExplosion","theEdgeheg:MachineGun"],"picked":"theEdgeheg:RollAndShoot","floor":1},{"not_picked":["theEdgeheg:Reload","theEdgeheg:SelfHarmIsNotCool","theEdgeheg:Disrobe"],"picked":"SKIP","floor":2},{"not_picked":["theEdgeheg:Shotgun","theEdgeheg:ChaosControlSkill"],"picked":"theEdgeheg:Fastness","floor":3},{"not_picked":["theEdgeheg:Sniper","theEdgeheg:ChaosGrenade"],"picked":"theEdgeheg:SexyGirlfriend","floor":5},{"not_picked":["theEdgeheg:ChaosEnergyKatana","theEdgeheg:Shotgun"],"picked":"theEdgeheg:EndlessKatanas","floor":6},{"not_picked":["theEdgeheg:DieDieDie","theEdgeheg:SkateboardTrick","theEdgeheg:RollAndShoot"],"picked":"SKIP","floor":8},{"not_picked":["theEdgeheg:TimmyBackflip","theEdgeheg:Disrobe"],"picked":"theEdgeheg:MasterEmerald","floor":10},{"not_picked":["theEdgeheg:ChaosWhip","theEdgeheg:Parry"],"picked":"theEdgeheg:BlackKatana","floor":11},{"not_picked":["theEdgeheg:Fastness","theEdgeheg:Heh","theEdgeheg:Shotgun"],"picked":"SKIP","floor":12},{"not_picked":["theEdgeheg:Fastness","theEdgeheg:Girlfriend"],"picked":"theEdgeheg:ArtOfTheBlade","floor":13},{"not_picked":["theEdgeheg:BloodyKatana","theEdgeheg:Sniper"],"picked":"theEdgeheg:BlackKatana","floor":14},{"not_picked":["theEdgeheg:RocketLauncher","theEdgeheg:SuperDodge"],"picked":"theEdgeheg:SephirotKatana","floor":16}],"player_experience":329324,"relics_obtained":[{"floor":1,"key":"LetterFromLob"},{"floor":6,"key":"infinitespire:PuzzleCube"},{"floor":8,"key":"Bronze Scales"},{"floor":9,"key":"theEdgeheg:BlueEmeraldRelic"},{"floor":13,"key":"infinitespire:CursedDice"}],"event_choices":[{"cards_removed":["theEdgeheg:StarterShootAttack"],"damage_healed":0,"gold_gain":0,"player_choice":"Card Removal","damage_taken":0,"max_hp_gain":0,"max_hp_loss":0,"event_name":"The Cleric","floor":4,"gold_loss":50}],"is_beta":false,"boss_relics":[{"not_picked":["Runic Pyramid","Astrolabe"],"picked":"Empty Cage"}],"items_purged_floors":[],"is_endless":false,"potions_floor_spawned":[1,3,5,8,11,14],"ascension_level":0}}