{"host":"9p8ljyyt9iu4be92","time":1611762492,"event":{"mods":["AchievementEnabler","BaseMod","Challenge The Spire","Colored Map","Downfall","Hubris","Minty Spire (QoL Compilation)","StSLib","The Bug Knight","slay the spire mod where everything is the same but ironclad has a cowboy hat"],"gold_per_floor":[0,16,29,42,27,40,92,92,121,121,138,153,164,174,190,190,190,190],"floor_reached":16,"language":"ENG","playtime":1528,"items_purged":[],"score":113,"play_id":"f38c2008-1080-4e88-be48-a37234599bbc","local_time":"20210127104812","is_ascension_mode":true,"campfire_choices":[{"floor":1,"key":"RECALL"},{"data":"champ:Taunt","floor":8,"key":"SMITH"}],"circlet_count":0,"master_deck":["champ:Strike","champ:Strike","champ:Strike","champ:Strike","champ:Defend","champ:Defend","champ:Defend","champ:Defend","champ:Execute","champ:Taunt+1","Thinking Ahead","champ:GladiatorStyle","champ:AdrenalArmor","champ:GladiatorStyle","champ:BerserkersShout","champ:BringItOn","champ:RisingSlash","champ:TripleStrike","champ:ShieldSlam","champ:CrookedStrike","champ:Backstep","champ:FaceSlap"],"relics":["champ:ChampionCrown","Oddly Smooth Stone","Happy Flower"],"acts_visited":["Exordium"],"potions_floor_usage":[15],"damage_taken":[{"damage":16,"enemies":"Small Slimes","floor":2,"turns":3},{"damage":10,"enemies":"Cultist","floor":3,"turns":3},{"damage":1,"enemies":"2 Louse","floor":4,"turns":2},{"damage":25,"enemies":"downfall:FleeingMerchant","floor":5,"turns":4},{"damage":25,"enemies":"Large Slime","floor":6,"turns":6},{"damage":65,"enemies":"Lagavulin","floor":9,"turns":8},{"damage":16,"enemies":"2 Fungi Beasts","floor":11,"turns":4},{"damage":37,"enemies":"Exordium Thugs","floor":12,"turns":4},{"damage":26,"enemies":"Blue Slaver","floor":13,"turns":3},{"damage":0,"enemies":"Red Slaver","floor":14,"turns":4},{"damage":20,"enemies":"Large Slime","floor":15,"turns":2},{"damage":84,"enemies":"SI_SHIV_ARCHETYPE","floor":16,"turns":8}],"seed_played":"2981679990593269065","potions_obtained":[{"floor":2,"key":"GamblersBrew"},{"floor":3,"key":"FearPotion"},{"floor":12,"key":"champ:TechniquePotion"},{"floor":13,"key":"Fire Potion"},{"floor":14,"key":"Strength Potion"}],"is_trial":false,"path_per_floor":["R","M","M","M","$","M","T","R","E","?","M","M","M","M","M","B"],"character_chosen":"THE_CHAMP","items_purchased":[],"campfire_rested":0,"item_purchase_floors":[],"current_hp_per_floor":[90,84,84,83,78,78,78,78,68,68,62,55,54,54,44,0,0,0],"gold":190,"neow_bonus":"RANDOM_COLORLESS_2","is_daily":false,"chose_seed":false,"campfire_upgraded":1,"win_rate":0.0,"timestamp":1611762492,"path_taken":["R","M","M","M","$","M","T","R","E","?","M","M","M","M","M","BOSS"],"items_purchased_type":[],"build_version":"2020-12-22","purchased_purges":0,"victory":false,"max_hp_per_floor":[90,90,90,90,90,90,90,90,90,90,90,90,90,90,90,90,90,90],"card_choices":[{"not_picked":["Mayhem","Transmutation"],"picked":"Thinking Ahead","floor":0},{"not_picked":["champ:PreciseThrust","champ:FaceSlap"],"picked":"champ:GladiatorStyle","floor":2},{"not_picked":["champ:EndlessRage","champ:ViciousMockery"],"picked":"champ:AdrenalArmor","floor":3},{"not_picked":["champ:Parry","champ:Shatter"],"picked":"champ:GladiatorStyle","floor":4},{"not_picked":["champ:TornadoPunch","champ:CrownThrow"],"picked":"champ:BerserkersShout","floor":5},{"not_picked":["champ:FanOfKnives","champ:TornadoPunch"],"picked":"champ:BringItOn","floor":6},{"not_picked":["champ:RapidStrikes","champ:PerfectedStrike"],"picked":"champ:RisingSlash","floor":9},{"not_picked":["champ:TornadoPunch","champ:FanOfKnives"],"picked":"champ:TripleStrike","floor":11},{"not_picked":["champ:DefensiveStyle","champ:EnragedBash"],"picked":"champ:ShieldSlam","floor":12},{"not_picked":["champ:FancyFootwork","champ:ShieldWall"],"picked":"champ:CrookedStrike","floor":13},{"not_picked":["champ:Haymaker","champ:Circumvent"],"picked":"champ:Backstep","floor":14},{"not_picked":["champ:BladeFlurry","champ:Shatter"],"picked":"champ:FaceSlap","floor":15}],"player_experience":519862,"relics_obtained":[{"floor":7,"key":"Oddly Smooth Stone"},{"floor":9,"key":"Happy Flower"}],"event_choices":[],"is_beta":false,"boss_relics":[],"items_purged_floors":[],"is_endless":false,"potions_floor_spawned":[2,3,12,13,14],"killed_by":"SI_SHIV_ARCHETYPE","ascension_level":1}}