{"host":"xj2wyr3bqqv4irjd","time":1611766346,"event":{"mods":["Act Like it!","Aspiration","BaseMod","Gensokyo","Koishi","Lobotomy","LobotomyExtend","Marisa£®ÏF”Í°°ƒß¿Ì…≥£©","Minty Spire (QoL Compilation)","Quick Restart","Rare Cards Sparkle","Reimu£®≤©¿ˆ¡È√Œ£©","Remilia£®¿Ÿ√◊¿Ú—«£©","Replay The Spire","SIMod","StSLib","The Alterego","The Servant 0.9.4","Waifu the Spire","WarShipGirlsR/’ΩΩ¢…Ÿ≈ÆR mod","Yakumo Yukari mod","Youmu£®ªÍ∆«—˝√Œ£©"],"gold_per_floor":[134,169,189,189,209,242,242,275,275,288,305,74,74,108,108,209,209,226,226,226,241,255,284,284,315,338,372,382,382,382,166,166,266,266,283,158,168,183,483,510,524,524,524,524,559,578,613,613,613,613,613,613,613,57,88,88],"floor_reached":57,"language":"ZHS","playtime":4588,"items_purged":["AT_purpleEX","Defend_purpleEX","Dazed","Dazed"],"score":1797,"play_id":"16ff789f-a059-436a-bbd0-3ea9e688d0f7","local_time":"20210128005226","is_ascension_mode":true,"campfire_choices":[{"data":"ExistenceContinue_purple","floor":7.0,"key":"SMITH"},{"data":"OmniscientAndOmnipotent_Monster_purple","floor":15.0,"key":"SMITH"},{"data":"Boundary_DreamRealityDamnation_purple","floor":24.0,"key":"SMITH"},{"data":"Extrememeaning_purpleEX","floor":29.0,"key":"SMITH"},{"data":"ReplayTheSpireMod:Brewmster","floor":32.0,"key":"SMITH"},{"data":"Mirror_TwoAndThreeElementRealm_purple","floor":42.0,"key":"SMITH"},{"data":"MNeedle_purple","floor":44.0,"key":"SMITH"},{"floor":49,"key":"RECALL"},{"data":"Human_Monster_Realm_purple","floor":53,"key":"SMITH"}],"circlet_count":1,"master_deck":["Defend_purpleEX","Defend_purpleEX","Defend_purpleEX","Observe_purple_1","Observe_purple_2","ExistenceContinue_purple+1","Mirror_FormAndEmptin_purple+1","DimensionStaggered_purple+1","WorldDissolvedintheRealm_purple+1","OmniscientAndOmnipotent_Monster_purple+1","GluttonyofRealm_purpleEX+1","AbeCurse","Boundary_DreamRealityDamnation_purple+1","MonsterNeedle_purple+1","Extrememeaning_purpleEX+1","ReplayTheSpireMod:Brewmster+1","Mirror_TwoAndThreeElementRealm_purple+1","MNeedle_purple+1","Shallow_ocean_purpleEX+1","Human_Monster_Realm_purple+1","RuleDissolution_purple","Mirror_FourBoundary_purple","ButterflyHabitatTemple_purple","CommonSense_AntiCommonSense_purple"],"relics":["Boundary_crack","Memoryfragments_purpleEX","aspiration:Nostalgia","Ring of the Snake","LetterFromLob","Bag of Preparation","Letter Opener","aspiration:AnachronicSnailShell","MealTicket","Bag of Marbles","Abe\u0027s Treasure","Dream Catcher","Replay:Ringing Soul","Toy Ornithopter","aspiration:ChemicalBlood","BargainBundle","aspiration:ServantSkillbook","ReplayTheSpireMod:TigerMarble","Singing Bowl","ReplayFunnel","TheAbacus","aspiration:SeaSaltIceCream","Circlet"],"acts_visited":["Exordium","TheCity","TheBeyond","TheEnding"],"potions_floor_usage":[50,50,50,50,50,55,55,55,55,56,56,56,56,56,56,56,56,56,56],"damage_taken":[{"damage":2.0,"enemies":"2 Louse","floor":1.0,"turns":3.0},{"damage":9.0,"enemies":"Jaw Worm","floor":3.0,"turns":5.0},{"damage":0.0,"enemies":"Cultist","floor":5.0,"turns":3.0},{"damage":35.0,"enemies":"Gremlin Nob","floor":6.0,"turns":4.0},{"damage":27.0,"enemies":"3 Sentries","floor":8.0,"turns":8.0},{"damage":0.0,"enemies":"Red Slaver","floor":10.0,"turns":3.0},{"damage":0.0,"enemies":"Looter","floor":11.0,"turns":2.0},{"damage":7.0,"enemies":"Gremlin Nob","floor":14.0,"turns":3.0},{"damage":7.0,"enemies":"Hexaghost","floor":16.0,"turns":6.0},{"damage":5.0,"enemies":"Shell Parasite","floor":18.0,"turns":2.0},{"damage":0.0,"enemies":"Spheric Guardian","floor":21.0,"turns":1.0},{"damage":6.0,"enemies":"Chosen and Byrds","floor":22.0,"turns":4.0},{"damage":25.0,"enemies":"Replay:Snechameleon","floor":23.0,"turns":4.0},{"damage":11.0,"enemies":"Book of Stabbing","floor":25.0,"turns":3.0},{"damage":0.0,"enemies":"Gremlin Leader","floor":27.0,"turns":2.0},{"damage":0.0,"enemies":"Sentry and Sphere","floor":28.0,"turns":1.0},{"damage":10.0,"enemies":"Automaton","floor":33.0,"turns":4.0},{"damage":5.0,"enemies":"3 Shapes","floor":35.0,"turns":3.0},{"damage":0.0,"enemies":"Orb Walker","floor":37.0,"turns":1.0},{"damage":0.0,"enemies":"Writhing Mass","floor":38.0,"turns":4.0},{"damage":0.0,"enemies":"R_Hoarder","floor":40.0,"turns":7.0},{"damage":3.0,"enemies":"3 Darklings","floor":41.0,"turns":3.0},{"damage":12.0,"enemies":"Reptomancer","floor":45.0,"turns":2.0},{"damage":0.0,"enemies":"4 Shapes","floor":46.0,"turns":1.0},{"damage":0.0,"enemies":"Giant Head","floor":47.0,"turns":4.0},{"damage":75,"enemies":"Donu and Deca","floor":50,"turns":6},{"damage":30,"enemies":"Shield and Spear","floor":55,"turns":4},{"damage":159,"enemies":"The Heart","floor":56,"turns":7}],"seed_played":"-2765618979111159068","potions_obtained":[{"floor":1.0,"key":"Fire Potion"},{"floor":10.0,"key":"Flashbang"},{"floor":14.0,"key":"ColorlessPotion"},{"floor":16.0,"key":"Swift Potion"},{"floor":22.0,"key":"PowerPotion"},{"floor":23.0,"key":"SteroidPotion"},{"floor":35.0,"key":"BlessingOfTheForge"},{"floor":38.0,"key":"FearPotion"},{"floor":40.0,"key":"Death Potion"}],"is_trial":false,"path_per_floor":["M","?","M","?","M","E","R","E","T","M","M","$","$","E","R","B",null,"M","?","?","M","M","E","R","E","T","E","M","R","?","$","R","B",null,"M","$","M","M","?","E","M","R","T","R","E","M","E","?","R","B",null,null,"R","$","E","B",null],"character_chosen":"Youkari","items_purchased":["MealTicket","BargainBundle","ReplayTheSpireMod:Brewmster","TheAbacus","Mirror_FourBoundary_purple","ButterflyHabitatTemple_purple","PanachePotion"],"campfire_rested":0,"item_purchase_floors":[12,31,31,54,54,54,54],"current_hp_per_floor":[69,69,60,60,61,28,28,4,4,7,7,7,22,16,16,10,70,67,67,70,70,69,53,53,50,50,55,64,64,64,82,82,92,98,102,102,102,106,106,113,110,110,110,110,110,118,124,127,127,94,94,127,127,130,122,59],"gold":88,"neow_bonus":"NOSTALGIA","is_daily":false,"chose_seed":false,"campfire_upgraded":8,"win_rate":0.0,"timestamp":1611766346,"path_taken":["M","?","M","?","M","E","R","E","T","?","M","?","$","E","R","BOSS","M","?","?","M","?","E","R","E","T","E","M","R","?","$","R","BOSS","M","$","M","M","?","E","?","R","T","R","E","M","E","?","R","BOSS","R","$","E","BOSS"],"items_purchased_type":["Relic","Relic","Card","Relic","Card","Card","Potion"],"build_version":"2020-12-22","purchased_purges":4,"victory":true,"max_hp_per_floor":[70,70,70,70,70,70,70,70,70,70,70,70,70,70,70,70,70,70,70,70,70,74,78,78,81,81,85,92,92,92,95,95,98,98,102,102,102,106,106,113,113,113,113,113,115,122,124,127,127,127,127,127,127,130,137,137],"card_choices":[{"not_picked":["PositiveMatter_Antimatter_Universe_purple","Line_surface_state_purple"],"picked":"ExistenceContinue_purple","floor":1.0},{"not_picked":["DarkRealmRedLine_purple","Mirror_Drifter_purple","ExistenceContinue_purple"],"picked":"SKIP","floor":3.0},{"not_picked":["EighthInstrument_OneDividesIntoTwo_purple","StateDuplicate_purple"],"picked":"Mirror_FormAndEmptin_purple","floor":5.0},{"not_picked":["OpenedBox_purple","PositiveMatter_Antimatter_Universe_purple"],"picked":"DimensionStaggered_purple","floor":6.0},{"not_picked":["WasteWire_Metro_purple","RuleDissolution_purple"],"picked":"WorldDissolvedintheRealm_purple","floor":8.0},{"not_picked":["DimensionStaggered_purple","PurpleNeedle_purple","Worldmountain_purple"],"picked":"SKIP","floor":10.0},{"not_picked":["ExistenceContinue_purple","Shallow_ocean_purpleEX"],"picked":"RuleDissolution_purple","floor":11.0},{"not_picked":["Yakumo_Ran_purple","Worldmountain_purple"],"picked":"OmniscientAndOmnipotent_Monster_purple","floor":14.0},{"not_picked":["Computing_the_future_purpleEX","Mirror_TwoAndThreeElementRealm_purple"],"picked":"GluttonyofRealm_purpleEX","floor":16.0},{"not_picked":["Shallow_ocean_purpleEX","AdvanceAttack_purple"],"picked":"Extrememeaning_purpleEX","floor":18.0},{"not_picked":["ExistenceContinue_purple","Realm_recovery_purpleEX+1","Nest_LightFlightworm_purple"],"picked":"SKIP","floor":21.0},{"not_picked":["OmniscientAndOmnipotent_Monster_purple","AdvanceAttack_purple+1","SharpContractionReality_purple+1"],"picked":"SKIP","floor":22.0},{"not_picked":["Mirror_FormAndEmptin_purple","ContainerChange_purple"],"picked":"Boundary_DreamRealityDamnation_purple","floor":23.0},{"not_picked":["Charmbait_purple","Boundary_DynamicStaticEquilibrium_purple+1"],"picked":"MonsterNeedle_purple+1","floor":25.0},{"not_picked":["OmniscientAndOmnipotent_Monster_purple","ExistenceContinue_purple","Umbrella_purple"],"picked":"SKIP","floor":27.0},{"not_picked":["Shallow_ocean_purpleEX+1","WorldDissolvedintheRealm_purple"],"picked":"Extrememeaning_purpleEX","floor":28.0},{"not_picked":["WangLiang_OokamiKakushi_purple","Theboundaryofcreation_purpleEX"],"picked":"Mirror_TwoAndThreeElementRealm_purple","floor":33.0},{"not_picked":["ExternalForce_HighSpeedFlying_purple+1","Realm_recovery_purpleEX","DarkRealmRedLine_purple+1","StateDuplicate_purple+1"],"picked":"SKIP","floor":35.0},{"not_picked":["ExistenceContinue_purple","Line_surface_state_purple+1","Mirror_Drifter_purple+1","Umbrella_purple+1"],"picked":"SKIP","floor":37.0},{"not_picked":["Realm_recovery_purpleEX+1","Worldmountain_purple","DimensionStaggered_purple","RealityDreamConfluencek_purple"],"picked":"SKIP","floor":38.0},{"not_picked":["PurpleNeedle_purple+1","Nest_LightFlightworm_purple","Boundary_LightAndDark_purple"],"picked":"MNeedle_purple","floor":40.0},{"not_picked":["StretchesForeverDream_purple","MonsterNeedle_purple+1","Boundary_DreamRealityDamnation_purple","Line_surface_state_purple+1"],"picked":"SKIP","floor":41.0},{"not_picked":["WasteWire_Metro_purple","Line_surface_state_purple","StretchesForeverDream_purple","MeetDecomposer_purple"],"picked":"Singing Bowl","floor":45.0},{"not_picked":["MonsterNeedle_purple+1","SharpContractionReality_purple+1","Umbrella_purple+1"],"picked":"Shallow_ocean_purpleEX+1","floor":46.0},{"not_picked":["Fantasy_PerpetualMotionMachine_purple","PurpleNeedle_purple","Anti_communist_purple+1","OmniscientAndOmnipotent_Monster_purple+1"],"picked":"Singing Bowl","floor":47.0},{"not_picked":["DimensionStaggered_purple+1","WingOfChimera_purple","RuleDissolution_purple"],"picked":"CommonSense_AntiCommonSense_purple","floor":55}],"player_experience":587231,"relics_obtained":[{"floor":1.0,"key":"LetterFromLob"},{"floor":6.0,"key":"Bag of Preparation"},{"floor":8.0,"key":"Letter Opener"},{"floor":9.0,"key":"aspiration:AnachronicSnailShell"},{"floor":14.0,"key":"Bag of Marbles"},{"floor":23.0,"key":"Dream Catcher"},{"floor":25.0,"key":"Replay:Ringing Soul"},{"floor":26.0,"key":"Toy Ornithopter"},{"floor":27.0,"key":"aspiration:ChemicalBlood"},{"floor":40.0,"key":"ReplayTheSpireMod:TigerMarble"},{"floor":45.0,"key":"Singing Bowl"},{"floor":47.0,"key":"ReplayFunnel"},{"floor":55,"key":"aspiration:SeaSaltIceCream"}],"event_choices":[{"cards_removed":["AT_purpleEX"],"damage_healed":0.0,"max_hp_gain":0.0,"max_hp_loss":0.0,"gold_gain":0.0,"event_name":"Wheel of Change","player_choice":"Card Removal","floor":4.0,"gold_loss":0.0,"damage_taken":0.0},{"cards_removed":["AT_purpleEX"],"damage_healed":0.0,"max_hp_gain":0.0,"max_hp_loss":0.0,"gold_gain":0.0,"event_name":"Back to Basics","player_choice":"Elegance","floor":19.0,"gold_loss":0.0,"damage_taken":0.0},{"damage_healed":0.0,"max_hp_gain":0.0,"max_hp_loss":0.0,"gold_gain":300.0,"event_name":"Wheel of Change","player_choice":"Gold","floor":39.0,"gold_loss":0.0,"damage_taken":0.0},{"damage_healed":0,"gold_gain":0,"player_choice":"2 cards matched","damage_taken":0,"max_hp_gain":0,"max_hp_loss":0,"event_name":"Match and Keep!","floor":48,"gold_loss":0,"cards_obtained":["Human_Monster_Realm_purple","RuleDissolution_purple"]}],"is_beta":false,"boss_relics":[{"not_picked":["Replay:Bronze Core","Calling Bell"],"picked":"Abe\u0027s Treasure"},{"not_picked":["SacredBark","aspiration:DefectSkillbook"],"picked":"aspiration:ServantSkillbook"}],"items_purged_floors":[12,31,36,54],"is_endless":false,"potions_floor_spawned":[1,10,14,16,22,23,25,28,35,38,40,41],"ascension_level":4}}