{"host":"gc0hqzwg2gd3zszy","time":1611770050,"event":{"mods":["BaseMod","DeckTracker","Minty Spire (QoL Compilation)","Relic Stats","SuperFastMode"],"gold_per_floor":[117,42,56,56,56,86,42,42,67,99,39,39,50,69,69,69,69],"floor_reached":16,"language":"KOR","playtime":359,"items_purged":["Defend_G"],"score":266,"play_id":"1fee31c6-07c8-40b4-b8ba-1d6f0787a8a3","local_time":"20210128025410","is_ascension_mode":true,"campfire_choices":[{"data":"Wraith Form v2","floor":12,"key":"SMITH"},{"data":"Terror","floor":15,"key":"SMITH"}],"circlet_count":0,"master_deck":["AscendersBane","Strike_G","Strike_G","Strike_G","Defend_G","Defend_G","Defend_G","Defend_G","Survivor","Neutralize","Infinite Blades","Dagger Spray","Terror+1","Blade Dance","Wraith Form v2+1","Flying Knee","Backstab"],"relics":["Ring of the Snake","NeowsBlessing","The Courier","Turnip","Happy Flower","Blood Vial"],"acts_visited":["Exordium"],"potions_floor_usage":[10,13,16],"damage_taken":[{"damage":0,"enemies":"Cultist","floor":1,"turns":1},{"damage":0,"enemies":"Jaw Worm","floor":3,"turns":1},{"damage":0,"enemies":"3 Sentries","floor":6,"turns":1},{"damage":12,"enemies":"Lagavulin","floor":10,"turns":6},{"damage":0,"enemies":"2 Louse","floor":13,"turns":3},{"damage":25,"enemies":"Exordium Thugs","floor":14,"turns":5},{"damage":11,"enemies":"Hexaghost","floor":16,"turns":7}],"seed_played":"2963087374268937565","potions_obtained":[{"floor":6,"key":"Energy Potion"},{"floor":8,"key":"ColorlessPotion"},{"floor":14,"key":"SteroidPotion"}],"is_trial":false,"path_per_floor":["M","?","M","?","?","E","$","?","T","E","$","R","M","M","R","B"],"character_chosen":"THE_SILENT","items_purchased":["Blade Dance"],"campfire_rested":0,"item_purchase_floors":[7],"current_hp_per_floor":[59,59,59,48,41,41,41,41,41,29,29,29,31,8,8,0,0],"gold":69,"neow_bonus":"THREE_ENEMY_KILL","is_daily":false,"chose_seed":false,"campfire_upgraded":2,"win_rate":0.0,"timestamp":1611770050,"path_taken":["M","?","M","?","?","E","$","?","T","E","$","R","M","M","R","BOSS"],"items_purchased_type":["Card"],"build_version":"2020-12-22","purchased_purges":1,"victory":false,"max_hp_per_floor":[66,66,66,66,66,66,66,66,66,66,66,66,66,66,66,66,66],"relic_stats":{"Blood Vial":6,"Happy Flower":[7],"counters":[7,24],"Turnip":[0],"obtain_stats":[{"Blood Vial":10,"NeowsBlessing":0,"Happy Flower":9,"The Courier":4,"Turnip":6,"Ring of the Snake":0},{"Blood Vial":4,"NeowsBlessing":0,"Happy Flower":3,"The Courier":2,"Turnip":3,"Ring of the Snake":0},{"Blood Vial":9,"NeowsBlessing":0,"Happy Flower":3,"The Courier":2,"Turnip":3,"Ring of the Snake":0}],"Ring of the Snake":[14]},"card_choices":[{"not_picked":["PiercingWail","Reflex"],"picked":"Infinite Blades","floor":1},{"not_picked":["Dagger Throw","Outmaneuver"],"picked":"Dagger Spray","floor":3},{"not_picked":["Prepared","Dagger Spray"],"picked":"Terror","floor":6},{"not_picked":["Accuracy","Flying Knee"],"picked":"Wraith Form v2","floor":10},{"not_picked":["Slice","Poisoned Stab"],"picked":"Flying Knee","floor":13},{"not_picked":["Dagger Spray","Infinite Blades"],"picked":"Backstab","floor":14}],"player_experience":1365199,"relics_obtained":[{"floor":6,"key":"Turnip"},{"floor":9,"key":"Happy Flower"},{"floor":10,"key":"Blood Vial"}],"event_choices":[{"cards_removed":["Strike_G"],"damage_healed":0,"gold_gain":0,"player_choice":"Card Removal","damage_taken":0,"max_hp_gain":0,"max_hp_loss":0,"event_name":"The Cleric","floor":2,"gold_loss":75},{"damage_healed":0,"gold_gain":0,"player_choice":"Success","damage_taken":11,"relics_obtained":["The Courier"],"max_hp_gain":0,"max_hp_loss":0,"event_name":"Scrap Ooze","floor":4,"gold_loss":0},{"cards_removed":["Strike_G"],"damage_healed":0,"gold_gain":0,"player_choice":"Card Removal","damage_taken":7,"max_hp_gain":0,"max_hp_loss":0,"event_name":"Golden Wing","floor":5,"gold_loss":0},{"damage_healed":0,"gold_gain":0,"player_choice":"Got Potions","damage_taken":0,"max_hp_gain":0,"max_hp_loss":0,"event_name":"Lab","floor":8,"gold_loss":0}],"is_beta":false,"boss_relics":[],"items_purged_floors":[11],"is_endless":false,"potions_floor_spawned":[6,14],"killed_by":"Hexaghost","ascension_level":20}}