{"host":"va904f3s24glxxej","time":1611773379,"event":{"mods":["AchievementEnabler","BaseMod","Colored Powertips","Downfall","Hubris","Minty Spire (QoL Compilation)","Replay The Spire","StSLib","The Necromancer"],"gold_per_floor":[99,115,132,132,232,232,283,302,752,752,752,69,69,2,16,16,16,16],"floor_reached":16,"language":"ENG","playtime":683,"items_purged":["downfall:Icky"],"score":92,"play_id":"1a5138d0-49fd-49cf-84ef-3ff2037f7451","local_time":"20210127184939","is_ascension_mode":true,"campfire_choices":[{"data":"bronze:OilSpill","floor":1,"key":"SMITH"},{"data":"bronze:Boost","floor":11,"key":"SMITH"},{"floor":13,"key":"REST"}],"circlet_count":0,"master_deck":["bronze:Strike","bronze:Strike+1","bronze:Strike","bronze:Strike","bronze:Defend","bronze:Defend","bronze:Defend","bronze:Defend","bronze:Replicate","bronze:Goto","bronze:OilSpill+1","bronze:DelayedSlice","bronze:Boost+1","bronze:FineTuning","downfall:Icky","downfall:Icky","bronze:Turbo+1","bronze:InfiniteLoop","bronze:ChosenStrike"],"relics":["bronze:BronzeCore","hubris:Towel","Lantern","Gremlin Food","Replay:Ringing Soul"],"acts_visited":["Exordium"],"potions_floor_usage":[12,15,15,16],"damage_taken":[{"damage":6,"enemies":"Jaw Worm","floor":2,"turns":2},{"damage":0,"enemies":"2 Louse","floor":3,"turns":1},{"damage":0,"enemies":"Cultist","floor":8,"turns":2},{"damage":0,"enemies":"downfall:FleeingMerchant","floor":12,"turns":4},{"damage":0,"enemies":"downfall:FleeingMerchant","floor":14,"turns":4},{"damage":0,"enemies":"Large Slime","floor":15,"turns":4},{"damage":83,"enemies":"DF_ARCHETYPE_STREAMLINE","floor":16,"turns":10}],"seed_played":"-393876964121019507","potions_obtained":[{"floor":2,"key":"LifebloodPotion"},{"floor":6,"key":"Ancient Potion"},{"floor":6,"key":"bronze:BurnAndBuffPotion"}],"is_trial":false,"path_per_floor":["R","M","M","?","?","?","T","M","?","?","R","$","R","$","M","B"],"character_chosen":"THE_AUTOMATON","items_purchased":["bronze:Turbo+1","bronze:InfiniteLoop","Gremlin Food","Replay:Ringing Soul","Adrenaline Potion"],"campfire_rested":1,"item_purchase_floors":[12,12,12,12,14],"current_hp_per_floor":[70,64,64,64,64,64,64,64,64,69,69,69,75,75,78,0,0,0],"gold":16,"neow_bonus":"THREE_CARDS","is_daily":false,"chose_seed":false,"campfire_upgraded":2,"win_rate":0.0,"timestamp":1611773379,"path_taken":["R","M","M","?","?","?","T","?","?","?","R","$","R","?","M","BOSS"],"items_purchased_type":["Card","Card","Relic","Relic","Potion"],"build_version":"2020-12-22","purchased_purges":1,"victory":false,"max_hp_per_floor":[70,70,70,70,70,70,70,70,70,75,75,75,75,75,78,78,78,78],"card_choices":[{"not_picked":["bronze:Optimize","bronze:BitShift"],"picked":"bronze:OilSpill","floor":0},{"not_picked":["bronze:BronzeArmor","bronze:BitShift"],"picked":"bronze:DelayedSlice","floor":2},{"not_picked":["bronze:Allocate","bronze:Backtrace"],"picked":"bronze:Boost","floor":3},{"not_picked":["bronze:Deprecate","bronze:Branch"],"picked":"bronze:FineTuning","floor":8},{"not_picked":["bronze:Boost","bronze:Frontload","bronze:BitShift"],"picked":"SKIP","floor":12},{"not_picked":["bronze:BronzeArmor","bronze:ThunderWave","bronze:Invalidate"],"picked":"SKIP","floor":14},{"not_picked":["bronze:Frontload","bronze:Turbo"],"picked":"bronze:ChosenStrike","floor":15}],"player_experience":769419,"relics_obtained":[{"floor":7,"key":"Lantern"}],"event_choices":[{"damage_healed":0,"gold_gain":0,"player_choice":"Got Potions","damage_taken":0,"max_hp_gain":0,"max_hp_loss":0,"event_name":"Lab","floor":6,"gold_loss":0},{"damage_healed":0,"gold_gain":0,"player_choice":"Donut","damage_taken":0,"max_hp_gain":5,"max_hp_loss":0,"event_name":"Big Fish","floor":10,"gold_loss":0}],"is_beta":false,"boss_relics":[],"items_purged_floors":[12],"is_endless":false,"potions_floor_spawned":[2,8],"killed_by":"DF_ARCHETYPE_STREAMLINE","ascension_level":1}}