{"host":"n91w9dq5l8qws978","time":1611748809,"event":{"mods":["BaseMod","Bestiary","Challenge The Spire","Custom Start","Defuse TimeMaze Blight","Downfall","Keyboard Shortcuts","Minty Spire (QoL Compilation)","MonsterHotkey","Relic Stats","StSLib","Uncapped"],"gold_per_floor":[99,117,117,133,149,162,162,187,197,225,242,259,27,47,64,159,159,159,173,373,373,373,373],"floor_reached":21,"language":"ENG","playtime":1525,"items_purged":[],"score":195,"play_id":"46ce445d-33dd-404e-97e8-231b96d0bdf9","local_time":"20210127120009","is_ascension_mode":false,"campfire_choices":[{"data":"hexamod:Sear","floor":1.0,"key":"SMITH"},{"data":"hexamod:SearingWound","floor":18,"key":"SMITH"}],"circlet_count":0,"master_deck":["hexamod:Strike","hexamod:Strike","hexamod:Strike","hexamod:Defend","hexamod:Defend","hexamod:Defend","hexamod:Defend","hexamod:Sear+1","hexamod:Float","hexamod:HeatMetal","hexamod:DynamicBlow","hexamod:GhostLash","hexamod:PhantomCloak","hexamod:HeatShield","hexamod:GhostflameBarrier","hexamod:SearingWound+1","hexamod:RadiantFlame+1","hexamod:SpectersWail","hexamod:ExtraCrispy+1","hexamod:FourthSeal","hexamod:InspiringFlames","hexamod:SwordOfDarkness","hexamod:WildfireWeapon+1","hexamod:GhostOfSpireFuture+1"],"relics":["hexamod:UnbrokenSoul","Bag of Preparation","Frozen Egg 2","Nunchaku","Happy Flower"],"acts_visited":["Exordium","TheCity"],"potions_floor_usage":[16],"damage_taken":[{"damage":4.0,"enemies":"Cultist","floor":2.0,"turns":4.0},{"damage":2.0,"enemies":"2 Louse","floor":4.0,"turns":3.0},{"damage":0.0,"enemies":"Small Slimes","floor":5.0,"turns":3.0},{"damage":2.0,"enemies":"Exordium Thugs","floor":6.0,"turns":3.0},{"damage":26.0,"enemies":"Lagavulin","floor":8.0,"turns":6.0},{"damage":5.0,"enemies":"Large Slime","floor":9.0,"turns":6.0},{"damage":8.0,"enemies":"Gremlin Nob","floor":10.0,"turns":4.0},{"damage":6.0,"enemies":"Lots of Slimes","floor":11.0,"turns":4.0},{"damage":10.0,"enemies":"Exordium Thugs","floor":12.0,"turns":3.0},{"damage":1.0,"enemies":"downfall:FleeingMerchant","floor":13.0,"turns":4.0},{"damage":0.0,"enemies":"Gremlin Gang","floor":14.0,"turns":4.0},{"damage":13.0,"enemies":"Lots of Slimes","floor":15.0,"turns":4.0},{"damage":24,"enemies":"DF_ARCHETYPE_STREAMLINE","floor":16,"turns":10},{"damage":8,"enemies":"3 Byrds","floor":19,"turns":5},{"damage":37,"enemies":"Spheric Guardian","floor":21,"turns":6}],"seed_played":"-487146553553953636","potions_obtained":[{"floor":6.0,"key":"FearPotion"},{"floor":8.0,"key":"BlessingOfTheForge"},{"floor":11.0,"key":"Dexterity Potion"},{"floor":12.0,"key":"Fruit Juice"},{"floor":14.0,"key":"SkillPotion"},{"floor":15.0,"key":"hexamod:EctoCoolerPotion"},{"floor":16,"key":"DistilledChaos"},{"floor":16,"key":"AttackPotion"}],"is_trial":false,"path_per_floor":["R","M","?","M","M","M","T","E","M","E","M","M","$","M","M","B",null,"R","M","?","M"],"character_chosen":"THE_SPIRIT","items_purchased":["hexamod:FourthSeal","Happy Flower"],"campfire_rested":0,"item_purchase_floors":[13,13],"current_hp_per_floor":[77,73,73,71,71,69,69,43,38,30,24,19,18,18,5,1,82,82,74,50,13,13,13],"gold":373,"neow_bonus":"TEN_PERCENT_HP_BONUS","is_daily":false,"chose_seed":false,"campfire_upgraded":2,"win_rate":0.0,"timestamp":1611748809,"path_taken":["R","M","?","?","M","M","T","E","M","E","M","M","$","M","M","BOSS","R","M","?","?"],"items_purchased_type":["Card","Relic"],"build_version":"2020-12-22","purchased_purges":0,"victory":false,"max_hp_per_floor":[77,77,77,77,77,77,77,77,77,77,77,82,82,82,82,82,82,82,82,82,82,82,82],"relic_stats":{"Nunchaku":[5],"Happy Flower":[9],"counters":[15,69],"Bag of Preparation":[22],"obtain_stats":[{"Nunchaku":10,"Happy Flower":13,"hexamod:UnbrokenSoul":17,"Bag of Preparation":7,"Frozen Egg 2":8,"hexamod:SpiritBrand":0},{"Nunchaku":7,"Happy Flower":10,"hexamod:UnbrokenSoul":13,"Bag of Preparation":4,"Frozen Egg 2":5,"hexamod:SpiritBrand":0},{"Nunchaku":29,"Happy Flower":40,"hexamod:UnbrokenSoul":58,"Bag of Preparation":13,"Frozen Egg 2":19,"hexamod:SpiritBrand":0}]},"card_choices":[{"not_picked":["hexamod:SwordOfDarkness","hexamod:EtherealExpedition"],"picked":"hexamod:HeatMetal","floor":2.0},{"not_picked":["hexamod:FastForward","hexamod:Hexaguard"],"picked":"hexamod:GhostLash","floor":4.0},{"not_picked":["hexamod:AdvancingGuard","hexamod:Incineration","hexamod:NightmareGuise"],"picked":"SKIP","floor":5.0},{"not_picked":["hexamod:GhostLash","hexamod:Firestarter"],"picked":"hexamod:PhantomCloak","floor":6.0},{"not_picked":["hexamod:InspiringFlames","hexamod:AdvancingGuard"],"picked":"hexamod:HeatShield","floor":8.0},{"not_picked":["hexamod:CatchUp","hexamod:RecurringNightmare"],"picked":"hexamod:GhostflameBarrier","floor":9.0},{"not_picked":["hexamod:ThermalTransfer","hexamod:NightmareGuise"],"picked":"hexamod:SearingWound","floor":10.0},{"not_picked":["hexamod:SpectralAdrenaline","hexamod:ShieldOfDarkness"],"picked":"hexamod:RadiantFlame+1","floor":11.0},{"not_picked":["hexamod:Firestarter","hexamod:GhostLash"],"picked":"hexamod:SpectersWail","floor":12.0},{"not_picked":["hexamod:TimeWarp","hexamod:Hexaguard"],"picked":"hexamod:ExtraCrispy+1","floor":13.0},{"not_picked":["hexamod:EtherealExpedition","hexamod:Firestarter"],"picked":"hexamod:InspiringFlames","floor":14.0},{"not_picked":["hexamod:NightmareStrike","hexamod:ChargedBarrage"],"picked":"hexamod:SwordOfDarkness","floor":15.0},{"not_picked":["hexamod:SearingWound","hexamod:UnleashSpirits"],"picked":"hexamod:WildfireWeapon+1","floor":16},{"not_picked":["hexamod:Haunt","hexamod:GhostflameBarrier"],"picked":"hexamod:GhostOfSpireFuture+1","floor":19}],"player_experience":421770,"relics_obtained":[{"floor":7.0,"key":"Bag of Preparation"},{"floor":8.0,"key":"Frozen Egg 2"},{"floor":10.0,"key":"Nunchaku"}],"event_choices":[],"is_beta":false,"boss_relics":[{"not_picked":["Runic Pyramid","SlaversCollar"],"picked":"hexamod:UnbrokenSoul"}],"items_purged_floors":[],"is_endless":false,"potions_floor_spawned":[6,8,11,12,14,16,19],"killed_by":"Spheric Guardian","ascension_level":0}}