{"host":"atu1skz5iq69e5lr","time":1611784721,"event":{"mods":["AchievementEnabler","Aspiration","BaseMod","Colored Map","Conspire","Evolution","Friendly Minions","Highlight Path","HololiveMod","Hubris","Infinite Spire","Keyboard Shortcuts","Minty Spire (QoL Compilation)","Reliquary","Replay The Spire","Shop Mod","StSLib","UnlockEverythingMod"],"gold_per_floor":[82,102,121,144,144,144,180,180,180,117,144,195,214,238,238,321,321,335,346,346,346,412,453,465,507,519,588,639,691,738,769,781,885,997,1026,1063,1101,1360,1385,1482,1482,1546,1572,1625,1650,1650,1667,1704,1704,1724,1761],"floor_reached":52,"language":"ENG","playtime":3511,"items_purged":["Writhe"],"score":2822,"play_id":"94945459-5b36-46e1-82f6-7269b96d7ba2","local_time":"20210127225841","is_ascension_mode":true,"campfire_choices":[{"data":"Hololive_Teleport","floor":6,"key":"SMITH"},{"data":"Hololive_CallSakuraMiko","floor":8,"key":"SMITH"},{"data":"Hololive_CallYozoraMel","floor":15,"key":"SMITH"},{"data":"Hololive_Spy","floor":24,"key":"SMITH"},{"data":"Hololive_CallAkiRosenthal","floor":32,"key":"SMITH"},{"data":"Hololive_CallHoshimachiSuisei","floor":41,"key":"SMITH"},{"data":"Hololive_CallMoonaHoshinova","floor":49,"key":"SMITH"}],"circlet_count":0,"master_deck":["AscendersBane","Hololive_Strike","Hololive_Strike","Hololive_Defend","Hololive_Defend","Hololive_Teleport+1","Hololive_CallAZKi+1","Hololive_CallTsunomakiWatame+1","Hololive_CallSakuraMiko+1","Hololive_CallAkiRosenthal+1","Hololive_CallMoonaHoshinova+1","Hololive_CallFriendA+1","Hololive_CallRoboco","Hololive_FlyingPonyTail+1","Hololive_CallTokinoSora+1","Hololive_CallYozoraMel+1","Hololive_DurableLive","infinitespire:Collect","Hololive_Spy+1","Hololive_AWSL","Hololive_DiamondStrike+1","Hololive_CocoNews+1","Hololive_CallHoshimachiSuisei+1","Hololive_DiamondStrike+1"],"relics":["Hololive_TheStar","EVO:Axolotl","NeowsBlessing","Hololive_FriedShrimpLion","Molten Egg 2","reliquary:Buckler","hubris:Backtick","infinitespire:Bottled Soul","Counterbalance","aspiration:RitualDagger","infinitespire:WardingShard","hubris:DisguiseKit","MawBank","Snack Pack","conspire:Dentures","Replay:Bottled Steam","Replay:Bottled Snecko","Replay:Wanted Poster","hubris:NiceRug","MealTicket","Incense Burner","TheAbacus","infinitespire:Satchel","reliquary:IridiumChain","Lantern","Ancient Tea Set"],"acts_visited":["Exordium","TheCity","TheBeyond"],"potions_floor_usage":[7,7,25,31,31,33,38,39,51,51],"damage_taken":[{"damage":0,"enemies":"Cultist","floor":1,"turns":1},{"damage":0,"enemies":"Small Slimes","floor":2,"turns":1},{"damage":0,"enemies":"Jaw Worm","floor":3,"turns":1},{"damage":0,"enemies":"Looter","floor":4,"turns":3},{"damage":6,"enemies":"3 Sentries","floor":7,"turns":10},{"damage":0,"enemies":"Red Slaver","floor":11,"turns":3},{"damage":0,"enemies":"Lagavulin","floor":12,"turns":5},{"damage":0,"enemies":"Exordium Wildlife","floor":13,"turns":3},{"damage":0,"enemies":"Blue Slaver","floor":14,"turns":3},{"damage":0,"enemies":"Slime Boss","floor":16,"turns":6},{"damage":0,"enemies":"Shell Parasite","floor":18,"turns":5},{"damage":0,"enemies":"Chosen","floor":19,"turns":4},{"damage":3,"enemies":"conspire:MimicChest","floor":22,"turns":7},{"damage":3,"enemies":"Book of Stabbing","floor":23,"turns":5},{"damage":3,"enemies":"Replay:Snechameleon","floor":25,"turns":9},{"damage":10,"enemies":"conspire:SneckoGhost","floor":27,"turns":7},{"damage":3,"enemies":"conspire:HollyBat","floor":28,"turns":5},{"damage":15,"enemies":"3 Cultists","floor":29,"turns":5},{"damage":3,"enemies":"Book of Stabbing","floor":30,"turns":4},{"damage":3,"enemies":"Snake Plant","floor":31,"turns":2},{"damage":3,"enemies":"Collector","floor":33,"turns":7},{"damage":3,"enemies":"3 Shapes","floor":35,"turns":4},{"damage":3,"enemies":"Orb Walker","floor":36,"turns":2},{"damage":18,"enemies":"Spire Growth","floor":37,"turns":5},{"damage":3,"enemies":"hubris:Merchant","floor":38,"turns":3},{"damage":3,"enemies":"Writhing Mass","floor":39,"turns":3},{"damage":3,"enemies":"Giant Head","floor":40,"turns":6},{"damage":47,"enemies":"Reptomancer","floor":42,"turns":6},{"damage":3,"enemies":"Giant Head","floor":44,"turns":4},{"damage":3,"enemies":"4 Shapes","floor":45,"turns":4},{"damage":1,"enemies":"3 Darklings","floor":48,"turns":3},{"damage":3,"enemies":"conspire:OrnateMirror","floor":50,"turns":7},{"damage":3,"enemies":"Donu and Deca","floor":51,"turns":6}],"seed_played":"5903302114440322662","potions_obtained":[{"floor":1,"key":"Adrenaline Potion"},{"floor":2,"key":"Swift Potion"},{"floor":11,"key":"Elixir"},{"floor":13,"key":"Strength Potion"},{"floor":29,"key":"Strength Potion"},{"floor":31,"key":"ColorlessPotion"},{"floor":35,"key":"Strength Potion"},{"floor":38,"key":"Adrenaline Potion"},{"floor":38,"key":"Fire Potion"},{"floor":42,"key":"ColorlessPotion"},{"floor":48,"key":"ColorlessPotion"}],"is_trial":false,"path_per_floor":["M","M","M","M","?","R","E","R","T","$","M","E","M","M","R_BF","B",null,"M","M","AVR","?","?","E","R","E","T","E","M","M","E","M","R","B",null,"M","M","M","$","M","E","R","E","T","E","M","$","?","M","R","B","B",null],"character_chosen":"Hololive_HololiveCharacter","items_purchased":["Hololive_CallTokinoSora+1"],"campfire_rested":0,"item_purchase_floors":[10],"current_hp_per_floor":[27,27,27,27,27,27,21,21,21,21,21,21,21,21,21,30,30,30,30,30,30,30,30,30,30,30,30,30,18,30,31,31,32,32,33,31,24,36,37,38,38,39,39,40,41,41,28,42,42,43,44],"gold":1761,"neow_bonus":"THREE_ENEMY_KILL","is_daily":false,"chose_seed":false,"campfire_upgraded":7,"win_rate":0.0,"timestamp":1611784721,"path_taken":["M","M","?","?","?","R","E","R","T","?","M","E","?","M","R_BF","BOSS","M","M","AVR","?","?","E","R","E","T","E","?","M","E","M","R","BOSS","M","M","M","$","M","E","R","E","T","E","M","?","?","M","R","BOSS","BOSS"],"items_purchased_type":["Card"],"build_version":"2020-12-22","purchased_purges":1,"victory":true,"max_hp_per_floor":[30,30,30,30,30,30,30,30,30,30,30,30,30,30,30,30,30,30,30,30,30,30,30,30,30,30,30,30,30,30,31,31,32,32,33,34,35,36,37,38,38,39,39,40,41,41,41,42,42,43,44],"card_choices":[{"not_picked":["Hololive_Drill","Hololive_CocoNews","Hololive_CallTsunomakiWatame","Hololive_CallRoboco"],"picked":"SKIP","floor":1},{"not_picked":["Hololive_SummonFox","Hololive_Breathe","Hololive_Psychosis"],"picked":"Hololive_CallFriendA","floor":2},{"not_picked":["Hololive_Psychosis","Hololive_CallShiroganeNoel","Hololive_SoulCatcher"],"picked":"Hololive_CallRoboco","floor":3},{"not_picked":["Hololive_LuckPotion","Hololive_Spy","Hololive_Breathe","Hololive_DDD"],"picked":"SKIP","floor":4},{"not_picked":["Hololive_CallAmaneKanata","Hololive_OvertimeWork","Hololive_SoulCatcher"],"picked":"Hololive_FlyingPonyTail","floor":7},{"not_picked":["Hololive_Trident+1","Hololive_OvertimeWork+1","Hololive_CallAZKi","Hololive_FlyingPonyTail"],"picked":"SKIP","floor":11},{"not_picked":["Hololive_RevenueBasedLive","Hololive_Trident+1","Hololive_FlareMind"],"picked":"Hololive_CallYozoraMel","floor":12},{"not_picked":["Hololive_Trident+1","Hololive_CallFriendA","Hololive_CallSpadeEcho","Hololive_CallNatsuiroMatsuri"],"picked":"SKIP","floor":13},{"not_picked":["Hololive_Psychosis+1","Hololive_Trident+1","Hololive_HuntDinosaur","Hololive_Breathe"],"picked":"SKIP","floor":14},{"not_picked":["Hololive_DDD","Hololive_ScarfAndHalo+1","Hololive_OpenUp+1"],"picked":"Hololive_DurableLive","floor":16},{"not_picked":["Hololive_CallOzoraSubaru","Hololive_Trident+1","Hololive_StrengthChampion+1","Hololive_RevenueBasedLive"],"picked":"SKIP","floor":18},{"not_picked":["Hololive_StrengthChampion+1","Hololive_Drill+1","Hololive_IdolExercise","Hololive_Rebound"],"picked":"SKIP","floor":19},{"not_picked":["Hololive_CallAZKi","Hololive_CallOmaruPolka","Hololive_OvertimeWork+1"],"picked":"Hololive_Spy","floor":22},{"not_picked":["Hololive_CandyCastle","Hololive_HuntDinosaur","Hololive_CallRosalyn","Hololive_SoulCatcher+1","WindmillStrike"],"picked":"SKIP","floor":23},{"not_picked":["Hololive_CallHoushouMarine","Hololive_Sequa+1","Hololive_Watashimo","Hololive_CallTokinoSora+1","WindmillStrike"],"picked":"SKIP","floor":25},{"not_picked":["Hololive_Nanodesu+1","Hololive_OvertimeWork+1","Hololive_Recruit","Hololive_CallHoushouMarine","Replay:Cycle"],"picked":"SKIP","floor":27},{"not_picked":["Hololive_CallNekomataOkayu","Hololive_RevenueBasedLive+1","Hololive_CallNakiriAyame","Hololive_Rebound","PathToVictory"],"picked":"SKIP","floor":28},{"not_picked":["Hololive_Breathe","Hololive_Drill+1","Hololive_StrengthChampion+1","Hololive_CallSakuraMiko","BowlingBash"],"picked":"SKIP","floor":29},{"not_picked":["Hololive_DevilCharm","Hololive_Psychosis+1","Hololive_DDD","Collect"],"picked":"Hololive_AWSL","floor":30},{"not_picked":["Hololive_Drill+1","Hololive_LuckPotion+1","Hololive_Trident+1","Hololive_BringToTrial","InnerPeace"],"picked":"SKIP","floor":31},{"not_picked":["Hololive_DDD","Hololive_MaximGun+1","Hololive_DurableLive","Scrawl"],"picked":"Hololive_DiamondStrike+1","floor":33},{"not_picked":["Hololive_Drill+1","Hololive_StrengthChampion+1","Hololive_Rebound","Hololive_CallOmaruPolka","Replay:BluntJabs"],"picked":"SKIP","floor":35},{"not_picked":["Hololive_CallOmaruPolka","Hololive_CallAZKi","Hololive_CallYukihanaLamy","CrushJoints"],"picked":"Hololive_CocoNews+1","floor":36},{"not_picked":["Hololive_Spy","Hololive_LuckPotion","Hololive_OvertimeWork+1","Hololive_DevilCharm+1","Pray"],"picked":"SKIP","floor":37},{"not_picked":["Hololive_Drill+1"],"picked":"SKIP","floor":38},{"not_picked":["Hololive_ScarfAndHalo+1"],"picked":"SKIP","floor":38},{"not_picked":["Hololive_FlyingPonyTail"],"picked":"SKIP","floor":38},{"not_picked":["Hololive_WolfAndLamb"],"picked":"SKIP","floor":38},{"not_picked":["Hololive_CallYozoraMel+1"],"picked":"SKIP","floor":38},{"not_picked":["ReplayTheSpireMod:Uncanny Aura"],"picked":"SKIP","floor":38},{"not_picked":["Mayhem"],"picked":"SKIP","floor":38},{"not_picked":["Hololive_Watashimo+1","Hololive_Breathe+1","Hololive_Rebound","FlurryOfBlows"],"picked":"Hololive_CallHoshimachiSuisei","floor":39},{"not_picked":["Hololive_CallDoris","Hololive_OvertimeWork+1","Hololive_FlyingPonyTail","Hololive_CallFriendA","Replay:AtTheReady"],"picked":"SKIP","floor":40},{"not_picked":["Hololive_FlyingPonyTail","Hololive_OvertimeWork+1","Hololive_Drill+1","SandsOfTime"],"picked":"Hololive_DiamondStrike+1","floor":42},{"not_picked":["Hololive_Trident+1","Hololive_Psychosis+1","Hololive_RevenueBasedLive","Hololive_HighAtkLowDef","Replay:AtTheReady"],"picked":"SKIP","floor":44},{"not_picked":["Hololive_HuntDinosaur","Hololive_Rebound","Hololive_CallYukihanaLamy+1","Hololive_Breathe","CutThroughFate"],"picked":"SKIP","floor":45},{"not_picked":["Hololive_CallUruhaRushia","Hololive_Teleport","Hololive_RevenueBasedLive","Hololive_OvertimeWork+1","ClearTheMind"],"picked":"SKIP","floor":48}],"player_experience":59528,"relics_obtained":[{"floor":7,"key":"Hololive_FriedShrimpLion"},{"floor":9,"key":"Molten Egg 2"},{"floor":12,"key":"reliquary:Buckler"},{"floor":22,"key":"hubris:DisguiseKit"},{"floor":23,"key":"MawBank"},{"floor":25,"key":"Snack Pack"},{"floor":26,"key":"conspire:Dentures"},{"floor":27,"key":"Replay:Bottled Steam"},{"floor":30,"key":"Replay:Bottled Snecko"},{"floor":38,"key":"MealTicket"},{"floor":38,"key":"Incense Burner"},{"floor":38,"key":"TheAbacus"},{"floor":40,"key":"infinitespire:Satchel"},{"floor":42,"key":"reliquary:IridiumChain"},{"floor":43,"key":"Lantern"},{"floor":44,"key":"Ancient Tea Set"}],"event_choices":[{"damage_healed":0,"gold_gain":0,"player_choice":"Grow","damage_taken":0,"max_hp_gain":0,"max_hp_loss":0,"event_name":"Living Wall","floor":5,"gold_loss":0,"cards_upgraded":["Hololive_CallAZKi"]},{"damage_healed":0,"gold_gain":0,"player_choice":"Opened","damage_taken":0,"relics_obtained":["infinitespire:WardingShard"],"max_hp_gain":0,"max_hp_loss":0,"event_name":"The Mausoleum","floor":21,"gold_loss":0,"cards_obtained":["Writhe"]}],"is_beta":false,"boss_relics":[{"not_picked":["Cursed Key","Sozu"],"picked":"hubris:Backtick"},{"not_picked":["conspire:SpecialSausage","reliquary:WritOfMandamus"],"picked":"Replay:Wanted Poster"}],"items_purged_floors":[38],"is_endless":false,"potions_floor_spawned":[1,2,11,13,18,22,29,30,31,35,42,45,48],"ascension_level":20}}