{"host":"y1oqg7uy0jc6f5mb","time":1611775102,"event":{"mods":["BaseMod","Better Altar","Better Match","Better Note","Better Sensory Stone","Better Skull","Better Third Choice","Block Reminder","Colored Map","Colored Powertips","Custom Start","DeckTracker","Displayed Cursed Tome","Highlight Path","Ironclad Rager","Minty Spire (QoL Compilation)","Permanent Neow","Quick Restart","Relic Sorter","Relic Stats","Replay The Spire","Shop Mod","StSLib"],"gold_per_floor":[211,16,16,32,32,32,59,73,73,83,83,102,102,133,133,238,238,258,258,276,295,306,306,320,320,320,336,356,369,369,64,64,159,159,171,236,252,127,177,177,26,26,26,26,26],"floor_reached":44,"language":"ENG","playtime":3956,"items_purged":["Strike_P","Strike_P","Normality"],"score":441,"play_id":"01cb9da7-b66c-4d30-9a5a-052309a0fedb","local_time":"20210128031822","is_ascension_mode":true,"campfire_choices":[{"data":"Eruption","floor":6.0,"key":"SMITH"},{"data":"WaveOfTheHand","floor":11.0,"key":"SMITH"},{"floor":13.0,"key":"REST"},{"data":"Defend_P","floor":15.0,"key":"PURGE"},{"floor":23.0,"key":"REST"},{"floor":25.0,"key":"REST"},{"floor":30.0,"key":"REST"},{"data":"Judgement","floor":40.0,"key":"SMITH"},{"data":"Wallop","floor":40.0,"key":"SMITH"},{"data":"MentalFortress","floor":42.0,"key":"SMITH"},{"data":"Replay:DivineShield","floor":42.0,"key":"SMITH"}],"circlet_count":0,"master_deck":["Strike_P","Strike_P","Defend_P","Defend_P","Defend_P","Eruption+1","Vigilance","WaveOfTheHand+1","Consecrate","Replay:DivineShield+1","Intimidate+1","Protect","EmptyMind","Vengeance","Consecrate","Replay:DivineShield","Alpha","Judgement+1","Wallop+1","WindmillStrike","ReachHeaven+1","FlurryOfBlows+1","Consecrate+1","WreathOfFlame+1","EmptyBody","Brilliance","MentalFortress+1","Crescendo+1","Evaluate+1","FlurryOfBlows","ReplayTheSpireMod:Splinters"],"relics":["PureWater","Darkstone Periapt","Potion Belt","Gambling Chip","Nunchaku","Ring of Chaos","ReplayTheSpireMod:Lightbulb","Replay:Baseball","Anchor","Cursed Key","Replay:WaspNest","Replay:Arrowhead","Ancient Tea Set","Pet Ghost"],"acts_visited":["Exordium","TheCity","TheBeyond"],"potions_floor_usage":[44,44],"damage_taken":[{"damage":0.0,"enemies":"Cultist","floor":1.0,"turns":4.0},{"damage":0.0,"enemies":"Jaw Worm","floor":4.0,"turns":4.0},{"damage":9.0,"enemies":"3 Sentries","floor":7.0,"turns":9.0},{"damage":0.0,"enemies":"Small Slimes","floor":8.0,"turns":4.0},{"damage":6.0,"enemies":"Looter","floor":10.0,"turns":4.0},{"damage":8.0,"enemies":"Blue Slaver","floor":12.0,"turns":4.0},{"damage":2.0,"enemies":"Replay:BlueRogue","floor":14.0,"turns":8.0},{"damage":5.0,"enemies":"The Guardian","floor":16.0,"turns":10.0},{"damage":0.0,"enemies":"2 Thieves","floor":18.0,"turns":4.0},{"damage":15.0,"enemies":"3 Byrds","floor":20.0,"turns":4.0},{"damage":37.0,"enemies":"Snake Plant","floor":21.0,"turns":8.0},{"damage":14.0,"enemies":"Centurion and Healer","floor":22.0,"turns":6.0},{"damage":0.0,"enemies":"Snecko","floor":24.0,"turns":5.0},{"damage":0.0,"enemies":"Cultist and Chosen","floor":27.0,"turns":4.0},{"damage":21.0,"enemies":"Snake Plant","floor":28.0,"turns":4.0},{"damage":7.0,"enemies":"Sentry and Sphere","floor":29.0,"turns":3.0},{"damage":19.0,"enemies":"Champ","floor":33.0,"turns":7.0},{"damage":6.0,"enemies":"Orb Walker","floor":35.0,"turns":4.0},{"damage":0.0,"enemies":"3 Darklings","floor":37.0,"turns":4.0},{"damage":0.0,"enemies":"Mind Bloom Boss Battle","floor":39.0,"turns":7.0},{"damage":89,"enemies":"Nemesis","floor":44,"turns":5}],"seed_played":"-5194639646914082289","potions_obtained":[{"floor":1.0,"key":"ColorlessPotion"},{"floor":8.0,"key":"Weak Potion"},{"floor":12.0,"key":"BottledMiracle"},{"floor":14.0,"key":"Fire Potion"},{"floor":20.0,"key":"ColorlessPotion"},{"floor":22.0,"key":"DistilledChaos"},{"floor":24.0,"key":"Strength Potion"},{"floor":27.0,"key":"Elixir"},{"floor":33.0,"key":"LiquidMemories"},{"floor":35.0,"key":"StancePotion"},{"floor":36.0,"key":"PowerPotion"},{"floor":37.0,"key":"LiquidBronze"}],"is_trial":false,"path_per_floor":["M","$","?","M","$","R","E","M","T","M","R","M","R","E","R_BF","B",null,"M","?","M","M","M","R","M","R","T","M","M","M","R","$","R_BF","B",null,"M","?","M","$","?","R","$","R","T","E"],"character_chosen":"WATCHER","items_purchased":["Consecrate","Replay:DivineShield","EmptyBody","Anchor","Ancient Tea Set"],"campfire_rested":4,"item_purchase_floors":[2,2,31,31,41],"current_hp_per_floor":[72,72,63,63,63,63,54,54,54,48,48,40,61,59,59,54,72,72,72,57,20,6,27,27,48,48,48,27,20,41,41,62,43,72,66,72,72,72,72,72,72,72,78,0,0],"gold":26,"neow_bonus":"HUNDRED_GOLD","is_daily":false,"chose_seed":false,"campfire_upgraded":6,"win_rate":0.0,"timestamp":1611775102,"path_taken":["M","?","?","?","$","R","E","M","T","M","R","M","R","E","R_BF","BOSS","M","?","M","?","M","R","M","R","T","M","M","M","R","$","R_BF","BOSS","M","?","M","$","?","R","$","R","T","E"],"items_purchased_type":["Card","Card","Card","Relic","Relic"],"build_version":"2020-12-22","purchased_purges":3,"victory":false,"max_hp_per_floor":[72,72,72,72,72,72,72,72,72,72,72,72,72,72,72,72,72,72,72,72,72,72,72,72,72,72,72,72,72,72,72,72,72,72,72,78,78,78,78,78,78,78,84,84,84],"relic_stats":{"Darkstone Periapt":12,"Nunchaku":[12],"counters":[21,112],"Gambling Chip":[40],"Cursed Key":1,"obtain_stats":[{"Darkstone Periapt":3,"Potion Belt":7,"Ring of Chaos":17,"Replay:WaspNest":36,"Cursed Key":34,"Ancient Tea Set":41,"Replay:Arrowhead":39,"Pet Ghost":43,"Nunchaku":14,"Replay:Baseball":26,"Anchor":31,"Gambling Chip":9,"PureWater":0,"ReplayTheSpireMod:Lightbulb":19},{"Darkstone Periapt":1,"Potion Belt":3,"Ring of Chaos":8,"Replay:WaspNest":18,"Cursed Key":17,"Ancient Tea Set":20,"Replay:Arrowhead":20,"Pet Ghost":20,"Nunchaku":7,"Replay:Baseball":13,"Anchor":16,"Gambling Chip":4,"PureWater":0,"ReplayTheSpireMod:Lightbulb":9},{"Darkstone Periapt":4,"Potion Belt":17,"Ring of Chaos":47,"Replay:WaspNest":96,"Cursed Key":92,"Ancient Tea Set":107,"Replay:Arrowhead":107,"Pet Ghost":107,"Nunchaku":37,"Replay:Baseball":74,"Anchor":85,"Gambling Chip":21,"PureWater":0,"ReplayTheSpireMod:Lightbulb":51}]},"card_choices":[{"not_picked":["ClearTheMind","FollowUp"],"picked":"WaveOfTheHand","floor":1.0},{"not_picked":["Study","WaveOfTheHand"],"picked":"Protect","floor":4.0},{"not_picked":["SashWhip","Wireheading"],"picked":"EmptyMind","floor":7.0},{"not_picked":["CrushJoints","FollowUp"],"picked":"Vengeance","floor":8.0},{"not_picked":["SignatureMove","CarveReality"],"picked":"Consecrate","floor":10.0},{"not_picked":["Replay:BluntJabs","WindmillStrike"],"picked":"Replay:DivineShield","floor":12.0},{"not_picked":["WaveOfTheHand","Scrawl"],"picked":"Alpha","floor":14.0},{"not_picked":["Brilliance","Devotion"],"picked":"Judgement","floor":16.0},{"not_picked":["PathToVictory+1","Crescendo","CutThroughFate"],"picked":"SKIP","floor":18.0},{"not_picked":["Replay:AtTheReady+1","SignatureMove+1"],"picked":"Wallop","floor":20.0},{"not_picked":["PathToVictory","LikeWater"],"picked":"WindmillStrike","floor":21.0},{"not_picked":["WheelKick","Wireheading","CarveReality+1"],"picked":"SKIP","floor":22.0},{"not_picked":["Replay:ManipulateFuture","Indignation"],"picked":"ReachHeaven+1","floor":24.0},{"not_picked":["PathToVictory","CutThroughFate"],"picked":"FlurryOfBlows+1","floor":27.0},{"not_picked":["WreathOfFlame","CrushJoints"],"picked":"Consecrate+1","floor":28.0},{"not_picked":["Wireheading","Collect"],"picked":"WreathOfFlame+1","floor":29.0},{"not_picked":["Omniscience","Establishment"],"picked":"Brilliance","floor":33.0},{"not_picked":["Replay:BluntJabs+1","Replay:Battleflow"],"picked":"MentalFortress","floor":35.0},{"not_picked":["JustLucky+1","WheelKick"],"picked":"Crescendo+1","floor":36.0},{"not_picked":["Evaluate+1","Perseverance+1"],"picked":"Study+1","floor":37.0},{"not_picked":["Replay:BluntJabs","BowlingBash"],"picked":"FlurryOfBlows","floor":39.0}],"player_experience":243905,"relics_obtained":[{"floor":7.0,"key":"Potion Belt"},{"floor":9.0,"key":"Gambling Chip"},{"floor":14.0,"key":"Nunchaku"},{"floor":26.0,"key":"Replay:Baseball"},{"floor":36.0,"key":"Replay:WaspNest"},{"floor":39.0,"key":"Replay:Arrowhead"},{"floor":43.0,"key":"Pet Ghost"}],"event_choices":[{"damage_healed":0.0,"max_hp_gain":0.0,"max_hp_loss":0.0,"gold_gain":0.0,"event_name":"MindBloom","player_choice":"Fight","floor":39.0,"gold_loss":0.0,"damage_taken":0.0}],"is_beta":false,"boss_relics":[{"not_picked":["Calling Bell","Replay:Grab Bag"],"picked":"Ring of Chaos"},{"not_picked":["Replay:Wanted Poster","ChewingGum"],"picked":"Cursed Key"}],"items_purged_floors":[2,31,38],"is_endless":false,"potions_floor_spawned":[1,8,12,14,20,22,24,27,33,35,37],"killed_by":"Nemesis","ascension_level":1}}