{"host":"sxnl403xm2xmiyj1","time":1611720510,"event":{"mods":["AchievementEnabler","BaseMod","Colored Map","Keyboard Shortcuts","Minty Spire (QoL Compilation)","Quick Restart","StSLib","SuperFastMode"],"gold_per_floor":[149,183,183,4,4,4,77,138,138,207,37,82,82,42,42,210,210,260,334,375,439,89,89,135,135,135,135,135],"floor_reached":27,"language":"KOR","playtime":812,"items_purged":["Decay","Strike_G"],"score":390,"play_id":"3a9bca2e-8e4d-46ad-9969-c98a105681da","local_time":"20210127130830","is_ascension_mode":true,"campfire_choices":[{"data":"HandOfGreed","floor":6.0,"key":"SMITH"},{"floor":13.0,"key":"REST"},{"data":"Neutralize","floor":15.0,"key":"SMITH"},{"data":"Acrobatics","floor":23.0,"key":"SMITH"},{"data":"Tactician","floor":25.0,"key":"SMITH"}],"circlet_count":0,"master_deck":["AscendersBane","Strike_G","Strike_G","Strike_G","Strike_G","Defend_G","Defend_G","Defend_G","Defend_G","Defend_G","Survivor","Neutralize+1","HandOfGreed+1","Deflect","Flying Knee","Infinite Blades","Dodge and Roll","Leg Sweep","Dash","Dodge and Roll","Footwork","Terror","Quick Slash","Deflect","Crippling Poison","Tools of the Trade","Backflip","Acrobatics+1","Phantasmal Killer","Backflip","Tactician+1","Underhanded Strike","Blur"],"relics":["Ring of the Snake","Golden Idol","Pocketwatch","HornCleat","Bottled Flame","WristBlade","Toy Ornithopter","StrikeDummy"],"acts_visited":["Exordium","TheCity"],"potions_floor_usage":[27],"damage_taken":[{"damage":1.0,"enemies":"Small Slimes","floor":1.0,"turns":5.0},{"damage":0.0,"enemies":"Jaw Worm","floor":2.0,"turns":4.0},{"damage":0.0,"enemies":"2 Louse","floor":7.0,"turns":6.0},{"damage":18.0,"enemies":"Lagavulin","floor":8.0,"turns":8.0},{"damage":2.0,"enemies":"Gremlin Nob","floor":10.0,"turns":4.0},{"damage":0.0,"enemies":"Looter","floor":12.0,"turns":3.0},{"damage":11.0,"enemies":"Slime Boss","floor":16.0,"turns":17.0},{"damage":0.0,"enemies":"Shell Parasite","floor":18.0,"turns":7.0},{"damage":8.0,"enemies":"3 Byrds","floor":19.0,"turns":8.0},{"damage":0.0,"enemies":"Snecko","floor":20.0,"turns":5.0},{"damage":13.0,"enemies":"Cultist and Chosen","floor":21.0,"turns":7.0},{"damage":8.0,"enemies":"Snake Plant","floor":24.0,"turns":7.0},{"damage":34,"enemies":"Slavers","floor":27,"turns":1}],"seed_played":"7634441837153589331","potions_obtained":[{"floor":1.0,"key":"Strength Potion"},{"floor":12.0,"key":"CunningPotion"},{"floor":19.0,"key":"ColorlessPotion"},{"floor":21.0,"key":"Explosive Potion"}],"is_trial":false,"path_per_floor":["M","M","?","$","?","R","M","E","T","E","$","M","R","$","R","B",null,"M","M","M","M","$","R","M","R","T","E"],"character_chosen":"THE_SILENT","items_purchased":["Infinite Blades","Dodge and Roll","Footwork","Terror","Quick Slash","Crippling Poison","Tactician","Toy Ornithopter","Underhanded Strike"],"campfire_rested":1,"item_purchase_floors":[4,4,11,11,11,14,22,22,22],"current_hp_per_floor":[58,58,35,35,35,35,35,17,17,15,15,15,34,34,34,23,55,55,47,47,34,34,34,26,26,26,0,0],"gold":135,"neow_bonus":"RANDOM_COLORLESS_2","is_daily":false,"chose_seed":false,"campfire_upgraded":4,"win_rate":0.0,"timestamp":1611720510,"path_taken":["M","M","?","$","?","R","M","E","T","E","$","M","R","$","R","BOSS","M","M","M","M","$","R","M","R","T","E"],"items_purchased_type":["Card","Card","Card","Card","Card","Card","Card","Relic","Card"],"build_version":"2020-12-22","purchased_purges":2,"victory":false,"max_hp_per_floor":[66,66,66,66,66,66,66,66,66,66,66,66,66,66,66,66,66,66,66,66,66,66,66,66,66,66,66,66],"card_choices":[{"not_picked":["The Bomb","Metamorphosis"],"picked":"HandOfGreed","floor":0.0},{"not_picked":["Distraction","Outmaneuver"],"picked":"Deflect","floor":1.0},{"not_picked":["Blade Dance","Slice"],"picked":"Flying Knee","floor":2.0},{"not_picked":["Slice","Deflect"],"picked":"Leg Sweep","floor":7.0},{"not_picked":["Masterful Stab","Outmaneuver"],"picked":"Dash","floor":8.0},{"not_picked":["Caltrops","Eviscerate"],"picked":"Dodge and Roll","floor":10.0},{"not_picked":["Calculated Gamble","All Out Attack"],"picked":"Deflect","floor":12.0},{"not_picked":["Phantasmal Killer","Wraith Form v2"],"picked":"Tools of the Trade","floor":16.0},{"not_picked":["Deflect","Calculated Gamble"],"picked":"Backflip","floor":18.0},{"not_picked":["Deflect+1","Backflip"],"picked":"Acrobatics","floor":19.0},{"not_picked":["Flying Knee+1","Terror"],"picked":"Phantasmal Killer","floor":20.0},{"not_picked":["Caltrops","Deflect"],"picked":"Backflip","floor":21.0},{"not_picked":["Endless Agony","Catalyst+1"],"picked":"Blur","floor":24.0}],"player_experience":179009,"relics_obtained":[{"floor":8.0,"key":"Pocketwatch"},{"floor":9.0,"key":"HornCleat"},{"floor":10.0,"key":"Bottled Flame"},{"floor":26.0,"key":"StrikeDummy"}],"event_choices":[{"damage_healed":0.0,"max_hp_gain":0.0,"max_hp_loss":0.0,"gold_gain":0.0,"event_name":"Golden Idol","player_choice":"Take Damage","floor":3.0,"gold_loss":0.0,"damage_taken":23.0,"relics_obtained":["Golden Idol"]},{"damage_healed":0.0,"max_hp_gain":0.0,"max_hp_loss":0.0,"gold_gain":0.0,"event_name":"Liars Game","player_choice":"Ignored","floor":5.0,"gold_loss":0.0,"damage_taken":0.0}],"is_beta":false,"boss_relics":[{"not_picked":["Tiny House","Empty Cage"],"picked":"WristBlade"}],"items_purged_floors":[4,22],"is_endless":false,"potions_floor_spawned":[1,12,19,21],"killed_by":"Slavers","ascension_level":15}}