{"host":"zwezhz46a5cjkxff","time":1611745243,"event":{"mods":["AchievementEnabler","BaseMod","Colored Map","Colored Powertips","DeckTracker","Hermit","Marisa????????","Minty Spire (QoL Compilation)","Permanent Neow","Quick Restart","Rare Cards Sparkle","Relic Stats","Robot Space Explorer","StSLib","SuperFastMode","The Forsaken","The Hierophant","The Servant 0.9.4","Weighted Paths","slay the spire mod where everything is the same but ironclad has a cowboy hat"],"gold_per_floor":[17,33,33,33,33,67,67,94,120,135,145,145,145],"floor_reached":12,"language":"ENG","playtime":378,"items_purged":[],"score":92,"play_id":"fd2df99b-9297-422d-b4a2-daf5c5e23470","local_time":"20210127050043","is_ascension_mode":true,"campfire_choices":[{"data":"Dualcast","floor":7,"key":"SMITH"}],"circlet_count":0,"master_deck":["Strike_B","Strike_B","Strike_B","Defend_B","Defend_B","Defend_B","Zap","Dualcast+1","Gash","Gash","Self Repair","Coolheaded"],"relics":["Cracked Core","Happy Flower","theForsaken:PlagueMask","The Courier","theForsaken:Gavel","Regal Pillow"],"acts_visited":["Exordium"],"potions_floor_usage":[6,8,12],"damage_taken":[{"damage":5,"enemies":"Small Slimes","floor":1,"turns":2},{"damage":1,"enemies":"2 Louse","floor":2,"turns":3},{"damage":21,"enemies":"Lagavulin","floor":6,"turns":5},{"damage":29,"enemies":"Gremlin Nob","floor":8,"turns":4},{"damage":1,"enemies":"Cultist","floor":10,"turns":3},{"damage":16,"enemies":"3 Louse","floor":11,"turns":3},{"damage":16,"enemies":"3 Sentries","floor":12,"turns":6}],"seed_played":"8817242764493685260","potions_obtained":[{"floor":1,"key":"Swift Potion"},{"floor":6,"key":"AttackPotion"},{"floor":10,"key":"ColorlessPotion"}],"is_trial":false,"path_per_floor":["M","M","?","?","?","E","R","E","T","M","M","E"],"character_chosen":"DEFECT","items_purchased":[],"campfire_rested":0,"item_purchase_floors":[],"current_hp_per_floor":[70,69,66,66,59,38,38,16,16,22,13,0,0],"gold":145,"neow_bonus":"REMOVE_TWO","is_daily":false,"chose_seed":false,"campfire_upgraded":1,"win_rate":0.0,"timestamp":1611745243,"path_taken":["M","M","?","?","?","E","R","E","T","M","M","E"],"items_purchased_type":[],"build_version":"2020-12-22","purchased_purges":0,"victory":false,"max_hp_per_floor":[75,75,75,75,75,75,75,75,75,75,75,75,75],"relic_stats":{"Regal Pillow":0,"Happy Flower":[7],"counters":[7,26],"obtain_stats":[{"Regal Pillow":9,"Happy Flower":3,"The Courier":6,"Cracked Core":0,"theForsaken:PlagueMask":4,"theForsaken:Gavel":8},{"Regal Pillow":4,"Happy Flower":2,"The Courier":3,"Cracked Core":0,"theForsaken:PlagueMask":2,"theForsaken:Gavel":4},{"Regal Pillow":14,"Happy Flower":5,"The Courier":10,"Cracked Core":0,"theForsaken:PlagueMask":5,"theForsaken:Gavel":14}]},"card_choices":[{"not_picked":["Fusion","Hello World"],"picked":"Gash","floor":1},{"not_picked":["FTL","Sunder"],"picked":"Gash","floor":2},{"not_picked":["Compile Driver","Rip and Tear"],"picked":"Self Repair","floor":6},{"not_picked":["Sweeping Beam","Ball Lightning","Darkness"],"picked":"SKIP","floor":8},{"not_picked":["Leap","Tempest","Compile Driver"],"picked":"SKIP","floor":10},{"not_picked":["Conserve Battery","Consume"],"picked":"Coolheaded","floor":11}],"player_experience":30572,"relics_obtained":[{"floor":6,"key":"The Courier"},{"floor":8,"key":"theForsaken:Gavel"},{"floor":9,"key":"Regal Pillow"}],"event_choices":[{"damage_healed":0,"gold_gain":0,"player_choice":"Success","damage_taken":3,"relics_obtained":["Happy Flower"],"max_hp_gain":0,"max_hp_loss":0,"event_name":"Scrap Ooze","floor":3,"gold_loss":0},{"damage_healed":0,"gold_gain":0,"player_choice":"Obtain Plague Curse","damage_taken":0,"max_hp_gain":0,"max_hp_loss":0,"event_name":"Plague Doctor","floor":4,"gold_loss":0,"cards_obtained":["theForsaken:PlagueCurse"]},{"cards_removed":["theForsaken:PlagueCurse"],"damage_healed":0,"gold_gain":0,"player_choice":"Card Removal","damage_taken":7,"max_hp_gain":0,"max_hp_loss":0,"event_name":"Golden Wing","floor":5,"gold_loss":0}],"is_beta":false,"boss_relics":[],"items_purged_floors":[],"is_endless":false,"potions_floor_spawned":[1,6,10],"killed_by":"3 Sentries","ascension_level":1}}