{"host":"j1lpsl3dsviy43h8","time":1611790375,"event":{"mods":["AchievementEnabler","BaseMod","BetterRewards","Card Forge","Duelist Mod","GifTheSpireLib","Minty Spire (QoL Compilation)","Shop Mod","StSLib","The Wild Card"],"gold_per_floor":[139,156,80,91,91,116,116,144,182,204,216,259,271,299,311,397,409,439,461,743,768,443,443,443,457,457,307,327,344,211,229,229,307,307,317,317,12,22,0,0,17,45,45,77,154,154,154,174,174,174],"floor_reached":51,"language":"ENG","playtime":2302,"items_purged":[],"score":1832,"play_id":"9d1811bc-5336-4cc3-9bc3-1d5955e7d090","local_time":"20210127183255","is_ascension_mode":true,"campfire_choices":[{"floor":13,"key":"REST"},{"floor":15,"key":"REST"},{"floor":23,"key":"REST"},{"floor":27,"key":"REST"},{"floor":32,"key":"REST"},{"floor":40,"key":"REST"},{"floor":49,"key":"REST"}],"circlet_count":0,"master_deck":["theDuelist:CurseDragon+1","theDuelist:HazyFlameHydra+1","theDuelist:MiraculousDescent+1","theDuelist:BSkullDragon+1","theDuelist:CaveDragon+1","theDuelist:TotemDragon+1","theDuelist:MaskedDragon+1","theDuelist:SpiralSpearStrike+3","theDuelist:MetalDragon+1","theDuelist:YamataDragon+1","theDuelist:HymnOfLight+1","theDuelist:DarkHorus+1","theDuelist:BerserkScales+1","theDuelist:AncientGearGadjiltron+1","theDuelist:LordD+1","theDuelist:VeilDarkness+5","theDuelist:LesserDragon+1","theDuelist:BlueEyesUltimate+1","theDuelist:FiveHeaded+1","theDuelist:DragonMastery+1","theDuelist:CaveDragon+1","theDuelist:BackgroundDragon+1","theDuelist:BabyDragon+1","AscendersBane","theDuelist:LesserDragon+1","theDuelist:EvilMind","theDuelist:AncientGearGadjiltron+1","theDuelist:BerserkScales+1","theDuelist:WingedDragonRa+1","theDuelist:MirageDragon+1","theDuelist:SliferSky+1","theDuelist:HymnOfLight+1","theDuelist:DuelistAscender","theDuelist:MetalDragon+1"],"relics":["theDuelist:MillenniumPuzzle","theDuelist:CardPoolRelic","theDuelist:CardPoolBasicRelic","theDuelist:BoosterPackPoolRelic","theDuelist:CardPoolAddRelic","theDuelist:CardPoolMinusRelic","theDuelist:CardPoolSaveRelic","theDuelist:CardPoolOptionsRelic","Hammer of Thor","Seething Fire","Anvil of the Gods","theDuelist:CardRewardRelicB","theDuelist:MillenniumPeriapt","Sling","Snake Skull","MawBank","Whetstone","Red Skull","Busted Crown","theDuelist:MillenniumPrayerbook","Enchiridion","theDuelist:BlessingAnubis","theDuelist:ElectricKey","Brimstone","Art of War","Red Mask","theDuelist:BoosterPackTrapEgg","Question Card","Darkstone Periapt"],"acts_visited":["Exordium","TheCity","TheBeyond"],"potions_floor_usage":[29,33,42,44,48,48,50],"damage_taken":[{"damage":1,"enemies":"Jaw Worm","floor":1,"turns":2},{"damage":0,"enemies":"2 Louse","floor":2,"turns":1},{"damage":0,"enemies":"Small Slimes","floor":4,"turns":2},{"damage":0,"enemies":"Gremlin Nob","floor":6,"turns":2},{"damage":0,"enemies":"Lagavulin","floor":8,"turns":2},{"damage":14,"enemies":"Exordium Wildlife","floor":10,"turns":2},{"damage":12,"enemies":"3 Sentries","floor":12,"turns":4},{"damage":0,"enemies":"Large Slime","floor":14,"turns":4},{"damage":19,"enemies":"The Guardian","floor":16,"turns":7},{"damage":8,"enemies":"2 Thieves","floor":18,"turns":3},{"damage":3,"enemies":"Spheric Guardian","floor":19,"turns":3},{"damage":20,"enemies":"Shelled Parasite and Fungi","floor":21,"turns":2},{"damage":0,"enemies":"Cultist and Chosen","floor":25,"turns":3},{"damage":0,"enemies":"3 Cultists","floor":28,"turns":3},{"damage":0,"enemies":"Snake Plant","floor":29,"turns":2},{"damage":3,"enemies":"Snecko","floor":30,"turns":3},{"damage":8,"enemies":"Shelled Parasite and Fungi","floor":31,"turns":3},{"damage":20,"enemies":"Automaton","floor":33,"turns":6},{"damage":12,"enemies":"3 Darklings","floor":35,"turns":4},{"damage":25,"enemies":"3 Shapes","floor":38,"turns":4},{"damage":16,"enemies":"Maw","floor":41,"turns":4},{"damage":0,"enemies":"Reptomancer","floor":42,"turns":3},{"damage":0,"enemies":"Giant Head","floor":44,"turns":6},{"damage":14,"enemies":"Writhing Mass","floor":48,"turns":4},{"damage":72,"enemies":"Awakened One","floor":50,"turns":6}],"seed_played":"-8434678388590515099","potions_obtained":[{"floor":6,"key":"theDuelist:VoidBottle"},{"floor":10,"key":"theDuelist:VampireVial"},{"floor":14,"key":"Energy Potion"},{"floor":19,"key":"theDuelist:MillenniumElixir"},{"floor":30,"key":"theDuelist:FlamingBottle"},{"floor":33,"key":"theDuelist:DragonfirePotion"},{"floor":42,"key":"EssenceOfSteel"},{"floor":44,"key":"DuplicationPotion"},{"floor":48,"key":"Fruit Juice"}],"is_trial":false,"path_per_floor":["M","M","$","M","?","E","?","E","T","M","?","E","R","M","R","B",null,"M","M","?","M","$","R","?","M","T","R","M","M","M","M","R","B",null,"M","?","$","M","?","R","M","E","T","E","?","?","?","M","R","B",null],"character_chosen":"THE_DUELIST","items_purchased":["theDuelist:CardRewardRelicB","theDuelist:MillenniumPeriapt","theDuelist:CurseDragon","Sling","theDuelist:BlizzardDragon","theDuelist:MillenniumPrayerbook","theDuelist:MiraculousDescent","Brimstone","Art of War"],"campfire_rested":7,"item_purchase_floors":[0,0,0,0,3,22,22,37,37],"current_hp_per_floor":[71,71,71,71,71,71,77,77,77,63,63,51,74,74,77,58,72,64,61,34,14,14,37,21,21,21,44,44,44,41,33,56,36,67,55,55,55,30,30,53,37,37,37,37,49,79,79,70,107,35],"gold":174,"neow_bonus":"","is_daily":false,"chose_seed":false,"campfire_upgraded":0,"win_rate":0.0,"timestamp":1611790375,"path_taken":["M","M","$","M","?","E","?","E","T","?","?","E","R","M","R","BOSS","M","M","?","?","$","R","?","M","T","R","M","M","M","M","R","BOSS","M","?","$","M","?","R","M","E","T","E","?","?","?","M","R","BOSS"],"items_purchased_type":["Relic","Relic","Card","Relic","Card","Relic","Card","Relic","Relic"],"build_version":"2020-12-22","purchased_purges":0,"victory":true,"max_hp_per_floor":[80,80,80,80,80,80,77,77,77,77,77,77,77,77,77,77,77,77,77,77,77,77,77,77,77,77,77,77,77,77,77,77,77,77,77,77,77,77,77,77,77,77,77,77,89,119,119,124,124,124],"card_choices":[{"not_picked":["theDuelist:TwinBarrelDragon","theDuelist:CloudianGhost","theDuelist:SphereChaos","theDuelist:BerserkerSoul"],"picked":"theDuelist:DarkHorus","floor":1},{"not_picked":["theDuelist:GenesisDragon","theDuelist:BlizzardDragon"],"picked":"theDuelist:EvilMind","floor":1},{"not_picked":["theDuelist:Scapegoat","theDuelist:CyberneticOverflow","theDuelist:CyberDragonDrei"],"picked":"SKIP","floor":1},{"not_picked":["theDuelist:YamataDragon","theDuelist:Beatraptor","theDuelist:HazyFlameHydra"],"picked":"SKIP","floor":1},{"not_picked":["theDuelist:AncientGearGadjiltron","theDuelist:ExploderDragonwing"],"picked":"theDuelist:LordD","floor":2},{"not_picked":["theDuelist:CyberValley","theDuelist:TornadoDragon","theDuelist:BlackPtera","theDuelist:CyberDragonDrei","theDuelist:WhiteHowling"],"picked":"SKIP","floor":2},{"not_picked":["theDuelist:MaskedDragon","theDuelist:Kabazauls","theDuelist:Earthquake","theDuelist:BusterBlader"],"picked":"theDuelist:SpiralSpearStrike","floor":4},{"not_picked":["theDuelist:StarlightRoad","theDuelist:BlackStego"],"picked":"theDuelist:FiveHeaded","floor":4},{"not_picked":["theDuelist:CyberDinosaur","theDuelist:ArmedDragon5"],"picked":"theDuelist:MegafleetDragon","floor":6},{"not_picked":["theDuelist:TwinHeadedFire","theDuelist:CyberDragonCore","theDuelist:BlackPtera","theDuelist:ScrapIronScarecrow"],"picked":"theDuelist:AmuletDragon","floor":6},{"not_picked":["theDuelist:TrihornedDragon","theDuelist:BusterBladerDDS"],"picked":"theDuelist:BSkullDragon","floor":8},{"not_picked":["theDuelist:CyberDinosaur","theDuelist:Scapegoat"],"picked":"theDuelist:BerserkScales","floor":8},{"not_picked":["theDuelist:Kabazauls","theDuelist:GiantRex","theDuelist:TornadoDragon"],"picked":"SKIP","floor":8},{"not_picked":["theDuelist:SurvivalFittest","theDuelist:ViceDragon","theDuelist:WhiteNightDragon"],"picked":"SKIP","floor":8},{"not_picked":["theDuelist:Hydrogeddon","theDuelist:LavaDragon","theDuelist:SphereChaos","theDuelist:CyberDragonCore"],"picked":"theDuelist:VeilDarkness","floor":10},{"not_picked":["theDuelist:CyberDragonNachster","theDuelist:CyberTwinDragon"],"picked":"theDuelist:HazyFlameHydra","floor":10},{"not_picked":["theDuelist:FrozenFitzgerald","theDuelist:MegafleetDragon","theDuelist:LesserDragon"],"picked":"SKIP","floor":10},{"not_picked":["theDuelist:TwinHeadedFire","theDuelist:ArmedDragon5","theDuelist:YamataDragon"],"picked":"SKIP","floor":10},{"not_picked":["theDuelist:SauropodBrachion","theDuelist:CyberDragonDrei","theDuelist:CyberDragonCore","theDuelist:MegafleetDragon"],"picked":"theDuelist:HymnOfLight","floor":12},{"not_picked":["theDuelist:Earthquake","theDuelist:AquaDolphin"],"picked":"theDuelist:BlueEyesUltimate","floor":12},{"not_picked":["theDuelist:LesserDragon","theDuelist:Earthquake","theDuelist:SnowDragon","theDuelist:Duoterion"],"picked":"theDuelist:MetalDragon","floor":14},{"not_picked":["theDuelist:MoltenDestruction","theDuelist:DefenseDraw","theDuelist:CurseDragon"],"picked":"SKIP","floor":14},{"not_picked":["theDuelist:TwinHeadedFire","theDuelist:BerserkerSoul","theDuelist:Hydrogeddon"],"picked":"SKIP","floor":14},{"not_picked":["theDuelist:Anthrosaurus","theDuelist:DragonPiper","theDuelist:WhiteHornDragon"],"picked":"SKIP","floor":14},{"not_picked":["theDuelist:SeismicShockwave","theDuelist:FiveHeaded","theDuelist:CyberDragonInfinity","theDuelist:GravityLash"],"picked":"theDuelist:DragonMastery","floor":16},{"not_picked":["theDuelist:LostWorld","theDuelist:CyberDragonInfinity"],"picked":"theDuelist:VoidOgreDragon","floor":16},{"not_picked":[],"picked":"theDuelist:TotemDragon","floor":18},{"not_picked":["theDuelist:Babycerasaurus","theDuelist:BarrelDragon","theDuelist:AtomicScrapDragon"],"picked":"SKIP","floor":18},{"not_picked":["theDuelist:SphereChaos"],"picked":"SKIP","floor":18},{"not_picked":["theDuelist:CloudianGhost"],"picked":"SKIP","floor":18},{"not_picked":["theDuelist:YamataDragon","theDuelist:CurseDragon","theDuelist:MaskedDragon"],"picked":"SKIP","floor":19},{"not_picked":["theDuelist:MoltenDestruction+1"],"picked":"SKIP","floor":19},{"not_picked":["theDuelist:Destroyersaurus","theDuelist:DarkDriceratops"],"picked":"theDuelist:AncientGearGadjiltron","floor":21},{"not_picked":[],"picked":"theDuelist:BackgroundDragon","floor":21},{"not_picked":["theDuelist:WhiteHowling","theDuelist:MiraculousDescent+1","theDuelist:JurassicImpact+1"],"picked":"SKIP","floor":25},{"not_picked":["theDuelist:EvolutionBurst"],"picked":"SKIP","floor":25},{"not_picked":["theDuelist:Sabersaurus","theDuelist:BeserkDragon","theDuelist:BarrelDragon"],"picked":"SKIP","floor":28},{"not_picked":["theDuelist:BlueEyesUltimate"],"picked":"SKIP","floor":28},{"not_picked":["theDuelist:MegafleetDragon","theDuelist:LordD"],"picked":"theDuelist:AncientGearGadjiltron","floor":29},{"not_picked":["theDuelist:ArtifactSanctum"],"picked":"SKIP","floor":29},{"not_picked":["theDuelist:BlacklandFireDragon","theDuelist:BarrelDragon","theDuelist:SphereChaos"],"picked":"SKIP","floor":30},{"not_picked":["theDuelist:MadFlameKaiju"],"picked":"SKIP","floor":30},{"not_picked":["theDuelist:Earthquake","theDuelist:SoulCharge+1","theDuelist:VeilDarkness"],"picked":"SKIP","floor":31},{"not_picked":["theDuelist:BlackPtera"],"picked":"SKIP","floor":31},{"not_picked":["theDuelist:SurvivalFittest","theDuelist:DoomkaiserDragon"],"picked":"theDuelist:BerserkScales+1","floor":33},{"not_picked":["theDuelist:LordD","theDuelist:HazyFlameHydra"],"picked":"theDuelist:WingedDragonRa","floor":35},{"not_picked":[],"picked":"theDuelist:MirageDragon","floor":35},{"not_picked":["theDuelist:ArmedDragon3"],"picked":"SKIP","floor":35},{"not_picked":["theDuelist:AutorokketDragon+1"],"picked":"SKIP","floor":35},{"not_picked":["theDuelist:WingedDragonRa+1","theDuelist:BlueDuston"],"picked":"theDuelist:SliferSky","floor":38},{"not_picked":["theDuelist:CyberDragonCore"],"picked":"SKIP","floor":38},{"not_picked":["theDuelist:StarlightRoad","theDuelist:SafeZone","theDuelist:DefenseDraw+1"],"picked":"SKIP","floor":41},{"not_picked":["theDuelist:BusterDrake"],"picked":"SKIP","floor":41},{"not_picked":["theDuelist:VeilDarkness","theDuelist:DragonMastery"],"picked":"theDuelist:HymnOfLight","floor":42},{"not_picked":["theDuelist:Earthquake"],"picked":"SKIP","floor":42},{"not_picked":["theDuelist:CurseDragon","theDuelist:AquaDolphin+1","theDuelist:DarkHorus+1","theDuelist:CyberDragon"],"picked":"SKIP","floor":44},{"not_picked":["theDuelist:Kabazauls","theDuelist:LostWorld"],"picked":"SKIP","floor":44},{"not_picked":["theDuelist:HazyFlameHydra","theDuelist:ArmedDragon5"],"picked":"SKIP","floor":44},{"not_picked":["theDuelist:CurseDragon","theDuelist:VoidOgreDragon"],"picked":"SKIP","floor":44},{"not_picked":["theDuelist:MadFlameKaiju+1","theDuelist:ExploderDragonwing","theDuelist:Lancephorhynchus+1"],"picked":"theDuelist:MetalDragon+1","floor":48},{"not_picked":["theDuelist:RedHeadedOni","theDuelist:BlackStego"],"picked":"SKIP","floor":48},{"not_picked":["theDuelist:DragonPiper","theDuelist:GenesisDragon"],"picked":"SKIP","floor":48},{"not_picked":["theDuelist:AncientPixieDragon","theDuelist:Hydrogeddon"],"picked":"SKIP","floor":48}],"player_experience":342493,"relics_obtained":[{"floor":6,"key":"Snake Skull"},{"floor":8,"key":"MawBank"},{"floor":9,"key":"Whetstone"},{"floor":12,"key":"Red Skull"},{"floor":24,"key":"Enchiridion"},{"floor":26,"key":"theDuelist:BlessingAnubis"},{"floor":42,"key":"theDuelist:BoosterPackTrapEgg"},{"floor":43,"key":"Question Card"},{"floor":44,"key":"Darkstone Periapt"}],"event_choices":[{"damage_healed":0,"gold_gain":0,"cards_transformed":["theDuelist:Sparks"],"player_choice":"Change","damage_taken":0,"max_hp_gain":0,"max_hp_loss":0,"event_name":"Living Wall","floor":5,"gold_loss":0,"cards_obtained":["theDuelist:MaskedDragon"]},{"damage_healed":20,"gold_gain":0,"player_choice":"Healed and dodged fight","damage_taken":0,"max_hp_gain":0,"max_hp_loss":0,"event_name":"Mushrooms","floor":7,"gold_loss":0,"cards_obtained":["Parasite"]},{"damage_healed":0,"gold_gain":0,"player_choice":"Leave","duelist":true,"damage_taken":0,"max_hp_gain":0,"max_hp_loss":0,"event_name":"Relic Duplicator","floor":11,"gold_loss":0},{"damage_healed":0,"gold_gain":270,"player_choice":"GOLD GOLD GOLD ","damage_taken":27,"max_hp_gain":0,"max_hp_loss":0,"event_name":"Knowing Skull","floor":20,"potions_obtained":[],"gold_loss":0,"cards_obtained":[]},{"damage_healed":0,"gold_gain":0,"player_choice":"Obtained Book","damage_taken":16,"max_hp_gain":0,"max_hp_loss":0,"event_name":"Cursed Tome","floor":24,"gold_loss":0},{"damage_healed":0,"gold_gain":0,"player_choice":"Leave","duelist":true,"damage_taken":0,"max_hp_gain":0,"max_hp_loss":0,"event_name":"Card Trader","floor":36,"gold_loss":0},{"damage_healed":0,"gold_gain":0,"player_choice":"Paid","damage_taken":0,"relics_obtained":["Red Mask"],"max_hp_gain":0,"max_hp_loss":0,"event_name":"Tomb of Lord Red Mask","floor":39,"gold_loss":22},{"damage_healed":0,"gold_gain":0,"player_choice":"Enrich - 2x gold","duelist":true,"damage_taken":0,"max_hp_gain":0,"max_hp_loss":0,"event_name":"Aknamkanon\u0027s Tomb","floor":45,"gold_loss":0},{"damage_healed":0,"gold_gain":0,"player_choice":"Break - +12 Max HP","duelist":true,"damage_taken":0,"max_hp_gain":0,"max_hp_loss":0,"event_name":"Tomb of the Nameless","floor":46,"gold_loss":0},{"damage_healed":0,"gold_gain":0,"player_choice":"Ignored","damage_taken":0,"max_hp_gain":0,"max_hp_loss":0,"event_name":"Transmorgrifier","floor":47,"gold_loss":0}],"is_beta":false,"boss_relics":[{"not_picked":["Runic Pyramid","SlaversCollar"],"picked":"Busted Crown"},{"not_picked":["HoveringKite","theDuelist:MillenniumKey"],"picked":"theDuelist:ElectricKey"}],"items_purged_floors":[],"is_endless":false,"potions_floor_spawned":[6,10,14,16,19,28,30,31,33,35,42,44,48],"ascension_level":13}}