{"host":"sav7uxregyirlf69","time":1611747558,"event":{"mods":["AchievementEnabler","BaseMod","Colored Map","DeckTracker","Keyboard Shortcuts","Minty Spire (QoL Compilation)","READ ME - Guardian Mod","StSLib","SuperFastMode"],"gold_per_floor":[114,389,401,476,476,476,502,502,502,502,532,532,566,585,585,674,674,695,58,74,92,112,152,152,171,171,171,183,213,138,164,164,235,235,248,265,1264,1264,286,313,313,330,330,360,360,371,382,124,124,124,124,124,124,37,64,64,64],"floor_reached":56,"language":"KOR","playtime":1324,"items_purged":["Regret","Strike_R","Strike_R"],"score":2096,"play_id":"41bf3214-d27c-43d5-903c-9e58789baf8c","local_time":"20210127203918","is_ascension_mode":true,"campfire_choices":[{"data":"Blood for Blood","floor":6.0,"key":"SMITH"},{"data":"Sword Boomerang","floor":8.0,"key":"SMITH"},{"data":"Bash","floor":12.0,"key":"SMITH"},{"data":"True Grit","floor":15.0,"key":"SMITH"},{"data":"Dark Embrace","floor":27.0,"key":"SMITH"},{"data":"Limit Break","floor":32.0,"key":"SMITH"},{"data":"Seeing Red","floor":41.0,"key":"SMITH"},{"floor":49.0,"key":"RECALL"},{"data":"Feel No Pain","floor":53.0,"key":"SMITH"}],"circlet_count":0,"master_deck":["AscendersBane","Strike_R","Defend_R","Defend_R","Defend_R","Defend_R","Bash+1","Sword Boomerang+1","Blood for Blood+1","True Grit+1","Limit Break+1","Dark Embrace+1","Shrug It Off","Spot Weakness","Flex","Havoc+1","Offering","Heavy Blade+1","Inflame","Seeing Red+1","Reaper","Feel No Pain+1","Reaper","Pummel","Reaper","Feel No Pain+1","Shrug It Off+1","Shockwave+1","Barricade+1","Fire Breathing+1","Seeing Red"],"relics":["Black Blood","NeowsBlessing","Strawberry","Meat on the Bone","Bloody Idol","Red Skull","Coffee Dripper","Orrery","Prayer Wheel","Regal Pillow","Omamori","Thread and Needle","Centennial Puzzle","Dead Branch","Frozen Egg 2","Pocketwatch","Ancient Tea Set","Pear"],"acts_visited":["Exordium","TheCity","TheBeyond","TheEnding"],"potions_floor_usage":[],"damage_taken":[{"damage":0.0,"enemies":"Jaw Worm","floor":1.0,"turns":1.0},{"damage":0.0,"enemies":"Cultist","floor":3.0,"turns":1.0},{"damage":0.0,"enemies":"Gremlin Nob","floor":7.0,"turns":1.0},{"damage":42.0,"enemies":"3 Sentries","floor":13.0,"turns":8.0},{"damage":0.0,"enemies":"2 Louse","floor":14.0,"turns":1.0},{"damage":44.0,"enemies":"Hexaghost","floor":16.0,"turns":8.0},{"damage":32.0,"enemies":"Shell Parasite","floor":18.0,"turns":4.0},{"damage":17.0,"enemies":"Chosen","floor":20.0,"turns":4.0},{"damage":28.0,"enemies":"Sentry and Sphere","floor":21.0,"turns":4.0},{"damage":10.0,"enemies":"Centurion and Healer","floor":22.0,"turns":4.0},{"damage":40.0,"enemies":"Slavers","floor":23.0,"turns":2.0},{"damage":22.0,"enemies":"Cultist and Chosen","floor":25.0,"turns":4.0},{"damage":43.0,"enemies":"Chosen and Byrds","floor":28.0,"turns":4.0},{"damage":26.0,"enemies":"Gremlin Leader","floor":29.0,"turns":4.0},{"damage":62.0,"enemies":"Slavers","floor":31.0,"turns":5.0},{"damage":38.0,"enemies":"Collector","floor":33.0,"turns":6.0},{"damage":49.0,"enemies":"3 Shapes","floor":35.0,"turns":5.0},{"damage":22.0,"enemies":"Orb Walker","floor":36.0,"turns":5.0},{"damage":6.0,"enemies":"Reptomancer","floor":40.0,"turns":3.0},{"damage":6.0,"enemies":"Spire Growth","floor":42.0,"turns":3.0},{"damage":18.0,"enemies":"Giant Head","floor":44.0,"turns":6.0},{"damage":6.0,"enemies":"Maw","floor":46.0,"turns":7.0},{"damage":23.0,"enemies":"Jaw Worm Horde","floor":47.0,"turns":4.0},{"damage":90.0,"enemies":"Awakened One","floor":50.0,"turns":8.0},{"damage":57.0,"enemies":"Donu and Deca","floor":51.0,"turns":9.0},{"damage":123.0,"enemies":"Shield and Spear","floor":55.0,"turns":5.0},{"damage":74,"enemies":"The Heart","floor":56,"turns":2}],"seed_played":"3617555810981657282","potions_obtained":[{"floor":7.0,"key":"Energy Potion"},{"floor":13.0,"key":"SneckoOil"},{"floor":14.0,"key":"SteroidPotion"},{"floor":25.0,"key":"ElixirPotion"},{"floor":28.0,"key":"Regen Potion"},{"floor":29.0,"key":"Explosive Potion"},{"floor":42.0,"key":"Ancient Potion"},{"floor":46.0,"key":"DistilledChaos"},{"floor":47.0,"key":"Fire Potion"}],"is_trial":false,"path_per_floor":["M","?","M","?","?","R","E","R","T","?","?","R","E","M","R","B",null,"M","$","M","M","M","E","?","M","T","R","M","E","?","E","R","B",null,"M","M","?","?","$","E","R","M","T","E","?","M","M","$","R","B","B",null,"R","$","E","B"],"character_chosen":"IRONCLAD","items_purchased":["Orrery","Flex","Prayer Wheel","Reaper","Dead Branch","Frozen Egg 2","Feel No Pain+1","HeartOfIron","Block Potion","Fire Breathing+1","Seeing Red"],"campfire_rested":0,"item_purchase_floors":[19,19,19,39,39,39,39,39,48,48,54],"current_hp_per_floor":[74,74,75,64,69,69,82,82,82,52,52,52,28,46,46,20,70,56,56,57,47,55,33,33,34,34,34,35,64,64,64,64,49,78,69,84,87,83,83,83,83,83,83,83,83,83,77,77,77,61,75,81,81,81,62,0,0],"gold":64,"neow_bonus":"THREE_ENEMY_KILL","is_daily":false,"chose_seed":false,"campfire_upgraded":8,"win_rate":0.0,"timestamp":1611747558,"path_taken":["M","?","?","?","?","R","E","R","T","?","?","R","E","?","R","BOSS","M","$","M","M","M","E","?","M","T","R","M","E","?","E","R","BOSS","M","M","?","?","$","E","R","M","T","E","?","M","M","?","R","BOSS","BOSS","R","$","E","BOSS"],"items_purchased_type":["Relic","Card","Relic","Card","Relic","Relic","Card","Potion","Potion","Card","Card"],"build_version":"2020-12-22","purchased_purges":3,"victory":false,"max_hp_per_floor":[75,75,75,75,80,80,87,87,87,87,87,87,87,87,87,87,87,87,87,87,87,87,87,87,87,87,87,87,87,87,87,87,87,87,87,87,87,83,83,83,83,83,83,83,83,83,83,83,83,83,83,83,83,83,93,93,93],"card_choices":[{"not_picked":["Heavy Blade","Anger"],"picked":"Sword Boomerang","floor":1.0},{"not_picked":["Rampage","Body Slam"],"picked":"Blood for Blood","floor":3.0},{"not_picked":["Clash","Dropkick","Infernal Blade"],"picked":"SKIP","floor":7.0},{"not_picked":["Flex","Anger"],"picked":"True Grit","floor":13.0},{"not_picked":["Combust","Bludgeon","Havoc"],"picked":"SKIP","floor":14.0},{"not_picked":["Demon Form","Corruption"],"picked":"Limit Break","floor":16.0},{"not_picked":["Thunderclap","Anger+1"],"picked":"Dark Embrace","floor":18.0},{"not_picked":["Headbutt","Heavy Blade"],"picked":"Shrug It Off","floor":19.0},{"not_picked":["Entrench","Sever Soul"],"picked":"Spot Weakness","floor":19.0},{"not_picked":["Clothesline","Headbutt"],"picked":"Havoc+1","floor":19.0},{"not_picked":["Headbutt","Ghostly Armor"],"picked":"Offering","floor":20.0},{"not_picked":["Flex","Wild Strike+1","Shrug It Off"],"picked":"SKIP","floor":20.0},{"not_picked":["Shrug It Off","Blood for Blood+1"],"picked":"Heavy Blade+1","floor":21.0},{"not_picked":["Rage","Metallicize","Perfected Strike"],"picked":"SKIP","floor":21.0},{"not_picked":["Evolve+1","Wild Strike"],"picked":"Inflame","floor":22.0},{"not_picked":["Reckless Charge","Headbutt","Body Slam"],"picked":"SKIP","floor":22.0},{"not_picked":["Warcry","Entrench","Headbutt"],"picked":"SKIP","floor":23.0},{"not_picked":["Headbutt","Clothesline"],"picked":"Seeing Red","floor":25.0},{"not_picked":["Warcry","Sword Boomerang+1"],"picked":"Reaper","floor":25.0},{"not_picked":["Perfected Strike","Heavy Blade","Clothesline"],"picked":"SKIP","floor":28.0},{"not_picked":["Warcry","Headbutt","Whirlwind+1"],"picked":"SKIP","floor":28.0},{"not_picked":["Iron Wave","Metallicize","Thunderclap"],"picked":"SKIP","floor":29.0},{"not_picked":["Second Wind","Impervious"],"picked":"Feel No Pain","floor":31.0},{"not_picked":["Berserk","Offering"],"picked":"Reaper","floor":33.0},{"not_picked":["Thunderclap","Warcry","Sword Boomerang+1"],"picked":"SKIP","floor":35.0},{"not_picked":["Dual Wield","Armaments+1","Feel No Pain+1"],"picked":"SKIP","floor":35.0},{"not_picked":["Body Slam+1","Rupture"],"picked":"Pummel","floor":36.0},{"not_picked":["Infernal Blade","Metallicize","Blood for Blood+1"],"picked":"SKIP","floor":36.0},{"not_picked":["Inflame+1","Warcry"],"picked":"Shrug It Off+1","floor":40.0},{"not_picked":["Heavy Blade+1","Anger"],"picked":"Shockwave+1","floor":42.0},{"not_picked":["Ghostly Armor","Rage","Cleave+1"],"picked":"SKIP","floor":42.0},{"not_picked":["Heavy Blade+1","Fire Breathing+1"],"picked":"Barricade+1","floor":44.0},{"not_picked":["Infernal Blade","Twin Strike","Iron Wave+1"],"picked":"SKIP","floor":46.0},{"not_picked":["Sword Boomerang+1","Headbutt+1","Heavy Blade"],"picked":"SKIP","floor":46.0},{"not_picked":["True Grit","Clash","Shrug It Off"],"picked":"SKIP","floor":47.0},{"not_picked":["Dropkick","Heavy Blade+1","Sword Boomerang+1"],"picked":"SKIP","floor":47.0},{"not_picked":["Heavy Blade","Headbutt+1","Bludgeon"],"picked":"SKIP","floor":55.0}],"player_experience":1398715,"relics_obtained":[{"floor":7.0,"key":"Strawberry"},{"floor":9.0,"key":"Meat on the Bone"},{"floor":13.0,"key":"Red Skull"},{"floor":23.0,"key":"Regal Pillow"},{"floor":26.0,"key":"Omamori"},{"floor":29.0,"key":"Thread and Needle"},{"floor":31.0,"key":"Centennial Puzzle"},{"floor":40.0,"key":"Pocketwatch"},{"floor":44.0,"key":"Ancient Tea Set"},{"floor":55.0,"key":"Pear"}],"event_choices":[{"damage_healed":0.0,"max_hp_gain":0.0,"max_hp_loss":0.0,"gold_gain":275.0,"event_name":"Golden Shrine","player_choice":"Desecrate","floor":2.0,"gold_loss":0.0,"damage_taken":0.0,"cards_obtained":["Regret"]},{"damage_healed":0.0,"max_hp_gain":0.0,"max_hp_loss":0.0,"gold_gain":75.0,"event_name":"World of Goop","player_choice":"Gather Gold","floor":4.0,"gold_loss":0.0,"damage_taken":11.0},{"damage_healed":0.0,"max_hp_gain":5.0,"max_hp_loss":0.0,"gold_gain":0.0,"event_name":"Big Fish","player_choice":"Donut","floor":5.0,"gold_loss":0.0,"damage_taken":0.0},{"damage_healed":0.0,"max_hp_gain":0.0,"max_hp_loss":0.0,"gold_gain":0.0,"event_name":"Golden Idol","player_choice":"Take Damage","floor":10.0,"gold_loss":0.0,"damage_taken":30.0,"relics_obtained":["Golden Idol"]},{"damage_healed":0.0,"max_hp_gain":0.0,"max_hp_loss":0.0,"gold_gain":30.0,"event_name":"Dead Adventurer","player_choice":"Searched \u00271\u0027 times","floor":11.0,"gold_loss":0.0,"damage_taken":0.0},{"damage_healed":0.0,"max_hp_gain":0.0,"max_hp_loss":0.0,"gold_gain":0.0,"event_name":"Forgotten Altar","player_choice":"Gave Idol","floor":24.0,"relics_lost":["Golden Idol"],"gold_loss":0.0,"damage_taken":0.0,"relics_obtained":["Bloody Idol"]},{"cards_removed":["Strike_R"],"damage_healed":0.0,"max_hp_gain":0.0,"max_hp_loss":0.0,"gold_gain":0.0,"event_name":"Beggar","player_choice":"Gave Gold","floor":30.0,"gold_loss":75.0,"damage_taken":0.0},{"damage_healed":0.0,"max_hp_gain":0.0,"max_hp_loss":0.0,"gold_gain":999.0,"event_name":"MindBloom","player_choice":"Gold","floor":37.0,"gold_loss":0.0,"damage_taken":0.0,"cards_obtained":["Normality","Normality"]},{"damage_healed":0.0,"max_hp_gain":0.0,"max_hp_loss":4.0,"gold_gain":0.0,"event_name":"Winding Halls","player_choice":"Max HP","floor":38.0,"gold_loss":0.0,"damage_taken":0.0},{"cards_removed":["Strike_R"],"damage_healed":0.0,"max_hp_gain":0.0,"max_hp_loss":0.0,"gold_gain":0.0,"event_name":"Falling","player_choice":"Removed Attack","floor":45.0,"gold_loss":0.0,"damage_taken":0.0}],"is_beta":false,"boss_relics":[{"not_picked":["Ectoplasm","Snecko Eye"],"picked":"Coffee Dripper"},{"not_picked":["Runic Dome","Sozu"],"picked":"Black Blood"}],"items_purged_floors":[19,39,48],"is_endless":false,"potions_floor_spawned":[7,13,14,20,21,22,25,28,29,42,46,47],"killed_by":"The Heart","ascension_level":20}}