{"host":"vyjryxuuuxkt43k4","time":1611765121,"event":{"mods":["AchievementEnabler","BaseMod","Colored Map","DeckTracker","Keyboard Shortcuts","Minty Spire (QoL Compilation)","Permanent Neow","Quick Restart","Rare Cards Sparkle","StSLib","SuperFastMode","everything is the same but u backflip on backflip"],"gold_per_floor":[117,136,151,151,20,20,20,33,33,33,49,49,66,77,77,154,154,174,174,174,193,210,210,32,45,117,128,128,128,142,173,173,246,246,262,272,290,305,305,305,315,340,413,424,424,424,438,449,449,449,449,449],"floor_reached":51,"language":"KOR","playtime":2057,"items_purged":["Strike_R","Defend_R"],"score":1309,"play_id":"cbef9c05-b4ec-48cf-ae8b-ac67563c1853","local_time":"20210128013201","is_ascension_mode":true,"campfire_choices":[{"data":"Searing Blow","floor":6.0,"key":"SMITH"},{"data":"Searing Blow+1","floor":12.0,"key":"SMITH"},{"data":"Searing Blow+2","floor":15.0,"key":"SMITH"},{"data":"Searing Blow+3","floor":23.0,"key":"SMITH"},{"data":"Searing Blow+4","floor":32.0,"key":"SMITH"},{"data":"Searing Blow+5","floor":40,"key":"SMITH"},{"data":"Searing Blow+6","floor":46,"key":"SMITH"},{"data":"Searing Blow+7","floor":49,"key":"SMITH"}],"circlet_count":0,"master_deck":["AscendersBane","Defend_R","Defend_R","Bash","Body Slam+1","Shrug It Off","Searing Blow+8","Feed","Offering","Uppercut+1","Inflame","Impervious","Second Wind","Shrug It Off","Wild Strike+1","Feel No Pain","Shrug It Off","Sentinel","Barricade","Ghostly Armor"],"relics":["Burning Blood","FaceOfCleric","Blood Vial","StrikeDummy","Coffee Dripper","Bottled Tornado","InkBottle","Busted Crown","Unceasing Top","The Courier"],"acts_visited":["Exordium","TheCity","TheBeyond"],"potions_floor_usage":[37,44,50],"damage_taken":[{"damage":13.0,"enemies":"2 Louse","floor":1.0,"turns":4.0},{"damage":7.0,"enemies":"Cultist","floor":2.0,"turns":4.0},{"damage":9.0,"enemies":"Jaw Worm","floor":3.0,"turns":4.0},{"damage":3.0,"enemies":"Blue Slaver","floor":8.0,"turns":5.0},{"damage":9.0,"enemies":"Looter","floor":11.0,"turns":3.0},{"damage":6.0,"enemies":"Red Slaver","floor":13.0,"turns":4.0},{"damage":5.0,"enemies":"Gremlin Gang","floor":14.0,"turns":4.0},{"damage":52.0,"enemies":"The Guardian","floor":16.0,"turns":10.0},{"damage":6.0,"enemies":"Spheric Guardian","floor":18.0,"turns":3.0},{"damage":6.0,"enemies":"Chosen","floor":21.0,"turns":3.0},{"damage":20.0,"enemies":"Snecko","floor":22.0,"turns":5.0},{"damage":19.0,"enemies":"Shelled Parasite and Fungi","floor":25.0,"turns":4.0},{"damage":16.0,"enemies":"Cultist and Chosen","floor":27.0,"turns":5.0},{"damage":15.0,"enemies":"Snake Plant","floor":30.0,"turns":3.0},{"damage":16.0,"enemies":"Book of Stabbing","floor":31.0,"turns":4.0},{"damage":44.0,"enemies":"Champ","floor":33.0,"turns":9.0},{"damage":6.0,"enemies":"Orb Walker","floor":35.0,"turns":3.0},{"damage":24.0,"enemies":"3 Shapes","floor":36.0,"turns":6.0},{"damage":47,"enemies":"Sphere and 2 Shapes","floor":37,"turns":7},{"damage":10,"enemies":"3 Darklings","floor":38,"turns":4},{"damage":12,"enemies":"Transient","floor":41,"turns":6},{"damage":6,"enemies":"Mind Bloom Boss Battle","floor":42,"turns":5},{"damage":25,"enemies":"4 Shapes","floor":44,"turns":6},{"damage":6,"enemies":"Maw","floor":47,"turns":7},{"damage":16,"enemies":"Transient","floor":48,"turns":6},{"damage":25,"enemies":"Donu and Deca","floor":50,"turns":12},{"damage":73,"enemies":"Awakened One","floor":51,"turns":9}],"seed_played":"-3412083389587960704","potions_obtained":[{"floor":1.0,"key":"Energy Potion"},{"floor":2.0,"key":"SpeedPotion"},{"floor":13.0,"key":"BlessingOfTheForge"},{"floor":14.0,"key":"FearPotion"},{"floor":18.0,"key":"BloodPotion"},{"floor":21.0,"key":"ColorlessPotion"},{"floor":22.0,"key":"CultistPotion"},{"floor":30.0,"key":"Strength Potion"},{"floor":33.0,"key":"BlessingOfTheForge"},{"floor":35.0,"key":"FearPotion"},{"floor":41,"key":"DistilledChaos"},{"floor":44,"key":"FearPotion"}],"is_trial":false,"path_per_floor":["M","M","M","?","$","R","?","M","T","T","M","R","M","M","R","B",null,"M","?","?","M","M","R","$","M","T","M","?","?","M","E","R","B",null,"M","M","M","M","?","R","M","?","T","M","?","R","M","M","R","B","B"],"character_chosen":"IRONCLAD","items_purchased":["SteroidPotion","Impervious"],"campfire_rested":0,"item_purchase_floors":[5,24],"current_hp_per_floor":[61,60,57,57,57,57,57,61,61,61,61,61,64,71,71,31,67,70,70,70,73,78,78,78,71,71,64,64,64,58,54,54,19,75,78,66,31,30,30,30,27,30,30,17,89,89,90,81,81,65,0,0],"gold":449,"neow_bonus":"REMOVE_TWO","is_daily":false,"chose_seed":false,"campfire_upgraded":8,"win_rate":0.0,"timestamp":1611765121,"path_taken":["M","M","M","?","?","R","?","M","T","?","M","R","M","?","R","BOSS","M","?","?","?","M","R","$","?","T","M","?","?","?","E","R","BOSS","M","M","M","M","?","R","M","?","T","M","?","R","M","M","R","BOSS","BOSS"],"items_purchased_type":["Potion","Card"],"build_version":"2020-12-22","purchased_purges":2,"victory":false,"max_hp_per_floor":[68,68,68,68,68,68,68,69,69,69,70,70,71,75,75,79,79,80,80,80,81,82,82,82,86,86,87,87,87,88,92,92,93,93,94,98,102,103,103,103,104,105,105,109,89,89,90,91,91,92,92,92],"card_choices":[{"not_picked":["Dual Wield","Intimidate"],"picked":"Body Slam","floor":1.0},{"not_picked":["True Grit","Hemokinesis"],"picked":"Shrug It Off","floor":2.0},{"not_picked":["Uppercut","Bloodletting"],"picked":"Searing Blow","floor":3.0},{"not_picked":["Metallicize","Headbutt"],"picked":"Feed","floor":8.0},{"not_picked":["Sword Boomerang","Combust","Uppercut"],"picked":"SKIP","floor":11.0},{"not_picked":["Sword Boomerang","Armaments","Intimidate"],"picked":"SKIP","floor":13.0},{"not_picked":["Sentinel","Combust","Metallicize"],"picked":"SKIP","floor":14.0},{"not_picked":["Fiend Fire","Corruption"],"picked":"Offering","floor":16.0},{"not_picked":["Rage","Clothesline"],"picked":"Uppercut+1","floor":18.0},{"not_picked":["Shockwave","Burning Pact"],"picked":"Inflame","floor":21.0},{"not_picked":["Warcry","Twin Strike","Intimidate"],"picked":"SKIP","floor":22.0},{"not_picked":["Sever Soul","Reckless Charge+1"],"picked":"Second Wind","floor":25.0},{"not_picked":["Clash","Dropkick"],"picked":"Shrug It Off","floor":27.0},{"not_picked":["Armaments","Metallicize","Thunderclap"],"picked":"SKIP","floor":30.0},{"not_picked":["True Grit","Havoc","Shrug It Off"],"picked":"SKIP","floor":31.0},{"not_picked":["Pommel Strike"],"picked":"SKIP","floor":35.0},{"not_picked":["Rage"],"picked":"SKIP","floor":36.0},{"not_picked":[],"picked":"Wild Strike+1","floor":37},{"not_picked":[],"picked":"Feel No Pain","floor":38},{"not_picked":[],"picked":"Shrug It Off","floor":41},{"not_picked":[],"picked":"Sentinel","floor":42},{"not_picked":[],"picked":"Barricade","floor":44},{"not_picked":["Pommel Strike"],"picked":"SKIP","floor":47},{"not_picked":[],"picked":"Ghostly Armor","floor":48}],"player_experience":424793,"relics_obtained":[{"floor":9.0,"key":"Blood Vial"},{"floor":10.0,"key":"StrikeDummy"},{"floor":26.0,"key":"Bottled Tornado"},{"floor":31.0,"key":"InkBottle"},{"floor":42,"key":"Unceasing Top"},{"floor":43,"key":"The Courier"}],"event_choices":[{"damage_healed":0.0,"max_hp_gain":0.0,"max_hp_loss":0.0,"gold_gain":0.0,"event_name":"FaceTrader","player_choice":"Trade","floor":4.0,"gold_loss":0.0,"damage_taken":0.0,"relics_obtained":["FaceOfCleric"]},{"cards_removed":["Strike_R"],"damage_healed":0.0,"max_hp_gain":0.0,"max_hp_loss":0.0,"gold_gain":0.0,"event_name":"Living Wall","player_choice":"Forget","floor":7.0,"gold_loss":0.0,"damage_taken":0.0},{"cards_removed":["Strike_R"],"damage_healed":0.0,"max_hp_gain":0.0,"max_hp_loss":0.0,"gold_gain":0.0,"event_name":"Back to Basics","player_choice":"Elegance","floor":19.0,"gold_loss":0.0,"damage_taken":0.0},{"damage_healed":0.0,"max_hp_gain":0.0,"max_hp_loss":0.0,"gold_gain":0.0,"event_name":"Accursed Blacksmith","player_choice":"Forge","floor":20.0,"gold_loss":0.0,"damage_taken":0.0,"cards_upgraded":["Body Slam"]},{"damage_healed":0.0,"max_hp_gain":0.0,"max_hp_loss":0.0,"gold_gain":0.0,"event_name":"Ghosts","player_choice":"Ignored","floor":28.0,"gold_loss":0.0,"damage_taken":0.0},{"cards_removed":["Defend_R"],"damage_healed":0.0,"max_hp_gain":0.0,"max_hp_loss":0.0,"gold_gain":0.0,"event_name":"Bonfire Elementals","player_choice":"Offered Basic","floor":29.0,"gold_loss":0.0,"damage_taken":0.0},{"damage_healed":0,"gold_gain":0,"player_choice":"Ignored","damage_taken":0,"max_hp_gain":0,"max_hp_loss":0,"event_name":"Tomb of Lord Red Mask","floor":39,"gold_loss":0},{"damage_healed":0,"gold_gain":0,"player_choice":"Fight","damage_taken":0,"max_hp_gain":0,"max_hp_loss":0,"event_name":"MindBloom","floor":42,"gold_loss":0},{"damage_healed":89,"gold_gain":0,"player_choice":"Heal","damage_taken":0,"max_hp_gain":0,"max_hp_loss":20,"event_name":"The Moai Head","floor":45,"gold_loss":0}],"is_beta":false,"boss_relics":[{"not_picked":["Empty Cage","Philosopher\u0027s Stone"],"picked":"Coffee Dripper"},{"not_picked":["SlaversCollar","Tiny House"],"picked":"Busted Crown"}],"items_purged_floors":[5,24],"is_endless":false,"potions_floor_spawned":[1,2,13,14,18,21,22,30,33,35,41,44,48],"killed_by":"Awakened One","ascension_level":20}}