{"host":"97e98znyvgp3tx0i","time":1611708555,"event":{"mods":["AchievementEnabler","BaseMod","Colored Powertips","Googly Eyes","Highlight Path","Minty Spire (QoL Compilation)","Quick Restart"],"gold_per_floor":[112,130,147,147,165,200,200,213,259,288,288,304,304,479,479,582,582,596,127,127,138,138,138,138,138],"floor_reached":24,"language":"ENG","playtime":1492,"items_purged":["Doubt"],"score":227,"play_id":"f4deffe2-0080-463e-b017-f91da841884c","local_time":"20210126184915","is_ascension_mode":true,"campfire_choices":[{"floor":7,"key":"REST"},{"floor":13,"key":"REST"},{"floor":15,"key":"REST"},{"floor":23,"key":"REST"}],"circlet_count":0,"master_deck":["Strike_P","Strike_P","Strike_P","Strike_P","Defend_P","Defend_P","Defend_P","Defend_P","Eruption+1","Vigilance","Crescendo","Halt","InnerPeace","Prostrate","ClearTheMind","Prostrate","PathToVictory","PathToVictory","Devotion","Adaptation","BattleHymn","PathToVictory","Conclude","FlyingSleeves","CrushJoints"],"relics":["PureWater","Vajra","Orichalcum","Meat on the Bone","Fusion Hammer","Membership Card","Oddly Smooth Stone","Enchiridion"],"acts_visited":["Exordium","TheCity"],"potions_floor_usage":[8,10,12,18],"damage_taken":[{"damage":0,"enemies":"Cultist","floor":1,"turns":2},{"damage":1,"enemies":"2 Louse","floor":2,"turns":2},{"damage":9,"enemies":"Jaw Worm","floor":3,"turns":3},{"damage":0,"enemies":"Looter","floor":5,"turns":4},{"damage":20,"enemies":"3 Sentries","floor":6,"turns":8},{"damage":3,"enemies":"3 Louse","floor":8,"turns":3},{"damage":20,"enemies":"Lagavulin","floor":10,"turns":10},{"damage":34,"enemies":"Gremlin Gang","floor":12,"turns":7},{"damage":31,"enemies":"The Guardian","floor":16,"turns":10},{"damage":22,"enemies":"2 Thieves","floor":18,"turns":4},{"damage":27,"enemies":"3 Byrds","floor":21,"turns":4},{"damage":42,"enemies":"Book of Stabbing","floor":24,"turns":4}],"seed_played":"-3742859143233857241","potions_obtained":[{"floor":2,"key":"Strength Potion"},{"floor":5,"key":"DuplicationPotion"},{"floor":6,"key":"SpeedPotion"},{"floor":8,"key":"DuplicationPotion"}],"is_trial":false,"path_per_floor":["M","M","M","?","M","E","R","M","T","E","?","M","R","?","R","B",null,"M","$","?","M","?","R","E"],"character_chosen":"WATCHER","items_purchased":["BattleHymn","PathToVictory","Membership Card","Conclude","Oddly Smooth Stone","FlyingSleeves"],"campfire_rested":4,"item_purchase_floors":[19,19,19,19,19,19],"current_hp_per_floor":[72,71,62,62,62,42,63,60,60,40,40,18,39,39,60,41,72,50,50,34,19,19,40,0,0],"gold":138,"neow_bonus":"UPGRADE_CARD","is_daily":false,"chose_seed":false,"campfire_upgraded":0,"win_rate":0.0,"timestamp":1611708555,"path_taken":["M","M","M","?","M","E","R","M","T","E","?","?","R","?","R","BOSS","M","$","?","M","?","R","E"],"items_purchased_type":["Card","Card","Relic","Card","Relic","Card"],"build_version":"2020-12-22","purchased_purges":1,"victory":false,"max_hp_per_floor":[72,72,72,72,72,72,72,72,72,72,72,72,72,72,72,72,72,72,72,72,72,72,72,72,72],"card_choices":[{"not_picked":["CutThroughFate","BowlingBash"],"picked":"Crescendo","floor":1},{"not_picked":["SignatureMove","Protect"],"picked":"Halt","floor":2},{"not_picked":["EmptyFist","WindmillStrike"],"picked":"InnerPeace","floor":3},{"not_picked":["ThirdEye","ClearTheMind"],"picked":"Prostrate","floor":5},{"not_picked":["PathToVictory","Vault"],"picked":"ClearTheMind","floor":6},{"not_picked":["Weave","Crescendo"],"picked":"Prostrate","floor":8},{"not_picked":["SashWhip","PathToVictory"],"picked":"Perseverance","floor":10},{"not_picked":["Consecrate","SashWhip"],"picked":"PathToVictory","floor":12},{"not_picked":["Brilliance","Scrawl"],"picked":"Devotion","floor":16},{"not_picked":["EmptyFist","WindmillStrike"],"picked":"Adaptation","floor":18},{"not_picked":["Crescendo+1","ClearTheMind"],"picked":"CrushJoints","floor":21}],"player_experience":190922,"relics_obtained":[{"floor":6,"key":"Vajra"},{"floor":9,"key":"Orichalcum"},{"floor":10,"key":"Meat on the Bone"},{"floor":20,"key":"Enchiridion"}],"event_choices":[{"damage_healed":0,"gold_gain":0,"player_choice":"Leave","damage_taken":0,"max_hp_gain":0,"max_hp_loss":0,"event_name":"The Cleric","floor":4,"gold_loss":0},{"damage_healed":0,"gold_gain":0,"cards_transformed":["Perseverance"],"player_choice":"Transformed","damage_taken":0,"max_hp_gain":0,"max_hp_loss":0,"event_name":"Transmorgrifier","floor":11,"gold_loss":0,"cards_obtained":["PathToVictory"]},{"damage_healed":0,"gold_gain":175,"player_choice":"AGREE","damage_taken":0,"max_hp_gain":0,"max_hp_loss":0,"event_name":"Liars Game","floor":14,"gold_loss":0,"cards_obtained":["Doubt"]},{"damage_healed":0,"gold_gain":0,"player_choice":"Obtained Book","damage_taken":16,"max_hp_gain":0,"max_hp_loss":0,"event_name":"Cursed Tome","floor":20,"gold_loss":0},{"damage_healed":0,"gold_gain":0,"player_choice":"Ignored","damage_taken":0,"max_hp_gain":0,"max_hp_loss":0,"event_name":"Purifier","floor":22,"gold_loss":0}],"is_beta":false,"boss_relics":[{"not_picked":["Snecko Eye","Ectoplasm"],"picked":"Fusion Hammer"}],"items_purged_floors":[19],"is_endless":false,"potions_floor_spawned":[2,5,6,8],"killed_by":"Book of Stabbing","ascension_level":2}}