{"host":"nxma0dbhh74lxenq","time":1611764292,"event":{"mods":["Astrologer","BaseMod","Beaked The Cultist","CapriCore","Colored Map","DeckTracker","Gremlin Mod","HololiveMod","KinomotoSakuraMod(ñÿîVñ{?)","Koishi","Mad Scientist","Minty Spire (QoL Compilation)","Prisma Mod","StSLib","SuperFastMode","The Bladedancer","The Cursed","The Immortal","The Mystic","YoumuÅiç∞ÈÆódöÎÅj"],"gold_per_floor":[85,105,129,150,172,215,215,239,287,287,287,335,355,400,400,504,504,537,537,549,579,616,628,660,672,684,722,768,780,992,1018,1030,1139,1151,1181,1193,1205,1250,1262,1274,1347,1378,1390,1429,1441,836,836,50,50,72,72,72,72,72,117,117,117],"floor_reached":56,"language":"JPN","playtime":2259,"items_purged":["Hololive_Defend"],"score":2359,"play_id":"cb4ec68f-5a76-4cf3-a1f5-b14886dbec65","local_time":"20210128011812","is_ascension_mode":true,"campfire_choices":[{"data":"Hololive_CallHoushouMarine","floor":7,"key":"SMITH"},{"data":"Hololive_CallOkamiMio","floor":15,"key":"SMITH"},{"data":"Hololive_CallShiranuiFlare","floor":23,"key":"SMITH"},{"data":"Hololive_CallTokinoSora","floor":25,"key":"SMITH"},{"data":"Hololive_CallFriendA","floor":32,"key":"SMITH"},{"data":"Hololive_CallOmaruPolka","floor":40,"key":"SMITH"},{"floor":45,"key":"RECALL"},{"data":"Hololive_CallYukihanaLamy","floor":47,"key":"SMITH"},{"data":"Hololive_CallUsadaPekora","floor":49,"key":"SMITH"},{"data":"Hololive_CallSakuraMiko","floor":53,"key":"SMITH"}],"circlet_count":0,"master_deck":["AscendersBane","Hololive_Strike+1","Hololive_Defend+1","Hololive_Sequa","Hololive_CallKiryuuCoco","Hololive_CallFriendA+1","Hololive_CallSakuraMiko+1","Hololive_CallNekomataOkayu","Hololive_CallOkamiMio+1","Hololive_Thief","Hololive_FlyingPonyTail+1","Hololive_CallRosalyn","Hololive_CocoNews+1","Hololive_CallHoushouMarine+1","Hololive_LuckPotion","Hololive_CallNakiriAyame","Hololive_Breathe+1","Hololive_CallTokinoSora+1","Hololive_MaximGun+1","Hololive_OvertimeWork+1","Hololive_CallYukihanaLamy+1","Hololive_CallShiranuiFlare+1","Hololive_StrengthChampion+1","Hololive_DevilCharm+1","Hololive_FlareMind+1","Hololive_CallOmaruPolka+1","Hololive_CallUsadaPekora+1","Hololive_CallShirakamiFubuki+1","Hololive_CallRoboco+1","Hololive_Rebound+1","Hololive_CallTokoyamiTowa","Secret Weapon+1","Hololive_Rebound+1"],"relics":["Hololive_TheStar","Blue Candle","Vajra","Golden Idol","Toxic Egg 2","Molten Egg 2","beaked:ShinyBauble","Philosopher\u0027s Stone","MawBank","Pear","Orichalcum","Whetstone","Empty Cage","Pantograph","Pen Nib","Omamori","Sling","Ice Cream","War Paint","Gremlin Horn"],"acts_visited":["Exordium","TheCity","TheBeyond","TheEnding"],"potions_floor_usage":[42,56],"damage_taken":[{"damage":0,"enemies":"Cultist","floor":1,"turns":3},{"damage":0,"enemies":"Small Slimes","floor":2,"turns":3},{"damage":0,"enemies":"Jaw Worm","floor":3,"turns":3},{"damage":0,"enemies":"Exordium Thugs","floor":4,"turns":4},{"damage":0,"enemies":"Red Slaver","floor":5,"turns":3},{"damage":0,"enemies":"Lagavulin","floor":6,"turns":5},{"damage":0,"enemies":"2 Fungi Beasts","floor":8,"turns":3},{"damage":0,"enemies":"Gremlin Nob","floor":12,"turns":3},{"damage":0,"enemies":"Large Slime","floor":13,"turns":4},{"damage":4,"enemies":"Lagavulin","floor":14,"turns":5},{"damage":0,"enemies":"Slime Boss","floor":16,"turns":3},{"damage":0,"enemies":"Spheric Guardian","floor":18,"turns":4},{"damage":0,"enemies":"Chosen","floor":21,"turns":2},{"damage":0,"enemies":"Snecko","floor":22,"turns":3},{"damage":0,"enemies":"Snake Plant","floor":24,"turns":3},{"damage":23,"enemies":"Slavers","floor":28,"turns":5},{"damage":0,"enemies":"Centurion and Healer","floor":31,"turns":3},{"damage":0,"enemies":"Champ","floor":33,"turns":6},{"damage":0,"enemies":"3 Darklings","floor":35,"turns":4},{"damage":3,"enemies":"3 Shapes","floor":38,"turns":3},{"damage":0,"enemies":"Giant Head","floor":41,"turns":6},{"damage":2,"enemies":"Jaw Worm Horde","floor":42,"turns":4},{"damage":0,"enemies":"Sphere and 2 Shapes","floor":44,"turns":4},{"damage":0,"enemies":"Time Eater","floor":50,"turns":7},{"damage":0,"enemies":"Donu and Deca","floor":51,"turns":7},{"damage":35,"enemies":"Shield and Spear","floor":55,"turns":6},{"damage":45,"enemies":"The Heart","floor":56,"turns":6}],"seed_played":"4254743447073935513","potions_obtained":[{"floor":0,"key":"Weak Potion"},{"floor":0,"key":"Strength Potion"},{"floor":3,"key":"PowerPotion"},{"floor":28,"key":"AttackPotion"},{"floor":42,"key":"FairyPotion"}],"is_trial":false,"path_per_floor":["M","M","M","M","M","E","R","M","T","?","T","E","M","E","R","B",null,"M","?","$","M","M","R","M","R","T","T","E","?","?","M","R","B",null,"M","?","?","M","?","R","E","M","T","M","R","$","R","$","R","B","B",null,"R","$","E","B"],"character_chosen":"Hololive_HololiveCharacter","items_purchased":["Hololive_Rebound+1","Pen Nib","Omamori","Sling","Ice Cream","War Paint","Hololive_CallTokoyamiTowa","Secret Weapon+1"],"campfire_rested":0,"item_purchase_floors":[46,46,46,46,48,48,48,48],"current_hp_per_floor":[27,27,27,27,27,27,27,27,27,27,27,27,27,23,23,23,26,26,26,26,26,26,26,26,26,36,36,13,13,13,13,13,13,31,31,31,31,28,28,28,28,26,26,26,26,26,26,26,26,37,37,37,37,37,2,0,0],"gold":117,"neow_bonus":"THREE_SMALL_POTIONS","is_daily":false,"chose_seed":false,"campfire_upgraded":9,"win_rate":0.0,"timestamp":1611764292,"path_taken":["M","?","M","M","M","E","R","M","T","?","?","E","M","E","R","BOSS","M","?","$","M","?","R","M","R","T","?","E","?","?","?","R","BOSS","M","?","?","M","?","R","E","M","T","?","R","?","R","$","R","BOSS","BOSS","R","$","E","BOSS"],"items_purchased_type":["Card","Relic","Relic","Relic","Relic","Relic","Card","Card"],"build_version":"2020-12-22","purchased_purges":1,"victory":false,"max_hp_per_floor":[30,30,30,30,30,30,30,30,30,27,27,27,27,27,27,27,27,27,27,27,27,27,27,27,27,37,37,37,37,37,37,37,37,37,37,37,37,37,37,37,37,37,37,37,37,37,37,37,37,37,37,37,37,37,37,37,37],"card_choices":[{"not_picked":["Hololive_CallFriendA","Hololive_FlyingPonyTail","Hololive_CocoNews"],"picked":"Hololive_CallOkamiMio","floor":1},{"not_picked":["Hololive_Breathe","Hololive_StrengthChampion","Hololive_Drill"],"picked":"Hololive_Thief","floor":2},{"not_picked":["Hololive_Sequa","Hololive_CocoNews","Hololive_CallOkamiMio"],"picked":"Hololive_FlyingPonyTail","floor":3},{"not_picked":["Hololive_LuckPotion","Hololive_RevenueBasedLive","Hololive_Drill"],"picked":"Hololive_CallRosalyn","floor":4},{"not_picked":["Hololive_HuntDinosaur","Hololive_Sequa","Hololive_Psychosis"],"picked":"Hololive_CocoNews","floor":5},{"not_picked":["Hololive_SoulCatcher","Hololive_CallTsunomakiWatame","Hololive_CallHimemoriLuna"],"picked":"Hololive_CallHoushouMarine","floor":6},{"not_picked":["Hololive_Rebound","Hololive_Drill","Hololive_CocoNews"],"picked":"Hololive_LuckPotion","floor":8},{"not_picked":["Hololive_HuntDinosaur+1","Hololive_Breathe+1","Hololive_CallArtia"],"picked":"Hololive_CallNakiriAyame","floor":12},{"not_picked":["Hololive_CallFriendA","Hololive_StrengthChampion+1","Hololive_RevenueBasedLive+1"],"picked":"Hololive_Breathe+1","floor":13},{"not_picked":["Hololive_BeCareful+1","Hololive_CocoNews+1","Hololive_CallArtia"],"picked":"Hololive_CallTokinoSora","floor":14},{"not_picked":["Hololive_DurableLive+1","Hololive_Recruit+1","Hololive_Thief+1"],"picked":"Hololive_MaximGun+1","floor":16},{"not_picked":["Hololive_Drill+1","Hololive_Psychosis+1","Hololive_CallYogiri"],"picked":"Hololive_OvertimeWork+1","floor":18},{"not_picked":["Hololive_Breathe+1","Hololive_LuckPotion+1","Hololive_HuntDinosaur+1"],"picked":"Hololive_CallYukihanaLamy","floor":21},{"not_picked":["Hololive_OvertimeWork+1","Hololive_SummonFox+1","Hololive_Breathe+1"],"picked":"Hololive_CallShiranuiFlare","floor":22},{"not_picked":["Hololive_Drill+1","Hololive_Spy+1","Hololive_FlyingPonyTail+1"],"picked":"Hololive_OvertimeWork+1","floor":24},{"not_picked":["Hololive_Trident+1","Hololive_CocoNews+1","Hololive_ILoveYou+1"],"picked":"Hololive_StrengthChampion+1","floor":28},{"not_picked":["Hololive_Recruit+1","Hololive_FlyingPonyTail+1","Hololive_CallAyundaRisu"],"picked":"Hololive_DevilCharm+1","floor":31},{"not_picked":["Hololive_DiamondStrike+1","Hololive_WolfAndLamb+1","Hololive_AWSL"],"picked":"Hololive_FlareMind+1","floor":33},{"not_picked":["Hololive_Sequa+1","Hololive_Trident+1","Hololive_CocoNews+1"],"picked":"Hololive_CallOmaruPolka","floor":35},{"not_picked":["Hololive_LuckPotion+1","Hololive_FlyingPonyTail+1","Hololive_Trident+1"],"picked":"Hololive_CallUsadaPekora","floor":38},{"not_picked":["Hololive_CallUsadaPekora+1","Hololive_Sequa+1","Hololive_RevenueBasedLive+1"],"picked":"Hololive_CallShirakamiFubuki+1","floor":41},{"not_picked":["Hololive_Drill+1","Hololive_CallAyundaRisu","Hololive_CallInugamiKorone"],"picked":"Hololive_CallRoboco+1","floor":42},{"not_picked":["Hololive_HuntDinosaur+1","Hololive_CallFriendA","Hololive_Breathe+1","Hololive_DevilCharm+1"],"picked":"SKIP","floor":44},{"not_picked":["Hololive_Sequa+1","Hololive_StrengthChampion+1","Hololive_RevenueBasedLive+1"],"picked":"Hololive_Rebound+1","floor":55}],"player_experience":544084,"relics_obtained":[{"floor":6,"key":"Blue Candle"},{"floor":9,"key":"Vajra"},{"floor":11,"key":"Toxic Egg 2"},{"floor":12,"key":"Molten Egg 2"},{"floor":14,"key":"beaked:ShinyBauble"},{"floor":26,"key":"Pear"},{"floor":27,"key":"Orichalcum"},{"floor":28,"key":"Whetstone"},{"floor":41,"key":"Pantograph"},{"floor":55,"key":"Gremlin Horn"}],"event_choices":[{"damage_healed":0,"gold_gain":0,"player_choice":"Lose Max HP","damage_taken":0,"relics_obtained":["Golden Idol"],"max_hp_gain":0,"max_hp_loss":3,"event_name":"Golden Idol","floor":10,"gold_loss":0},{"damage_healed":0,"gold_gain":0,"player_choice":"Gave Potion","damage_taken":0,"relics_obtained":["MawBank"],"max_hp_gain":0,"max_hp_loss":0,"event_name":"WeMeetAgain","floor":19,"gold_loss":0},{"damage_healed":0,"gold_gain":0,"player_choice":"Ignored","damage_taken":0,"max_hp_gain":0,"max_hp_loss":0,"event_name":"Vampires","floor":29,"gold_loss":0},{"damage_healed":0,"gold_gain":200,"player_choice":"Gold","damage_taken":0,"max_hp_gain":0,"max_hp_loss":0,"event_name":"Wheel of Change","floor":30,"gold_loss":0},{"damage_healed":0,"gold_gain":0,"player_choice":"Ignored","damage_taken":0,"max_hp_gain":0,"max_hp_loss":0,"event_name":"Tomb of Lord Red Mask","floor":36,"gold_loss":0},{"cards_removed":["Hololive_OvertimeWork"],"damage_healed":0,"gold_gain":0,"player_choice":"Removed Attack","damage_taken":0,"max_hp_gain":0,"max_hp_loss":0,"event_name":"Falling","floor":37,"gold_loss":0},{"damage_healed":0,"gold_gain":0,"player_choice":"Ignored","damage_taken":0,"max_hp_gain":0,"max_hp_loss":0,"event_name":"Mysterious Sphere","floor":39,"gold_loss":0}],"is_beta":false,"boss_relics":[{"not_picked":["Sozu","Cursed Key"],"picked":"Philosopher\u0027s Stone"},{"not_picked":["Calling Bell","Hololive_ChaosS"],"picked":"Empty Cage"}],"items_purged_floors":[46],"is_endless":false,"potions_floor_spawned":[1,3,5,6,14,18,28,31,35,42],"killed_by":"The Heart","ascension_level":20}}