{"host":"6a9c3xws62y7efyw","time":1611733856,"event":{"mods":["BaseMod","Colored Map","Minty Spire (QoL Compilation)","Relic Stats","StSLib"],"gold_per_floor":[19,34,49,67,117,144,144,160,186,203,237,252,278,295,295,366,366,377,377,456,14,30,47,47,36,61,94,109,126,146,146,146,146,146],"floor_reached":33,"language":"ENG","playtime":1941,"items_purged":[],"score":586,"play_id":"1096f03d-7497-49db-99a0-6395411f8daa","local_time":"20210126235056","is_ascension_mode":true,"campfire_choices":[{"floor":7.0,"key":"REST"},{"data":"Crippling Poison","floor":15.0,"key":"SMITH"},{"floor":32,"key":"REST"}],"circlet_count":0,"master_deck":["AscendersBane","Strike_G","Strike_G","Strike_G","Strike_G","Strike_G","Defend_G","Defend_G","Defend_G","Defend_G+1","Defend_G","Survivor","Neutralize","Corpse Explosion","Sucker Punch","Blade Dance+1","Backstab","Deadly Poison","Skewer","Bouncing Flask","Crippling Poison+1","Leg Sweep","Well Laid Plans","Bullet Time","CurseOfTheBell","Prepared+1","Bouncing Flask+1","Reflex+1","Heel Hook+1","Dodge and Roll+1","Deflect+1","Backflip+1","Footwork+1","Calculated Gamble+1"],"relics":["Ring of the Snake","Oddly Smooth Stone","Smiling Mask","Dream Catcher","Art of War","Calling Bell","Omamori","Toxic Egg 2","TungstenRod","Pen Nib","The Courier","Membership Card","War Paint","Bottled Lightning","Orichalcum","Bag of Preparation","Pear"],"acts_visited":["Exordium","TheCity"],"potions_floor_usage":[22,27,30,33],"damage_taken":[{"damage":1.0,"enemies":"Small Slimes","floor":1.0,"turns":3.0},{"damage":0.0,"enemies":"Cultist","floor":2.0,"turns":3.0},{"damage":0.0,"enemies":"2 Louse","floor":3.0,"turns":2.0},{"damage":6.0,"enemies":"Exordium Thugs","floor":4.0,"turns":3.0},{"damage":24.0,"enemies":"Lagavulin","floor":6.0,"turns":6.0},{"damage":0.0,"enemies":"Exordium Wildlife","floor":8.0,"turns":2.0},{"damage":0.0,"enemies":"Looter","floor":10.0,"turns":3.0},{"damage":4.0,"enemies":"Gremlin Nob","floor":11.0,"turns":3.0},{"damage":0.0,"enemies":"Gremlin Gang","floor":12.0,"turns":2.0},{"damage":8.0,"enemies":"3 Sentries","floor":13.0,"turns":4.0},{"damage":5.0,"enemies":"Large Slime","floor":14.0,"turns":5.0},{"damage":2.0,"enemies":"The Guardian","floor":16.0,"turns":10.0},{"damage":0.0,"enemies":"3 Byrds","floor":18.0,"turns":4.0},{"damage":12,"enemies":"Shell Parasite","floor":22,"turns":5},{"damage":14,"enemies":"Snake Plant","floor":23,"turns":4},{"damage":12,"enemies":"Book of Stabbing","floor":27,"turns":5},{"damage":16,"enemies":"Shelled Parasite and Fungi","floor":28,"turns":6},{"damage":0,"enemies":"Snecko","floor":29,"turns":3},{"damage":5,"enemies":"Snake Plant","floor":30,"turns":3},{"damage":42,"enemies":"Automaton","floor":33,"turns":6}],"seed_played":"-1064490418349661819","potions_obtained":[{"floor":3.0,"key":"SkillPotion"},{"floor":4.0,"key":"Weak Potion"},{"floor":6.0,"key":"Fire Potion"},{"floor":11.0,"key":"Explosive Potion"},{"floor":12.0,"key":"SteroidPotion"},{"floor":16.0,"key":"Energy Potion"},{"floor":22,"key":"FearPotion"},{"floor":23,"key":"Swift Potion"},{"floor":30,"key":"AttackPotion"}],"is_trial":false,"path_per_floor":["M","M","M","M","?","E","R","M","T","M","E","M","E","M","R","B",null,"M","?","T","$","M","M","$","$","T","E","M","M","M","?","R","B"],"character_chosen":"THE_SILENT","items_purchased":["Membership Card","War Paint","Bottled Lightning","Orichalcum","Bag of Preparation","Bouncing Flask+1","Dodge and Roll+1"],"campfire_rested":2,"item_purchase_floors":[21,21,21,21,21,21,25],"current_hp_per_floor":[58,58,58,52,52,28,47,47,47,47,43,43,35,30,30,28,57,57,57,57,57,45,31,31,31,31,29,13,13,8,8,30,0,0],"gold":146,"neow_bonus":"THREE_RARE_CARDS","is_daily":false,"chose_seed":false,"campfire_upgraded":1,"win_rate":0.0,"timestamp":1611733856,"path_taken":["M","M","M","M","?","E","R","M","T","?","E","M","E","M","R","BOSS","M","?","?","$","M","M","?","$","T","E","M","M","M","?","R","BOSS"],"items_purchased_type":["Relic","Relic","Relic","Relic","Relic","Card","Card"],"build_version":"2020-12-22","purchased_purges":0,"victory":false,"max_hp_per_floor":[66,66,66,66,66,66,66,66,66,66,66,66,66,66,66,66,66,66,66,66,66,66,66,66,66,66,76,76,76,76,76,76,76,76],"relic_stats":{"Dream Catcher":1,"counters":[20,82],"Pen Nib":[4],"Art of War":[19],"Bag of Preparation":[14],"War Paint":["Blade Dance","Defend_G"],"Orichalcum":[48],"Smiling Mask":0,"obtain_stats":[{"Pear":27,"Oddly Smooth Stone":6,"Pen Nib":19,"The Courier":20,"Omamori":17,"Bag of Preparation":21,"War Paint":21,"Orichalcum":21,"Smiling Mask":9,"Calling Bell":17,"Dream Catcher":11,"Art of War":13,"Membership Card":21,"Bottled Lightning":21,"Toxic Egg 2":17,"TungstenRod":17,"Ring of the Snake":0},{"Pear":16,"Oddly Smooth Stone":5,"Pen Nib":13,"The Courier":13,"Omamori":12,"Bag of Preparation":13,"War Paint":13,"Orichalcum":13,"Smiling Mask":6,"Calling Bell":12,"Dream Catcher":8,"Art of War":10,"Membership Card":13,"Bottled Lightning":13,"Toxic Egg 2":12,"TungstenRod":12,"Ring of the Snake":0},{"Pear":64,"Oddly Smooth Stone":17,"Pen Nib":50,"The Courier":50,"Omamori":46,"Bag of Preparation":50,"War Paint":50,"Orichalcum":50,"Smiling Mask":19,"Calling Bell":46,"Dream Catcher":25,"Art of War":31,"Membership Card":50,"Bottled Lightning":50,"Toxic Egg 2":46,"TungstenRod":46,"Ring of the Snake":0}],"TungstenRod":18,"Ring of the Snake":[40]},"card_choices":[{"not_picked":["Tools of the Trade","Grand Finale"],"picked":"Corpse Explosion","floor":0.0},{"not_picked":["Distraction","Quick Slash"],"picked":"Sucker Punch","floor":1.0},{"not_picked":["Cloak And Dagger","Dodge and Roll"],"picked":"Blade Dance","floor":2.0},{"not_picked":["Backflip","Distraction"],"picked":"Backstab","floor":3.0},{"not_picked":["Flechettes","Sucker Punch"],"picked":"Deadly Poison","floor":4.0},{"not_picked":["Deflect","Riddle With Holes","Dagger Throw"],"picked":"SKIP","floor":6.0},{"not_picked":["Concentrate","Blur"],"picked":"Skewer","floor":8.0},{"not_picked":["Prepared","Calculated Gamble"],"picked":"Bouncing Flask","floor":10.0},{"not_picked":["Eviscerate","Outmaneuver"],"picked":"Crippling Poison","floor":11.0},{"not_picked":["Blur","Flying Knee"],"picked":"Leg Sweep","floor":12.0},{"not_picked":["Predator","Flying Knee","Deadly Poison"],"picked":"SKIP","floor":13.0},{"not_picked":["Backflip","PiercingWail"],"picked":"Well Laid Plans","floor":14.0},{"not_picked":["Tools of the Trade","Grand Finale"],"picked":"Bullet Time","floor":16.0},{"not_picked":["Dagger Spray+1","Tactician+1"],"picked":"Prepared+1","floor":18.0},{"not_picked":["Prepared+1","Doppelganger+1"],"picked":"Reflex+1","floor":22},{"not_picked":["Backstab+1","Slice+1"],"picked":"Heel Hook+1","floor":23},{"not_picked":["Bane","Sucker Punch"],"picked":"Deflect+1","floor":27},{"not_picked":["Poisoned Stab","Tactician+1","Reflex+1"],"picked":"SKIP","floor":28},{"not_picked":["Bane","Cloak And Dagger+1"],"picked":"Backflip+1","floor":29},{"not_picked":["Choke+1","Outmaneuver+1"],"picked":"Footwork+1","floor":30}],"player_experience":1423183,"relics_obtained":[{"floor":6.0,"key":"Oddly Smooth Stone"},{"floor":9.0,"key":"Smiling Mask"},{"floor":11.0,"key":"Dream Catcher"},{"floor":13.0,"key":"Art of War"},{"floor":17.0,"key":"Omamori"},{"floor":17.0,"key":"Toxic Egg 2"},{"floor":17.0,"key":"TungstenRod"},{"floor":20,"key":"The Courier"},{"floor":27,"key":"Pear"}],"event_choices":[{"damage_healed":0.0,"max_hp_gain":0.0,"max_hp_loss":0.0,"gold_gain":50.0,"event_name":"Golden Shrine","player_choice":"Pray","floor":5.0,"gold_loss":0.0,"damage_taken":0.0},{"damage_healed":0,"gold_gain":0,"player_choice":"Opened","damage_taken":0,"relics_obtained":["Pen Nib"],"max_hp_gain":0,"max_hp_loss":0,"event_name":"The Mausoleum","floor":19,"gold_loss":0,"cards_obtained":["Writhe"]},{"damage_healed":0,"gold_gain":0,"player_choice":"Read","damage_taken":0,"max_hp_gain":0,"max_hp_loss":0,"event_name":"The Library","floor":31,"gold_loss":0,"cards_obtained":["Calculated Gamble"]}],"is_beta":false,"boss_relics":[{"not_picked":["WristBlade","Velvet Choker"],"picked":"Calling Bell"}],"items_purged_floors":[],"is_endless":false,"potions_floor_spawned":[3,4,6,11,12,16,22,23,30],"killed_by":"Automaton","ascension_level":20}}