{"host":"80x1ozqd5wpd4nvo","time":1611710755,"event":{"mods":["2.2 Compatiblity","Aspiration","BaseMod","Better Altar","Better Match","Better Note","Better Sensory Stone","Better Skull","Better Third Choice","BetterRewards","CCEM2","Card Forge","Custom Start","DNKmod","Defuse TimeMaze Blight","Dota2Spire","Energized Spire","Friendly Minions","GifTheSpireLib","Hubris","Infinite Spire","Minty Spire (QoL Compilation)","Permanent Neow","Poor People Problems","Shop Mod","Spicy Shops","StS++","StSLib","The Blue Laboratory","TheSurvivalist","??????REMEMod"],"gold_per_floor":[1216,1216,1216,778,797,826,826,826,853,853,870,870,884,901,901,1006,1006,1018,1018,1029,323,337,337,368,368,368,382,407,332,344,362,362,466,466,478,223,223,223,272,301,301,318,372,386,436,463,474,494,494,494,494,494,24,52,52],"floor_reached":56,"language":"ENG","playtime":3253,"items_purged":[],"score":1522,"play_id":"bf8065af-1252-4461-8121-1d4826476175","local_time":"20210127022555","is_ascension_mode":false,"campfire_choices":[{"data":"survmod:PinningSnipe","floor":7,"key":"SMITH"},{"data":"survmod:Marksmanship","floor":10,"key":"SMITH"},{"data":"survmod:DuckAndFlare","floor":12,"key":"SMITH"},{"data":"survmod:Heartseeker","floor":15,"key":"SMITH"},{"floor":23,"key":"REST"},{"floor":32,"key":"REST"},{"data":"survmod:CloseCombat","floor":41,"key":"SMITH"},{"floor":49,"key":"RECALL"},{"data":"survmod:Camouflage","floor":52,"key":"SMITH"}],"circlet_count":0,"master_deck":["survmod:VersatileOffense","survmod:Sprint+1","Burn","survmod:MarkTrap","survmod:Marksmanship+1","survmod:PinningSnipe+1","survmod:DuckAndFlare+1","survmod:Heartseeker+1","survmod:SwiftKick","survmod:Detonation","survmod:DesperateAmbush","survmod:TakeAim","survmod:UnleashTheTraps","survmod:PerfectPosition","survmod:ConcussiveShot","survmod:PoisonTrap","survmod:FlareBarrage","survmod:FlareQuiver","survmod:Sprint+1","survmod:QuickDash","survmod:NockAnArrow","survmod:ExplosiveTrap","survmod:MarkedFromAfar+1","survmod:FlashbangTrap","REME_FirmDetermination+1","survmod:Hawkeye+1","survmod:ComplexMutation","survmod:CloseCombat+1","survmod:AcidTrap","survmod:BatteringStrike","survmod:HiddenTactic+1","survmod:TacticalManeuver+1","survmod:FenceTrap+1","survmod:MarkedForDeath","survmod:Camouflage+1","survmod:GoForFace","survmod:MarkedShot","REME_Flogging","survmod:Marksmanship"],"relics":["survmod:InnateMutation","Hammer of Thor","Seething Fire","Anvil of the Gods","REME_ComplimentaryCards","Dota2Spire:Vanguard","War Paint","HornCleat","Lantern","Pandora\u0027s Box","Matryoshka","Bag of Preparation","Sling","Boot","Akabeko","Dream Catcher","StoneCalendar","Orichalcum","Dota2Spire:RefresherOrb","infinitespire:PuzzleCube","CCEMRelics:Pendulum","Dota2Spire:MonkeyKingBar","Strawberry","StSpp:WoodenStick","hubris:SlimyHat","Dota2Spire:LotusOrb","infinitespire:BottledMercury"],"acts_visited":["Exordium","TheCity","TheBeyond","TheEnding"],"potions_floor_usage":[6,14,16,16,18,20,24,30,44,48,50],"damage_taken":[{"damage":0,"enemies":"2 Louse","floor":1,"turns":2},{"damage":0,"enemies":"Small Slimes","floor":5,"turns":3},{"damage":4,"enemies":"Gremlin Nob","floor":6,"turns":4},{"damage":0,"enemies":"Cultist","floor":11,"turns":2},{"damage":0,"enemies":"Looter","floor":13,"turns":2},{"damage":0,"enemies":"2 Fungi Beasts","floor":14,"turns":2},{"damage":0,"enemies":"Slime Boss","floor":16,"turns":7},{"damage":2,"enemies":"3 Byrds","floor":18,"turns":4},{"damage":0,"enemies":"Chosen","floor":20,"turns":3},{"damage":63,"enemies":"3 Cultists","floor":22,"turns":6},{"damage":0,"enemies":"Book of Stabbing","floor":24,"turns":4},{"damage":24,"enemies":"Snecko","floor":27,"turns":4},{"damage":0,"enemies":"REME_1_Revenger","floor":28,"turns":3},{"damage":0,"enemies":"Shelled Parasite and Fungi","floor":30,"turns":3},{"damage":0,"enemies":"3 Cultists","floor":31,"turns":2},{"damage":17,"enemies":"Collector","floor":33,"turns":7},{"damage":0,"enemies":"3 Shapes","floor":35,"turns":4},{"damage":7,"enemies":"Nemesis","floor":40,"turns":6},{"damage":0,"enemies":"3 Darklings","floor":42,"turns":3},{"damage":0,"enemies":"Maw","floor":44,"turns":4},{"damage":0,"enemies":"Mind Bloom Boss Battle","floor":45,"turns":5},{"damage":0,"enemies":"Giant Head","floor":46,"turns":5},{"damage":0,"enemies":"Sphere and 2 Shapes","floor":47,"turns":3},{"damage":0,"enemies":"Spire Growth","floor":48,"turns":4},{"damage":6,"enemies":"Donu and Deca","floor":50,"turns":7},{"damage":0,"enemies":"Shield and Spear","floor":54,"turns":6},{"damage":152,"enemies":"The Heart","floor":55,"turns":12}],"seed_played":"7690358182761865282","potions_obtained":[{"floor":1,"key":"PowerPotion"},{"floor":5,"key":"Energy Potion"},{"floor":8,"key":"SkillPotion"},{"floor":8,"key":"blueLaboratory:FrostheartPotion"},{"floor":14,"key":"FearPotion"},{"floor":16,"key":"PowerPotion"},{"floor":18,"key":"blueLaboratory:StoneskinPotion"},{"floor":28,"key":"DistilledChaos"},{"floor":30,"key":"blueLaboratory:ExaltedPotion"},{"floor":33,"key":"Ancient Potion"},{"floor":42,"key":"AttackPotion"},{"floor":44,"key":"Dota2Spire:HealingSalve"}],"is_trial":false,"path_per_floor":["M","?","?","$","M","E","R","?","T","R","M","R","M","M","R","B",null,"M","?","M","$","M","R","E","?","T","M","E","?","M","M","R","B",null,"M","$","?","?","T","E","R","M","T","M","?","E","M","M","R","B",null,"R","$","E","B",null],"character_chosen":"THE_SURVIVOR","items_purchased":["Dota2Spire:Vanguard","War Paint","survmod:MarkTrap","survmod:Marksmanship","survmod:QuickDash","Matryoshka","Bag of Preparation","Sling","FairyPotion","survmod:AcidTrap","infinitespire:PuzzleCube","survmod:GoForFace","Dota2Spire:LotusOrb","survmod:MarkedShot","REME_Flogging"],"campfire_rested":2,"item_purchase_floors":[4,4,4,4,21,21,21,21,21,36,36,53,53,53,53],"current_hp_per_floor":[100,100,93,93,93,89,89,89,89,89,89,89,89,89,89,89,100,98,98,98,98,35,65,65,65,65,41,41,41,41,41,71,54,100,100,100,100,100,100,93,93,93,100,100,100,100,100,100,100,107,107,107,107,107,31],"gold":52,"neow_bonus":"UPGRADE_CARD","is_daily":false,"chose_seed":false,"campfire_upgraded":6,"win_rate":0.0,"timestamp":1611710755,"path_taken":["M","?","?","$","M","E","R","?","T","R","M","R","?","M","R","BOSS","M","?","M","$","?","R","E","?","T","?","E","?","?","M","R","BOSS","M","$","?","?","?","E","R","M","T","M","?","E","?","M","R","BOSS","R","$","E","BOSS"],"items_purchased_type":["Relic","Relic","Card","Card","Card","Relic","Relic","Relic","Potion","Card","Relic","Card","Relic","Card","Card"],"build_version":"2020-12-22","purchased_purges":0,"victory":true,"max_hp_per_floor":[100,100,100,100,100,100,100,100,100,100,100,100,100,100,100,100,100,100,100,100,100,100,100,100,100,100,100,100,100,100,100,100,100,100,100,100,100,100,100,100,100,100,107,107,107,107,107,107,107,107,107,107,107,107,107],"card_choices":[{"not_picked":["survmod:FindCover","survmod:KnowThyEnemy"],"picked":"survmod:PenetratingShot","floor":1},{"not_picked":["survmod:MarkedShot","survmod:UnfortunateEscape"],"picked":"survmod:PinningSnipe","floor":5},{"not_picked":["survmod:PoisonTrap","survmod:NockAnArrow"],"picked":"survmod:FlareBarrage","floor":6},{"not_picked":["survmod:SwiftKick","survmod:FlareBarrage"],"picked":"survmod:DuckAndFlare","floor":11},{"not_picked":["survmod:FindCover","survmod:UnfortunateEscape"],"picked":"survmod:Heartseeker","floor":13},{"not_picked":["survmod:OverexertingShot","survmod:LongShot"],"picked":"survmod:SwiftKick","floor":14},{"not_picked":["survmod:Camouflage","survmod:DeadlyAim"],"picked":"survmod:Detonation","floor":16},{"not_picked":["survmod:FlashbangTrap","survmod:FocusedFire+1"],"picked":"survmod:FlareQuiver","floor":18},{"not_picked":["survmod:PinningSnipe","survmod:UnfortunateEscape","survmod:Heartseeker"],"picked":"SKIP","floor":20},{"not_picked":["survmod:TwinShot","survmod:FlashbangShot+1"],"picked":"survmod:NockAnArrow","floor":22},{"not_picked":["survmod:DuckAndFlare+1","survmod:ShrapnelTraps+1"],"picked":"survmod:ExplosiveTrap","floor":24},{"not_picked":["survmod:TwinShot","survmod:MarkedShot"],"picked":"survmod:MarkedFromAfar+1","floor":27},{"not_picked":["survmod:QuickThinking","survmod:QuickDash+1"],"picked":"survmod:FlashbangTrap","floor":28},{"not_picked":["REME_TwoStrings+1","REME_MagicPocketWatch+1"],"picked":"REME_FirmDetermination+1","floor":29},{"not_picked":["survmod:ShrapnelTraps","survmod:DuckAndFlare+1"],"picked":"survmod:Hawkeye+1","floor":30},{"not_picked":["survmod:MarkTrap","survmod:WalledOffTraps"],"picked":"survmod:ComplexMutation","floor":31},{"not_picked":["survmod:MutantEnergy","survmod:ExpertSniper"],"picked":"survmod:CloseCombat","floor":33},{"not_picked":["survmod:WalledOffTraps+1","survmod:DuckAndFlare","survmod:FlareBarrage"],"picked":"SKIP","floor":35},{"not_picked":["survmod:SimpleMutation","survmod:TwinShot"],"picked":"survmod:BatteringStrike","floor":40},{"not_picked":["survmod:TwinShot+1","survmod:PinningSnipe","survmod:DuckAndFlare+1"],"picked":"SKIP","floor":42},{"not_picked":["survmod:PenetratingShot+1","survmod:MarkTrap"],"picked":"survmod:HiddenTactic+1","floor":44},{"not_picked":["survmod:SurpriseTrap+1","survmod:QuickDash"],"picked":"survmod:TacticalManeuver+1","floor":46},{"not_picked":["survmod:PiercingShot+1","survmod:KnowThyEnemy+1"],"picked":"survmod:FenceTrap+1","floor":47},{"not_picked":["survmod:PenetratingShot+1","survmod:FenceTrap"],"picked":"survmod:MarkedForDeath","floor":48},{"not_picked":["survmod:FocusedFire+1","survmod:OverexertingShot+1"],"picked":"survmod:Marksmanship","floor":54}],"player_experience":288372,"relics_obtained":[{"floor":6,"key":"HornCleat"},{"floor":9,"key":"Lantern"},{"floor":24,"key":"Boot"},{"floor":26,"key":"Dream Catcher"},{"floor":26,"key":"StoneCalendar"},{"floor":28,"key":"Orichalcum"},{"floor":39,"key":"CCEMRelics:Pendulum"},{"floor":40,"key":"Dota2Spire:MonkeyKingBar"},{"floor":43,"key":"Strawberry"},{"floor":45,"key":"StSpp:WoodenStick"},{"floor":46,"key":"hubris:SlimyHat"},{"floor":54,"key":"infinitespire:BottledMercury"}],"event_choices":[{"damage_healed":100,"gold_gain":0,"player_choice":"Embrace Burn","damage_taken":0,"max_hp_gain":0,"max_hp_loss":100,"event_name":"betterThird:BetterShining","floor":2,"gold_loss":0},{"cards_removed":["survmod:Strike"],"damage_healed":0,"gold_gain":0,"player_choice":"Card Removal","damage_taken":7,"max_hp_gain":0,"max_hp_loss":0,"event_name":"Golden Wing","floor":3,"gold_loss":0},{"damage_healed":0,"gold_gain":0,"player_choice":"Got Potions","damage_taken":0,"max_hp_gain":0,"max_hp_loss":0,"event_name":"Lab","floor":8,"gold_loss":0},{"damage_healed":0,"gold_gain":0,"player_choice":"Copied","damage_taken":0,"max_hp_gain":0,"max_hp_loss":0,"event_name":"Duplicator","floor":19,"gold_loss":0,"cards_obtained":["survmod:Sprint"]},{"cards_removed":["survmod:FlareBarrage"],"damage_healed":0,"gold_gain":0,"player_choice":"Gave Card","damage_taken":0,"relics_obtained":["Akabeko"],"max_hp_gain":0,"max_hp_loss":0,"event_name":"WeMeetAgain","floor":25,"gold_loss":0},{"damage_healed":0,"gold_gain":0,"player_choice":"2","damage_taken":0,"max_hp_gain":0,"max_hp_loss":0,"event_name":"betterMatch:BetterMatch","floor":29,"gold_loss":0,"cards_obtained":["betterMatch:ColorlessUncommonCard"]},{"cards_removed":["survmod:PenetratingShot"],"damage_healed":0,"gold_gain":0,"player_choice":"Removed Attack","damage_taken":0,"max_hp_gain":0,"max_hp_loss":0,"event_name":"Falling","floor":37,"gold_loss":0},{"damage_healed":0,"gold_gain":0,"player_choice":"Fight","damage_taken":0,"max_hp_gain":0,"max_hp_loss":0,"event_name":"MindBloom","floor":45,"gold_loss":0}],"is_beta":false,"boss_relics":[{"not_picked":["infinitespire:Cupcake","CCEMRelics:GreenEgg"],"picked":"Pandora\u0027s Box"},{"not_picked":["hubris:ScarierMask","Busted Crown"],"picked":"Dota2Spire:RefresherOrb"}],"items_purged_floors":[],"is_endless":false,"potions_floor_spawned":[1,5,14,16,18,28,30,33,35,42,44,47],"ascension_level":0}}