{"host":"p62uqwu04pp7leh9","time":1611725195,"event":{"mods":["BaseMod","Block Reminder","Colored Map","Colored Powertips","Minty Spire (QoL Compilation)","Relic Stats"],"gold_per_floor":[160,110,110,125,50,50,64,64,64,98,98,98,116,148,160,272,284,315,338,350,362,96,151,151,151,151,220,220,284,322,357,357,461,461,479,518,528,528,538,538,538],"floor_reached":40,"language":"ENG","playtime":2495,"items_purged":["Regret","Creative AI"],"score":400,"play_id":"ec04ff4f-eb12-4a43-b5b8-98d120050c06","local_time":"20210126232635","is_ascension_mode":false,"campfire_choices":[{"data":"Genetic Algorithm","floor":6,"key":"SMITH"},{"data":"Zap","floor":8,"key":"SMITH"},{"data":"Ball Lightning","floor":12,"key":"SMITH"},{"data":"Streamline","floor":15,"key":"SMITH"},{"data":"HandOfGreed","floor":25,"key":"SMITH"},{"data":"Buffer","floor":32,"key":"SMITH"}],"circlet_count":0,"master_deck":["Zap+1","Dualcast+1","Hello World","Ball Lightning+1","Genetic Algorithm+1","Streamline+1","Echo Form","Seek","Static Discharge","Conserve Battery","Chaos","Sweeping Beam","Buffer+1","Darkness","Necronomicurse","HandOfGreed+1","Coolheaded","Electrodynamics","Compile Driver+1","Reboot","Seek","Fusion"],"relics":["Tiny House","Sundial","Bird Faced Urn","Bronze Scales","MealTicket","MawBank","Pandora\u0027s Box","Necronomicon","Ice Cream","Inserter"],"acts_visited":["Exordium","TheCity","TheBeyond"],"potions_floor_usage":[16,33,33,39,39,39],"damage_taken":[{"damage":6,"enemies":"Cultist","floor":1,"turns":3},{"damage":2,"enemies":"Small Slimes","floor":4,"turns":4},{"damage":5,"enemies":"Jaw Worm","floor":7,"turns":4},{"damage":16,"enemies":"Gremlin Nob","floor":10,"turns":4},{"damage":0,"enemies":"Looter","floor":13,"turns":2},{"damage":26,"enemies":"3 Sentries","floor":14,"turns":5},{"damage":22,"enemies":"The Guardian","floor":16,"turns":9},{"damage":3,"enemies":"Spheric Guardian","floor":18,"turns":4},{"damage":7,"enemies":"Shell Parasite","floor":19,"turns":4},{"damage":29,"enemies":"Shelled Parasite and Fungi","floor":23,"turns":4},{"damage":16,"enemies":"Centurion and Healer","floor":27,"turns":5},{"damage":18,"enemies":"3 Cultists","floor":29,"turns":5},{"damage":6,"enemies":"Snecko","floor":30,"turns":4},{"damage":10,"enemies":"Sentry and Sphere","floor":31,"turns":3},{"damage":24,"enemies":"Collector","floor":33,"turns":9},{"damage":38,"enemies":"3 Darklings","floor":35,"turns":4},{"damage":3,"enemies":"Orb Walker","floor":36,"turns":2},{"damage":39,"enemies":"Spire Growth","floor":37,"turns":5},{"damage":12,"enemies":"Maw","floor":39,"turns":6},{"damage":19,"enemies":"Nemesis","floor":40,"turns":3}],"seed_played":"-5004033355088590235","potions_obtained":[{"floor":0,"key":"Dexterity Potion"},{"floor":4,"key":"Dexterity Potion"},{"floor":13,"key":"FocusPotion"},{"floor":19,"key":"SteroidPotion"},{"floor":36,"key":"SpeedPotion"},{"floor":37,"key":"Fire Potion"}],"is_trial":false,"path_per_floor":["M","?","?","M","$","R","M","R","T","E","?","R","M","E","R","B",null,"M","M","$","?","$","M","?","R","T","M","?","M","M","M","R","B",null,"M","M","M","?","M","E"],"character_chosen":"DEFECT","items_purchased":["HandOfGreed"],"campfire_rested":0,"item_purchase_floors":[22],"current_hp_per_floor":[74,74,74,72,72,72,67,67,67,53,50,50,50,26,26,6,80,80,75,80,64,79,52,52,52,52,40,40,30,32,26,26,10,80,50,49,18,18,14,0,0],"gold":538,"neow_bonus":"BOSS_RELIC","is_daily":false,"chose_seed":false,"campfire_upgraded":6,"win_rate":0.0,"timestamp":1611725195,"path_taken":["M","?","?","M","$","R","M","R","T","E","?","R","M","E","R","BOSS","M","M","$","?","$","M","?","R","T","M","?","?","M","M","R","BOSS","M","M","?","?","M","E"],"items_purchased_type":["Card"],"build_version":"2020-12-22","purchased_purges":2,"victory":false,"max_hp_per_floor":[80,80,80,80,80,80,80,80,80,80,80,80,80,80,80,80,80,80,80,80,80,80,80,80,80,80,80,80,80,80,80,80,80,80,80,80,80,80,80,80,80],"relic_stats":{"Inserter":[10],"counters":[20,89],"Sundial":[14],"Bird Faced Urn":[75],"Bronze Scales":[196],"MealTicket":20,"Pandora\u0027s Box":["Seek","Static Discharge","Conserve Battery","Chaos","Sweeping Beam","Creative AI","Buffer"],"Necronomicon":[19],"MawBank":96,"obtain_stats":[{"Ice Cream":26,"Tiny House":0,"Inserter":34,"Sundial":3,"Bird Faced Urn":9,"Bronze Scales":10,"MealTicket":11,"Pandora\u0027s Box":17,"Necronomicon":21,"Cracked Core":0,"MawBank":14},{"Ice Cream":10,"Tiny House":0,"Inserter":15,"Sundial":1,"Bird Faced Urn":3,"Bronze Scales":4,"MealTicket":4,"Pandora\u0027s Box":7,"Necronomicon":9,"Cracked Core":0,"MawBank":6},{"Ice Cream":43,"Tiny House":0,"Inserter":69,"Sundial":3,"Bird Faced Urn":11,"Bronze Scales":15,"MealTicket":15,"Pandora\u0027s Box":31,"Necronomicon":39,"Cracked Core":0,"MawBank":22}]},"card_choices":[{"not_picked":["Leap","Conserve Battery"],"picked":"Hello World","floor":0},{"not_picked":["Beam Cell","Coolheaded"],"picked":"Ball Lightning","floor":1},{"not_picked":["Biased Cognition","Stack"],"picked":"Genetic Algorithm","floor":4},{"not_picked":["Leap","Beam Cell","Melter"],"picked":"SKIP","floor":7},{"not_picked":["Lockon","Tempest","Conserve Battery"],"picked":"SKIP","floor":10},{"not_picked":["Turbo","Beam Cell"],"picked":"Streamline","floor":13},{"not_picked":["Reprogram","Skim","Conserve Battery"],"picked":"SKIP","floor":14},{"not_picked":["Rainbow","All For One"],"picked":"Echo Form","floor":16},{"not_picked":["Turbo","Redo","Chaos"],"picked":"SKIP","floor":18},{"not_picked":["Barrage","Defragment"],"picked":"Darkness","floor":19},{"not_picked":["Ball Lightning","Turbo","Coolheaded"],"picked":"SKIP","floor":23},{"not_picked":["Ball Lightning","Turbo"],"picked":"Coolheaded","floor":23},{"not_picked":["Go for the Eyes","Cold Snap+1","Gash"],"picked":"SKIP","floor":27},{"not_picked":["Rebound","Sweeping Beam+1"],"picked":"Compile Driver+1","floor":29},{"not_picked":["Beam Cell","Tempest","Cold Snap"],"picked":"SKIP","floor":30},{"not_picked":["FTL","Steam+1"],"picked":"Reboot","floor":31},{"not_picked":["Amplify","Echo Form"],"picked":"Seek","floor":33},{"not_picked":["Compile Driver+1","Hologram","Force Field+1"],"picked":"SKIP","floor":35},{"not_picked":["Beam Cell","Undo","Compile Driver"],"picked":"SKIP","floor":36},{"not_picked":["Hologram","Steam+1"],"picked":"Fusion","floor":37},{"not_picked":["Skim","Chill+1","Rip and Tear+1"],"picked":"SKIP","floor":39}],"player_experience":370564,"relics_obtained":[{"floor":9,"key":"Bird Faced Urn"},{"floor":10,"key":"Bronze Scales"},{"floor":14,"key":"MawBank"},{"floor":21,"key":"Necronomicon"},{"floor":26,"key":"Ice Cream"}],"event_choices":[{"cards_removed":["Strike_B"],"damage_healed":0,"gold_gain":0,"player_choice":"Card Removal","damage_taken":0,"max_hp_gain":0,"max_hp_loss":0,"event_name":"The Cleric","floor":2,"gold_loss":50},{"damage_healed":0,"gold_gain":0,"player_choice":"Box","damage_taken":0,"relics_obtained":["Sundial"],"max_hp_gain":0,"max_hp_loss":0,"event_name":"Big Fish","floor":3,"gold_loss":0,"cards_obtained":["Regret"]},{"damage_healed":0,"gold_gain":0,"player_choice":"Success","damage_taken":3,"relics_obtained":["MealTicket"],"max_hp_gain":0,"max_hp_loss":0,"event_name":"Scrap Ooze","floor":11,"gold_loss":0},{"damage_healed":0,"gold_gain":0,"player_choice":"Obtained Book","damage_taken":16,"max_hp_gain":0,"max_hp_loss":0,"event_name":"Cursed Tome","floor":21,"gold_loss":0},{"damage_healed":0,"gold_gain":0,"player_choice":"Read","damage_taken":0,"max_hp_gain":0,"max_hp_loss":0,"event_name":"The Library","floor":24,"gold_loss":0,"cards_obtained":["Electrodynamics"]},{"damage_healed":0,"gold_gain":0,"player_choice":"Bought 0 Potions","damage_taken":0,"max_hp_gain":0,"max_hp_loss":0,"event_name":"The Woman in Blue","floor":28,"gold_loss":0},{"damage_healed":0,"gold_gain":0,"player_choice":"Ignored","damage_taken":0,"max_hp_gain":0,"max_hp_loss":0,"event_name":"SecretPortal","floor":38,"gold_loss":0}],"is_beta":false,"boss_relics":[{"not_picked":["Astrolabe","SacredBark"],"picked":"Pandora\u0027s Box"},{"not_picked":["Runic Dome","SlaversCollar"],"picked":"Inserter"}],"items_purged_floors":[5,22],"is_endless":false,"potions_floor_spawned":[4,13,14,19,29,30,36,37],"killed_by":"Nemesis","ascension_level":0}}