{"host":"gbsupkmj5cka9iw4","time":1611751173,"event":{"mods":["BaseMod","Better Note","BetterRewards","Minty Spire (QoL Compilation)","Say the Spire","Shop Mod","StSLib"],"gold_per_floor":[113,113,127,11,11,11,38,38,65,81,81,108,133,145,145],"floor_reached":14,"language":"ENG","playtime":345,"items_purged":[],"score":209,"play_id":"3c6238d2-bad5-4f0d-a163-a33921621e1a","local_time":"20210127213933","is_ascension_mode":true,"campfire_choices":[{"data":"ConjureBlade","floor":6,"key":"SMITH"},{"data":"BowlingBash","floor":8,"key":"SMITH"}],"circlet_count":0,"master_deck":["AscendersBane","Strike_P","Strike_P","Strike_P+1","Defend_P","Defend_P+1","Defend_P","Defend_P","Eruption","Vigilance","BowlingBash+1","ConjureBlade+1","CutThroughFate","TalkToTheHand","Wireheading","Vengeance","FlurryOfBlows","SandsOfTime","Prostrate"],"relics":["PureWater","NeowsBlessing","Nunchaku","Bronze Scales","MawBank"],"acts_visited":["Exordium"],"potions_floor_usage":[],"damage_taken":[{"damage":0,"enemies":"2 Louse","floor":1,"turns":1},{"damage":0,"enemies":"Small Slimes","floor":3,"turns":1},{"damage":0,"enemies":"Gremlin Nob","floor":7,"turns":1},{"damage":0,"enemies":"Jaw Worm","floor":10,"turns":2},{"damage":27,"enemies":"3 Sentries","floor":12,"turns":5},{"damage":14,"enemies":"Blue Slaver","floor":13,"turns":3},{"damage":48,"enemies":"Lagavulin","floor":14,"turns":4}],"seed_played":"-3917345043113200771","potions_obtained":[{"floor":13,"key":"Dexterity Potion"}],"is_trial":false,"path_per_floor":["M","?","M","$","?","R","E","R","T","M","?","E","M","E"],"character_chosen":"WATCHER","items_purchased":["TalkToTheHand","Wireheading"],"campfire_rested":0,"item_purchase_floors":[4,4],"current_hp_per_floor":[61,61,61,61,47,47,47,47,47,47,68,41,27,0,0],"gold":145,"neow_bonus":"THREE_ENEMY_KILL","is_daily":false,"chose_seed":false,"campfire_upgraded":2,"win_rate":0.0,"timestamp":1611751173,"path_taken":["M","?","M","$","?","R","E","R","T","?","?","E","M","E"],"items_purchased_type":["Card","Card"],"build_version":"2020-12-22","purchased_purges":0,"victory":false,"max_hp_per_floor":[68,68,68,68,68,68,68,68,68,68,68,68,68,68,68],"card_choices":[{"not_picked":["CutThroughFate","Collect"],"picked":"BowlingBash","floor":1},{"not_picked":["FlyingSleeves","Prostrate"],"picked":"CutThroughFate","floor":3},{"not_picked":["Fasting2","CrushJoints"],"picked":"Vengeance","floor":7},{"not_picked":["ClearTheMind","FlyingSleeves"],"picked":"FlurryOfBlows","floor":10},{"not_picked":["Prostrate","Pray"],"picked":"SandsOfTime","floor":12},{"not_picked":["Study","Vengeance"],"picked":"Prostrate","floor":13}],"player_experience":766304,"relics_obtained":[{"floor":7,"key":"Nunchaku"},{"floor":9,"key":"Bronze Scales"},{"floor":12,"key":"MawBank"}],"event_choices":[{"damage_healed":0,"gold_gain":0,"cards_transformed":["Strike_P"],"player_choice":"Change","damage_taken":0,"max_hp_gain":0,"max_hp_loss":0,"event_name":"Living Wall","floor":2,"gold_loss":0,"cards_obtained":["ConjureBlade"]},{"damage_healed":0,"gold_gain":0,"player_choice":"Entered Light","damage_taken":14,"max_hp_gain":0,"max_hp_loss":0,"event_name":"Shining Light","floor":5,"gold_loss":0,"cards_upgraded":["Strike_P","Defend_P"]},{"damage_healed":22,"gold_gain":0,"player_choice":"Banana","damage_taken":0,"max_hp_gain":0,"max_hp_loss":0,"event_name":"Big Fish","floor":11,"gold_loss":0}],"is_beta":false,"boss_relics":[],"items_purged_floors":[],"is_endless":false,"potions_floor_spawned":[13],"killed_by":"Lagavulin","ascension_level":14}}