{"host":"xjs3b8lu14idcd3l","time":1611740337,"event":{"mods":["Act Like it!","BaseMod","CapriCore","Friendly Minions","Gensokyo","Kiyohime£®«Âºß£©","Koishi","Marisa£®ÏF”Í°°ƒß¿Ì…≥£©","Minty Spire (QoL Compilation)","Prisma Mod","Reimu£®≤©¿ˆ¡È√Œ£©","Remilia£®¿Ÿ√◊¿Ú—«£©","Replay The Spire","StSLib","The Administrix","The Immortal","The Servant 0.9.4","Youmu£®ªÍ∆«—˝√Œ£©","Yuyuko"],"gold_per_floor":[114,124,142,142,217,242,242,242,266,291,67,100,0,25,25,140,140,159,173,17,30,7,40,53,53,53],"floor_reached":25,"language":"ZHS","playtime":1435,"items_purged":["Strike_RM","Strike_RM","Gensokyo:ImpossibleRequest"],"score":288,"play_id":"77518038-243c-4a8d-b808-acbee67b1c88","local_time":"20210127173857","is_ascension_mode":true,"campfire_choices":[{"data":"ScarletMeister","floor":8,"key":"SMITH"},{"data":"ScarletImprint","floor":15,"key":"SMITH"}],"circlet_count":0,"master_deck":["Strike_RM","Strike_RM","Defend_RM","Defend_RM","Defend_RM","Defend_RM","RedMoon","ScarletShoot","ReincarnationDial","DiffusionOfMisfortune","ScarletMeister+1","CharismaGuard","ScarletNetherworld","ScarletImprint+1","BloodyHallows","MastersStateliness","ScarletImprint","ScarletDream+1","ScarletImprint","CharismaGuard"],"relics":["ScarletHat","Mastiff:ReiMu","MealTicket","Lantern","Ancient Tea Set","Orichalcum","Tiny Chest","Pantograph","RedLine:ReiMu","PreservedInsect","ReplayTheSpireMod:CursedCoin","Bag of Preparation"],"acts_visited":["Exordium","TheCity"],"potions_floor_usage":[6,14,14,14,16,21,23,23],"damage_taken":[{"damage":0,"enemies":"2 Louse","floor":1,"turns":2},{"damage":0,"enemies":"Small Slimes","floor":2,"turns":4},{"damage":1,"enemies":"Cultist","floor":3,"turns":5},{"damage":22,"enemies":"Lagavulin","floor":6,"turns":8},{"damage":17,"enemies":"Gremlin Nob","floor":10,"turns":5},{"damage":0,"enemies":"Lagavulin","floor":12,"turns":9},{"damage":1,"enemies":"Gremlin Nob","floor":14,"turns":5},{"damage":4,"enemies":"Fading Forest","floor":16,"turns":11},{"damage":54,"enemies":"2 Thieves","floor":18,"turns":4},{"damage":10,"enemies":"Spheric Guardian","floor":19,"turns":8},{"damage":24,"enemies":"Snake Plant","floor":21,"turns":4},{"damage":22,"enemies":"Replay:Snechameleon","floor":23,"turns":4},{"damage":26,"enemies":"Shelled Parasite and Fungi","floor":24,"turns":5},{"damage":12,"enemies":"Slavers","floor":25,"turns":4}],"seed_played":"-7065021427287181142","potions_obtained":[{"floor":3,"key":"SkillPotion"},{"floor":14,"key":"AttackPotion"},{"floor":18,"key":"AttackPotion"},{"floor":21,"key":"Fruit Juice"},{"floor":24,"key":"Elixir"}],"is_trial":false,"path_per_floor":["M","M","M","?","?","E","?","R","T","E","$","E","$","E","R","B",null,"M","M","$","M","$","E","M","E"],"character_chosen":"REMILIA","items_purchased":["SkillPotion","PowerPotion","ColorlessPotion","PreservedInsect","ReplayTheSpireMod:CursedCoin","Adrenaline Potion"],"campfire_rested":0,"item_purchase_floors":[11,11,11,20,22,22],"current_hp_per_floor":[75,75,74,67,56,40,75,75,75,58,73,75,75,75,75,71,75,37,30,45,29,44,39,14,7,7],"gold":53,"neow_bonus":"RANDOM_COMMON_RELIC","is_daily":false,"chose_seed":false,"campfire_upgraded":2,"win_rate":0.0,"timestamp":1611740337,"path_taken":["M","M","M","?","?","E","?","R","T","E","$","E","$","E","R","BOSS","M","M","?","M","$","E","M","E"],"items_purchased_type":["Potion","Potion","Potion","Relic","Relic","Potion"],"build_version":"2020-12-22","purchased_purges":3,"victory":false,"max_hp_per_floor":[75,75,75,75,75,75,75,75,75,75,75,75,75,75,75,75,75,75,75,75,80,80,80,80,80,80],"card_choices":[{"not_picked":["EndlessAdversity","DevilSight"],"picked":"ReincarnationDial","floor":1},{"not_picked":["BlasphemousPunishment","GlobalNightmare"],"picked":"DiffusionOfMisfortune","floor":2},{"not_picked":["BadLadyScramble","EmergencyRegeneration"],"picked":"VampireSweep","floor":3},{"not_picked":["ScarletSymphony","ScarletImprint"],"picked":"ScarletMeister","floor":6},{"not_picked":["EndlessAdversity","VampireKiss"],"picked":"CharismaGuard","floor":10},{"not_picked":["VampirishNight","BadLadyScramble"],"picked":"ScarletNetherworld","floor":12},{"not_picked":["EternalNight","RedNightlessCastle"],"picked":"ScarletImprint","floor":14},{"not_picked":["CeilingFear","BloodyCatastrophe"],"picked":"BloodyHallows","floor":16},{"not_picked":["BlasphemousPunishment","NightDance"],"picked":"MastersStateliness","floor":18},{"not_picked":["DevilSight","VampireClaw"],"picked":"ScarletImprint","floor":19},{"not_picked":["Maim","DiffusionOfMisfortune"],"picked":"ScarletDream+1","floor":21},{"not_picked":["NightLord","EternalNight+1"],"picked":"ScarletImprint","floor":23},{"not_picked":["RedMagic","UnstableMagic"],"picked":"CharismaGuard","floor":24}],"player_experience":178915,"relics_obtained":[{"floor":6,"key":"Lantern"},{"floor":9,"key":"Ancient Tea Set"},{"floor":10,"key":"Orichalcum"},{"floor":12,"key":"Tiny Chest"},{"floor":14,"key":"Pantograph"},{"floor":23,"key":"Bag of Preparation"}],"event_choices":[{"damage_healed":0,"gold_gain":0,"player_choice":"Success","damage_taken":7,"relics_obtained":["MealTicket"],"max_hp_gain":0,"max_hp_loss":0,"event_name":"Scrap Ooze","floor":4,"gold_loss":0},{"damage_healed":0,"gold_gain":75,"player_choice":"Gather Gold","damage_taken":11,"max_hp_gain":0,"max_hp_loss":0,"event_name":"World of Goop","floor":5,"gold_loss":0},{"cards_removed":["VampireSweep"],"damage_healed":35,"gold_gain":0,"player_choice":"Offered Uncommon","damage_taken":0,"max_hp_gain":0,"max_hp_loss":0,"event_name":"Bonfire Elementals","floor":7,"gold_loss":0}],"is_beta":false,"boss_relics":[{"not_picked":["ChewingGum","Replay:Wanted Poster"],"picked":"RedLine:ReiMu"}],"items_purged_floors":[11,13,22],"is_endless":false,"potions_floor_spawned":[3,12,14,18,21,24],"killed_by":"Slavers","ascension_level":1}}