{"host":"czyrp3agadxx2eka","time":1611761637,"event":{"mods":["BaseMod","Colored Map","Downfall","Minty Spire (QoL Compilation)","Shop Mod","StSLib","The Elementalist"],"gold_per_floor":[99,110,285,303,319,419,491,507,519,419,419,445,456,472,487,487,487,487],"floor_reached":16,"language":"ENG","playtime":846,"items_purged":[],"score":106,"play_id":"eaa97be9-75f9-47f2-9b9f-4a4e374305b4","local_time":"20210127133357","is_ascension_mode":false,"campfire_choices":[{"floor":1,"key":"RECALL"},{"data":"bronze:Flail","floor":10,"key":"SMITH"}],"circlet_count":0,"master_deck":["bronze:Strike","bronze:Strike","bronze:Strike","bronze:Strike","bronze:Defend","bronze:Defend","bronze:Defend","bronze:Defend","bronze:Replicate","bronze:Goto","bronze:Backtrace","Doubt","bronze:Optimize","bronze:FineTuning","bronze:Flail+1","Blind","bronze:SpaghettiCode","bronze:Return","bronze:DigitalCarnage"],"relics":["bronze:BronzeCore","Bottled Tornado","downfall:HeartBlessingRed","Lantern"],"acts_visited":["Exordium"],"potions_floor_usage":[16,16,16],"damage_taken":[{"damage":0,"enemies":"Cultist","floor":2,"turns":4},{"damage":0,"enemies":"Small Slimes","floor":4,"turns":4},{"damage":8,"enemies":"Jaw Worm","floor":5,"turns":3},{"damage":8,"enemies":"Red Slaver","floor":8,"turns":2},{"damage":25,"enemies":"Exordium Thugs","floor":9,"turns":5},{"damage":17,"enemies":"3 Sentries","floor":12,"turns":4},{"damage":0,"enemies":"Gremlin Gang","floor":13,"turns":1},{"damage":0,"enemies":"Large Slime","floor":14,"turns":3},{"damage":6,"enemies":"Blue Slaver","floor":15,"turns":3},{"damage":18,"enemies":"DF_ARCHETYPE_STREAMLINE","floor":16,"turns":6}],"seed_played":"2967781066697203621","potions_obtained":[{"floor":2,"key":"AttackPotion"},{"floor":5,"key":"Energy Potion"},{"floor":9,"key":"champ:CounterPotion"},{"floor":13,"key":"bronze:BuildAFunctionPotion"}],"is_trial":false,"path_per_floor":["R","M","?","M","M","?","T","M","M","R","?","E","M","M","M","B"],"character_chosen":"THE_AUTOMATON","items_purchased":[],"campfire_rested":0,"item_purchase_floors":[],"current_hp_per_floor":[77,77,77,77,69,69,69,61,36,36,36,19,19,19,13,0,0,0],"gold":487,"neow_bonus":"TEN_PERCENT_HP_BONUS","is_daily":false,"chose_seed":false,"campfire_upgraded":1,"win_rate":0.0,"timestamp":1611761637,"path_taken":["R","M","?","M","M","?","T","M","?","R","?","E","?","M","M","BOSS"],"items_purchased_type":[],"build_version":"2020-12-22","purchased_purges":0,"victory":false,"max_hp_per_floor":[77,77,77,77,77,77,77,77,77,77,77,77,77,77,77,77,77,77],"card_choices":[{"not_picked":["bronze:CutThrough","bronze:Branch"],"picked":"bronze:Backtrace","floor":2},{"not_picked":["bronze:DigitalCarnage","bronze:WildBeam"],"picked":"bronze:Optimize","floor":4},{"not_picked":["bronze:DarkDash","bronze:Repulsor"],"picked":"bronze:FineTuning","floor":5},{"not_picked":["bronze:Frontload","bronze:Shield","bronze:NullPointer"],"picked":"SKIP","floor":8},{"not_picked":["bronze:ForceShield","bronze:Backtrace"],"picked":"bronze:Flail","floor":9},{"not_picked":["bronze:BronzeArmor","bronze:ChildClass"],"picked":"bronze:SpaghettiCode","floor":12},{"not_picked":["bronze:Overheat","bronze:Frontload"],"picked":"bronze:Return","floor":13},{"not_picked":["bronze:Flail","bronze:Boost"],"picked":"bronze:DigitalCarnage","floor":14},{"not_picked":["bronze:BugBarrage","bronze:Frontload","bronze:WhirlingStrike"],"picked":"SKIP","floor":15}],"player_experience":16680,"relics_obtained":[{"floor":7,"key":"Bottled Tornado"},{"floor":12,"key":"Lantern"}],"event_choices":[],"is_beta":false,"boss_relics":[],"items_purged_floors":[],"is_endless":false,"potions_floor_spawned":[2,5,9,12,13],"killed_by":"DF_ARCHETYPE_STREAMLINE","ascension_level":0}}