{"host":"gc0hqzwg2gd3zszy","time":1611744620,"event":{"mods":["BaseMod","DeckTracker","Minty Spire (QoL Compilation)","Relic Stats","SuperFastMode"],"gold_per_floor":[113,125,225,3,78,105,105,167,192,235,263,291,16,16,16],"floor_reached":14,"language":"KOR","playtime":349,"items_purged":["Strike_B"],"score":246,"play_id":"59dc4fce-1e07-487f-b6ee-1c4fa6df3ebd","local_time":"20210127195020","is_ascension_mode":true,"campfire_choices":[{"data":"Static Discharge","floor":7,"key":"SMITH"}],"circlet_count":0,"master_deck":["AscendersBane","Strike_B","Strike_B","Strike_B","Defend_B","Defend_B","Defend_B","Defend_B","Zap","Dualcast","Aggregate","Beam Cell","Stack","Go for the Eyes","Steam","Static Discharge+1","Gash","FTL","Chill","Steam Power","Aggregate","Capacitor","Coolheaded"],"relics":["Cracked Core","NeowsBlessing","Oddly Smooth Stone","MealTicket","MawBank","Dream Catcher","Membership Card"],"acts_visited":["Exordium"],"potions_floor_usage":[8,8,12,14],"damage_taken":[{"damage":0,"enemies":"2 Louse","floor":1,"turns":1},{"damage":0,"enemies":"Cultist","floor":2,"turns":1},{"damage":0,"enemies":"Gremlin Nob","floor":6,"turns":1},{"damage":22,"enemies":"3 Sentries","floor":8,"turns":4},{"damage":5,"enemies":"Lagavulin","floor":10,"turns":7},{"damage":0,"enemies":"Jaw Worm","floor":11,"turns":2},{"damage":6,"enemies":"2 Fungi Beasts","floor":12,"turns":2},{"damage":54,"enemies":"Gremlin Nob","floor":14,"turns":4}],"seed_played":"5162490129730351779","potions_obtained":[{"floor":1,"key":"Strength Potion"},{"floor":2,"key":"Dexterity Potion"},{"floor":10,"key":"Weak Potion"}],"is_trial":false,"path_per_floor":["M","M","?","$","T","E","R","?","T","E","M","M","$","E"],"character_chosen":"DEFECT","items_purchased":["Stack","Go for the Eyes","Steam","Static Discharge","Membership Card","Capacitor","Coolheaded","Block Potion"],"campfire_rested":0,"item_purchase_floors":[4,4,4,4,13,13,13,13],"current_hp_per_floor":[64,64,64,64,64,64,64,42,42,37,37,31,46,0,0],"gold":16,"neow_bonus":"THREE_ENEMY_KILL","is_daily":false,"chose_seed":false,"campfire_upgraded":1,"win_rate":0.0,"timestamp":1611744620,"path_taken":["M","M","?","?","?","E","R","?","T","E","M","?","$","E"],"items_purchased_type":["Card","Card","Card","Card","Relic","Card","Card","Potion"],"build_version":"2020-12-22","purchased_purges":1,"victory":false,"max_hp_per_floor":[71,71,71,71,71,71,71,71,71,71,71,71,71,71,71],"relic_stats":{"Dream Catcher":0,"counters":[8,22],"MealTicket":15,"MawBank":48,"obtain_stats":[{"Dream Catcher":10,"NeowsBlessing":0,"Oddly Smooth Stone":6,"MealTicket":8,"Membership Card":13,"Cracked Core":0,"MawBank":9},{"Dream Catcher":5,"NeowsBlessing":0,"Oddly Smooth Stone":3,"MealTicket":4,"Membership Card":7,"Cracked Core":0,"MawBank":4},{"Dream Catcher":14,"NeowsBlessing":0,"Oddly Smooth Stone":3,"MealTicket":7,"Membership Card":18,"Cracked Core":0,"MawBank":7}]},"card_choices":[{"not_picked":["Double Energy","Sweeping Beam"],"picked":"Aggregate","floor":1},{"not_picked":["Steam","Leap"],"picked":"Beam Cell","floor":2},{"not_picked":["Beam Cell","Steam"],"picked":"Gash","floor":6},{"not_picked":["Steam","Ball Lightning"],"picked":"FTL","floor":8},{"not_picked":["Cold Snap","Beam Cell"],"picked":"Chill","floor":10},{"not_picked":["Steam","Barrage"],"picked":"Steam Power","floor":11},{"not_picked":["Coolheaded","Ball Lightning"],"picked":"Aggregate","floor":12}],"player_experience":1364467,"relics_obtained":[{"floor":6,"key":"Oddly Smooth Stone"},{"floor":8,"key":"MealTicket"},{"floor":9,"key":"MawBank"},{"floor":10,"key":"Dream Catcher"}],"event_choices":[{"damage_healed":0,"gold_gain":100,"player_choice":"Gold","damage_taken":0,"max_hp_gain":0,"max_hp_loss":0,"event_name":"Wheel of Change","floor":3,"gold_loss":0},{"damage_healed":0,"gold_gain":0,"player_choice":"Searched \u00271\u0027 times","damage_taken":0,"max_hp_gain":0,"max_hp_loss":0,"event_name":"Dead Adventurer","floor":8,"gold_loss":0}],"is_beta":false,"boss_relics":[],"items_purged_floors":[13],"is_endless":false,"potions_floor_spawned":[1,2,10],"killed_by":"Gremlin Nob","ascension_level":20}}