{"host":"6xsbn6ynqlzwllfm","time":1611776250,"event":{"mods":["2.2 Compatiblity","BaseMod","Bestiary","Colored Map","Colored Powertips","Curses Come First","Highlight Path","Keyboard Shortcuts","Minty Spire (QoL Compilation)","Relic Stats","Slay the Relics Exporter","StSLib","SuperFastMode"],"gold_per_floor":[116,116,81,99,113,144,144,174,221,221,286,60,80,93,93,198,198,216,216,232,249,260,293,293,328,328,356,369,369,404,414,414,514,514,527,527,79,129,140,175,190,225,225,237,270,284,313,331,331,331,331,331,55,84,84],"floor_reached":56,"language":"ENG","playtime":3236,"items_purged":["Strike_P","Strike_P","Strike_P+1"],"score":1923,"play_id":"c9b9e49c-5b62-483f-bc90-31c1b13b8b58","local_time":"20210127143730","is_ascension_mode":true,"campfire_choices":[{"data":"ThirdEye","floor":7.0,"key":"SMITH"},{"data":"BattleHymn","floor":10.0,"key":"SMITH"},{"data":"Eruption","floor":15.0,"key":"SMITH"},{"data":"1","floor":24.0,"key":"LIFT"},{"floor":32.0,"key":"REST"},{"floor":49.0,"key":"RECALL"},{"data":"2","floor":52.0,"key":"LIFT"}],"circlet_count":0,"master_deck":["Defend_P+1","Defend_P","Defend_P","Defend_P","Eruption+1","Vigilance","Pray","ReachHeaven","Wallop","ThirdEye+1","BattleHymn+1","CarveReality","DevaForm","FollowUp","Vault","Wallop+1","JustLucky+1","Sanctity+1","TalkToTheHand+1","Consecrate","MasterReality","Omniscience","JustLucky","FlurryOfBlows+1","Crescendo+1","FlurryOfBlows+1","JustLucky","FlurryOfBlows+1","FollowUp+1","Prostrate+1","Prostrate+1"],"relics":["Sozu","Shuriken","PreservedInsect","Thread and Needle","Nunchaku","Black Star","Girya","Bottled Flame","Vajra","Lantern","Centennial Puzzle","Unceasing Top","Blue Candle","Gambling Chip","Darkstone Periapt","Coffee Dripper","Mango","Calipers","Dream Catcher","Eternal Feather","Happy Flower","StrikeDummy","Ice Cream","White Beast Statue","Potion Belt","Pocketwatch","Pantograph","Medical Kit","StoneCalendar","CaptainsWheel"],"acts_visited":["Exordium","TheCity","TheBeyond","TheEnding"],"potions_floor_usage":[],"damage_taken":[{"damage":4.0,"enemies":"Small Slimes","floor":1.0,"turns":4.0},{"damage":0.0,"enemies":"2 Louse","floor":4.0,"turns":2.0},{"damage":0.0,"enemies":"Cultist","floor":5.0,"turns":2.0},{"damage":13.0,"enemies":"Gremlin Nob","floor":6.0,"turns":4.0},{"damage":10.0,"enemies":"Lagavulin","floor":8.0,"turns":6.0},{"damage":1.0,"enemies":"3 Sentries","floor":11.0,"turns":4.0},{"damage":0.0,"enemies":"Large Slime","floor":13.0,"turns":3.0},{"damage":1.0,"enemies":"Blue Slaver","floor":14.0,"turns":3.0},{"damage":2.0,"enemies":"Hexaghost","floor":16.0,"turns":5.0},{"damage":6.0,"enemies":"3 Byrds","floor":18.0,"turns":5.0},{"damage":1.0,"enemies":"Shell Parasite","floor":20.0,"turns":6.0},{"damage":0.0,"enemies":"Snecko","floor":21.0,"turns":4.0},{"damage":5.0,"enemies":"Cultist and Chosen","floor":22.0,"turns":3.0},{"damage":16.0,"enemies":"Slavers","floor":23.0,"turns":4.0},{"damage":0.0,"enemies":"Gremlin Leader","floor":25.0,"turns":3.0},{"damage":18.0,"enemies":"Slavers","floor":27.0,"turns":3.0},{"damage":7.0,"enemies":"Snake Plant","floor":28.0,"turns":3.0},{"damage":0.0,"enemies":"Book of Stabbing","floor":30.0,"turns":4.0},{"damage":2.0,"enemies":"Shelled Parasite and Fungi","floor":31.0,"turns":3.0},{"damage":8.0,"enemies":"Champ","floor":33.0,"turns":7.0},{"damage":0.0,"enemies":"3 Shapes","floor":35.0,"turns":2.0},{"damage":0.0,"enemies":"Mind Bloom Boss Battle","floor":38.0,"turns":3.0},{"damage":0.0,"enemies":"Orb Walker","floor":39.0,"turns":2.0},{"damage":6.0,"enemies":"Giant Head","floor":40.0,"turns":3.0},{"damage":13.0,"enemies":"Writhing Mass","floor":41.0,"turns":4.0},{"damage":20.0,"enemies":"Nemesis","floor":42.0,"turns":3.0},{"damage":0.0,"enemies":"3 Darklings","floor":44.0,"turns":3.0},{"damage":0.0,"enemies":"Reptomancer","floor":45.0,"turns":3.0},{"damage":8.0,"enemies":"Spire Growth","floor":46.0,"turns":4.0},{"damage":0.0,"enemies":"Giant Head","floor":47.0,"turns":4.0},{"damage":4.0,"enemies":"4 Shapes","floor":48.0,"turns":4.0},{"damage":5.0,"enemies":"Donu and Deca","floor":50.0,"turns":4.0},{"damage":0.0,"enemies":"Shield and Spear","floor":54.0,"turns":3.0},{"damage":68,"enemies":"The Heart","floor":55,"turns":7}],"seed_played":"-2098837035024432256","potions_obtained":[],"is_trial":false,"path_per_floor":["M","?","?","M","M","E","R","E","T","R","?","$","M","M","R","B",null,"M","?","M","M","M","E","R","E","T","E","M","?","E","M","R","B",null,"M","?","$","?","M","E","M","E","T","M","E","M","E","M","R","B",null,"R","$","E","B",null],"character_chosen":"WATCHER","items_purchased":["Nunchaku","JustLucky","Mango","Medical Kit"],"campfire_rested":1,"item_purchase_floors":[12,37,37,53],"current_hp_per_floor":[61,47,65,65,65,52,52,42,42,42,41,41,41,40,40,38,64,58,58,57,57,52,36,36,36,36,18,11,11,11,9,30,22,60,60,60,74,74,74,68,55,35,35,35,35,27,27,23,41,61,80,86,86,86,18],"gold":84,"neow_bonus":"BOSS_RELIC","is_daily":false,"chose_seed":false,"campfire_upgraded":3,"win_rate":0.0,"timestamp":1611776250,"path_taken":["M","?","?","M","M","E","R","E","T","R","?","?","?","M","R","BOSS","M","?","M","M","M","E","R","E","T","E","M","?","E","?","R","BOSS","M","?","$","?","M","E","?","E","T","M","E","M","E","M","R","BOSS","R","$","E","BOSS"],"items_purchased_type":["Relic","Card","Relic","Relic"],"build_version":"2020-12-22","purchased_purges":3,"victory":true,"max_hp_per_floor":[72,72,72,72,72,72,72,72,72,72,72,72,72,72,72,72,72,72,72,72,72,72,72,72,72,72,72,72,72,72,72,72,72,72,72,72,86,86,86,86,86,86,86,86,86,86,86,86,86,86,86,86,86,86,86],"relic_stats":{"Darkstone Periapt":0,"Happy Flower":[10],"counters":[34,127],"Blue Candle":[0],"Eternal Feather":24,"StoneCalendar":[0],"PreservedInsect":620,"Medical Kit":[4],"Sozu":20,"Nunchaku":[38],"Centennial Puzzle":[33],"Dream Catcher":0,"Shuriken":[96],"Gambling Chip":[28],"Pantograph":25,"Black Star":9,"obtain_stats":[{"Darkstone Periapt":30,"Ice Cream":43,"Lantern":25,"Calipers":38,"Vajra":25,"Mango":37,"StoneCalendar":54,"Sozu":0,"Nunchaku":12,"Centennial Puzzle":26,"Dream Catcher":40,"Gambling Chip":30,"Pantograph":47,"Potion Belt":45,"Girya":23,"Happy Flower":42,"Blue Candle":27,"Thread and Needle":11,"Eternal Feather":40,"PreservedInsect":8,"Medical Kit":53,"White Beast Statue":45,"Bottled Flame":23,"CaptainsWheel":54,"Shuriken":6,"Black Star":17,"Coffee Dripper":34,"PureWater":0,"StrikeDummy":42,"Unceasing Top":27,"Pocketwatch":47},{"Darkstone Periapt":18,"Ice Cream":26,"Lantern":15,"Calipers":22,"Vajra":15,"Mango":21,"StoneCalendar":33,"Sozu":0,"Nunchaku":6,"Centennial Puzzle":15,"Dream Catcher":24,"Gambling Chip":18,"Pantograph":30,"Potion Belt":28,"Girya":14,"Happy Flower":26,"Blue Candle":16,"Thread and Needle":5,"Eternal Feather":24,"PreservedInsect":5,"Medical Kit":32,"White Beast Statue":28,"Bottled Flame":14,"CaptainsWheel":33,"Shuriken":4,"Black Star":9,"Coffee Dripper":20,"PureWater":0,"StrikeDummy":26,"Unceasing Top":16,"Pocketwatch":30},{"Darkstone Periapt":68,"Ice Cream":95,"Lantern":58,"Calipers":83,"Vajra":58,"Mango":80,"StoneCalendar":120,"Sozu":0,"Nunchaku":22,"Centennial Puzzle":58,"Dream Catcher":88,"Gambling Chip":68,"Pantograph":109,"Potion Belt":101,"Girya":55,"Happy Flower":95,"Blue Candle":61,"Thread and Needle":18,"Eternal Feather":88,"PreservedInsect":18,"Medical Kit":117,"White Beast Statue":101,"Bottled Flame":55,"CaptainsWheel":120,"Shuriken":12,"Black Star":33,"Coffee Dripper":78,"PureWater":0,"StrikeDummy":95,"Unceasing Top":61,"Pocketwatch":109}],"Unceasing Top":[83],"Pocketwatch":[0]},"card_choices":[{"not_picked":["SashWhip","ClearTheMind"],"picked":"Pray","floor":1.0},{"not_picked":["BowlingBash","Consecrate"],"picked":"ReachHeaven","floor":4.0},{"not_picked":["EmptyFist","EmptyBody"],"picked":"Wallop","floor":5.0},{"not_picked":["Prostrate","CrushJoints"],"picked":"ThirdEye","floor":6.0},{"not_picked":["DeceiveReality","SandsOfTime"],"picked":"BattleHymn","floor":8.0},{"not_picked":["Evaluate","EmptyMind"],"picked":"CarveReality","floor":11.0},{"not_picked":["Nirvana","FlyingSleeves"],"picked":"DevaForm","floor":13.0},{"not_picked":["EmptyFist","Consecrate"],"picked":"FollowUp","floor":14.0},{"not_picked":["Establishment","LessonLearned"],"picked":"Vault","floor":16.0},{"not_picked":["Protect","ReachHeaven+1"],"picked":"Wallop+1","floor":18.0},{"not_picked":["EmptyFist+1","FlurryOfBlows"],"picked":"JustLucky+1","floor":20.0},{"not_picked":["JustLucky","Wireheading"],"picked":"Sanctity+1","floor":21.0},{"not_picked":["FlyingSleeves","ThirdEye"],"picked":"TalkToTheHand+1","floor":22.0},{"not_picked":["CrushJoints","Perseverance","Wallop"],"picked":"SKIP","floor":23.0},{"not_picked":["Alpha","SignatureMove+1","InnerPeace"],"picked":"SKIP","floor":25.0},{"not_picked":["PathToVictory+1","ReachHeaven"],"picked":"Consecrate","floor":27.0},{"not_picked":["WheelKick","ThirdEye"],"picked":"MasterReality","floor":31.0},{"not_picked":["SpiritShield","DevaForm"],"picked":"Omniscience","floor":33.0},{"not_picked":["Protect","BowlingBash+1","ThirdEye"],"picked":"SKIP","floor":35.0},{"not_picked":["Protect+1","Perseverance"],"picked":"FlurryOfBlows+1","floor":38.0},{"not_picked":["ForeignInfluence","Evaluate"],"picked":"Crescendo+1","floor":39.0},{"not_picked":["PathToVictory+1","Blasphemy"],"picked":"FlurryOfBlows+1","floor":40.0},{"not_picked":["ClearTheMind","Consecrate"],"picked":"JustLucky","floor":41.0},{"not_picked":["Sanctity","FearNoEvil","FlurryOfBlows"],"picked":"SKIP","floor":44.0},{"not_picked":["Scrawl","Evaluate+1"],"picked":"FlurryOfBlows+1","floor":45.0},{"not_picked":["EmptyBody+1","BowlingBash"],"picked":"FollowUp+1","floor":46.0},{"not_picked":["Halt+1","FollowUp"],"picked":"Prostrate+1","floor":48.0},{"not_picked":["FollowUp","Evaluate+1"],"picked":"Prostrate+1","floor":54.0}],"player_experience":1168096,"relics_obtained":[{"floor":6.0,"key":"Shuriken"},{"floor":8.0,"key":"PreservedInsect"},{"floor":23.0,"key":"Girya"},{"floor":23.0,"key":"Bottled Flame"},{"floor":25.0,"key":"Vajra"},{"floor":25.0,"key":"Lantern"},{"floor":26.0,"key":"Centennial Puzzle"},{"floor":27.0,"key":"Unceasing Top"},{"floor":27.0,"key":"Blue Candle"},{"floor":30.0,"key":"Gambling Chip"},{"floor":30.0,"key":"Darkstone Periapt"},{"floor":38.0,"key":"Calipers"},{"floor":40.0,"key":"Dream Catcher"},{"floor":40.0,"key":"Eternal Feather"},{"floor":42.0,"key":"Happy Flower"},{"floor":42.0,"key":"StrikeDummy"},{"floor":43.0,"key":"Ice Cream"},{"floor":45.0,"key":"White Beast Statue"},{"floor":45.0,"key":"Potion Belt"},{"floor":47.0,"key":"Pocketwatch"},{"floor":47.0,"key":"Pantograph"},{"floor":54.0,"key":"StoneCalendar"},{"floor":54.0,"key":"CaptainsWheel"}],"event_choices":[{"damage_healed":0.0,"max_hp_gain":0.0,"max_hp_loss":0.0,"gold_gain":0.0,"event_name":"Shining Light","player_choice":"Entered Light","floor":2.0,"gold_loss":0.0,"damage_taken":14.0,"cards_upgraded":["Strike_P","Defend_P"]},{"damage_healed":18.0,"max_hp_gain":0.0,"max_hp_loss":0.0,"gold_gain":0.0,"event_name":"The Cleric","player_choice":"Healed","floor":3.0,"gold_loss":35.0,"damage_taken":0.0},{"damage_healed":0.0,"max_hp_gain":0.0,"max_hp_loss":0.0,"gold_gain":30.0,"event_name":"Dead Adventurer","player_choice":"Searched \u00273\u0027 times","floor":11.0,"gold_loss":0.0,"damage_taken":0.0,"relics_obtained":["Thread and Needle"]},{"damage_healed":0.0,"max_hp_gain":0.0,"max_hp_loss":0.0,"gold_gain":0.0,"event_name":"Vampires","player_choice":"Ignored","floor":19.0,"gold_loss":0.0,"damage_taken":0.0},{"damage_healed":0.0,"max_hp_gain":0.0,"max_hp_loss":0.0,"gold_gain":0.0,"event_name":"Lab","player_choice":"Got Potions","floor":29.0,"gold_loss":0.0,"damage_taken":0.0},{"cards_removed":["Strike_P"],"damage_healed":0.0,"max_hp_gain":0.0,"max_hp_loss":0.0,"gold_gain":0.0,"event_name":"Falling","player_choice":"Removed Attack","floor":36.0,"gold_loss":0.0,"damage_taken":0.0},{"damage_healed":0.0,"max_hp_gain":0.0,"max_hp_loss":0.0,"gold_gain":0.0,"event_name":"MindBloom","player_choice":"Fight","floor":38.0,"gold_loss":0.0,"damage_taken":0.0}],"is_beta":false,"boss_relics":[{"not_picked":["VioletLotus","Fusion Hammer"],"picked":"Black Star"},{"not_picked":["SacredBark","Runic Dome"],"picked":"Coffee Dripper"}],"items_purged_floors":[12,37,53],"is_endless":false,"potions_floor_spawned":[5,8,11,13,18,22,25,27,30,31,39,40,42,46,47,48,54],"ascension_level":7}}