{"host":"Mute","time":1611779380,"event":{"mods":["BaseMod","Colored Map","Downfall","Minty Spire (QoL Compilation)","StSLib"],"gold_per_floor":[99,117,137,137,153,180,180,197,217,247,308,218,246,274,287,390,390,390,402,412,512,527,527,527,527,527,527],"floor_reached":25,"language":"ENG","playtime":2794,"items_purged":["hexamod:GhostOfSpirePast"],"score":248,"play_id":"23e7d0e1-8927-40ae-8995-85df9c5abf24","local_time":"20210127152940","is_ascension_mode":false,"campfire_choices":[{"data":"hexamod:BacktrackSmack","floor":1,"key":"SMITH"},{"data":"hexamod:FastForward","floor":18,"key":"SMITH"}],"circlet_count":0,"master_deck":["hexamod:Sear","hexamod:Float","hexamod:BacktrackSmack+1","hexamod:SwordOfDarkness","hexamod:GhostOfSpirePast","hexamod:FastForward+1","hexamod:CatchUp","hexamod:GhostOfSpirePresent","hexamod:EmpoweredFlame","Ghostly","Ghostly","Ghostly","hexamod:CouncilsJustice","hexamod:CouncilsJustice","hexamod:CouncilsJustice"],"relics":["hexamod:SpiritBrand","Incense Burner","Kunai","Centennial Puzzle","Toy Ornithopter","Unceasing Top","Odd Mushroom","Black Star"],"acts_visited":["Exordium","TheCity"],"potions_floor_usage":[22],"damage_taken":[{"damage":1,"enemies":"Jaw Worm","floor":2,"turns":3},{"damage":0,"enemies":"Small Slimes","floor":3,"turns":3},{"damage":0,"enemies":"Cultist","floor":5,"turns":2},{"damage":11,"enemies":"3 Sentries","floor":6,"turns":7},{"damage":9,"enemies":"2 Fungi Beasts","floor":8,"turns":2},{"damage":7,"enemies":"Blue Slaver","floor":9,"turns":2},{"damage":0,"enemies":"Gremlin Nob","floor":10,"turns":3},{"damage":7,"enemies":"3 Sentries","floor":11,"turns":8},{"damage":0,"enemies":"downfall:FleeingMerchant","floor":12,"turns":4},{"damage":8,"enemies":"3 Sentries","floor":13,"turns":8},{"damage":13,"enemies":"The Mushroom Lair","floor":14,"turns":3},{"damage":1,"enemies":"Large Slime","floor":15,"turns":4},{"damage":11,"enemies":"IC_STATUS_ARCHETYPE","floor":16,"turns":9},{"damage":7,"enemies":"Shell Parasite","floor":19,"turns":6},{"damage":24,"enemies":"Snecko","floor":20,"turns":7},{"damage":26,"enemies":"Shelled Parasite and Fungi","floor":22,"turns":7},{"damage":24,"enemies":"Chosen and Byrds","floor":25,"turns":6}],"seed_played":"5900690323404752112","potions_obtained":[{"floor":8,"key":"EssenceOfSteel"},{"floor":13,"key":"hexamod:SoulburnPotion"},{"floor":14,"key":"SkillPotion"}],"is_trial":false,"path_per_floor":["R","M","M","?","M","E","T","M","M","E","?","$","E","?","M","B",null,"R","M","M","?","M","?","T","M"],"character_chosen":"THE_SPIRIT","items_purchased":[],"campfire_rested":0,"item_purchase_floors":[],"current_hp_per_floor":[70,69,69,69,69,58,58,49,42,42,35,35,27,14,13,2,70,70,63,39,39,18,18,18,0,0,0],"gold":527,"neow_bonus":"THREE_CARDS","is_daily":false,"chose_seed":false,"campfire_upgraded":2,"win_rate":0.0,"timestamp":1611779380,"path_taken":["R","M","M","?","M","E","T","M","M","E","?","$","E","?","M","BOSS","R","M","M","?","?","?","T","M"],"items_purchased_type":[],"build_version":"2020-12-18","purchased_purges":1,"victory":false,"max_hp_per_floor":[70,70,70,70,70,70,70,70,70,70,70,70,70,70,70,70,70,70,70,70,70,70,35,35,35,35,35],"card_choices":[{"not_picked":["hexamod:FlamesFromBeyond","hexamod:SpectersWail"],"picked":"hexamod:BacktrackSmack","floor":0},{"not_picked":["hexamod:SuperheatedStrike","hexamod:InspiringFlames"],"picked":"hexamod:SwordOfDarkness","floor":2},{"not_picked":["hexamod:SpectersWail","hexamod:GhostflameBarrier","hexamod:HauntingEcho"],"picked":"SKIP","floor":3},{"not_picked":["hexamod:GhostLash","hexamod:SuperheatedStrike"],"picked":"hexamod:GhostOfSpirePast","floor":5},{"not_picked":["hexamod:GhostOfSpireFuture","hexamod:ShieldOfDarkness","hexamod:Toasty"],"picked":"SKIP","floor":6},{"not_picked":["hexamod:Hexaguard","hexamod:HeatMetal"],"picked":"hexamod:GhostOfSpirePast","floor":8},{"not_picked":["hexamod:HeatMetal","hexamod:Firestarter","hexamod:SuperheatedStrike"],"picked":"SKIP","floor":9},{"not_picked":["hexamod:HexaLevel","hexamod:Incineration","hexamod:FlamesFromBeyond"],"picked":"SKIP","floor":10},{"not_picked":["hexamod:GhostShield","hexamod:HeatCrush"],"picked":"hexamod:FastForward","floor":11},{"not_picked":["hexamod:BurningTouch","hexamod:HeatMetal","hexamod:SwordOfDarkness"],"picked":"SKIP","floor":12},{"not_picked":["hexamod:FourthSeal","hexamod:RadiantFlame","hexamod:RainOfEmbers"],"picked":"SKIP","floor":13},{"not_picked":["hexamod:RainOfEmbers","hexamod:HexaLevel"],"picked":"hexamod:CatchUp","floor":14},{"not_picked":["hexamod:GhostLash","hexamod:SwordOfDarkness","hexamod:GhostShield"],"picked":"SKIP","floor":15},{"not_picked":["hexamod:UnlimitedPower","hexamod:GhostflameInferno"],"picked":"hexamod:GhostOfSpirePresent","floor":16},{"not_picked":["hexamod:SpectersWail","hexamod:BurningTouch"],"picked":"hexamod:EmpoweredFlame","floor":19},{"not_picked":["hexamod:SwordOfDarkness","hexamod:HauntingEcho","hexamod:NightmareStrike+1"],"picked":"SKIP","floor":20},{"not_picked":["hexamod:HeatCrush","hexamod:SpectralAdrenaline","hexamod:SpectralSpark"],"picked":"SKIP","floor":22}],"player_experience":519313,"relics_obtained":[{"floor":6,"key":"Incense Burner"},{"floor":7,"key":"Kunai"},{"floor":10,"key":"Centennial Puzzle"},{"floor":11,"key":"Toy Ornithopter"},{"floor":13,"key":"Unceasing Top"},{"floor":14,"key":"Odd Mushroom"}],"event_choices":[{"damage_healed":0,"gold_gain":0,"player_choice":"Fought Mushrooms","damage_taken":0,"max_hp_gain":0,"max_hp_loss":0,"event_name":"Mushrooms","floor":14,"gold_loss":0}],"is_beta":true,"boss_relics":[{"not_picked":["Fusion Hammer","Snecko Eye"],"picked":"Black Star"}],"items_purged_floors":[12],"is_endless":false,"potions_floor_spawned":[8,13,14,15,19],"killed_by":"Chosen and Byrds","ascension_level":0}}