{"host":"jhywql2x2v3ppvhm","time":1611772568,"event":{"mods":["BaseMod","Colored Map","Colored Powertips","Downfall","Googly Eyes","Hermit","Marisa????????","Minty Spire (QoL Compilation)","Rare Cards Sparkle","Slay the Relics Exporter","StSLib","The Animator","The Bug Knight","The Cursed","The Disciple","The Necromancer","The Runesmith","The Servant 0.9.4","slay the spire mod where everything is the same but ironclad has a cowboy hat"],"gold_per_floor":[99,274,374,649,661,561,608,623,642,671,471,491,491,41,54,158,158,158,158,158,172,224,224,224,424,424,444,464,110,141,141,155,253,253,253,267,280,299,311,311,336,142,156,184,184,200,150,200,213,213,213,245,5,5,5,5,5,5],"floor_reached":56,"language":"ENG","playtime":4433,"items_purged":["Regret","Doubt","Slimebound:Strike_Slimebound","downfall:Bewildered","Slimebound:Defend_Slimebound"],"score":1070,"play_id":"0dd8282e-ddf5-4e3e-873f-81ac7382dac7","local_time":"20210127133608","is_ascension_mode":false,"campfire_choices":[{"floor":1,"key":"RECALL"},{"data":"Slimebound:CorrosiveSpit","floor":6,"key":"SMITH"},{"data":"Slimebound:RejuvenatingLick","floor":11,"key":"SMITH"},{"data":"Slimebound:RejuvenatingLick","floor":18,"key":"SMITH"},{"data":"expansioncontent:QuickStudy","floor":23,"key":"SMITH"},{"data":"Slimebound:SplitSpecialist","floor":26,"key":"SMITH"},{"data":"1","floor":35,"key":"LIFT"},{"floor":54,"key":"REST"}],"circlet_count":0,"master_deck":["Slimebound:Strike_Slimebound","Slimebound:Strike_Slimebound","Slimebound:Tackle+1","Slimebound:Defend_Slimebound","Slimebound:Defend_Slimebound","Slimebound:Defend_Slimebound","Slimebound:Split","Slimebound:CorrosiveSpit+1","Slimebound:Gluttony","Slimebound:RejuvenatingLick+1","Slimebound:LeechingTouch","Slimebound:SplitSpecialist+1","Slimebound:Equalize","Slimebound:TongueLash","Slimebound:RejuvenatingLick+1","expansioncontent:QuickStudy+1","Slimebound:RejuvenatingLick+1","Slimebound:GoopSpray","Slimebound:MassFeed+1","CurseOfTheBell","Slimebound:Schlurp+1","Slimebound:RainOfGoop","Slimebound:LeechLife","Slimebound:Dissolve","Slimebound:Schlurp","Slimebound:DouseInSlime","Slimebound:Schlurp+1","Slimebound:SamplingLick+1","Slimebound:Repurpose+1","expansioncontent:StudyTheSpire","Slimebound:FormOfPuddle+1","Slimebound:TagTeam"],"relics":["Slimebound:AbsorbEndCombat","downfall:HeartBlessingRed","Runesmith:AutoHammer","downfall:HeartBlessingGreen","downfall:HeartBlessingBlue","DollysMirror","Calling Bell","Oddly Smooth Stone","HollowMod:LifeEnderRelic","TungstenRod","Enchiridion","sneckomod:BabySnecko","Regal Pillow","Slimebound:MaxSlimesRelic","Lee\u0027s Waffle","Smiling Mask","Girya","Runic Pyramid","Whetstone","HollowMod:PaleOreRelic","Slimebound:AggressiveSlimeRelic","Kunai","Lizard Tail","Du-Vu Doll","Pantograph"],"acts_visited":["Exordium","TheCity","TheBeyond","TheEnding"],"potions_floor_usage":[10,10,15,33,33,38,44,49,50,50],"damage_taken":[{"damage":7,"enemies":"Small Slimes","floor":5,"turns":3},{"damage":4,"enemies":"2 Louse","floor":8,"turns":2},{"damage":4,"enemies":"Cultist","floor":9,"turns":3},{"damage":34,"enemies":"Gremlin Nob","floor":10,"turns":4},{"damage":8,"enemies":"2 Fungi Beasts","floor":12,"turns":3},{"damage":6,"enemies":"downfall:FleeingMerchant","floor":14,"turns":4},{"damage":3,"enemies":"Exordium Wildlife","floor":15,"turns":4},{"damage":28,"enemies":"IC_STATUS_ARCHETYPE","floor":16,"turns":5},{"damage":8,"enemies":"Chosen","floor":21,"turns":3},{"damage":13,"enemies":"Sentry and Sphere","floor":27,"turns":5},{"damage":8,"enemies":"Snake Plant","floor":28,"turns":3},{"damage":0,"enemies":"downfall:FleeingMerchant","floor":29,"turns":4},{"damage":2,"enemies":"Slavers","floor":30,"turns":2},{"damage":7,"enemies":"Snecko","floor":32,"turns":5},{"damage":44,"enemies":"WA_ARCHETYPE_CALM","floor":33,"turns":9},{"damage":6,"enemies":"Orb Walker","floor":36,"turns":2},{"damage":2,"enemies":"3 Shapes","floor":37,"turns":3},{"damage":47,"enemies":"Spire Growth","floor":38,"turns":4},{"damage":6,"enemies":"downfall:FleeingMerchant","floor":39,"turns":4},{"damage":6,"enemies":"3 Darklings","floor":43,"turns":6},{"damage":0,"enemies":"Nemesis","floor":44,"turns":5},{"damage":24,"enemies":"Spire Growth","floor":46,"turns":5},{"damage":9,"enemies":"Spire Growth","floor":48,"turns":4},{"damage":0,"enemies":"4 Shapes","floor":49,"turns":5},{"damage":124,"enemies":"DF_ARCHETYPE_ORBS","floor":50,"turns":12},{"damage":200,"enemies":"downfall:CharBossMerchant","floor":52,"turns":10},{"damage":73,"enemies":"downfall:NeowBoss","floor":55,"turns":13},{"damage":113,"enemies":"downfall:NeowBossFinal","floor":56,"turns":8}],"seed_played":"2877261235149717864","potions_obtained":[{"floor":5,"key":"Block Potion"},{"floor":9,"key":"FearPotion"},{"floor":15,"key":"Fruit Juice"},{"floor":16,"key":"Weak Potion"},{"floor":21,"key":"Explosive Potion"},{"floor":27,"key":"ColorlessPotion"},{"floor":37,"key":"FairyPotion"},{"floor":44,"key":"BlessingOfTheForge"},{"floor":49,"key":"Block Potion"}],"is_trial":false,"path_per_floor":["R","?","?","?","M","R","T","M","M","E","R","M","?","$","M","B",null,"R","?","?","M","T","R","T","?","R","M","M","$","E","T","M","B",null,"R","M","M","M","$","?","T","$","M","E","?","M","$","?","M","B",null,"E","$","R","B","B"],"character_chosen":"SLIMEBOUND","items_purchased":["Slimebound:RejuvenatingLick","expansioncontent:QuickStudy","DollysMirror","Slimebound:Dissolve","Slimebound:Schlurp","Lee\u0027s Waffle","Whetstone","DistilledChaos","Energy Potion","Slimebound:AggressiveSlimeRelic","Pantograph"],"campfire_rested":1,"item_purchase_floors":[14,14,14,29,29,29,39,39,39,42,53],"current_hp_per_floor":[71,71,71,71,68,68,68,66,66,34,44,40,40,44,52,40,86,86,71,71,69,69,69,69,69,69,60,62,93,93,93,88,61,96,96,92,99,56,66,66,66,66,87,101,101,95,95,92,107,25,107,53,53,100,44,0,0,0],"gold":5,"neow_bonus":"TEN_PERCENT_HP_BONUS","is_daily":false,"chose_seed":false,"campfire_upgraded":5,"win_rate":0.0,"timestamp":1611772568,"path_taken":["R","?","?","?","?","R","T","M","M","E","R","M","?","?","M","BOSS","R","?","?","M","?","R","T","?","R","M","?","$","E","?","M","BOSS","R","M","M","M","$","?","T","$","M","E","?","?","$","?","M","BOSS","E","$","R","BOSS","BOSS"],"items_purchased_type":["Card","Card","Relic","Card","Card","Relic","Relic","Potion","Potion","Relic","Relic"],"build_version":"2020-12-22","purchased_purges":5,"victory":false,"max_hp_per_floor":[71,71,71,71,71,71,71,71,71,71,81,81,81,81,86,86,86,86,86,86,86,86,86,86,86,86,86,86,93,93,93,93,96,96,96,96,99,99,99,99,99,99,103,103,103,103,103,103,107,107,107,107,107,107,107,107,107,107],"card_choices":[{"not_picked":["Slimebound:DivideAndConquer","Slimebound:LevelUp"],"picked":"Slimebound:Gluttony","floor":5},{"not_picked":["Slimebound:SpikyOuterGoop","Slimebound:Replication"],"picked":"Slimebound:RejuvenatingLick","floor":8},{"not_picked":["Slimebound:FinishingTackle","Slimebound:LeadByExample"],"picked":"Slimebound:LeechingTouch","floor":9},{"not_picked":["Slimebound:GrowthPunch","Slimebound:SplitAcid"],"picked":"Slimebound:SplitSpecialist","floor":10},{"not_picked":["Slimebound:SplitMire","Slimebound:LeechingTouch"],"picked":"Slimebound:Equalize","floor":12},{"not_picked":["Slimebound:Chomp","Slimebound:FlameTackle"],"picked":"Slimebound:TongueLash","floor":14},{"not_picked":["Slimebound:ComboTackle","Slimebound:SlimeSpikes"],"picked":"Slimebound:GoopSpray","floor":15},{"not_picked":["Slimebound:MinionMaster","Slimebound:WasteNot"],"picked":"Slimebound:MassFeed","floor":16},{"not_picked":["Slimebound:GoopSpray","Slimebound:LeadByExample"],"picked":"Slimebound:Schlurp+1","floor":21},{"not_picked":["Slimebound:SplitMire","Slimebound:LeechingTouch"],"picked":"Slimebound:RainOfGoop","floor":27},{"not_picked":["Slimebound:ForwardTackle","Slimebound:SpikyOuterGoop","Slimebound:ComboTackle"],"picked":"SKIP","floor":28},{"not_picked":["Slimebound:SlimeBrawl+1","Slimebound:SplitMire"],"picked":"Slimebound:LeechLife","floor":29},{"not_picked":["Slimebound:SlimeBrawl","Slimebound:ComboTackle","Slimebound:SplitSpecialist+1"],"picked":"SKIP","floor":30},{"not_picked":["Slimebound:FinishingTackle+1","Slimebound:LeadByExample","Slimebound:SplitMire+1"],"picked":"SKIP","floor":32},{"not_picked":["Slimebound:OozeBath","Slimebound:FirmFortitude"],"picked":"Slimebound:DouseInSlime","floor":33},{"not_picked":["Slimebound:SplitMire+1","Slimebound:SlimeSpikes+1","Slimebound:SplitAcid+1"],"picked":"SKIP","floor":36},{"not_picked":["Slimebound:FinishingTackle","Slimebound:SlimeSpikes"],"picked":"Slimebound:Schlurp+1","floor":37},{"not_picked":["Slimebound:GrowthPunch+1","Slimebound:SplitMire+1"],"picked":"Slimebound:SamplingLick+1","floor":38},{"not_picked":["Slimebound:ComboTackle","Slimebound:DisruptingSlam"],"picked":"Slimebound:Repurpose+1","floor":39},{"not_picked":["expansioncontent:AwakenDeath","expansioncontent:Chronoboost"],"picked":"expansioncontent:StudyTheSpire","floor":40},{"not_picked":["Slimebound:LevelUp+1","Slimebound:GoopTackle","Slimebound:OozeBath"],"picked":"SKIP","floor":43},{"not_picked":["Slimebound:BestDefense","Slimebound:LeechingTouch+1"],"picked":"Slimebound:FormOfPuddle+1","floor":44},{"not_picked":["Slimebound:ForwardTackle","Slimebound:Prepare","Slimebound:LeechingTouch"],"picked":"SKIP","floor":46},{"not_picked":["Slimebound:Dissolve+1","Slimebound:GoopTackle","Slimebound:GoopSpray+1"],"picked":"SKIP","floor":49},{"not_picked":["Slimebound:ViciousTackle","Slimebound:LeadByExample","Slimebound:HauntingLick"],"picked":"SKIP","floor":52}],"player_experience":174343,"relics_obtained":[{"floor":10,"key":"Runesmith:AutoHammer"},{"floor":17,"key":"Oddly Smooth Stone"},{"floor":17,"key":"HollowMod:LifeEnderRelic"},{"floor":17,"key":"TungstenRod"},{"floor":19,"key":"Enchiridion"},{"floor":22,"key":"Regal Pillow"},{"floor":24,"key":"Slimebound:MaxSlimesRelic"},{"floor":30,"key":"Smiling Mask"},{"floor":31,"key":"Girya"},{"floor":41,"key":"HollowMod:PaleOreRelic"},{"floor":44,"key":"Kunai"},{"floor":48,"key":"Lizard Tail"},{"floor":52,"key":"Du-Vu Doll"}],"event_choices":[],"is_beta":false,"boss_relics":[{"not_picked":["Fusion Hammer","Runic Dome"],"picked":"Calling Bell"},{"not_picked":["SlaversCollar","Cursed Key"],"picked":"Runic Pyramid"}],"items_purged_floors":[14,29,39,42,47],"is_endless":false,"potions_floor_spawned":[5,9,15,16,21,27,32,37,43,44,48,49],"killed_by":"downfall:NeowBossFinal","ascension_level":0}}