{"host":"Ringo","time":1611753936,"event":{"mods":["BaseMod","Colored Map","Conspire","Dota2Spire","Minty Spire (QoL Compilation)","Replay The Spire","StSLib","[IsaacMod]ÒÔÈö¼âËþ","¡¾ÒÅÎï¿¨ÅÆ¡¿REMEMod"],"gold_per_floor":[119,135,150,150,174,208,238,270,325,354,388,445,471,503,503,581,581],"floor_reached":16,"language":"ZHS","playtime":530,"items_purged":[],"score":832,"play_id":"c1231fe9-bfc1-4485-b7ab-3ba5fee0a61e","local_time":"20210127212536","daily_mods":["Draft","Vintage","Diverse","Heirloom","Time Dilation","Flight","DeadlyEvents","Elite Swarm","Lethality","Binary"],"is_ascension_mode":true,"campfire_choices":[{"data":"Terror","floor":15,"key":"SMITH"}],"circlet_count":0,"master_deck":["AscendersBane","Backflip","Clash","Heavy Blade","Pray","BowlingBash","Cleave","Replay:BluntJabs","Protect","FearNoEvil","Halt","Acrobatics","Prostrate","Terror+1","Dash","JustLucky","Endless Agony"],"relics":["Burning Blood","Busted Crown","HushsDoor","REME_ComplimentaryCards","replay:Trail_Library","conspire:GlowingRock","SatanicBible","White Beast Statue","Replay:Mystery Machine","Mercury Hourglass","Potion Belt","PreservedInsect","Toxic Egg 2","Ornamental Fan","Gremlin Food","Orichalcum","REME_HandOfSuture","Centennial Puzzle","Boot","DoctorsRemote","Lantern","Dream Catcher"],"acts_visited":["Exordium"],"potions_floor_usage":[10,11,11,11,12,16,16,16],"damage_taken":[{"damage":0,"enemies":"Cultist","floor":1,"turns":1},{"damage":0,"enemies":"Jaw Worm","floor":2,"turns":1},{"damage":0,"enemies":"2 Louse","floor":3,"turns":1},{"damage":0,"enemies":"Gremlin Nob","floor":6,"turns":2},{"damage":0,"enemies":"Lagavulin","floor":7,"turns":2},{"damage":0,"enemies":"Gremlin Nob","floor":8,"turns":1},{"damage":0,"enemies":"Replay:BlueRogue","floor":10,"turns":2},{"damage":0,"enemies":"3 Sentries","floor":11,"turns":2},{"damage":0,"enemies":"Gremlin Nob","floor":12,"turns":1},{"damage":0,"enemies":"Lagavulin","floor":13,"turns":2},{"damage":0,"enemies":"Gremlin Nob","floor":14,"turns":2},{"damage":30,"enemies":"Hexaghost","floor":16,"turns":2}],"seed_played":"3293342997912064166","potions_obtained":[{"floor":2,"key":"Ancient Potion"},{"floor":3,"key":"Block Potion"},{"floor":6,"key":"PowerPotion"},{"floor":7,"key":"Weak Potion"},{"floor":10,"key":"SkillPotion"},{"floor":11,"key":"REME_GoldPotion"},{"floor":12,"key":"Dota2Spire:Clarity"},{"floor":13,"key":"Strength Potion"},{"floor":14,"key":"SkillPotion"},{"floor":16,"key":"LifebloodPotion"}],"is_trial":true,"path_per_floor":["M","M","M","$","T","E","E","E","T","E","E","E","E","E","R","B"],"character_chosen":"IRONCLAD","items_purchased":[],"campfire_rested":0,"item_purchase_floors":[],"current_hp_per_floor":[74,75,75,75,75,75,75,75,75,75,75,75,75,75,75,51,51],"gold":581,"neow_bonus":"","is_daily":false,"chose_seed":false,"campfire_upgraded":1,"win_rate":0.0,"timestamp":1611753936,"path_taken":["M","M","M","?","?","E","E","E","T","E","E","E","E","E","R","BOSS"],"items_purchased_type":[],"build_version":"2020-12-18","purchased_purges":0,"victory":false,"max_hp_per_floor":[75,75,75,75,75,75,75,75,75,75,75,75,75,75,75,75,75],"card_choices":[{"not_picked":["Replay:AtTheReady","Quick Slash"],"picked":"Backflip","floor":0},{"not_picked":["Collect","Replay:Anticipation"],"picked":"Clash","floor":0},{"not_picked":["Steam","Outmaneuver"],"picked":"Heavy Blade","floor":0},{"not_picked":["Outmaneuver","Flechettes"],"picked":"Pray","floor":0},{"not_picked":["Toxin Wave","True Grit"],"picked":"BowlingBash","floor":0},{"not_picked":["Replay:Undeath\u0027s Touch","Protect"],"picked":"Cleave","floor":0},{"not_picked":["Study","Draining Mist"],"picked":"Replay:BluntJabs","floor":0},{"not_picked":["LikeWater","ReplayTheSpireMod:Shiv Toss"],"picked":"Protect","floor":0},{"not_picked":["Backflip","ClearTheMind"],"picked":"FearNoEvil","floor":0},{"not_picked":["Panic Button","Turbo"],"picked":"Halt","floor":0},{"not_picked":["Nirvana","DeceiveReality"],"picked":"Acrobatics","floor":0},{"not_picked":["Acrobatics","Blade Dance"],"picked":"Prostrate","floor":0},{"not_picked":["Deadly Poison","Concentrate"],"picked":"Terror","floor":0},{"not_picked":["Prostrate","CutThroughFate"],"picked":"Dash","floor":0},{"not_picked":["Expertise","Flying Knee"],"picked":"JustLucky","floor":0}],"player_experience":572783,"relics_obtained":[{"floor":1,"key":"White Beast Statue"},{"floor":2,"key":"Replay:Mystery Machine"},{"floor":3,"key":"Mercury Hourglass"},{"floor":5,"key":"Potion Belt"},{"floor":6,"key":"PreservedInsect"},{"floor":7,"key":"Toxic Egg 2"},{"floor":8,"key":"Ornamental Fan"},{"floor":9,"key":"Gremlin Food"},{"floor":10,"key":"Orichalcum"},{"floor":11,"key":"REME_HandOfSuture"},{"floor":12,"key":"Centennial Puzzle"},{"floor":13,"key":"Boot"},{"floor":14,"key":"DoctorsRemote"}],"event_choices":[],"is_beta":true,"boss_relics":[],"items_purged_floors":[],"is_endless":false,"potions_floor_spawned":[2,3,6,7,8,10,11,12,13,14,16],"killed_by":"Hexaghost","ascension_level":20}}