{"host":"7kgj47jdxgufb548","time":1611767332,"event":{"mods":["Act Like it!","BaseMod","CapriCore","Gensokyo","Minty Spire (QoL Compilation)","Remilia¡]Á¢¦Ì²ú?¡^","StSLib","The Immortal","Yakumo Yukari mod","Youmu¡]»î¾z§¯?¡^"],"gold_per_floor":[366,384,394,414,429,429,459,459,459,10,45,61,161,395,395,492,542,561,561,561,580,23,23,53,53,53,72,399,399,399,399,399,496,496,706,720,71,71,71,71,99,112,135,363,363,363,397,8,8,8],"floor_reached":51,"language":"ZHS","playtime":3390,"items_purged":[],"score":1071,"play_id":"db74840e-f1d4-4929-8492-64ac9044d4cc","local_time":"20210128010852","is_ascension_mode":true,"campfire_choices":[{"floor":6,"key":"REST"},{"floor":15,"key":"REST"},{"data":"Gensokyo:LittleGreenMen","floor":23,"key":"SMITH"},{"floor":25,"key":"REST"},{"floor":32,"key":"REST"},{"floor":40,"key":"REST"},{"data":"StrangeHalfBody","floor":49,"key":"SMITH"}],"circlet_count":0,"master_deck":["Strike_YM+1","Strike_YM","Strike_YM","Strike_YM","Defend_YM","Defend_YM","Defend_YM","Defend_YM","SlashOfPresentWorld+1","WheelOfPainOfLivingAndDead","HellFireSword","CherryBlossomFlashing","SlashOfMeditation","SwordExtraction","LotusPostureSlash","SpiritCuttingSword","Gensokyo:CrescentMoonSlash+1","Gensokyo:LittleGreenMen+1","TransmigrationSlash","ConstancyOfTheConventionalTruth","SanzenSekai","StrangeHalfBody+1","FourBirthsSword+1","ObsessionWithThePresentWorld","CrescentMoonSlash","TwoHundredYojanaInOneSlash+1","ThoughtCuttingSword","WickedSoul","SpiritMediumsBind+1","SlashOfMeditation+1","SuddenPhantomFormationSlashOfKarmicWind+1","PhosphoricSlash+1","ObsessionWithThePresentWorld+1","TwoHundredYojanaInOneSlash+1","CelestialStarSword","SlashClearingTheSixSenses+1","SlashOfAscensionToBuddhahood","Gensokyo:LifeforceConverter","SlashOfSaigyouSpringWind","HumanGodSword","CherryBlossomFlashing+1"],"relics":["MiniYoumu","Anchor","Juzu Bracelet","Chemical X","Potion Belt","Roukanken","Pantograph","Question Card","Tiny House","Gensokyo:DirgeOfMelancholy","Sling","ClockworkSouvenir","Strange Spoon","Bird Faced Urn","Shuriken","Regal Pillow","Omamori","ScarletDevilRocket","ChestCloth","Orrery","Unceasing Top","Ornamental Fan","Pen Nib","Vajra","Mummified Hand","Boot","Sundial","StoneCalendar","Happy Flower","Molten Egg 2"],"acts_visited":["Gensokyo:Gensokyo","Gensokyo:Gensokyoer","Gensokyo:Gensokyoest"],"potions_floor_usage":[7,7,14,21,24,24,33,35,42,47,50],"damage_taken":[{"damage":0,"enemies":"Gensokyo:Python","floor":1,"turns":3},{"damage":5,"enemies":"Gensokyo:3_Fairies","floor":2,"turns":4},{"damage":9,"enemies":"Gensokyo:2_Kodama","floor":3,"turns":4},{"damage":3,"enemies":"Gensokyo:VengefulSpirit","floor":4,"turns":5},{"damage":5,"enemies":"Gensokyo:Python_and_Kodama","floor":5,"turns":4},{"damage":0,"enemies":"Gensokyo:Cirno","floor":7,"turns":4},{"damage":20,"enemies":"Gensokyo:Mamizou","floor":11,"turns":7},{"damage":7,"enemies":"Gensokyo:2_Rabbits","floor":12,"turns":6},{"damage":0,"enemies":"Gensokyo:Cirno","floor":14,"turns":5},{"damage":41,"enemies":"Gensokyo:Yukari","floor":16,"turns":10},{"damage":32,"enemies":"Gensokyo:2_Gloops","floor":18,"turns":5},{"damage":0,"enemies":"Gensokyo:CosmicMonolith","floor":21,"turns":4},{"damage":12,"enemies":"Gensokyo:Koishi","floor":24,"turns":8},{"damage":32,"enemies":"Gensokyo:Wraith","floor":27,"turns":7},{"damage":26,"enemies":"Gensokyo:Tenshi","floor":28,"turns":6},{"damage":13,"enemies":"Gensokyo:Eternal_Rivals","floor":33,"turns":11},{"damage":40,"enemies":"Gensokyo:AncientGuardian","floor":35,"turns":6},{"damage":6,"enemies":"Gensokyo:3_Bats","floor":36,"turns":4},{"damage":11,"enemies":"Gensokyo:Kasen","floor":41,"turns":8},{"damage":3,"enemies":"Gensokyo:Rafflesia","floor":42,"turns":8},{"damage":17,"enemies":"Gensokyo:Doremy","floor":44,"turns":7},{"damage":34,"enemies":"Gensokyo:Marisa","floor":47,"turns":5},{"damage":11,"enemies":"Gensokyo:Scarlet_Devils","floor":50,"turns":7}],"seed_played":"-4174943701493745073","potions_obtained":[{"floor":1,"key":"PowerPotion"},{"floor":3,"key":"Strength Potion"},{"floor":11,"key":"BlessingOfTheForge"},{"floor":16,"key":"Weak Potion"},{"floor":17,"key":"Strength Potion"},{"floor":18,"key":"SpeedPotion"},{"floor":24,"key":"CultistPotion"},{"floor":28,"key":"PowerPotion"},{"floor":35,"key":"FearPotion"},{"floor":42,"key":"ColorlessPotion"},{"floor":47,"key":"Dexterity Potion"}],"is_trial":false,"path_per_floor":["M","M","M","M","M","R","E","?","T","COS","E","M","?","E","R","B",null,"M","?","?","M","COS","R","E","R","T","M","E","?","?","?","R","B",null,"M","M","COS","?","?","R","E","M","T","E","?","T","E","$","R","B",null],"character_chosen":"YOUMU","items_purchased":["Molten Egg 2","HumanGodSword","CherryBlossomFlashing+1"],"campfire_rested":5,"item_purchase_floors":[48,48,48],"current_hp_per_floor":[54,49,40,37,32,54,54,43,43,43,23,16,16,28,50,34,70,38,38,38,38,38,38,40,64,64,38,31,31,31,31,68,74,74,45,54,54,25,25,62,67,74,74,61,61,61,48,48,48,67],"gold":8,"neow_bonus":"TWO_FIFTY_GOLD","is_daily":false,"chose_seed":false,"campfire_upgraded":2,"win_rate":0.0,"timestamp":1611767332,"path_taken":["M","M","M","M","M","R","E","?","T","COS","E","M","?","E","R","BOSS","M","?","?","M","COS","R","E","R","T","M","E","?","?","?","R","BOSS","M","M","COS","?","?","R","E","M","T","E","?","?","E","$","R","BOSS"],"items_purchased_type":["Relic","Card","Card"],"build_version":"2020-12-22","purchased_purges":0,"victory":true,"max_hp_per_floor":[75,75,75,75,75,75,75,75,75,75,75,75,75,75,75,75,80,80,80,80,80,80,80,80,80,80,80,80,80,74,74,74,74,74,74,74,74,74,74,74,74,74,74,74,74,74,74,74,74,74],"card_choices":[{"not_picked":["GhostSword","HellGodSword"],"picked":"HellFireSword","floor":1},{"not_picked":["ConstancyOfTheConventionalTruth","LowerRealmReflectionSlash"],"picked":"CherryBlossomFlashing","floor":2},{"not_picked":["LifeCuttingSword","TurningAngelCut"],"picked":"SlashOfMeditation","floor":3},{"not_picked":["LifeCuttingSword","HumanKnowledgeSword"],"picked":"SwordExtraction","floor":4},{"not_picked":["LowerRealmReflectionSlash","ConstancyOfTheConventionalTruth"],"picked":"LotusPostureSlash","floor":5},{"not_picked":["TurningAngelCut","SlashOfTheEternalFuture"],"picked":"SpiritCuttingSword","floor":7},{"not_picked":["DoubleWheelOfPain","SpiderLilyBurial"],"picked":"TransmigrationSlash","floor":11},{"not_picked":["AsTheSilentNirvana","SwordExtraction"],"picked":"ConstancyOfTheConventionalTruth","floor":12},{"not_picked":["SpiritCuttingSword","SpiderLilyBurial"],"picked":"SanzenSekai","floor":14},{"not_picked":["HeavenSword","IrresoluteSoul","SlashOfTheEternalFuture"],"picked":"StrangeHalfBody","floor":16},{"not_picked":["ThreeKonsSevenHakus","SlashClearingTheSixSenses","DispleasureOfTheSevenHakus"],"picked":"SuddenPhantomFormationSlashOfKarmicWind","floor":17},{"not_picked":["HumanGodSword","ThreeKonsSevenHakus","HeavenlyHaloSlash+1"],"picked":"FourBirthsSword+1","floor":18},{"not_picked":["LifeCuttingSword","DispleasureOfTheSevenHakus+1","CherryBlossomFlashing+1"],"picked":"ObsessionWithThePresentWorld","floor":21},{"not_picked":["HumanKnowledgeSword","SpiritCuttingSword","LowerRealmReflectionSlash"],"picked":"CrescentMoonSlash","floor":24},{"not_picked":["TenKingsRetributionOnThePreta","KarmicPunishmentOfTheIdleAndUnfocused","HumanRealmSword","DispleasureOfTheSevenHakus"],"picked":"SKIP","floor":27},{"not_picked":["ThoughtCuttingSword","IrresoluteSoul","SpiritCuttingSword"],"picked":"TwoHundredYojanaInOneSlash+1","floor":28},{"not_picked":["DeadlyForm","ReincarnationSword","FastingOfTheYoungPreta"],"picked":"WickedSoul","floor":33},{"not_picked":["TurningAngelCut","SpiderLilyBurial","HesitationCuttingSword+1"],"picked":"SpiritMediumsBind+1","floor":35},{"not_picked":["FlashingScatteredFlowers","ConstancyOfTheConventionalTruth","SlashOfMeditation+1","CrescentMoonSlash+1"],"picked":"SKIP","floor":36},{"not_picked":["PreachingAvici+1","HumanKnowledgeSword","SpiritMediumsBind"],"picked":"SlashOfMeditation+1","floor":37},{"not_picked":["CrescentMoonSlash","HumanKnowledgeSword+1","HeavenlyHaloSlash+1"],"picked":"SuddenPhantomFormationSlashOfKarmicWind+1","floor":37},{"not_picked":["BloodOfAsura","SpiritCuttingSword+1","ConstancyOfTheConventionalTruth"],"picked":"PhosphoricSlash+1","floor":37},{"not_picked":["CrescentMoonSlash","DispleasureOfTheSevenHakus+1","SwordOfBindingDesires"],"picked":"ObsessionWithThePresentWorld+1","floor":37},{"not_picked":["FiveSignsOfTheDyingDeva+1","HeartExcerptSlash","ReincarnationSword"],"picked":"TwoHundredYojanaInOneSlash+1","floor":41},{"not_picked":["AsuraSword","VoidnessSword","ReincarnationSword"],"picked":"CelestialStarSword","floor":42},{"not_picked":["AsTheSilentNirvana+1","SanzenSekai","SwordOfBindingDesires+1"],"picked":"SlashClearingTheSixSenses+1","floor":42},{"not_picked":["SanzenSekai+1","LightFlashOfTheNetherworld","FantasyOfEnteringEnlightenment+1"],"picked":"SlashOfAscensionToBuddhahood","floor":44},{"not_picked":["ObsessionSword","HesitationCuttingSword","TransmigrationSlash"],"picked":"SlashOfSaigyouSpringWind","floor":47}],"player_experience":198338,"relics_obtained":[{"floor":7,"key":"Anchor"},{"floor":9,"key":"Juzu Bracelet"},{"floor":11,"key":"Potion Belt"},{"floor":14,"key":"Question Card"},{"floor":24,"key":"Bird Faced Urn"},{"floor":26,"key":"Shuriken"},{"floor":28,"key":"Omamori"},{"floor":41,"key":"Ornamental Fan"},{"floor":43,"key":"Vajra"},{"floor":44,"key":"Boot"},{"floor":46,"key":"Sundial"},{"floor":47,"key":"Happy Flower"}],"event_choices":[],"is_beta":false,"boss_relics":[{"not_picked":["Velvet Choker","Snecko Eye"],"picked":"Tiny House"},{"not_picked":["Astrolabe","Fusion Hammer"],"picked":"MiniYoumu"}],"items_purged_floors":[],"is_endless":false,"potions_floor_spawned":[1,3,11,16,18,24,28,35,42,47],"ascension_level":5}}