{"host":"mp58o87p0odjvmog","time":1611770579,"event":{"mods":["BaseMod","BetterRewards","Colored Map","Hubris","Infinite Spire","Marisa????????","Minty Spire (QoL Compilation)","Replay The Spire","StSLib","The Servant 0.9.4"],"gold_per_floor":[111,127,127,143,143,177,193,46,46,46,56,89,102,115,115,217,217,232,232,244,194,214,214,214,214],"floor_reached":24,"language":"ENG","playtime":1157,"items_purged":["ReplayTheSpireMod:Exploit Weakness"],"score":436,"play_id":"517b5489-4c76-4e4e-bf32-bc733610686a","local_time":"20210127120259","is_ascension_mode":true,"campfire_choices":[{"floor":10,"key":"REST"},{"floor":15,"key":"REST"},{"data":"infinitespire:Execution","floor":23,"key":"SMITH"}],"circlet_count":0,"master_deck":["Strike_G+1","Strike_G+1","Strike_G+1","Strike_G+1","Defend_G+1","Defend_G+1","Defend_G+1","Defend_G+1","Defend_G+1","Survivor","Neutralize","Footwork","Panache","Blade Dance","Accuracy","Prepared","After Image","infinitespire:Execution+1","Acrobatics","Blade Dance","Hidden Blade","Slice","Cloak And Dagger","Glass Knife","CurseOfTheBell","Deflect","Cloak And Dagger"],"relics":["Ring of the Snake","infinitespire:EmpoweringShard","Durian","Pen Nib","Oddly Smooth Stone","Matryoshka","Frozen Egg 2","Calling Bell","Potion Belt","hubris:TinFlute","WingedGreaves"],"acts_visited":["Exordium","TheCity"],"potions_floor_usage":[7,16,16,24],"damage_taken":[{"damage":9,"enemies":"infinitespire:Voidling","floor":1,"turns":4},{"damage":8,"enemies":"Small Slimes","floor":2,"turns":3},{"damage":0,"enemies":"Cultist","floor":4,"turns":3},{"damage":13,"enemies":"Lagavulin","floor":6,"turns":6},{"damage":12,"enemies":"Large Slime","floor":7,"turns":5},{"damage":12,"enemies":"Exordium Thugs","floor":11,"turns":5},{"damage":0,"enemies":"Replay:BlueRogue","floor":12,"turns":5},{"damage":2,"enemies":"Looter","floor":13,"turns":3},{"damage":0,"enemies":"Blue Slaver","floor":14,"turns":2},{"damage":11,"enemies":"Hexaghost","floor":16,"turns":5},{"damage":2,"enemies":"Shell Parasite","floor":18,"turns":2},{"damage":0,"enemies":"Chosen","floor":20,"turns":3},{"damage":6,"enemies":"Snake Plant","floor":22,"turns":3},{"damage":61,"enemies":"Nightmare","floor":24,"turns":9}],"seed_played":"-6539636244489168805","potions_obtained":[{"floor":2,"key":"BlessingOfTheForge"},{"floor":4,"key":"Adrenaline Potion"},{"floor":12,"key":"GamblersBrew"},{"floor":14,"key":"SkillPotion"},{"floor":18,"key":"Fire Potion"},{"floor":22,"key":"SpeedPotion"}],"is_trial":false,"path_per_floor":["M","M","?","M","?","E","M","$","T","R","M","E","M","M","R","B",null,"M","?","M","?","M","R","NM"],"character_chosen":"THE_SILENT","items_purchased":["Footwork","infinitespire:EmpoweringShard","Panache","Blade Dance","Oddly Smooth Stone"],"campfire_rested":2,"item_purchase_floors":[0,0,0,0,8],"current_hp_per_floor":[68,60,60,60,42,29,17,17,17,39,27,27,25,25,47,36,65,63,63,63,63,57,57,0,0],"gold":214,"neow_bonus":"","is_daily":false,"chose_seed":false,"campfire_upgraded":1,"win_rate":0.0,"timestamp":1611770579,"path_taken":["M","?","?","?","?","E","M","?","T","R","M","E","M","M","R","BOSS","M","?","M","?","?","R","NM"],"items_purchased_type":["Card","Relic","Card","Card","Relic"],"build_version":"2020-12-22","purchased_purges":1,"victory":false,"max_hp_per_floor":[75,75,75,75,75,75,75,75,75,75,75,75,75,75,75,75,75,75,75,75,75,75,75,75,75],"card_choices":[{"not_picked":["Skewer","Prepared"],"picked":"Accuracy","floor":1},{"not_picked":["Quick Slash","Heel Hook"],"picked":"Prepared","floor":2},{"not_picked":["Reflex","Crippling Poison","PiercingWail"],"picked":"SKIP","floor":4},{"not_picked":["infinitespire:DeathsTouch","ReplayTheSpireMod:Echoes of Time"],"picked":"infinitespire:Execution","floor":5},{"not_picked":["Finisher","ReplayTheSpireMod:Tripwire"],"picked":"Acrobatics","floor":6},{"not_picked":["Distraction","ReplayTheSpireMod:Speed Training"],"picked":"Blade Dance","floor":7},{"not_picked":["ReplayTheSpireMod:Shiv Toss","Poisoned Stab"],"picked":"Hidden Blade","floor":11},{"not_picked":["Underhanded Strike","Outmaneuver","Poisoned Stab"],"picked":"SKIP","floor":12},{"not_picked":["Corpse Explosion","Blur"],"picked":"Slice","floor":13},{"not_picked":["Flechettes","Underhanded Strike"],"picked":"Cloak And Dagger","floor":14},{"not_picked":["ReplayTheSpireMod:Necrosis","Venomology"],"picked":"Glass Knife","floor":16},{"not_picked":["ReplayTheSpireMod:Exploit Weakness","PiercingWail"],"picked":"Deflect","floor":18},{"not_picked":["Bane","ReplayTheSpireMod:Shiv Toss+1"],"picked":"Cloak And Dagger","floor":20},{"not_picked":["Reflex","Distraction","hubris:SlightOfHand"],"picked":"SKIP","floor":22}],"player_experience":107826,"relics_obtained":[{"floor":6,"key":"Pen Nib"},{"floor":9,"key":"Matryoshka"},{"floor":12,"key":"Frozen Egg 2"},{"floor":17,"key":"Potion Belt"},{"floor":17,"key":"hubris:TinFlute"},{"floor":17,"key":"WingedGreaves"}],"event_choices":[{"damage_healed":0,"gold_gain":0,"cards_transformed":["Strike_G"],"player_choice":"Transformed","damage_taken":0,"max_hp_gain":0,"max_hp_loss":0,"event_name":"Transmorgrifier","floor":3,"gold_loss":0,"cards_obtained":["After Image"]},{"damage_healed":0,"gold_gain":0,"player_choice":"Simplicity","damage_taken":0,"max_hp_gain":0,"max_hp_loss":0,"event_name":"Back to Basics","floor":19,"gold_loss":0,"cards_upgraded":["Strike_G","Strike_G","Strike_G","Strike_G","Defend_G","Defend_G","Defend_G","Defend_G","Defend_G"]},{"damage_healed":0,"gold_gain":0,"player_choice":"Bet on Murderer","damage_taken":0,"max_hp_gain":0,"max_hp_loss":0,"event_name":"The Joust","floor":21,"gold_loss":50}],"is_beta":false,"boss_relics":[{"not_picked":["Runic Dome","hubris:VirtuousBlindfold"],"picked":"Calling Bell"}],"items_purged_floors":[0],"is_endless":false,"potions_floor_spawned":[2,4,12,14,18,22],"killed_by":"Nightmare","ascension_level":6}}