{"host":"Qube","time":1611715323,"event":{"mods":["AchievementEnabler","BaseMod","Colored Map","Colored Powertips","Highlight Path","Minty Spire (QoL Compilation)","Permanent Neow","Quick Restart","Random Character Button","StSLib"],"gold_per_floor":[109,119,137,62,73,73,108,121,121,121,148,148,148,189,189,282,282,303,218,236,236,236,236,270,270,270,270,340,365,386,411,411,505,505,526,115,159,184,199,199,199,199],"floor_reached":41,"language":"ENG","playtime":3188,"items_purged":["Defend_P"],"score":1056,"play_id":"636c7041-e596-40f8-8291-a2ac0d6fe274","local_time":"20210126184203","is_ascension_mode":true,"campfire_choices":[{"data":"Wallop","floor":6.0,"key":"SMITH"},{"data":"Eruption","floor":10.0,"key":"SMITH"},{"data":"SashWhip","floor":12.0,"key":"SMITH"},{"data":"Wallop","floor":15.0,"key":"SMITH"},{"data":"DevaForm","floor":23.0,"key":"SMITH"},{"data":"Meditate","floor":25.0,"key":"SMITH"},{"data":"Wish","floor":27.0,"key":"SMITH"},{"floor":32,"key":"REST"},{"floor":40,"key":"REST"}],"circlet_count":0,"master_deck":["AscendersBane","Strike_P+1","Strike_P","Strike_P+1","Defend_P","Eruption+1","Vigilance","Consecrate","Wallop+1","SashWhip+1","Blasphemy+1","Wallop+1","Consecrate","DevaForm+1","ThirdEye+1","EmptyBody+1","ThirdEye","Wish+1","Meditate+1","FlurryOfBlows","LessonLearned","InnerPeace"],"relics":["Runic Pyramid","Toy Ornithopter","MealTicket","Potion Belt","Golden Idol","Letter Opener","VioletLotus","Orichalcum","Tiny Chest","Blue Candle","Bottled Lightning","Philosopher\u0027s Stone","Sundial"],"acts_visited":["Exordium","TheCity","TheBeyond"],"potions_floor_usage":[33,39,39,39,41],"damage_taken":[{"damage":2.0,"enemies":"Jaw Worm","floor":1.0,"turns":3.0},{"damage":1.0,"enemies":"Small Slimes","floor":2.0,"turns":3.0},{"damage":1.0,"enemies":"2 Louse","floor":3.0,"turns":2.0},{"damage":3.0,"enemies":"Looter","floor":5.0,"turns":2.0},{"damage":0.0,"enemies":"3 Sentries","floor":7.0,"turns":4.0},{"damage":0.0,"enemies":"3 Louse","floor":8.0,"turns":2.0},{"damage":0.0,"enemies":"Gremlin Nob","floor":11.0,"turns":3.0},{"damage":0.0,"enemies":"Lagavulin","floor":14.0,"turns":4.0},{"damage":1.0,"enemies":"Hexaghost","floor":16.0,"turns":7.0},{"damage":0.0,"enemies":"Chosen","floor":18.0,"turns":3.0},{"damage":15.0,"enemies":"3 Byrds","floor":20.0,"turns":5.0},{"damage":18.0,"enemies":"Book of Stabbing","floor":24.0,"turns":4.0},{"damage":28.0,"enemies":"Slavers","floor":28.0,"turns":3.0},{"damage":13.0,"enemies":"Shelled Parasite and Fungi","floor":29.0,"turns":5.0},{"damage":4.0,"enemies":"Snake Plant","floor":30.0,"turns":4.0},{"damage":1,"enemies":"Centurion and Healer","floor":31,"turns":4},{"damage":1,"enemies":"Champ","floor":33,"turns":9},{"damage":0,"enemies":"Orb Walker","floor":35,"turns":3},{"damage":14,"enemies":"3 Shapes","floor":37,"turns":4},{"damage":24,"enemies":"Sphere and 2 Shapes","floor":38,"turns":4},{"damage":4,"enemies":"4 Shapes","floor":39,"turns":3},{"damage":9,"enemies":"Reptomancer","floor":41,"turns":2}],"seed_played":"-8463014508912247145","potions_obtained":[{"floor":5.0,"key":"DuplicationPotion"},{"floor":7.0,"key":"Strength Potion"},{"floor":8.0,"key":"BlessingOfTheForge"},{"floor":18.0,"key":"Regen Potion"},{"floor":24.0,"key":"BottledMiracle"},{"floor":28.0,"key":"Block Potion"},{"floor":29.0,"key":"Block Potion"},{"floor":33,"key":"Dexterity Potion"},{"floor":37,"key":"Weak Potion"},{"floor":38,"key":"Weak Potion"}],"is_trial":false,"path_per_floor":["M","M","M","?","M","R","E","M","T","R","E","R","?","E","R","B",null,"M","?","M","?","?","R","E","R","T","R","E","M","M","M","R","B",null,"M","$","M","M","M","R","E"],"character_chosen":"WATCHER","items_purchased":["Sundial","AttackPotion"],"campfire_rested":2,"item_purchase_floors":[36,36],"current_hp_per_floor":[59,58,57,57,54,54,54,54,54,54,54,54,31,31,31,35,60,60,60,45,45,45,45,44,44,44,44,26,18,14,13,33,37,60,60,68,54,30,41,61,57,57],"gold":199,"neow_bonus":"BOSS_RELIC","is_daily":false,"chose_seed":false,"campfire_upgraded":7,"win_rate":0.0,"timestamp":1611715323,"path_taken":["M","M","M","?","M","R","E","M","T","R","E","R","?","E","R","BOSS","M","?","M","?","?","R","E","R","T","R","E","M","M","?","R","BOSS","M","$","M","M","M","R","E"],"items_purchased_type":["Relic","Potion"],"build_version":"2020-12-18","purchased_purges":1,"victory":false,"max_hp_per_floor":[68,68,68,68,68,68,68,68,68,68,68,68,68,68,68,68,68,68,68,68,68,68,68,68,68,68,68,68,68,68,68,68,68,68,68,68,68,68,68,68,68,68],"card_choices":[{"not_picked":["CrushJoints","FlurryOfBlows"],"picked":"Consecrate","floor":1.0},{"not_picked":["ClearTheMind","Evaluate"],"picked":"Wallop","floor":2.0},{"not_picked":["Crescendo","Consecrate"],"picked":"SashWhip","floor":3.0},{"not_picked":["WheelKick","PathToVictory"],"picked":"Blasphemy","floor":5.0},{"not_picked":["Sanctity","Crescendo"],"picked":"Wallop","floor":7.0},{"not_picked":["FlyingSleeves","CutThroughFate"],"picked":"Consecrate","floor":8.0},{"not_picked":["EmptyBody","DeceiveReality","BowlingBash"],"picked":"SKIP","floor":11.0},{"not_picked":["Tantrum","JustLucky","Meditate"],"picked":"SKIP","floor":14.0},{"not_picked":["ConjureBlade","Alpha"],"picked":"DevaForm","floor":16.0},{"not_picked":["Consecrate","Halt"],"picked":"ThirdEye+1","floor":18.0},{"not_picked":["WreathOfFlame","FollowUp"],"picked":"EmptyBody+1","floor":20.0},{"not_picked":["Nirvana","WreathOfFlame"],"picked":"Meditate","floor":24.0},{"not_picked":["CrushJoints+1","Devotion","SandsOfTime"],"picked":"SKIP","floor":28.0},{"not_picked":["FlyingSleeves","Wallop","Crescendo"],"picked":"SKIP","floor":29.0},{"not_picked":["SandsOfTime","EmptyMind"],"picked":"FlurryOfBlows","floor":30.0},{"not_picked":["PathToVictory","CrushJoints","Weave"],"picked":"SKIP","floor":31},{"not_picked":["Blasphemy","Vault"],"picked":"LessonLearned","floor":33},{"not_picked":["ClearTheMind","FearNoEvil","Meditate+1"],"picked":"SKIP","floor":35},{"not_picked":["BowlingBash+1","FollowUp"],"picked":"InnerPeace","floor":37},{"not_picked":["Meditate","BattleHymn","Pray"],"picked":"SKIP","floor":38},{"not_picked":["FlyingSleeves","BowlingBash","Crescendo"],"picked":"SKIP","floor":39}],"player_experience":973329,"relics_obtained":[{"floor":7.0,"key":"Toy Ornithopter"},{"floor":9.0,"key":"MealTicket"},{"floor":11.0,"key":"Potion Belt"},{"floor":14.0,"key":"Letter Opener"},{"floor":24.0,"key":"Tiny Chest"},{"floor":26.0,"key":"Blue Candle"},{"floor":28.0,"key":"Bottled Lightning"}],"event_choices":[{"cards_removed":["Defend_P"],"damage_healed":0.0,"max_hp_gain":0.0,"max_hp_loss":0.0,"gold_gain":0.0,"event_name":"The Cleric","player_choice":"Card Removal","floor":4.0,"gold_loss":75.0,"damage_taken":0.0},{"damage_healed":0.0,"max_hp_gain":0.0,"max_hp_loss":0.0,"gold_gain":0.0,"event_name":"Golden Idol","player_choice":"Take Damage","floor":13.0,"gold_loss":0.0,"damage_taken":23.0,"relics_obtained":["Golden Idol"]},{"damage_healed":0.0,"max_hp_gain":0.0,"max_hp_loss":0.0,"gold_gain":0.0,"event_name":"Addict","player_choice":"Obtained Relic","floor":19.0,"gold_loss":85.0,"damage_taken":0.0,"relics_obtained":["Orichalcum"]},{"damage_healed":0.0,"max_hp_gain":0.0,"max_hp_loss":0.0,"gold_gain":0.0,"cards_transformed":["Defend_P","Strike_P"],"event_name":"Drug Dealer","player_choice":"Became Test Subject","floor":21.0,"gold_loss":0.0,"damage_taken":0.0,"cards_obtained":["ThirdEye","Wish"]},{"damage_healed":0.0,"max_hp_gain":0.0,"max_hp_loss":0.0,"gold_gain":0.0,"event_name":"The Mausoleum","player_choice":"Ignored","floor":22.0,"gold_loss":0.0,"damage_taken":0.0}],"is_beta":true,"boss_relics":[{"not_picked":["Calling Bell","Sozu"],"picked":"VioletLotus"},{"not_picked":["Pandora\u0027s Box","Tiny House"],"picked":"Philosopher\u0027s Stone"}],"items_purged_floors":[36],"is_endless":false,"potions_floor_spawned":[5,7,8,18,24,28,29,33,37,38],"killed_by":"Reptomancer","ascension_level":20}}