{"host":"7iv10lxbxedtd0qh","time":1611707850,"event":{"mods":["BaseMod","Colored Map","Colored Powertips","Downfall","Minty Spire (QoL Compilation)","StSLib"],"gold_per_floor":[99,112,131,131,150,166,166,196,211,236,252,287,187,287,307,410,410,410,423,442,507,70,120,120,20,80,138,208,208,273,378,431,573,573,573,587,642,655,655,655,655],"floor_reached":39,"language":"ENG","playtime":2926,"items_purged":["bronze:Strike"],"score":521,"play_id":"58148e5e-d8a5-417d-b5d1-2e6f5f7b0d5c","local_time":"20210127013730","is_ascension_mode":true,"campfire_choices":[{"data":"bronze:FindAndReplace","floor":1,"key":"SMITH"},{"data":"bronze:Iterate","floor":13,"key":"SMITH"},{"floor":18,"key":"RECALL"},{"data":"bronze:InfiniteLoop","floor":25,"key":"SMITH"},{"data":"bronze:Return","floor":29,"key":"SMITH"},{"data":"bronze:FindAndReplace","floor":35,"key":"SMITH"}],"circlet_count":0,"master_deck":["bronze:Strike","bronze:Strike","bronze:Strike","bronze:Defend","bronze:Defend","bronze:Defend","bronze:Replicate","bronze:Goto","bronze:FindAndReplace+1","bronze:Repair","bronze:Repair","bronze:Iterate+1","bronze:InfiniteBeams","bronze:FindAndReplace+1","bronze:Return+1","bronze:InfiniteLoop+1","bronze:InfiniteBeams","bronze:ForceShield+1","Parasite"],"relics":["bronze:BronzeCore","Bottled Flame","Toy Ornithopter","HornCleat","Mummified Hand","downfall:HeartBlessingGreen","downfall:CloakOfManyFaces","CultistMask","FaceOfCleric","NlothsMask","GremlinMask","SsserpentHead","Black Star","CaptainsWheel","downfall:KnowingSkull","downfall:HeartBlessingRed","Calipers","Dream Catcher","Centennial Puzzle","Blood Vial","Runic Pyramid"],"acts_visited":["Exordium","TheCity","TheBeyond"],"potions_floor_usage":[8,8,11,12,16,21,28,30,33],"damage_taken":[{"damage":5,"enemies":"Small Slimes","floor":2,"turns":4},{"damage":0,"enemies":"Cultist","floor":3,"turns":5},{"damage":7,"enemies":"Jaw Worm","floor":5,"turns":3},{"damage":2,"enemies":"Large Slime","floor":6,"turns":4},{"damage":8,"enemies":"3 Sentries","floor":8,"turns":5},{"damage":4,"enemies":"Blue Slaver","floor":9,"turns":5},{"damage":30,"enemies":"Gremlin Nob","floor":10,"turns":5},{"damage":0,"enemies":"Lots of Slimes","floor":11,"turns":1},{"damage":13,"enemies":"3 Sentries","floor":12,"turns":7},{"damage":19,"enemies":"downfall:FaceTrader","floor":14,"turns":10},{"damage":0,"enemies":"3 Louse","floor":15,"turns":3},{"damage":55,"enemies":"WA_ARCHETYPE_RETAIN","floor":16,"turns":10},{"damage":4,"enemies":"3 Byrds","floor":19,"turns":5},{"damage":30,"enemies":"Shelled Parasite and Fungi","floor":20,"turns":7},{"damage":30,"enemies":"3 Cultists","floor":21,"turns":7},{"damage":0,"enemies":"downfall:FleeingMerchant","floor":22,"turns":4},{"damage":4,"enemies":"Centurion and Healer","floor":26,"turns":5},{"damage":3,"enemies":"Snake Plant","floor":27,"turns":5},{"damage":9,"enemies":"Book of Stabbing","floor":28,"turns":4},{"damage":16,"enemies":"Gremlin Leader","floor":30,"turns":5},{"damage":3,"enemies":"Cultist and Chosen","floor":31,"turns":6},{"damage":3,"enemies":"Centurion and Healer","floor":32,"turns":3},{"damage":33,"enemies":"IC_MUSHROOM_ARCHETYPE","floor":33,"turns":7},{"damage":37,"enemies":"3 Shapes","floor":36,"turns":6},{"damage":12,"enemies":"Orb Walker","floor":37,"turns":4},{"damage":23,"enemies":"Writhing Mass","floor":38,"turns":8},{"damage":28,"enemies":"4 Shapes","floor":39,"turns":4}],"seed_played":"1275986187920320827","potions_obtained":[{"floor":3,"key":"SteroidPotion"},{"floor":6,"key":"bronze:FreeFunctionsPotion"},{"floor":9,"key":"Explosive Potion"},{"floor":10,"key":"SteroidPotion"},{"floor":14,"key":"GamblersBrew"},{"floor":20,"key":"bronze:FreeFunctionsPotion"},{"floor":26,"key":"bronze:FreeFunctionsPotion"},{"floor":27,"key":"Energy Potion"},{"floor":28,"key":"AttackPotion"},{"floor":32,"key":"Block Potion"},{"floor":33,"key":"SteroidPotion"}],"is_trial":false,"path_per_floor":["R","M","M","?","M","M","T","E","M","E","M","E","R","?","M","B",null,"R","M","M","M","$","?","T","R","M","M","E","R","E","M","M","B",null,"R","M","M","M","M"],"character_chosen":"THE_AUTOMATON","items_purchased":["bronze:InfiniteBeams","CaptainsWheel"],"campfire_rested":0,"item_purchase_floors":[22,22],"current_hp_per_floor":[70,65,70,70,70,68,68,70,66,47,52,58,58,51,59,24,72,72,73,51,41,49,42,42,42,53,65,69,69,73,81,82,60,83,83,61,66,60,48,48,48],"gold":655,"neow_bonus":"ONE_RANDOM_RARE_CARD","is_daily":false,"chose_seed":false,"campfire_upgraded":5,"win_rate":0.0,"timestamp":1611707850,"path_taken":["R","M","M","?","?","?","T","E","M","E","?","E","R","?","M","BOSS","R","M","M","?","$","?","T","R","M","M","E","R","E","?","M","BOSS","R","M","M","M","M"],"items_purchased_type":["Card","Relic"],"build_version":"2020-12-22","purchased_purges":1,"victory":false,"max_hp_per_floor":[70,70,70,70,70,70,70,70,70,70,70,70,70,70,71,72,72,72,73,74,75,76,76,76,76,77,78,79,79,80,81,82,83,83,83,84,85,86,86,86,86],"card_choices":[{"not_picked":["bronze:WildBeam","bronze:BugBarrage"],"picked":"bronze:Repair","floor":2},{"not_picked":["bronze:BugBarrage","bronze:Repulsor"],"picked":"bronze:Repair","floor":3},{"not_picked":["bronze:Invalidate","bronze:ItsAFeature"],"picked":"bronze:Iterate","floor":5},{"not_picked":["bronze:Safeguard","bronze:OilSpill","bronze:BuggyMess"],"picked":"SKIP","floor":6},{"not_picked":["bronze:Frontload","bronze:InfiniteLoop","bronze:CloningBeam"],"picked":"SKIP","floor":8},{"not_picked":["bronze:Overheat","bronze:Repair"],"picked":"bronze:InfiniteBeams","floor":9},{"not_picked":["bronze:FineTuning","bronze:ForceShield"],"picked":"bronze:FindAndReplace","floor":10},{"not_picked":["bronze:BitShift","bronze:OilSpill"],"picked":"bronze:Return","floor":11},{"not_picked":["bronze:BugBarrage","bronze:CutThrough","bronze:OilSpill"],"picked":"SKIP","floor":12},{"not_picked":["bronze:Deprecate","bronze:WildBeam","bronze:FineTuning"],"picked":"SKIP","floor":15},{"not_picked":["bronze:BuggyMess","bronze:Return+1","bronze:GetLatest+1"],"picked":"SKIP","floor":19},{"not_picked":["bronze:BronzeOrb","bronze:Refactor","bronze:BronzeArmor"],"picked":"SKIP","floor":20},{"not_picked":["bronze:Overheat","bronze:Boost","bronze:ClassDefault"],"picked":"SKIP","floor":21},{"not_picked":["bronze:Frontload+1","bronze:WhirlingStrike"],"picked":"bronze:InfiniteLoop","floor":22},{"not_picked":["bronze:DelayedGuard","bronze:Invalidate","bronze:CutThrough"],"picked":"SKIP","floor":26},{"not_picked":["bronze:FineTuning","bronze:BitShift","bronze:Branch"],"picked":"SKIP","floor":27},{"not_picked":["bronze:BitShift","bronze:Deprecate","bronze:WhirlingStrike"],"picked":"SKIP","floor":28},{"not_picked":["bronze:Break","bronze:BugBarrage","bronze:DelayedGuard"],"picked":"SKIP","floor":30},{"not_picked":["bronze:Optimize+1","bronze:WhirlingStrike","bronze:CutThrough"],"picked":"SKIP","floor":31},{"not_picked":["bronze:FineTuning+1","bronze:GetLatest","bronze:Shell"],"picked":"SKIP","floor":32},{"not_picked":["bronze:Iterate+1","bronze:Fortify+1","bronze:Terminator+1"],"picked":"SKIP","floor":36},{"not_picked":["bronze:Turbo","bronze:NullPointer+1"],"picked":"bronze:ForceShield+1","floor":37},{"not_picked":["bronze:BugBarrage+1","bronze:Frontload","bronze:DelayedGuard+1"],"picked":"SKIP","floor":38}],"player_experience":725729,"relics_obtained":[{"floor":7,"key":"Bottled Flame"},{"floor":8,"key":"Toy Ornithopter"},{"floor":10,"key":"HornCleat"},{"floor":12,"key":"Mummified Hand"},{"floor":14,"key":"downfall:CloakOfManyFaces"},{"floor":28,"key":"Calipers"},{"floor":28,"key":"Dream Catcher"},{"floor":30,"key":"Centennial Puzzle"},{"floor":30,"key":"Blood Vial"}],"event_choices":[],"is_beta":false,"boss_relics":[{"not_picked":["Busted Crown","Calling Bell"],"picked":"Black Star"},{"not_picked":["Snecko Eye","bronze:PlatinumCore"],"picked":"Runic Pyramid"}],"items_purged_floors":[22],"is_endless":false,"potions_floor_spawned":[3,6,9,10,14,20,26,27,28,32,33],"killed_by":"4 Shapes","ascension_level":1}}