{"host":"vfg9szunmpjwj08o","time":1611791932,"event":{"mods":["Act Like it!","BaseMod","Challenge The Spire","Colored Map","Colored Powertips","Conspire","Dark Map","Minty Spire (QoL Compilation)","Relic Stats","StSLib","Waifu the Spire"],"gold_per_floor":[114,39,39,39,50,50,86,116,142,454,481,508,520,532,544,556,556],"floor_reached":16,"language":"ENG","playtime":503,"items_purged":["Regret"],"score":137,"play_id":"4cc527ec-6dd3-45e5-bdcc-93c8a74bad73","local_time":"20210128005852","is_ascension_mode":true,"campfire_choices":[{"data":"Eruption","floor":6,"key":"SMITH"},{"floor":10,"key":"DIG"},{"floor":13,"key":"DIG"},{"floor":15,"key":"DIG"}],"circlet_count":0,"master_deck":["Strike_P","Strike_P","Strike_P","Strike_P","Defend_P","Defend_P","Defend_P","Defend_P","Eruption+1","Vigilance","Establishment","Consecrate","MentalFortress","FlurryOfBlows","InnerPeace","EmptyBody","Vengeance"],"relics":["PureWater","Orichalcum","Shovel","MawBank","Old Coin","MealTicket","Golden Idol","Frozen Egg 2"],"acts_visited":["Exordium"],"potions_floor_usage":[8,12],"damage_taken":[{"damage":11,"enemies":"Cultist","floor":1,"turns":3},{"damage":10,"enemies":"2 Louse","floor":5,"turns":3},{"damage":21,"enemies":"conspire:MimicChest","floor":7,"turns":8},{"damage":4,"enemies":"3 Sentries","floor":8,"turns":9},{"damage":0,"enemies":"Small Slimes","floor":11,"turns":2},{"damage":7,"enemies":"Exordium Thugs","floor":12,"turns":3},{"damage":6,"enemies":"The Guardian","floor":16,"turns":7}],"seed_played":"-5924124297695829567","potions_obtained":[{"floor":7,"key":"AttackPotion"},{"floor":8,"key":"StancePotion"},{"floor":11,"key":"Explosive Potion"}],"is_trial":false,"path_per_floor":["M","$","?","$","M","R","?","E","T","R","M","M","R","?","R","B"],"character_chosen":"WATCHER","items_purchased":[],"campfire_rested":0,"item_purchase_floors":[],"current_hp_per_floor":[54,54,47,47,37,37,16,12,12,12,12,5,5,5,5,0,0],"gold":556,"neow_bonus":"THREE_RARE_CARDS","is_daily":false,"chose_seed":false,"campfire_upgraded":1,"win_rate":0.0,"timestamp":1611791932,"path_taken":["M","$","?","?","?","R","?","E","T","R","M","M","R","?","R","BOSS"],"items_purchased_type":[],"build_version":"2020-12-22","purchased_purges":1,"victory":false,"max_hp_per_floor":[72,72,72,72,72,72,72,72,72,72,72,72,72,67,67,67,67],"relic_stats":{"Shovel":3,"counters":[7,35],"Golden Idol":0,"MealTicket":0,"Orichalcum":[24],"MawBank":84,"obtain_stats":[{"Shovel":8,"Golden Idol":14,"MealTicket":13,"PureWater":0,"Orichalcum":7,"Frozen Egg 2":15,"MawBank":9,"Old Coin":10},{"Shovel":4,"Golden Idol":6,"MealTicket":6,"PureWater":0,"Orichalcum":3,"Frozen Egg 2":6,"MawBank":4,"Old Coin":4},{"Shovel":23,"Golden Idol":28,"MealTicket":28,"PureWater":0,"Orichalcum":14,"Frozen Egg 2":28,"MawBank":23,"Old Coin":23}]},"card_choices":[{"not_picked":["Ragnarok","Devotion"],"picked":"Establishment","floor":0.0},{"not_picked":["ClearTheMind","Wireheading"],"picked":"Consecrate","floor":1},{"not_picked":["Halt","Pray"],"picked":"MentalFortress","floor":5},{"not_picked":["FollowUp","FlyingSleeves"],"picked":"FlurryOfBlows","floor":7},{"not_picked":["Blasphemy","FlurryOfBlows"],"picked":"InnerPeace","floor":8},{"not_picked":["BattleHymn","Pray"],"picked":"EmptyBody","floor":11},{"not_picked":["SashWhip","Weave"],"picked":"Vengeance","floor":12}],"player_experience":1085490,"relics_obtained":[{"floor":7,"key":"Orichalcum"},{"floor":8,"key":"Shovel"},{"floor":9,"key":"MawBank"},{"floor":10,"key":"Old Coin"},{"floor":13,"key":"MealTicket"},{"floor":15,"key":"Frozen Egg 2"}],"event_choices":[{"damage_healed":0,"gold_gain":0,"player_choice":"Damaged","damage_taken":7,"max_hp_gain":0,"max_hp_loss":0,"event_name":"Wheel of Change","floor":3,"gold_loss":0},{"damage_healed":0,"gold_gain":0,"player_choice":"Lose Max HP","damage_taken":0,"relics_obtained":["Golden Idol"],"max_hp_gain":0,"max_hp_loss":5,"event_name":"Golden Idol","floor":14,"gold_loss":0}],"is_beta":false,"boss_relics":[],"items_purged_floors":[2],"is_endless":false,"potions_floor_spawned":[7,8,11],"killed_by":"The Guardian","ascension_level":8}}