{"host":"ugys05tpep779cl6","time":1611786243,"event":{"mods":["AchievementEnabler","Aspiration","BaseMod","Beaked The Cultist","CatGirl Mod","Colored Powertips","HololiveMod","Lobotomy","Minty Spire (QoL Compilation)","Quick Restart","Replay The Spire","Spicy Shops","StSLib","The Druid"],"gold_per_floor":[116,30,30,48,67,92,92,17,17,37,49,82,82,113,113,189,239,251,301,301,43,43,43,77,94,119,119,134,168,168,182,182,260,260,273,273,285,285,302,302,302,302],"floor_reached":41,"language":"ENG","playtime":2596,"items_purged":[],"score":877,"play_id":"11a4db96-4b6b-44d0-8bb2-0b8866b89e63","local_time":"20210127232403","is_ascension_mode":true,"campfire_choices":[{"data":"Neutralize","floor":7.0,"key":"SMITH"},{"floor":15.0,"key":"REST"},{"floor":23.0,"key":"RECALL"},{"data":"Draining Mist","floor":27.0,"key":"SMITH"},{"data":"Cloak And Dagger","floor":30.0,"key":"SMITH"},{"data":"Infinite Blades","floor":32.0,"key":"SMITH"},{"floor":40,"key":"REST"}],"circlet_count":0,"master_deck":["AscendersBane","Strike_G","Strike_G","Strike_G","Strike_G","Defend_G","Defend_G","Defend_G","Defend_G","Defend_G","Survivor","Neutralize+1","ReplayTheSpireMod:Scrap Shanks+1","Draining Mist+1","Infinite Blades+1","Heel Hook","Prepared+1","Replay:Bag of Tricks","Cloak And Dagger+1","Noxious Fumes","Envenom","Master of Strategy"],"relics":["Ring of the Snake","aspiration:Nostalgia","theCatGirl:TrainedRelic","Replay:Wax Seal","MealTicket","Replay:Towering Pillar of Hats","Tiny House","Vampiric Spirits","ReplayTheSpireMod:Shallot","Replay:PocketPolymizer","Replay:Rubber Ducky","Iron Hammer","aspiration:BeakedSkillbook"],"acts_visited":["Exordium","TheCity","TheBeyond"],"potions_floor_usage":[],"damage_taken":[{"damage":0.0,"enemies":"2 Louse","floor":1.0,"turns":2.0},{"damage":0.0,"enemies":"Cultist","floor":4.0,"turns":4.0},{"damage":0.0,"enemies":"Jaw Worm","floor":5.0,"turns":5.0},{"damage":30.0,"enemies":"Lagavulin","floor":6.0,"turns":12.0},{"damage":2.0,"enemies":"3 Louse","floor":10.0,"turns":4.0},{"damage":3.0,"enemies":"Exordium Wildlife","floor":11.0,"turns":7.0},{"damage":18.0,"enemies":"Replay:BlueRogue","floor":12.0,"turns":8.0},{"damage":5.0,"enemies":"3 Sentries","floor":14.0,"turns":7.0},{"damage":16.0,"enemies":"Slime Boss","floor":16.0,"turns":12.0},{"damage":12.0,"enemies":"Shell Parasite","floor":18.0,"turns":6.0},{"damage":2.0,"enemies":"Book of Stabbing","floor":24.0,"turns":7.0},{"damage":14.0,"enemies":"Chosen","floor":25.0,"turns":5.0},{"damage":0.0,"enemies":"Snake Plant","floor":28.0,"turns":6.0},{"damage":0.0,"enemies":"Replay:Snechameleon","floor":29.0,"turns":6.0},{"damage":0.0,"enemies":"Centurion and Healer","floor":31.0,"turns":5.0},{"damage":44.0,"enemies":"Collector","floor":33.0,"turns":14.0},{"damage":10.0,"enemies":"Orb Walker","floor":35.0,"turns":6.0},{"damage":30.0,"enemies":"3 Shapes","floor":37.0,"turns":6.0},{"damage":0,"enemies":"Maw","floor":39,"turns":7},{"damage":42,"enemies":"Reptomancer","floor":41,"turns":2}],"seed_played":"-2676557927673441310","potions_obtained":[{"floor":3.0,"key":"SneckoOil"},{"floor":3.0,"key":"Swift Potion"},{"floor":5.0,"key":"AttackPotion"},{"floor":10.0,"key":"SpeedPotion"},{"floor":11.0,"key":"CunningPotion"},{"floor":12.0,"key":"BlessingOfTheForge"},{"floor":17.0,"key":"Strength Potion"},{"floor":18.0,"key":"ColorlessPotion"},{"floor":39,"key":"PowerPotion"}],"is_trial":false,"path_per_floor":["M","$","?","M","M","E","R","?","T","M","M","E","?","E","R","B",null,"M","?","?","$","?","R","E","M","T","R","M","E","R","M","R","B",null,"M","?","M","?","M","R","E"],"character_chosen":"THE_SILENT","items_purchased":["ReplayTheSpireMod:Scrap Shanks","Vampiric Spirits","ReplayTheSpireMod:Shallot"],"campfire_rested":2,"item_purchase_floors":[2,21,21],"current_hp_per_floor":[59,59,59,59,59,29,29,29,29,27,24,6,6,1,20,4,56,44,44,44,59,59,59,63,50,50,50,51,53,53,55,55,11,56,47,47,17,17,18,38,0,0],"gold":302,"neow_bonus":"NOSTALGIA","is_daily":false,"chose_seed":false,"campfire_upgraded":4,"win_rate":0.0,"timestamp":1611786243,"path_taken":["M","$","?","M","?","E","R","?","T","M","M","E","?","E","R","BOSS","M","?","?","$","?","R","E","M","T","R","M","E","R","M","R","BOSS","M","?","M","?","M","R","E"],"items_purchased_type":["Card","Relic","Relic"],"build_version":"2020-12-22","purchased_purges":0,"victory":false,"max_hp_per_floor":[66,66,66,66,66,66,66,66,66,66,66,66,66,66,66,66,71,71,71,71,71,71,71,71,71,71,71,71,71,71,71,71,71,71,71,71,71,67,67,67,67,67],"card_choices":[{"not_picked":["Outmaneuver","Dash","Flechettes"],"picked":"SKIP","floor":1.0},{"not_picked":["Dagger Throw","ReplayTheSpireMod:Shiv Toss","Setup"],"picked":"SKIP","floor":4.0},{"not_picked":["Flechettes","Poisoned Stab"],"picked":"Draining Mist","floor":5.0},{"not_picked":["Dodge and Roll","Blade Dance"],"picked":"Infinite Blades","floor":6.0},{"not_picked":["Hidden Blade","Backflip","Poisoned Stab"],"picked":"SKIP","floor":10.0},{"not_picked":["Deflect","Bane"],"picked":"Heel Hook","floor":11.0},{"not_picked":["Flying Knee","Dagger Spray"],"picked":"Prepared","floor":12.0},{"not_picked":["Outmaneuver","Doppelganger","Dodge and Roll"],"picked":"SKIP","floor":14.0},{"not_picked":["Corpse Explosion","ReplayTheSpireMod:Necrosis"],"picked":"Replay:Bag of Tricks","floor":16.0},{"not_picked":["Poisoned Stab","ReplayTheSpireMod:The Works","Well Laid Plans"],"picked":"SKIP","floor":18.0},{"not_picked":["Backflip","All Out Attack","aspiration:Lunge"],"picked":"SKIP","floor":24.0},{"not_picked":["Calculated Gamble","Dodge and Roll"],"picked":"Cloak And Dagger","floor":25.0},{"not_picked":["Cloak And Dagger+1","Outmaneuver+1"],"picked":"Noxious Fumes","floor":28.0},{"not_picked":["Leg Sweep","Underhanded Strike","Night Terror"],"picked":"SKIP","floor":29.0},{"not_picked":["Setup","Poisoned Stab","Infinite Blades"],"picked":"SKIP","floor":31.0},{"not_picked":["Glass Knife","Venomology"],"picked":"Envenom","floor":33.0},{"not_picked":["Heel Hook","Dagger Throw","Crippling Poison","Deflect"],"picked":"SKIP","floor":35.0},{"not_picked":["PanicButton","ReplayTheSpireMod:Uncanny Aura","Purity"],"picked":"Master of Strategy","floor":36.0},{"not_picked":["Sucker Punch","Slice+1","Acrobatics","Leg Sweep"],"picked":"SKIP","floor":37.0},{"not_picked":["Heel Hook","Infinite Blades+1","Phantasmal Killer","Eviscerate+1"],"picked":"SKIP","floor":39}],"player_experience":1171533,"relics_obtained":[{"floor":6.0,"key":"Replay:Wax Seal"},{"floor":12.0,"key":"MealTicket"},{"floor":14.0,"key":"Replay:Towering Pillar of Hats"},{"floor":24.0,"key":"Replay:PocketPolymizer"},{"floor":26.0,"key":"Replay:Rubber Ducky"},{"floor":29.0,"key":"Iron Hammer"}],"event_choices":[{"damage_healed":0.0,"max_hp_gain":0.0,"max_hp_loss":0.0,"gold_gain":0.0,"event_name":"Lab","player_choice":"Got Potions","floor":3.0,"gold_loss":0.0,"damage_taken":0.0},{"cards_removed":["Strike_G"],"damage_healed":0.0,"max_hp_gain":0.0,"max_hp_loss":0.0,"gold_gain":0.0,"event_name":"The Cleric","player_choice":"Card Removal","floor":8.0,"gold_loss":75.0,"damage_taken":0.0},{"damage_healed":0.0,"max_hp_gain":0.0,"max_hp_loss":0.0,"gold_gain":0.0,"event_name":"Living Wall","player_choice":"Grow","floor":13.0,"gold_loss":0.0,"damage_taken":0.0,"cards_upgraded":["Prepared"]},{"damage_healed":0.0,"max_hp_gain":0.0,"max_hp_loss":0.0,"gold_gain":50.0,"event_name":"Nest","player_choice":"Stole From Cult","floor":19.0,"gold_loss":0.0,"damage_taken":0.0},{"damage_healed":0.0,"max_hp_gain":0.0,"max_hp_loss":0.0,"gold_gain":0.0,"event_name":"The Mausoleum","player_choice":"Ignored","floor":20.0,"gold_loss":0.0,"damage_taken":0.0},{"damage_healed":0.0,"max_hp_gain":0.0,"max_hp_loss":0.0,"gold_gain":0.0,"event_name":"Cursed Tome","player_choice":"Ignored","floor":22.0,"gold_loss":0.0,"damage_taken":0.0},{"damage_healed":0.0,"max_hp_gain":0.0,"max_hp_loss":0.0,"gold_gain":0.0,"event_name":"SensoryStone","player_choice":"Memory 1","floor":36.0,"gold_loss":0.0,"damage_taken":0.0},{"damage_healed":0.0,"max_hp_gain":0.0,"max_hp_loss":4.0,"gold_gain":0.0,"event_name":"Winding Halls","player_choice":"Max HP","floor":38.0,"gold_loss":0.0,"damage_taken":0.0}],"is_beta":false,"boss_relics":[{"not_picked":["aspiration:RitualDagger","Snecko Eye"],"picked":"Tiny House"},{"not_picked":["Honey Jar","Replay:Bronze Core"],"picked":"aspiration:BeakedSkillbook"}],"items_purged_floors":[],"is_endless":false,"potions_floor_spawned":[5,10,11,12,18,25,39],"killed_by":"Reptomancer","ascension_level":17}}