{"host":"rm0ctv8qd8mnbkg1","time":1611761861,"event":{"mods":["Arknights The Spire","BaseMod","BetterRewards","Colored Map","DNKmod","Dark Map","Defuse TimeMaze Blight","Friendly Minions","Infinite Spire","Minty Spire (QoL Compilation)","Permanent Neow","Rare Cards Sparkle","Relic Sorter","Reliquary","Replay The Spire","Shop Mod","Spicy Shops","Spire Arcade","StS++","StSLib","The Dragon Tamer","The Servant 0.9.4","Wandering Minibosses","[IsaacMod]????","??????REMEMod"],"gold_per_floor":[10018,10028,10045,10124,10135,10135,10169,10169,10243,10243,10272,10282,10294,9825,9825,9923,9923,9940,9954,9954,9146,9162,9187,9198,9198,9198,9208,9235,9235,9262,9361,9361,9460,9460,10089,9696,9696,10338,10338,10338,11038,11809,11881,11881,11881,13293,13293,14191,14191,14203],"floor_reached":51,"language":"ENG","playtime":1896,"items_purged":[],"score":1486,"play_id":"b4322978-06d4-4b01-9624-42b802a0ae0a","local_time":"20210127153741","is_ascension_mode":true,"campfire_choices":[{"data":"Loop","floor":6,"key":"SMITH"},{"data":"Time Bomb","floor":8,"key":"SMITH"},{"data":"Storm","floor":15,"key":"SMITH"},{"data":"Reprogram","floor":25,"key":"SMITH"},{"data":"Fan","floor":29,"key":"SMITH"},{"data":"Loop","floor":32,"key":"SMITH"},{"data":"ReplayTheSpireMod:Omega Cannon","floor":40,"key":"SMITH"},{"data":"Electrodynamics","floor":44,"key":"SMITH"},{"data":"Violence","floor":49,"key":"SMITH"}],"circlet_count":0,"master_deck":["Zap","Dualcast","Meteor Strike+1","White Noise+1","Loop+1","Time Bomb+1","Beam Cell","Time Bomb+1","Storm+1","StSpp:Fierceness","StSpp:Pointer","Self Repair","ReplayRNGCard","Distribution","Pulse","Storm+1","Fan+1","Reprogram+1","Static Discharge","Loop+1","StSpp:Saturation","Lockon","REME_SelfUpgrade","Core Surge","Ball Lightning","Steam Power","ReplayTheSpireMod:Omega Cannon+1","ReplayRNGCard","BootSequence","Multi-Cast","ReplaySolidLightProjector+1","Poisoned Strike","Barrage+1","Electrodynamics+1","Darkness+1","Violence+1","infinitespire:DeathsTouch"],"relics":["Cracked Core","REME_ComplimentaryCards","HushsDoor","GuppysTail","infinitespire:CheckeredPen","BookofShadows","infinitespire:SolderingIron","wanderingMiniBosses:OtherGremlinHorn","Guide Book","StSpp:WoodenStick","ReplayFunnel","Ice Cream","infinitespire:Beetle Shell","Divine Protection","Bottled Flame","infinitespire:PuzzleCube","Pandora\u0027s Box","infinitespire:EvilPickle","Thread and Needle","ClockworkSouvenir","Ring of Hypnosis","ReplayTheSpireMod:Ring of Collecting","REME_ArchaeologicalTools","ReplayTheSpireMod:Ring of Challenge","infinitespire:Broken Mirror","Letter Opener"],"acts_visited":["Exordium","TheCity","TheBeyond"],"potions_floor_usage":[27,33,33,50,50,50,50],"damage_taken":[{"damage":0,"enemies":"infinitespire:Voidling","floor":1,"turns":3},{"damage":0,"enemies":"2 Louse","floor":2,"turns":1},{"damage":0,"enemies":"Small Slimes","floor":3,"turns":2},{"damage":0,"enemies":"Blue Slaver","floor":5,"turns":2},{"damage":0,"enemies":"Gremlin Nob","floor":7,"turns":4},{"damage":0,"enemies":"Lagavulin","floor":11,"turns":4},{"damage":0,"enemies":"Exordium Thugs","floor":12,"turns":4},{"damage":0,"enemies":"Exordium Wildlife","floor":13,"turns":8},{"damage":0,"enemies":"Hexaghost","floor":16,"turns":5},{"damage":0,"enemies":"Chosen","floor":18,"turns":2},{"damage":0,"enemies":"Shell Parasite","floor":19,"turns":4},{"damage":0,"enemies":"Snake Plant","floor":22,"turns":3},{"damage":0,"enemies":"Book of Stabbing","floor":23,"turns":3},{"damage":0,"enemies":"Cultist and Chosen","floor":24,"turns":3},{"damage":0,"enemies":"Shelled Parasite and Fungi","floor":27,"turns":3},{"damage":2,"enemies":"Slavers","floor":28,"turns":3},{"damage":0,"enemies":"Book of Stabbing","floor":30,"turns":2},{"damage":0,"enemies":"Pondfish","floor":33,"turns":3},{"damage":0,"enemies":"Orb Walker","floor":35,"turns":2},{"damage":0,"enemies":"3 Darklings","floor":38,"turns":3},{"damage":0,"enemies":"R_Hoarder","floor":41,"turns":3},{"damage":0,"enemies":"Jaw Worm Horde","floor":42,"turns":2},{"damage":40,"enemies":"Transient","floor":46,"turns":5},{"damage":0,"enemies":"Nightmare","floor":48,"turns":3},{"damage":0,"enemies":"Donu and Deca","floor":50,"turns":3}],"seed_played":"-7591223398358786040","potions_obtained":[{"floor":1,"key":"Dexterity Potion"},{"floor":16,"key":"Energy Potion"},{"floor":27,"key":"FocusPotion"},{"floor":30,"key":"ColorlessPotion"},{"floor":33,"key":"ColorlessPotion"},{"floor":48,"key":"StSpp:ScatteredWeakPotion"}],"is_trial":false,"path_per_floor":["M","M","M","?","M","R","E","R","T","?","E","M","M","$","R","B",null,"M","M","?","$","M","E","M","R","T","M","E","R","E","?","R","B",null,"M","$","?","M","?","R","E","M","T","R","?","M","?","NM","R","B",null],"character_chosen":"DEFECT","items_purchased":["StSpp:Pointer","Self Repair","Guide Book","Storm+1","StSpp:WoodenStick","ReplayFunnel","Ice Cream","Multi-Cast","Thread and Needle","ClockworkSouvenir","Poisoned Strike"],"campfire_rested":0,"item_purchase_floors":[14,14,14,21,21,21,21,34,36,36,36],"current_hp_per_floor":[1100,1100,1100,1100,1100,1100,1100,1100,1100,1100,1100,1100,1100,1100,1100,1100,1100,1100,1100,1100,1100,1100,1100,1100,1100,1100,1100,1100,1100,1100,1100,1100,1100,1096,1096,1096,1096,1096,1096,1096,1096,1096,1096,1096,1096,1063,1063,1070,1070,1077],"gold":14203,"neow_bonus":"TEN_PERCENT_HP_BONUS","is_daily":false,"chose_seed":false,"campfire_upgraded":9,"win_rate":0.0,"timestamp":1611761861,"path_taken":["M","?","M","?","M","R","E","R","T","?","E","M","?","$","R","BOSS","M","M","?","$","M","E","M","R","T","M","E","R","E","?","R","BOSS","M","$","?","M","?","R","E","M","T","R","?","M","?","NM","R","BOSS"],"items_purchased_type":["Card","Card","Relic","Card","Relic","Relic","Relic","Card","Relic","Relic","Card"],"build_version":"2020-12-22","purchased_purges":0,"victory":true,"max_hp_per_floor":[1100,1100,1100,1100,1100,1100,1100,1100,1100,1100,1100,1100,1100,1100,1100,1100,1100,1100,1100,1100,1100,1100,1100,1100,1100,1100,1100,1100,1100,1100,1100,1100,1100,1096,1096,1096,1096,1096,1096,1096,1096,1096,1096,1096,1096,1096,1096,1096,1096,1096],"card_choices":[{"not_picked":["Turbo","BasicCrystalCard"],"picked":"White Noise","floor":1},{"not_picked":["Cold Snap","Compile Driver","BasicCrystalCard"],"picked":"SKIP","floor":2},{"not_picked":["Rebound","Meteor Strike"],"picked":"Loop","floor":3},{"not_picked":["Glacier","Gash"],"picked":"Time Bomb","floor":5},{"not_picked":["Panic Button","Coolheaded"],"picked":"Beam Cell","floor":7},{"not_picked":["REME_SelfUpgrade","Beam Cell"],"picked":"Time Bomb","floor":11},{"not_picked":["Beam Cell","Reinforced Body","Bomb"],"picked":"Storm","floor":12},{"not_picked":["Compile Driver","StSpp:Mask"],"picked":"StSpp:Fierceness","floor":13},{"not_picked":["All For One","Thunder Strike"],"picked":"ReplayRNGCard","floor":16},{"not_picked":["Redo","Sweeping Beam"],"picked":"Distribution","floor":18},{"not_picked":["Beam Cell+1","Streamline"],"picked":"Pulse","floor":19},{"not_picked":["Stack+1","Streamline"],"picked":"Fan","floor":22},{"not_picked":["Ball Lightning","Steam Power+1"],"picked":"Reprogram","floor":23},{"not_picked":["Conserve Battery","Panic Button","Sweeping Beam"],"picked":"SKIP","floor":24},{"not_picked":["Melter","White Noise+1"],"picked":"Static Discharge","floor":27},{"not_picked":["White Noise","Conserve Battery"],"picked":"Loop","floor":28},{"not_picked":["Ball Lightning","Hyperbeam","Undo+1"],"picked":"SKIP","floor":30},{"not_picked":["Creative AI","REME_Shoggoth"],"picked":"StSpp:Saturation","floor":33},{"not_picked":["BasicCrystalCard+1","Conserve Battery","Leap+1"],"picked":"ReplaySolidLightProjector+1","floor":35},{"not_picked":["Cold Snap","Stack","Doom and Gloom+1"],"picked":"Barrage+1","floor":38},{"not_picked":["Beam Cell","Storm+1"],"picked":"Electrodynamics","floor":41},{"not_picked":["Auto Shields+1","Beam Cell"],"picked":"Darkness+1","floor":42},{"not_picked":["Purity","Mayhem"],"picked":"Violence","floor":45},{"not_picked":["Compile Driver","Sweeping Beam+1","Turbo+1","Hologram"],"picked":"SKIP","floor":46},{"not_picked":["infinitespire:FutureSight","infinitespire:TheBestDefense"],"picked":"infinitespire:DeathsTouch","floor":48},{"not_picked":["Beam Cell+1","Distribution+1","Compile Driver","Gash"],"picked":"SKIP","floor":48}],"player_experience":185712,"relics_obtained":[{"floor":7,"key":"infinitespire:CheckeredPen"},{"floor":9,"key":"BookofShadows"},{"floor":11,"key":"infinitespire:SolderingIron"},{"floor":13,"key":"wanderingMiniBosses:OtherGremlinHorn"},{"floor":23,"key":"infinitespire:Beetle Shell"},{"floor":26,"key":"Divine Protection"},{"floor":28,"key":"Bottled Flame"},{"floor":30,"key":"infinitespire:PuzzleCube"},{"floor":37,"key":"Ring of Hypnosis"},{"floor":37,"key":"ReplayTheSpireMod:Ring of Collecting"},{"floor":41,"key":"REME_ArchaeologicalTools"},{"floor":43,"key":"ReplayTheSpireMod:Ring of Challenge"},{"floor":43,"key":"infinitespire:Broken Mirror"},{"floor":48,"key":"Letter Opener"}],"event_choices":[{"damage_healed":0,"gold_gain":79,"player_choice":"Gained Gold","damage_taken":0,"max_hp_gain":0,"max_hp_loss":0,"event_name":"Golden Wing","floor":4,"gold_loss":0},{"damage_healed":0,"gold_gain":0,"player_choice":"Upgraded","damage_taken":0,"max_hp_gain":0,"max_hp_loss":0,"event_name":"Upgrade Shrine","floor":10,"gold_loss":0,"cards_upgraded":["White Noise"]},{"damage_healed":0,"gold_gain":99,"player_choice":"Stole From Cult","damage_taken":0,"max_hp_gain":0,"max_hp_loss":0,"event_name":"Nest","floor":31,"gold_loss":0},{"damage_healed":0,"gold_gain":0,"player_choice":"Memory 1","damage_taken":0,"max_hp_gain":0,"max_hp_loss":0,"event_name":"SensoryStone","floor":45,"gold_loss":0},{"damage_healed":0,"gold_gain":0,"player_choice":"Got Potions","damage_taken":0,"max_hp_gain":0,"max_hp_loss":0,"event_name":"Lab","floor":47,"gold_loss":0}],"is_beta":false,"boss_relics":[{"not_picked":["infinitespire:Cupcake","Velvet Choker","REME_DemonsWealth"]},{"not_picked":["SlaversCollar","Fusion Hammer"],"picked":"Pandora\u0027s Box"},{"not_picked":[]}],"items_purged_floors":[],"is_endless":false,"potions_floor_spawned":[1,3,5,7,16,24,27,30,33,35,38,48],"ascension_level":3}}