{"host":"n6qxj7a4gnapjcui","time":1611779503,"event":{"mods":["2.2 Compatiblity","AchievementEnabler","BaseMod","Colored Map","Minty Spire (QoL Compilation)"],"gold_per_floor":[112,131,142,160,175,204,204,224,304,339,339,25,37,57,57,156,156,174,191,208,287,387,422,422,457,457,467,486,516,15,28,28,124,124,143,156,156,173,143,178,178,213,213,213,230,263,282,301,301,301],"floor_reached":51,"language":"POL","playtime":2789,"items_purged":[],"score":1251,"play_id":"72ef8f15-9208-467a-8b2a-285aeadab4fd","local_time":"20210127213143","is_ascension_mode":true,"campfire_choices":[{"data":"Bash","floor":7.0,"key":"SMITH"},{"data":"Pommel Strike","floor":11.0,"key":"SMITH"},{"data":"Rage","floor":15.0,"key":"SMITH"},{"floor":24.0,"key":"REST"},{"data":"Apotheosis","floor":32.0,"key":"SMITH"},{"floor":41.0,"key":"REST"},{"floor":44.0,"key":"REST"},{"data":"Berserk","floor":49.0,"key":"SMITH"}],"circlet_count":0,"master_deck":["Strike_R","Strike_R","Strike_R","Strike_R","Strike_R","Defend_R","Defend_R","Defend_R","Defend_R","Bash+1","Power Through","Thunderclap","Clothesline","Anger","Flex","Twin Strike","Double Tap","Pommel Strike+1","Infernal Blade","Rage+1","Cleave","Headbutt","Offering+1","Dropkick+1","Seeing Red+1","Flex+1","Reaper","Headbutt+1","Battle Trance+1","Twin Strike+1","Immolate","Apotheosis+1","Berserk+1","CurseOfTheBell","Uppercut+1","Feel No Pain+1","Spot Weakness+1","Entrench+1","Offering+1","Spot Weakness+1"],"relics":["Burning Blood","CaptainsWheel","Ice Cream","Paper Frog","Pantograph","Lee\u0027s Waffle","SlaversCollar","Letter Opener","FossilizedHelix","Ancient Tea Set","Prayer Wheel","Anchor","HornCleat","Calling Bell","Bronze Scales","Torii","Mummified Hand","Toxic Egg 2","Bird Faced Urn","Darkstone Periapt","War Paint"],"acts_visited":["Exordium","TheCity","TheBeyond"],"potions_floor_usage":[50,50],"damage_taken":[{"damage":1.0,"enemies":"Cultist","floor":1.0,"turns":4.0},{"damage":1.0,"enemies":"2 Louse","floor":2.0,"turns":3.0},{"damage":0.0,"enemies":"Small Slimes","floor":3.0,"turns":3.0},{"damage":3.0,"enemies":"Red Slaver","floor":4.0,"turns":6.0},{"damage":1.0,"enemies":"Blue Slaver","floor":5.0,"turns":4.0},{"damage":5.0,"enemies":"Lagavulin","floor":6.0,"turns":6.0},{"damage":12.0,"enemies":"Looter","floor":8.0,"turns":3.0},{"damage":5.0,"enemies":"Gremlin Nob","floor":10.0,"turns":4.0},{"damage":2.0,"enemies":"3 Louse","floor":13.0,"turns":4.0},{"damage":17.0,"enemies":"Gremlin Gang","floor":14.0,"turns":5.0},{"damage":66.0,"enemies":"Hexaghost","floor":16.0,"turns":12.0},{"damage":6.0,"enemies":"Chosen","floor":18.0,"turns":3.0},{"damage":8.0,"enemies":"3 Byrds","floor":19.0,"turns":5.0},{"damage":17.0,"enemies":"Sentry and Sphere","floor":20.0,"turns":5.0},{"damage":31.0,"enemies":"Gremlin Leader","floor":23.0,"turns":5.0},{"damage":0.0,"enemies":"Slavers","floor":25.0,"turns":4.0},{"damage":0.0,"enemies":"Centurion and Healer","floor":27.0,"turns":4.0},{"damage":0.0,"enemies":"3 Cultists","floor":28.0,"turns":4.0},{"damage":12.0,"enemies":"Gremlin Leader","floor":29.0,"turns":5.0},{"damage":6.0,"enemies":"Chosen and Byrds","floor":31.0,"turns":4.0},{"damage":0.0,"enemies":"Champ","floor":33.0,"turns":5.0},{"damage":0.0,"enemies":"Orb Walker","floor":35.0,"turns":3.0},{"damage":17.0,"enemies":"3 Darklings","floor":36.0,"turns":4.0},{"damage":3.0,"enemies":"Jaw Worm Horde","floor":38.0,"turns":5.0},{"damage":41.0,"enemies":"Giant Head","floor":40.0,"turns":6.0},{"damage":22.0,"enemies":"Nemesis","floor":42.0,"turns":5.0},{"damage":0.0,"enemies":"Spire Growth","floor":45.0,"turns":4.0},{"damage":57.0,"enemies":"Reptomancer","floor":46.0,"turns":5.0},{"damage":31.0,"enemies":"Maw","floor":47.0,"turns":5.0},{"damage":6.0,"enemies":"4 Shapes","floor":48.0,"turns":2.0},{"damage":82,"enemies":"Time Eater","floor":50,"turns":10}],"seed_played":"-2188732878122459427","potions_obtained":[{"floor":1.0,"key":"SteroidPotion"},{"floor":5.0,"key":"Fire Potion"},{"floor":6.0,"key":"SneckoOil"},{"floor":13.0,"key":"Swift Potion"},{"floor":19.0,"key":"SneckoOil"},{"floor":20.0,"key":"PowerPotion"},{"floor":25.0,"key":"SpeedPotion"},{"floor":31.0,"key":"DuplicationPotion"},{"floor":39.0,"key":"LiquidBronze"},{"floor":39.0,"key":"SteroidPotion"},{"floor":42.0,"key":"BloodPotion"},{"floor":45.0,"key":"EssenceOfSteel"},{"floor":46.0,"key":"Strength Potion"}],"is_trial":false,"path_per_floor":["M","M","M","M","M","E","R","M","T","E","R","$","M","M","R","B",null,"M","M","M","T","?","E","R","E","T","M","M","E","$","M","R","B",null,"M","M","?","M","?","E","R","E","T","R","M","E","M","M","R","B",null],"character_chosen":"IRONCLAD","items_purchased":["Infernal Blade","Rage","Lee\u0027s Waffle","Fire Potion","Apotheosis","HornCleat","Dexterity Potion"],"campfire_rested":3,"item_purchase_floors":[12,12,12,12,30,30,30],"current_hp_per_floor":[56,61,67,70,75,76,76,70,70,71,71,87,87,76,76,27,72,72,70,59,59,59,34,60,66,66,72,86,87,87,87,87,87,87,87,76,76,79,79,55,79,63,63,83,83,34,40,82,82,9],"gold":301,"neow_bonus":"ONE_RARE_RELIC","is_daily":false,"chose_seed":false,"campfire_upgraded":5,"win_rate":0.0,"timestamp":1611779503,"path_taken":["M","M","M","M","M","E","R","M","T","E","R","$","M","?","R","BOSS","M","M","M","?","?","E","R","E","T","M","M","E","$","?","R","BOSS","M","M","?","M","?","E","R","E","T","R","M","E","M","?","R","BOSS"],"items_purchased_type":["Card","Card","Relic","Potion","Card","Relic","Potion"],"build_version":"2020-12-22","purchased_purges":0,"victory":true,"max_hp_per_floor":[80,80,80,80,80,80,80,80,80,80,80,87,87,87,87,87,87,87,87,87,87,87,87,87,87,87,87,87,87,87,87,87,87,87,87,87,83,83,83,83,83,83,83,83,83,83,83,83,83,83],"card_choices":[{"not_picked":["Perfected Strike","Carnage"],"picked":"Power Through","floor":1.0},{"not_picked":["Metallicize","Shrug It Off"],"picked":"Thunderclap","floor":2.0},{"not_picked":["Shockwave","Armaments"],"picked":"Clothesline","floor":3.0},{"not_picked":["Iron Wave","Heavy Blade"],"picked":"Anger","floor":4.0},{"not_picked":["True Grit","Clash"],"picked":"Flex","floor":5.0},{"not_picked":["Havoc","Anger"],"picked":"Twin Strike","floor":6.0},{"not_picked":["Fire Breathing","Warcry"],"picked":"Double Tap","floor":8.0},{"not_picked":["Clash","Twin Strike"],"picked":"Pommel Strike","floor":10.0},{"not_picked":["Sword Boomerang","Thunderclap"],"picked":"Cleave","floor":13.0},{"not_picked":["Heavy Blade","Anger"],"picked":"Headbutt","floor":14.0},{"not_picked":["Demon Form","Corruption"],"picked":"Offering","floor":16.0},{"not_picked":["Body Slam","Spot Weakness"],"picked":"Dropkick+1","floor":18.0},{"not_picked":["Pommel Strike","Clash"],"picked":"Seeing Red","floor":19.0},{"not_picked":["True Grit","Heavy Blade"],"picked":"Flex+1","floor":20.0},{"not_picked":["Body Slam","Clash+1","Combust"],"picked":"SKIP","floor":23.0},{"not_picked":["Dark Embrace","Flex"],"picked":"Reaper","floor":25.0},{"not_picked":["Shrug It Off","Pummel"],"picked":"Headbutt+1","floor":27.0},{"not_picked":["Headbutt","Anger","Sever Soul"],"picked":"SKIP","floor":27.0},{"not_picked":["Reckless Charge","Flex+1"],"picked":"Battle Trance+1","floor":28.0},{"not_picked":["Anger","Second Wind"],"picked":"Twin Strike+1","floor":28.0},{"not_picked":["Fire Breathing","Combust"],"picked":"Immolate","floor":29.0},{"not_picked":["Twin Strike+1","Headbutt+1","Power Through"],"picked":"SKIP","floor":31.0},{"not_picked":["Armaments","Flex+1","Rampage"],"picked":"SKIP","floor":31.0},{"not_picked":["Immolate","Brutality"],"picked":"Berserk","floor":33.0},{"not_picked":["Power Through","Disarm"],"picked":"Uppercut+1","floor":35.0},{"not_picked":["Clash+1","Sword Boomerang"],"picked":"Feel No Pain+1","floor":35.0},{"not_picked":["Perfected Strike+1","Havoc+1","Feel No Pain+1"],"picked":"SKIP","floor":36.0},{"not_picked":["Shrug It Off","Cleave+1","Body Slam"],"picked":"SKIP","floor":36.0},{"not_picked":["Entrench+1","Uppercut","Reckless Charge+1"],"picked":"SKIP","floor":38.0},{"not_picked":["Immolate","Wild Strike","Clothesline"],"picked":"SKIP","floor":38.0},{"not_picked":["Blood for Blood+1","Intimidate+1"],"picked":"Spot Weakness+1","floor":40.0},{"not_picked":["Wild Strike","Pommel Strike","Rampage"],"picked":"SKIP","floor":42.0},{"not_picked":["Twin Strike+1","Clothesline"],"picked":"Entrench+1","floor":45.0},{"not_picked":["Armaments+1","Reckless Charge+1","Havoc+1"],"picked":"SKIP","floor":45.0},{"not_picked":["Infernal Blade+1","Sever Soul","Reckless Charge+1"],"picked":"SKIP","floor":46.0},{"not_picked":["Hemokinesis+1","Intimidate+1"],"picked":"Offering+1","floor":47.0},{"not_picked":["Burning Pact+1","Headbutt+1"],"picked":"Spot Weakness+1","floor":47.0},{"not_picked":["Headbutt","Dark Embrace","Cleave+1"],"picked":"SKIP","floor":48.0},{"not_picked":["Blood for Blood","Evolve","Cleave+1"],"picked":"SKIP","floor":48.0}],"player_experience":318643,"relics_obtained":[{"floor":6.0,"key":"Ice Cream"},{"floor":9.0,"key":"Paper Frog"},{"floor":10.0,"key":"Pantograph"},{"floor":21.0,"key":"Letter Opener"},{"floor":23.0,"key":"FossilizedHelix"},{"floor":25.0,"key":"Ancient Tea Set"},{"floor":26.0,"key":"Prayer Wheel"},{"floor":29.0,"key":"Anchor"},{"floor":34.0,"key":"Bronze Scales"},{"floor":34.0,"key":"Torii"},{"floor":34.0,"key":"Mummified Hand"},{"floor":40.0,"key":"Toxic Egg 2"},{"floor":42.0,"key":"Bird Faced Urn"},{"floor":43.0,"key":"Darkstone Periapt"},{"floor":46.0,"key":"War Paint"}],"event_choices":[{"damage_healed":0.0,"max_hp_gain":0.0,"max_hp_loss":0.0,"gold_gain":100.0,"event_name":"Golden Shrine","player_choice":"Pray","floor":22.0,"gold_loss":0.0,"damage_taken":0.0},{"damage_healed":0.0,"max_hp_gain":0.0,"max_hp_loss":4.0,"gold_gain":0.0,"event_name":"Winding Halls","player_choice":"Max HP","floor":37.0,"gold_loss":0.0,"damage_taken":0.0},{"damage_healed":0.0,"max_hp_gain":0.0,"max_hp_loss":0.0,"gold_gain":0.0,"event_name":"The Woman in Blue","player_choice":"Bought 2 Potions","floor":39.0,"gold_loss":0.0,"damage_taken":0.0}],"is_beta":false,"boss_relics":[{"not_picked":["Astrolabe","Runic Dome"],"picked":"SlaversCollar"},{"not_picked":["Empty Cage","Busted Crown"],"picked":"Calling Bell"}],"items_purged_floors":[],"is_endless":false,"potions_floor_spawned":[1,5,6,13,19,20,25,31,42,45,46],"ascension_level":8}}