{"host":"qeogwbudlaqzb6hy","time":1611744637,"event":{"mods":["BaseMod","Downfall","Minty Spire (QoL Compilation)","StSLib"],"gold_per_floor":[99,117,129,141,160,160,160,160],"floor_reached":6,"language":"ENG","playtime":319,"items_purged":[],"score":38,"play_id":"44cdad68-459a-4c4c-b141-75aaf170706e","local_time":"20210127205037","is_ascension_mode":false,"campfire_choices":[{"data":"Guardian:CurlUp","floor":1,"key":"SMITH"}],"circlet_count":0,"master_deck":["Guardian:Strike_Guardian","Guardian:Strike_Guardian","Guardian:Strike_Guardian","Guardian:Strike_Guardian","Guardian:Defend_Guardian","Guardian:Defend_Guardian","Guardian:Defend_Guardian","Guardian:Defend_Guardian","Guardian:CurlUp+1","Guardian:TwinSlam","Guardian:TimeCapacitor","Guardian:Incinerate","Guardian:Emergency","Guardian:Recover","Guardian:RefractedBeam"],"relics":["Guardian:ModeShifter"],"acts_visited":["Exordium"],"potions_floor_usage":[],"damage_taken":[{"damage":0,"enemies":"2 Louse","floor":2,"turns":3},{"damage":4,"enemies":"Cultist","floor":3,"turns":4},{"damage":8,"enemies":"Jaw Worm","floor":4,"turns":4},{"damage":20,"enemies":"Gremlin Gang","floor":5,"turns":7},{"damage":0,"enemies":"Lagavulin","floor":6,"turns":2}],"seed_played":"-6680235795375399682","potions_obtained":[],"is_trial":false,"path_per_floor":["R","M","M","M","M","E"],"character_chosen":"GUARDIAN","items_purchased":[],"campfire_rested":0,"item_purchase_floors":[],"current_hp_per_floor":[80,80,76,68,48,48,48,48],"gold":160,"neow_bonus":"THREE_CARDS","is_daily":false,"chose_seed":false,"campfire_upgraded":1,"win_rate":0.0,"timestamp":1611744637,"path_taken":["R","M","M","M","M","E"],"items_purchased_type":[],"build_version":"2020-12-22","purchased_purges":0,"victory":false,"max_hp_per_floor":[80,80,80,80,80,80,80,80],"card_choices":[{"not_picked":["Guardian:Gem_Blue","Guardian:Suspension"],"picked":"Guardian:TimeCapacitor","floor":0},{"not_picked":["Guardian:Gem_Cyan","Guardian:PiercingHide"],"picked":"Guardian:Incinerate","floor":2},{"not_picked":["Guardian:Gem_Fragmented","Guardian:VentSteam"],"picked":"Guardian:Emergency","floor":3},{"not_picked":["Guardian:Harden","Guardian:Incinerate"],"picked":"Guardian:Recover","floor":4},{"not_picked":["Guardian:Incinerate","Guardian:RollAttack"],"picked":"Guardian:RefractedBeam","floor":5}],"player_experience":335772,"relics_obtained":[],"event_choices":[],"is_beta":false,"boss_relics":[],"items_purged_floors":[],"is_endless":false,"potions_floor_spawned":[],"killed_by":"Lagavulin","ascension_level":0}}