{"host":"gbsupkmj5cka9iw4","time":1611735304,"event":{"mods":["BaseMod","Better Note","BetterRewards","Minty Spire (QoL Compilation)","Say the Spire","Shop Mod","StSLib"],"gold_per_floor":[137,170,203,278,315,315,350,350,350,58,83,5,29,40,40,117,117,136,11,11,54,54,133,170,170,170,170,170,182,242,190,190,266,266,286,286,83,126,126,126],"floor_reached":39,"language":"ENG","playtime":1962,"items_purged":["Shame","Strike_R","Defend_R"],"score":1054,"play_id":"8250bf68-9be6-44ac-ad19-e1cd08a19c80","local_time":"20210127171504","is_ascension_mode":true,"campfire_choices":[{"data":"HandOfGreed","floor":6.0,"key":"SMITH"},{"data":"Bash","floor":8.0,"key":"SMITH"},{"data":"Pommel Strike","floor":15.0,"key":"SMITH"},{"data":"Whirlwind","floor":25,"key":"SMITH"},{"data":"Impervious","floor":28,"key":"SMITH"},{"data":"Shrug It Off","floor":32,"key":"SMITH"}],"circlet_count":0,"master_deck":["AscendersBane","Strike_R","Strike_R","Strike_R","Strike_R","Defend_R","Defend_R","Defend_R","Bash+1","Feed","HandOfGreed+1","Swift Strike","Ghostly Armor","Shrug It Off+1","Ghostly Armor","Pommel Strike+1","Shockwave+1","Bloodletting","Reckless Charge","Impervious+1","Shrug It Off","Pommel Strike","Whirlwind+1","Uppercut+1","Warcry+1","Infernal Blade+1","Corruption","Battle Trance","Body Slam","Shrug It Off"],"relics":["Burning Blood","MealTicket","Bag of Preparation","Toy Ornithopter","Red Skull","Bag of Marbles","Bottled Lightning","Tiny Chest","SlaversCollar","Omamori","Matryoshka","Lantern","Akabeko","Nunchaku","Philosopher\u0027s Stone","Potion Belt"],"acts_visited":["Exordium","TheCity","TheBeyond"],"potions_floor_usage":[18,24,33],"damage_taken":[{"damage":0.0,"enemies":"Cultist","floor":1.0,"turns":3.0},{"damage":0.0,"enemies":"2 Louse","floor":2.0,"turns":2.0},{"damage":2.0,"enemies":"Jaw Worm","floor":3.0,"turns":2.0},{"damage":2.0,"enemies":"Exordium Wildlife","floor":5.0,"turns":5.0},{"damage":0.0,"enemies":"Gremlin Nob","floor":7.0,"turns":2.0},{"damage":24.0,"enemies":"Lagavulin","floor":11.0,"turns":6.0},{"damage":4.0,"enemies":"Large Slime","floor":14.0,"turns":4.0},{"damage":43.0,"enemies":"Slime Boss","floor":16.0,"turns":8.0},{"damage":11,"enemies":"Shell Parasite","floor":18,"turns":7},{"damage":3,"enemies":"Chosen","floor":21,"turns":5},{"damage":21,"enemies":"Slavers","floor":23,"turns":7},{"damage":35,"enemies":"Snake Plant","floor":24,"turns":6},{"damage":0,"enemies":"Centurion and Healer","floor":29,"turns":1},{"damage":24,"enemies":"Book of Stabbing","floor":30,"turns":2},{"damage":67,"enemies":"Automaton","floor":33,"turns":10},{"damage":0,"enemies":"Orb Walker","floor":35,"turns":3},{"damage":0,"enemies":"3 Shapes","floor":38,"turns":1},{"damage":23,"enemies":"Writhing Mass","floor":39,"turns":5}],"seed_played":"-5544012700576371038","potions_obtained":[{"floor":1.0,"key":"DistilledChaos"},{"floor":3.0,"key":"AttackPotion"},{"floor":16.0,"key":"Swift Potion"},{"floor":18,"key":"PowerPotion"},{"floor":29,"key":"PowerPotion"},{"floor":33,"key":"BloodPotion"}],"is_trial":false,"path_per_floor":["M","M","M","?","M","R","E","R","T","$","E","$","T","M","R","B",null,"M","$","?","M","?","E","M","R","T","T","R","M","E","$","R","B",null,"M","?","$","M","M"],"character_chosen":"IRONCLAD","items_purchased":["MealTicket","FairyPotion","Bag of Preparation","Ghostly Armor","Bag of Marbles","Pommel Strike","Bloodletting","BloodPotion","Potion Belt","Body Slam"],"campfire_rested":0,"item_purchase_floors":[0,0,0,0,10,10,12,31,37,37],"current_hp_per_floor":[34,43,47,36,40,40,49,49,49,64,46,61,61,66,66,32,73,76,90,90,90,90,75,51,51,51,51,51,57,39,54,54,16,72,78,78,90,90,67,67],"gold":126,"neow_bonus":"","is_daily":false,"chose_seed":false,"campfire_upgraded":6,"win_rate":0.0,"timestamp":1611735304,"path_taken":["M","?","M","?","M","R","E","R","T","$","E","?","?","M","R","BOSS","M","$","?","M","?","E","?","R","T","?","R","M","E","?","R","BOSS","M","?","$","M","M"],"items_purchased_type":["Relic","Potion","Relic","Card","Relic","Card","Card","Potion","Relic","Card"],"build_version":"2020-12-22","purchased_purges":3,"victory":false,"max_hp_per_floor":[75,78,78,78,78,78,81,81,81,81,81,81,81,84,84,87,87,90,90,90,90,90,90,90,90,90,90,90,90,90,90,90,90,90,90,90,90,90,90,90],"card_choices":[{"not_picked":["Clash","Body Slam"],"picked":"Shrug It Off","floor":1.0},{"not_picked":["Fire Breathing","Hemokinesis"],"picked":"Ghostly Armor","floor":2.0},{"not_picked":["Heavy Blade","Intimidate","Cleave"],"picked":"SKIP","floor":3.0},{"not_picked":["Iron Wave","Twin Strike","Ghostly Armor"],"picked":"SKIP","floor":5.0},{"not_picked":["Warcry","Carnage","Twin Strike"],"picked":"SKIP","floor":7.0},{"not_picked":["Rupture","Wild Strike"],"picked":"Shockwave","floor":11.0},{"not_picked":["Headbutt","Body Slam"],"picked":"Reckless Charge","floor":14.0},{"not_picked":["Exhume","Juggernaut"],"picked":"Impervious","floor":16.0},{"not_picked":["Havoc","Armaments","True Grit"],"picked":"SKIP","floor":18},{"not_picked":["Spot Weakness","Rage"],"picked":"Pommel Strike","floor":21},{"not_picked":["Perfected Strike","Armaments"],"picked":"Whirlwind","floor":23},{"not_picked":["Iron Wave","Combust"],"picked":"Uppercut+1","floor":24},{"not_picked":["Clash","Wild Strike"],"picked":"Warcry+1","floor":29},{"not_picked":["Bloodletting","Sentinel"],"picked":"Infernal Blade+1","floor":30},{"not_picked":["Impervious","Immolate"],"picked":"Corruption","floor":33},{"not_picked":["Second Wind","Twin Strike"],"picked":"Battle Trance","floor":35},{"not_picked":["Searing Blow","Heavy Blade+1"],"picked":"Shrug It Off","floor":38}],"player_experience":749894,"relics_obtained":[{"floor":7.0,"key":"Toy Ornithopter"},{"floor":9.0,"key":"Red Skull"},{"floor":11.0,"key":"Bottled Lightning"},{"floor":13.0,"key":"Tiny Chest"},{"floor":23,"key":"Omamori"},{"floor":26,"key":"Matryoshka"},{"floor":27,"key":"Lantern"},{"floor":27,"key":"Akabeko"},{"floor":30,"key":"Nunchaku"}],"event_choices":[{"damage_healed":0.0,"max_hp_gain":0.0,"max_hp_loss":0.0,"gold_gain":75.0,"event_name":"World of Goop","player_choice":"Gather Gold","floor":4.0,"gold_loss":0.0,"damage_taken":11.0},{"damage_healed":0,"gold_gain":0,"player_choice":"Read","damage_taken":0,"max_hp_gain":0,"max_hp_loss":0,"event_name":"The Library","floor":20,"gold_loss":0,"cards_obtained":["Shrug It Off"]},{"damage_healed":0,"gold_gain":0,"player_choice":"Upgraded","damage_taken":0,"max_hp_gain":0,"max_hp_loss":0,"event_name":"Upgrade Shrine","floor":22,"gold_loss":0,"cards_upgraded":["Shockwave"]},{"damage_healed":0,"gold_gain":0,"player_choice":"Ignored","damage_taken":0,"max_hp_gain":0,"max_hp_loss":0,"event_name":"Tomb of Lord Red Mask","floor":36,"gold_loss":0}],"is_beta":false,"boss_relics":[{"not_picked":["Runic Cube","Coffee Dripper"],"picked":"SlaversCollar"},{"not_picked":["Busted Crown","Black Star"],"picked":"Philosopher\u0027s Stone"}],"items_purged_floors":[0,10,19],"is_endless":false,"potions_floor_spawned":[1,2,3,16,18,23,29,33,35],"killed_by":"Writhing Mass","ascension_level":15}}