{"host":"ewns8ifhbubwkcum","time":1611707185,"event":{"mods":["BaseMod","Block Reminder","Colored Map","Colored Powertips","Downfall","Highlight Path","Minty Spire (QoL Compilation)","Permanent Neow","Quick Restart","Random Character Button","StSLib"],"gold_per_floor":[99,118,28,57,57,57,80,5,40,40,58,118,237,293,371,495,495,495,589,341,341,367,365,418,278,268,291,391,366,377,384,368,491,491,416,416,416,416],"floor_reached":36,"language":"ENG","playtime":4060,"items_purged":["sneckomod:UnknownClassHEXA_GHOST_PURPLE","sneckomod:UnknownClassPURPLE","sneckomod:UnknownClassGUARDIAN","sneckomod:DangerNoodle"],"score":494,"play_id":"5d6f23a7-4c62-4d79-837d-417f52f9a1e6","local_time":"20210126182625","is_ascension_mode":true,"campfire_choices":[{"floor":1.0,"key":"RECALL"},{"data":"sneckomod:DiceBoulder","floor":6.0,"key":"SMITH"},{"data":"sneckomod:DiceBoulder+1","floor":8.0,"key":"SMITH"},{"data":"sneckomod:GlitteringGambit","floor":10.0,"key":"SMITH"},{"data":"sneckomod:Nope","floor":18.0,"key":"SMITH"},{"data":"sneckomod:UnlimitedRolls","floor":21.0,"key":"SMITH"},{"data":"sneckomod:Restock","floor":35.0,"key":"SMITH"}],"circlet_count":0,"master_deck":["sneckomod:SnekBite","sneckomod:Unknown","sneckomod:Unknown","sneckomod:DiceBoulder+2","sneckomod:GlitteringGambit+1","sneckomod:UnknownVulnerable","sneckomod:RainOfDice","sneckomod:UnknownBlock","sneckomod:Nope+1","sneckomod:QuickMove","sneckomod:UnknownColorless","sneckomod:UnlimitedRolls+1","sneckomod:UnlimitedRolls","sneckomod:SoulDraw","sneckomod:TrashToTreasure","Mayhem","sneckomod:IronFang","sneckomod:ImprovisedGuard","sneckomod:IronFang","sneckomod:QuickMove","sneckomod:Restock+1"],"relics":["sneckomod:SneckoSoul","sneckomod:LoadedDie","PreservedInsect","downfall:HeartBlessingRed","Lantern","Pocketwatch","Potion Belt","Pandora\u0027s Box","Ancient Tea Set","Blood Vial","Red Mask","Regal Pillow","MealTicket","Incense Burner","Black Star","downfall:HeartBlessingGreen"],"acts_visited":[],"potions_floor_usage":[],"damage_taken":[{"damage":1.0,"enemies":"Cultist","floor":2.0,"turns":4.0},{"damage":5.0,"enemies":"downfall:FleeingMerchant","floor":3.0,"turns":4.0},{"damage":27.0,"enemies":"Gremlin Nob","floor":4.0,"turns":5.0},{"damage":8.0,"enemies":"Lagavulin","floor":9.0,"turns":6.0},{"damage":2.0,"enemies":"Jaw Worm","floor":11.0,"turns":2.0},{"damage":18.0,"enemies":"Lagavulin Event","floor":12.0,"turns":3.0},{"damage":5.0,"enemies":"downfall:WomanInBlue","floor":13.0,"turns":6.0},{"damage":0.0,"enemies":"Small Slimes","floor":14.0,"turns":3.0},{"damage":1.0,"enemies":"2 Fungi Beasts","floor":15.0,"turns":3.0},{"damage":8.0,"enemies":"downfall:CharBossIronclad","floor":16.0,"turns":6.0},{"damage":10.0,"enemies":"Gremlin Leader","floor":19.0,"turns":4.0},{"damage":5.0,"enemies":"downfall:FleeingMerchant","floor":20.0,"turns":4.0},{"damage":10.0,"enemies":"Masked Bandits","floor":22.0,"turns":3.0},{"damage":9.0,"enemies":"Book of Stabbing","floor":23.0,"turns":3.0},{"damage":20.0,"enemies":"downfall:FleeingMerchant","floor":25.0,"turns":4.0},{"damage":1.0,"enemies":"downfall:FleeingMerchant","floor":26.0,"turns":3.0},{"damage":37.0,"enemies":"Gremlin Leader","floor":27.0,"turns":4.0},{"damage":7.0,"enemies":"Spheric Guardian","floor":29.0,"turns":3.0},{"damage":13.0,"enemies":"Sentry and Sphere","floor":30.0,"turns":6.0},{"damage":15.0,"enemies":"Snake Plant","floor":31.0,"turns":5.0},{"damage":0.0,"enemies":"Snecko","floor":32.0,"turns":3.0},{"damage":4.0,"enemies":"downfall:CharBossSilent","floor":33.0,"turns":8.0},{"damage":0,"enemies":"3 Shapes","floor":36,"turns":1}],"seed_played":"-2789372460921472012","potions_obtained":[{"floor":12.0,"key":"FearPotion"},{"floor":13.0,"key":"SkillPotion"},{"floor":13.0,"key":"DuplicationPotion"},{"floor":13.0,"key":"sneckomod:MuddlingPotion"},{"floor":15.0,"key":"SpeedPotion"},{"floor":16.0,"key":"ColorlessPotion"},{"floor":22.0,"key":"SmokeBomb"},{"floor":23.0,"key":"Fruit Juice"},{"floor":29.0,"key":"SkillPotion"},{"floor":30.0,"key":"Energy Potion"}],"is_trial":false,"path_per_floor":["R","M","$","E","?","R","T","R","E","R","M","?","?","M","M","B",null,"R","E","$","R","?","E","T","$","$","E","?","M","M","M","M","B",null,"R","M"],"character_chosen":"THE_SNECKO","items_purchased":["Blood Vial","Mayhem"],"campfire_rested":0,"item_purchase_floors":[20,26],"current_hp_per_floor":[91,90,85,58,58,58,58,58,50,50,53,35,31,31,30,23,96,96,86,81,81,73,66,66,63,84,49,49,44,33,22,24,22,101,101,101,101,101],"gold":416,"neow_bonus":"TRANSFORM_CARD","is_daily":false,"chose_seed":false,"campfire_upgraded":6,"win_rate":0.0,"timestamp":1611707185,"path_taken":["R","?","$","E","?","R","T","R","E","R","M","?","?","?","M","BOSS","R","E","$","R","?","E","T","$","$","E","?","?","M","M","M","BOSS","R","?"],"items_purchased_type":["Relic","Card"],"build_version":"2020-12-22","purchased_purges":4,"victory":false,"max_hp_per_floor":[91,91,91,91,91,91,91,91,91,91,92,92,93,93,93,94,96,96,96,96,96,96,96,96,96,101,101,101,101,101,101,101,101,101,101,101,101,101],"card_choices":[{"not_picked":["sneckomod:UnknownClassRED","sneckomod:UnknownCommonSkill"],"picked":"sneckomod:DiceBoulder","floor":2.0},{"not_picked":["sneckomod:Unknown1Cost","sneckomod:UnknownVulnerable","sneckomod:UnknownUncommonPower"],"picked":"SKIP","floor":4.0},{"not_picked":["sneckomod:UnknownStrike","sneckomod:QuickMove"],"picked":"sneckomod:GlitteringGambit","floor":9.0},{"not_picked":["sneckomod:QuickMove","sneckomod:DiceBlock"],"picked":"sneckomod:UnknownVulnerable","floor":11.0},{"not_picked":["sneckomod:UnknownUncommonSkill","sneckomod:UnknownWeak"],"picked":"sneckomod:RainOfDice","floor":12.0},{"not_picked":["sneckomod:UnknownCommonSkill","sneckomod:UnknownExhaust"],"picked":"sneckomod:UnknownBlock","floor":13.0},{"not_picked":["sneckomod:UnknownClassRED","sneckomod:SerpentIdol"],"picked":"sneckomod:Nope","floor":14.0},{"not_picked":["sneckomod:Unknown1Cost","sneckomod:UnknownClassSLIMEBOUND"],"picked":"sneckomod:QuickMove","floor":15.0},{"not_picked":["sneckomod:MorePower","sneckomod:Unknown3Cost"],"picked":"sneckomod:UnknownColorless","floor":16.0},{"not_picked":["sneckomod:WideSting","sneckomod:UnknownWeak"],"picked":"sneckomod:SoulDraw","floor":19.0},{"not_picked":["sneckomod:PureSnecko+1","sneckomod:UnknownClassGREEN"],"picked":"sneckomod:TrashToTreasure","floor":22.0},{"not_picked":["sneckomod:UnknownClassRED","sneckomod:Nope","sneckomod:DiceBlock"],"picked":"SKIP","floor":23.0},{"not_picked":["sneckomod:UnknownRareAttack","sneckomod:UnknownX"],"picked":"sneckomod:IronFang","floor":27.0},{"not_picked":["sneckomod:Unknown2Cost","sneckomod:UnknownWeak"],"picked":"sneckomod:ImprovisedGuard","floor":29.0},{"not_picked":["sneckomod:WideSting","sneckomod:SoulCleanse"],"picked":"sneckomod:IronFang","floor":30.0},{"not_picked":["sneckomod:UnknownStrength","sneckomod:Rotation"],"picked":"sneckomod:QuickMove","floor":31.0},{"not_picked":["sneckomod:UnknownWeak+1","sneckomod:Unknown1Cost+1","sneckomod:QuickMove"],"picked":"SKIP","floor":32.0},{"not_picked":["sneckomod:MorePower","sneckomod:SerpentMind"],"picked":"sneckomod:Restock","floor":33.0}],"player_experience":994481,"relics_obtained":[{"floor":4.0,"key":"sneckomod:LoadedDie"},{"floor":7.0,"key":"PreservedInsect"},{"floor":9.0,"key":"Lantern"},{"floor":12.0,"key":"Pocketwatch"},{"floor":13.0,"key":"Potion Belt"},{"floor":19.0,"key":"Ancient Tea Set"},{"floor":22.0,"key":"Red Mask"},{"floor":23.0,"key":"Regal Pillow"},{"floor":24.0,"key":"MealTicket"},{"floor":27.0,"key":"Incense Burner"}],"event_choices":[{"damage_healed":0.0,"max_hp_gain":0.0,"max_hp_loss":0.0,"gold_gain":0.0,"event_name":"Masked Bandits","player_choice":"Fought Bandits","floor":22.0,"gold_loss":0.0,"damage_taken":0.0}],"is_beta":false,"boss_relics":[{"not_picked":["Calling Bell","Tiny House"],"picked":"Pandora\u0027s Box"},{"not_picked":["Philosopher\u0027s Stone","SlaversCollar"],"picked":"Black Star"}],"items_purged_floors":[3,20,25,26],"is_endless":false,"potions_floor_spawned":[12,15,16,22,23,29,30],"killed_by":"3 Shapes","ascension_level":2}}