{"host":"gaqyve1328ta0etl","time":1611738344,"event":{"mods":["BaseMod","Colored Map","Colored Powertips","Googly Eyes","Minty Spire (QoL Compilation)","Shop Mod","StSLib","SuperFastMode","The Hierophant","The Runesmith"],"gold_per_floor":[112,112,126,126,126,126,169,193,218,252,21,37,37,53,53,53,53],"floor_reached":16,"language":"ENG","playtime":357,"items_purged":["Strike_R"],"score":216,"play_id":"acd8eafb-68df-40db-b779-c3c18ab9e55b","local_time":"20210127010544","is_ascension_mode":true,"campfire_choices":[{"floor":6,"key":"REST"},{"data":"Armaments","floor":13,"key":"SMITH"},{"floor":15,"key":"REST"}],"circlet_count":0,"master_deck":["AscendersBane","Strike_R+1","Strike_R","Strike_R","Strike_R+1","Defend_R","Defend_R","Defend_R","Defend_R","Bash","Whirlwind","Armaments+1","True Grit","Cleave","Immolate","Sever Soul","Spot Weakness"],"relics":["Burning Blood","NeowsBlessing","Golden Idol","Lantern","Juzu Bracelet","Nunchaku","Dream Catcher"],"acts_visited":["Exordium"],"potions_floor_usage":[8,10],"damage_taken":[{"damage":0,"enemies":"Jaw Worm","floor":1,"turns":1},{"damage":0,"enemies":"2 Louse","floor":3,"turns":1},{"damage":0,"enemies":"Lagavulin","floor":7,"turns":1},{"damage":0,"enemies":"Cultist","floor":8,"turns":4},{"damage":30,"enemies":"3 Sentries","floor":10,"turns":15},{"damage":8,"enemies":"Large Slime","floor":12,"turns":4},{"damage":15,"enemies":"Exordium Thugs","floor":14,"turns":5},{"damage":46,"enemies":"The Guardian","floor":16,"turns":8}],"seed_played":"8113755893640040072","potions_obtained":[{"floor":3,"key":"Block Potion"},{"floor":7,"key":"PowerPotion"},{"floor":14,"key":"FearPotion"}],"is_trial":false,"path_per_floor":["M","?","M","?","?","R","E","M","T","E","$","M","R","M","R","B"],"character_chosen":"IRONCLAD","items_purchased":["Immolate"],"campfire_rested":2,"item_purchase_floors":[11],"current_hp_per_floor":[78,62,68,48,41,65,71,77,77,53,53,51,51,42,66,20,20],"gold":53,"neow_bonus":"THREE_ENEMY_KILL","is_daily":false,"chose_seed":false,"campfire_upgraded":1,"win_rate":0.0,"timestamp":1611738344,"path_taken":["M","?","M","?","?","R","E","M","T","E","?","M","R","M","R","BOSS"],"items_purchased_type":["Card"],"build_version":"2020-12-22","purchased_purges":1,"victory":false,"max_hp_per_floor":[80,80,80,80,80,80,80,80,80,80,80,80,80,80,80,80,80],"card_choices":[{"not_picked":["Iron Wave","Clothesline"],"picked":"Whirlwind","floor":1},{"not_picked":["Seeing Red","Clothesline"],"picked":"Armaments","floor":3},{"not_picked":["Power Through","Perfected Strike","Clothesline"],"picked":"SKIP","floor":7},{"not_picked":["Heavy Blade","Clash"],"picked":"True Grit","floor":8},{"not_picked":["Clothesline","Twin Strike"],"picked":"Cleave","floor":10},{"not_picked":["Pummel","Sentinel","Wild Strike"],"picked":"SKIP","floor":12},{"not_picked":["Heavy Blade","Clash"],"picked":"Sever Soul","floor":14},{"not_picked":["Brutality","Rampage"],"picked":"Spot Weakness","floor":15}],"player_experience":2045131,"relics_obtained":[{"floor":7,"key":"Juzu Bracelet"},{"floor":9,"key":"Nunchaku"},{"floor":10,"key":"Dream Catcher"}],"event_choices":[{"damage_healed":0,"gold_gain":0,"player_choice":"Entered Light","damage_taken":16,"max_hp_gain":0,"max_hp_loss":0,"event_name":"Shining Light","floor":2,"gold_loss":0,"cards_upgraded":["Strike_R","Strike_R"]},{"damage_healed":0,"gold_gain":0,"player_choice":"Take Damage","damage_taken":20,"relics_obtained":["Golden Idol"],"max_hp_gain":0,"max_hp_loss":0,"event_name":"Golden Idol","floor":4,"gold_loss":0},{"damage_healed":0,"gold_gain":0,"player_choice":"Success","damage_taken":7,"relics_obtained":["Lantern"],"max_hp_gain":0,"max_hp_loss":0,"event_name":"Scrap Ooze","floor":5,"gold_loss":0}],"is_beta":false,"boss_relics":[],"items_purged_floors":[11],"is_endless":false,"potions_floor_spawned":[3,7,14],"killed_by":"The Guardian","ascension_level":12}}