{"host":"jqa9y4qkalbx8qgz","time":1611788150,"event":{"mods":["Act Like it!","BaseMod","BetterRewards","CCEM2","Downfall","Gensokyo","Marisa????????","Minty Spire (QoL Compilation)","Permanent Neow","Relic Stats","Replay The Spire","StSLib","Wandering Minibosses"],"gold_per_floor":[135,197,223,223,265,265,319,389,389,456,502,580,21,79,79,210,210,343,695,48,48,361,361,503,503,503,1143,42,42,180,260,260,498,498,554,673,727,727,759,861,861,953,980,980,1053,1132,1332,637,637,835,835,835,8,51,109],"floor_reached":56,"language":"ENG","playtime":7381,"items_purged":["Strike_MRS","Strike_MRS","Strike_MRS"],"score":2268,"play_id":"06122465-2431-4a0c-8cb0-3f23a545e404","local_time":"20210128015550","is_ascension_mode":true,"campfire_choices":[{"data":"EarthLightRay","floor":6.0,"key":"SMITH"},{"data":"Gensokyo:TurboGranny","floor":15.0,"key":"SMITH"},{"data":"WitchOfGreed","floor":23.0,"key":"SMITH"},{"data":"TreasureHunter","floor":25.0,"key":"SMITH"},{"data":"Discovery","floor":29,"key":"SMITH"},{"data":"Magnetism","floor":32,"key":"SMITH"},{"floor":49,"key":"RECALL"},{"data":"CollectingQuirk","floor":52,"key":"SMITH"}],"circlet_count":0,"master_deck":["Strike_MRS+1","Defend_MRS","Defend_MRS","Defend_MRS","Defend_MRS","MasterSpark","UpSweep+1","FairyDestructionRay","EarthLightRay+1","EventHorizon","PowerUp","WitchOfGreed","Occultation","CollectingQuirk+1","WitchOfGreed+1","MilkyWay","AsteroidBelt+1","IllusionStar","MilkyWay","MagicAbsorber","EnergyRecoil","Gensokyo:TurboGranny+1","Robbery+1","TreasureHunter+1","SatelliteIllusion+1","OortCloud+1","GalacticHalo+1","Gensokyo:SevenSchoolMysteries","Gensokyo:SevenSchoolMysteries","PropBag+1","SprinkleStarSeal","Magnetism+1","AlicesGift","Discovery+1","EventHorizon+1","TreasureHunter","DeepEcoloBomb","EarthLightRay","AsteroidBelt+1","MachineGunSpark","Gensokyo:GreaterSplit","Doubt","IllusionStar","MagicChant+1","GalacticHalo","MillisecondPulsars+1","Gensokyo:SevenSchoolMysteries+1","ReplayTheSpireMod:Brewmster+1","Good Instincts","Sadistic Nature+1","EnergyFlow+1","EnergyFlow+1","AlicesGift+1","MachineGunSpark+1"],"relics":["MiniHakkero","SimpleLauncher","CCEMRelics:Sandal","Replay:Bandana","Durian","BargainBundle","Replay:Kaleidoscope","CCEMRelics:JestersCrown","Gensokyo:MarisaPhilosophersStone","CCEMRelics:PowerPill","Vajra","Chemical X","Whetstone","CCEMRelics:DarkMatter","Orichalcum","Strange Spoon","CCEMRelics:ChainBlade","Gensokyo:DirgeOfMelancholy","FossilizedHelix","Regal Pillow","War Paint","CCEMRelics:IronFruit","ReplayTheSpireMod:Lightbulb","Replay:WaspNest","CCEMRelics:LagavulinClaw","Sundial","Tiny Chest","CCEMRelics:FiftyFTOfRope","Replay:Multitool","Philosopher\u0027s Stone","Thread and Needle","ReplayFunnel","Bag of Marbles","ReplayTheSpireMod:Ninjato","Letter Opener","Lantern","CCEMRelics:CanOfSoda","Darkstone Periapt","BreadOfAWashokuLover","Nunchaku","Frozen Egg 2","OrangePellets","ClockworkSouvenir","ReplayTheSpireMod:ShopPack","Golden Egg","TheAbacus","CaptainsWheel","Ice Cream"],"acts_visited":["Exordium","Gensokyo:Gensokyo","Gensokyo:Gensokyoer","TheEnding"],"potions_floor_usage":[42,50,50,55,55,55],"damage_taken":[{"damage":0.0,"enemies":"Gensokyo:2_Kodama","floor":1.0,"turns":2.0},{"damage":0.0,"enemies":"Gensokyo:3_Fairies","floor":3.0,"turns":2.0},{"damage":9.0,"enemies":"Gensokyo:3_Fairies","floor":5.0,"turns":5.0},{"damage":9.0,"enemies":"Gensokyo:Gryphon","floor":7.0,"turns":4.0},{"damage":0.0,"enemies":"Gensokyo:Python_and_Kodama","floor":8.0,"turns":9.0},{"damage":31.0,"enemies":"Gensokyo:Aya","floor":10.0,"turns":5.0},{"damage":9.0,"enemies":"Gensokyo:Kitsune","floor":11.0,"turns":5.0},{"damage":0.0,"enemies":"Gensokyo:Cirno","floor":12.0,"turns":6.0},{"damage":0.0,"enemies":"Gensokyo:Aya","floor":14.0,"turns":1.0},{"damage":0.0,"enemies":"Gensokyo:Yukari","floor":16.0,"turns":9.0},{"damage":15.0,"enemies":"Gensokyo:AngelMirror","floor":18.0,"turns":5.0},{"damage":0.0,"enemies":"Gensokyo:Chomper","floor":19.0,"turns":8.0},{"damage":12.0,"enemies":"Gensokyo:Monolith_and_Dog","floor":22.0,"turns":5.0},{"damage":2.0,"enemies":"Gensokyo:Reisen","floor":24.0,"turns":7.0},{"damage":0.0,"enemies":"Gensokyo:Koishi","floor":27.0,"turns":10.0},{"damage":0,"enemies":"Gensokyo:Reisen","floor":30,"turns":8},{"damage":0,"enemies":"Gensokyo:Slime_Group","floor":31,"turns":5},{"damage":0,"enemies":"Gensokyo:Eternal_Rivals","floor":33,"turns":10},{"damage":0,"enemies":"Gensokyo:AncientGuardian","floor":35,"turns":7},{"damage":0,"enemies":"Gensokyo:3_Boulders","floor":36,"turns":5},{"damage":0,"enemies":"Gensokyo:SeedOfUnknown","floor":37,"turns":6},{"damage":0,"enemies":"Gensokyo:AtlasGolem","floor":39,"turns":3},{"damage":0,"enemies":"Gensokyo:Marisa","floor":40,"turns":4},{"damage":0,"enemies":"Gensokyo:Kasen","floor":42,"turns":5},{"damage":0,"enemies":"Gensokyo:Marisa","floor":45,"turns":6},{"damage":0,"enemies":"Gensokyo:3_Boulders","floor":46,"turns":5},{"damage":0,"enemies":"Gensokyo:Kasen","floor":47,"turns":7},{"damage":0,"enemies":"Gensokyo:Scarlet_Devils","floor":50,"turns":13},{"damage":0,"enemies":"Shield and Spear","floor":54,"turns":2},{"damage":8,"enemies":"The Heart","floor":55,"turns":6}],"seed_played":"-3570877185417070338","potions_obtained":[{"floor":1.0,"key":"Dexterity Potion"},{"floor":2.0,"key":"PowerPotion"},{"floor":2.0,"key":"PowerPotion"},{"floor":5.0,"key":"EssenceOfSteel"},{"floor":5.0,"key":"SteroidPotion"},{"floor":7.0,"key":"Strength Potion"},{"floor":7.0,"key":"Energy Potion"},{"floor":8.0,"key":"BlessingOfTheForge"},{"floor":10.0,"key":"Block Potion"},{"floor":11.0,"key":"ColorlessPotion"},{"floor":14.0,"key":"LiquidBronze"},{"floor":19.0,"key":"SkillPotion"},{"floor":19.0,"key":"DistilledChaos"},{"floor":24.0,"key":"Weak Potion"},{"floor":24.0,"key":"Fruit Juice"},{"floor":24.0,"key":"Dexterity Potion"},{"floor":27,"key":"Energy Potion"},{"floor":27,"key":"AttackPotion"},{"floor":30,"key":"Swift Potion"},{"floor":42,"key":"LiquidMemories"},{"floor":46,"key":"PowerPotion"},{"floor":47,"key":"PowerPotion"}],"is_trial":false,"path_per_floor":["M","?","M","?","?","R","M","M","T","E","M","E","COS","E","R","B",null,"M","M","COS","?","M","R","E","R","T","E","$","R","E","M","R","B",null,"M","M","M","?","M","E","?","E","T","T","E","M","E","COS","R","B",null,"R","$","E","B",null],"character_chosen":"MARISA","items_purchased":["SimpleLauncher","CCEMRelics:Sandal","Replay:Bandana","FairyDestructionRay","EarthLightRay","EventHorizon","BargainBundle","PowerUp","WitchOfGreed","Occultation","CollectingQuirk","Replay:Kaleidoscope","CCEMRelics:JestersCrown","PowerPotion","Explosive Potion","SpeedPotion","CCEMRelics:LagavulinClaw","Sundial","SprinkleStarSeal","Magnetism","AlicesGift","Discovery","Golden Egg","TheAbacus","CaptainsWheel","EnergyFlow+1","AlicesGift"],"campfire_rested":0,"item_purchase_floors":[0,0,0,0,0,0,0,0,0,0,0,0,0,0,0,0,28,28,28,28,28,28,53,53,53,53,53],"current_hp_per_floor":[36,16,16,40,35,35,32,38,38,13,10,16,16,16,16,26,80,71,77,77,77,71,71,80,80,85,90,90,90,90,90,90,90,90,90,90,90,54,58,62,62,72,72,89,93,102,107,107,107,120,120,120,120,120,112],"gold":109,"neow_bonus":"","is_daily":false,"chose_seed":false,"campfire_upgraded":7,"win_rate":0.0,"timestamp":1611788150,"path_taken":["M","?","M","?","?","R","M","M","T","E","?","E","COS","E","R","BOSS","M","M","COS","?","M","R","E","R","T","E","$","R","E","M","R","BOSS","M","M","?","?","M","E","?","E","T","?","E","?","E","COS","R","BOSS","R","$","E","BOSS"],"items_purchased_type":["Relic","Relic","Relic","Card","Card","Card","Relic","Card","Card","Card","Card","Relic","Relic","Potion","Potion","Potion","Relic","Relic","Card","Card","Card","Card","Relic","Relic","Relic","Card","Card"],"build_version":"2020-12-22","purchased_purges":3,"victory":true,"max_hp_per_floor":[80,80,80,80,80,80,80,80,80,80,80,80,80,80,80,80,80,80,80,80,80,80,80,85,85,90,90,90,90,90,90,90,90,90,90,90,90,90,90,90,90,90,90,107,107,107,107,107,107,120,120,120,120,120,120],"relic_stats":{"Darkstone Periapt":0,"Regal Pillow":0,"counters":[217,1242],"Whetstone":["UpSweep","Robbery"],"Letter Opener":[215],"Orichalcum":[204],"War Paint":["AsteroidBelt","GalacticHalo"],"Strange Spoon":[157],"OrangePellets":[3],"Nunchaku":[48],"TheAbacus":[6],"Sundial":[10],"Tiny Chest":1,"Chemical X":[2],"obtain_stats":[{"Golden Egg":53,"CCEMRelics:PorcelainBowl":9,"Gensokyo:UndefinedDarkness":30,"downfall:HeartBlessingGreen":18,"Ginger":44,"Whetstone":14,"CCEMRelics:DerglesHeadphones":45,"Old Coin":48,"Blood Vial":42,"Sundial":46,"MealTicket":30,"CCEMRelics:Sandal":0,"Kunai":56,"Replay:Wax Seal":44,"CCEMRelics:FiftyFTOfRope":30,"Replay:Bottled Steam":13,"Blue Candle":10,"Counterbalance":26,"Velvet Choker":17,"BreadOfAWashokuLover":42,"Pen Nib":0,"Akabeko":38,"CCEMRelics:FestiveHat":13,"Bird Faced Urn":29,"Gensokyo:YoukaiFlower":12,"MiniHakkero":0,"StrikeDummy":42,"Gensokyo:MarisaImprobabilityPotion":23,"Unceasing Top":37,"AmplifyWand":54,"Regal Pillow":9,"Lantern":45,"Torii":45,"Singing Bowl":26,"CCEMRelics:WrappedPresent":44,"StoneCalendar":0,"Painkiller Herb":35,"Blue Doll":49,"Bag of Preparation":31,"Replay:Multitool":33,"SproutingBranch":38,"Ancient Tea Set":13,"Gensokyo:PortableGap":3,"Smiling Mask":7,"Pet Ghost":54,"Shovel":0,"Toolbox":44,"Gensokyo:OccultBall":4,"WingedGreaves":0,"Chemical X":22,"CCEMRelics:WhiteRose":7,"InkBottle":27,"CCEMRelics:JestersCrown":0,"CCEMRelics:OrganicArmor":40,"Potion Belt":43,"Gensokyo:DirgeOfMelancholy":21,"downfall:HeartBlessingRed":44,"Thread and Needle":38,"PreservedInsect":10,"Omamori":27,"CCEMRelics:CanOfSoda":44,"Frozen Egg 2":47,"MawBank":27,"Replay:Arrowhead":53,"CCEMRelics:ChainBlade":20,"Busted Crown":34,"Ornamental Fan":26,"Orrery":0,"Art of War":6,"Durian":0,"ReplayTheSpireMod:Lightbulb":53,"Toy Ornithopter":28,"Ice Cream":42,"Divine Protection":53,"Calipers":35,"Gremlin Horn":28,"CeramicFish":48,"Vajra":52,"Sozu":17,"Lizard Tail":44,"Centennial Puzzle":46,"HornCleat":25,"CCEMRelics:PowerPill":10,"Strawberry":21,"Honey Jar":34,"Philosopher\u0027s Stone":34,"Prayer Wheel":0,"CCEMRelics:D6":0,"Iron Hammer":32,"RampagingMagicTools":17,"Toxic Egg 2":22,"Happy Flower":21,"Ring of Hypnosis":31,"Replay:Grab Bag":17,"Oddly Smooth Stone":6,"Replay:Kaleidoscope":0,"Letter Opener":42,"War Paint":24,"Du-Vu Doll":0,"OrangePellets":44,"Bottled Flame":40,"ReplayTheSpireMod:Shallot":40,"Shuriken":30,"Molten Egg 2":0,"Onion Ring":8,"Black Star":34,"ReplayTheSpireMod:TigerMarble":5,"CCEMRelics:WarHorn":42,"Meat on the Bone":55,"Pocketwatch":30,"Darkstone Periapt":7,"ReplayFunnel":40,"SacredBark":17,"Gensokyo:MarisaIngredientList":10,"CCEMRelics:Pendulum":53,"Mango":24,"Gensokyo:NagashiBinaDoll":5,"expansioncontent:StudyCardRelic":17,"Gensokyo:DualWield":44,"ClockworkSouvenir":21,"Frozen Eye":30,"Dream Catcher":8,"Nunchaku":8,"Replay:Bandana":0,"Gensokyo:MarisaPhilosophersStone":8,"TheAbacus":44,"Chameleon Ring":42,"Mummified Hand":40,"CCEMRelics:OverlyComfyChair":26,"downfall:HeartBlessingBlue":44,"Slimebound:StickyStick":24,"Gambling Chip":24,"Pantograph":54,"Tiny Chest":30,"Replay:Bottled Snecko":0,"SimpleLauncher":20,"CCEMRelics:LagavulinClaw":28,"CCEMRelics:Barrel":9,"BargainBundle":0,"ReplayTheSpireMod:Ninjato":42,"Quantum Egg":43,"Replay:WaspNest":27,"Gensokyo:ConquerorOfFear":31,"Gensokyo:CelestialsFlawlessClothing":14,"Orichalcum":54,"Medical Kit":44,"White Beast Statue":54,"Mercury Hourglass":46,"Calling Bell":42,"Peace Pipe":12,"CCEMRelics:IronFruit":26,"Strange Spoon":20,"ShroomBag":31,"Gensokyo:EmptyGrave":39,"Anchor":44,"CaptainsWheel":11,"CCEMRelics:DarkMatter":17,"wanderingMiniBosses:CarrionFlame":11,"CCEMRelics:GrindingGear":26,"CCEMRelics:TinyMinotavrHorn":47,"Bag of Marbles":53,"Snack Pack":8,"Coffee Dripper":17,"Membership Card":47,"TungstenRod":23,"FossilizedHelix":0,"ReplayTheSpireMod:ShopPack":48},{"Golden Egg":215,"CCEMRelics:PorcelainBowl":29,"Gensokyo:UndefinedDarkness":74,"downfall:HeartBlessingGreen":66,"Ginger":48,"Whetstone":196,"CCEMRelics:DerglesHeadphones":49,"Old Coin":83,"Blood Vial":79,"Sundial":21,"MealTicket":113,"CCEMRelics:Sandal":187,"Kunai":88,"Replay:Wax Seal":148,"CCEMRelics:FiftyFTOfRope":203,"Replay:Bottled Steam":129,"Blue Candle":104,"Counterbalance":173,"Velvet Choker":108,"BreadOfAWashokuLover":118,"Pen Nib":24,"Akabeko":116,"CCEMRelics:FestiveHat":32,"Bird Faced Urn":74,"Gensokyo:YoukaiFlower":4,"MiniHakkero":0,"StrikeDummy":79,"Gensokyo:MarisaImprobabilityPotion":8,"Unceasing Top":43,"AmplifyWand":23,"Regal Pillow":60,"Lantern":81,"Torii":81,"Singing Bowl":111,"CCEMRelics:WrappedPresent":20,"StoneCalendar":88,"Painkiller Herb":142,"Blue Doll":152,"Bag of Preparation":114,"Replay:Multitool":205,"SproutingBranch":79,"Ancient Tea Set":5,"Gensokyo:PortableGap":26,"Smiling Mask":58,"Pet Ghost":186,"Shovel":157,"Toolbox":20,"Gensokyo:OccultBall":54,"WingedGreaves":52,"Chemical X":110,"CCEMRelics:WhiteRose":124,"InkBottle":112,"CCEMRelics:JestersCrown":187,"CCEMRelics:OrganicArmor":19,"Potion Belt":47,"Gensokyo:DirgeOfMelancholy":199,"downfall:HeartBlessingRed":80,"Thread and Needle":208,"PreservedInsect":104,"Omamori":112,"CCEMRelics:CanOfSoda":211,"Frozen Egg 2":214,"MawBank":11,"Replay:Arrowhead":155,"CCEMRelics:ChainBlade":199,"Busted Crown":42,"Ornamental Fan":38,"Orrery":24,"Art of War":28,"Durian":187,"ReplayTheSpireMod:Lightbulb":185,"Toy Ornithopter":12,"Ice Cream":47,"Divine Protection":185,"Calipers":178,"Gremlin Horn":12,"CeramicFish":83,"Vajra":86,"Sozu":34,"Lizard Tail":20,"Centennial Puzzle":21,"HornCleat":38,"CCEMRelics:PowerPill":193,"Strawberry":36,"Honey Jar":177,"Philosopher\u0027s Stone":14,"Prayer Wheel":24,"CCEMRelics:D6":157,"Iron Hammer":140,"RampagingMagicTools":66,"Toxic Egg 2":135,"Happy Flower":7,"Ring of Hypnosis":139,"Replay:Grab Bag":168,"Oddly Smooth Stone":90,"Replay:Kaleidoscope":187,"Letter Opener":211,"War Paint":201,"Du-Vu Doll":24,"OrangePellets":20,"Bottled Flame":181,"ReplayTheSpireMod:Shallot":181,"Shuriken":13,"Molten Egg 2":88,"Onion Ring":164,"Black Star":77,"ReplayTheSpireMod:TigerMarble":161,"CCEMRelics:WarHorn":79,"Meat on the Bone":24,"Pocketwatch":113,"Darkstone Periapt":3,"ReplayFunnel":210,"SacredBark":168,"Gensokyo:MarisaIngredientList":4,"CCEMRelics:Pendulum":22,"Mango":9,"Gensokyo:NagashiBinaDoll":54,"expansioncontent:StudyCardRelic":6,"Gensokyo:DualWield":182,"ClockworkSouvenir":36,"Frozen Eye":12,"Dream Catcher":29,"Nunchaku":92,"Replay:Bandana":187,"Gensokyo:MarisaPhilosophersStone":103,"TheAbacus":118,"Chameleon Ring":182,"Mummified Hand":19,"CCEMRelics:OverlyComfyChair":72,"downfall:HeartBlessingBlue":80,"Slimebound:StickyStick":111,"Gambling Chip":9,"Pantograph":155,"Tiny Chest":40,"Replay:Bottled Snecko":120,"SimpleLauncher":7,"CCEMRelics:LagavulinClaw":202,"CCEMRelics:Barrel":4,"BargainBundle":187,"ReplayTheSpireMod:Ninjato":211,"Quantum Egg":147,"Replay:WaspNest":202,"Gensokyo:ConquerorOfFear":75,"Gensokyo:CelestialsFlawlessClothing":5,"Orichalcum":23,"Medical Kit":20,"White Beast Statue":155,"Mercury Hourglass":21,"Calling Bell":79,"Peace Pipe":94,"CCEMRelics:IronFruit":201,"Strange Spoon":7,"ShroomBag":75,"Gensokyo:EmptyGrave":79,"Anchor":20,"CaptainsWheel":93,"CCEMRelics:DarkMatter":197,"wanderingMiniBosses:CarrionFlame":30,"CCEMRelics:GrindingGear":10,"CCEMRelics:TinyMinotavrHorn":50,"Bag of Marbles":22,"Snack Pack":124,"Coffee Dripper":168,"Membership Card":21,"TungstenRod":37,"FossilizedHelix":157,"ReplayTheSpireMod:ShopPack":214},{"Golden Egg":1234,"CCEMRelics:PorcelainBowl":119,"Gensokyo:UndefinedDarkness":393,"downfall:HeartBlessingGreen":334,"Ginger":239,"Whetstone":1106,"CCEMRelics:DerglesHeadphones":242,"Old Coin":455,"Blood Vial":419,"Sundial":77,"MealTicket":651,"CCEMRelics:Sandal":1067,"Kunai":498,"Replay:Wax Seal":857,"CCEMRelics:FiftyFTOfRope":1158,"Replay:Bottled Steam":741,"Blue Candle":585,"Counterbalance":988,"Velvet Choker":624,"BreadOfAWashokuLover":685,"Pen Nib":97,"Akabeko":672,"CCEMRelics:FestiveHat":137,"Bird Faced Urn":393,"Gensokyo:YoukaiFlower":14,"MiniHakkero":0,"StrikeDummy":419,"Gensokyo:MarisaImprobabilityPotion":30,"Unceasing Top":201,"AmplifyWand":88,"Regal Pillow":298,"Lantern":439,"Torii":439,"Singing Bowl":636,"CCEMRelics:WrappedPresent":76,"StoneCalendar":503,"Painkiller Herb":825,"Blue Doll":874,"Bag of Preparation":654,"Replay:Multitool":1173,"SproutingBranch":419,"Ancient Tea Set":18,"Gensokyo:PortableGap":104,"Smiling Mask":291,"Pet Ghost":1064,"Shovel":907,"Toolbox":76,"Gensokyo:OccultBall":272,"WingedGreaves":267,"Chemical X":630,"CCEMRelics:WhiteRose":715,"InkBottle":646,"CCEMRelics:JestersCrown":1067,"CCEMRelics:OrganicArmor":72,"Potion Belt":234,"Gensokyo:DirgeOfMelancholy":1128,"downfall:HeartBlessingRed":428,"Thread and Needle":1191,"PreservedInsect":597,"Omamori":641,"CCEMRelics:CanOfSoda":1203,"Frozen Egg 2":1221,"MawBank":41,"Replay:Arrowhead":893,"CCEMRelics:ChainBlade":1128,"Busted Crown":195,"Ornamental Fan":173,"Orrery":97,"Art of War":113,"Durian":1067,"ReplayTheSpireMod:Lightbulb":1060,"Toy Ornithopter":42,"Ice Cream":234,"Divine Protection":1060,"Calipers":1012,"Gremlin Horn":43,"CeramicFish":455,"Vajra":490,"Sozu":149,"Lizard Tail":76,"Centennial Puzzle":83,"HornCleat":173,"CCEMRelics:PowerPill":1094,"Strawberry":161,"Honey Jar":1010,"Philosopher\u0027s Stone":56,"Prayer Wheel":97,"CCEMRelics:D6":907,"Iron Hammer":810,"RampagingMagicTools":334,"Toxic Egg 2":777,"Happy Flower":27,"Ring of Hypnosis":803,"Replay:Grab Bag":966,"Oddly Smooth Stone":512,"Replay:Kaleidoscope":1067,"Letter Opener":1203,"War Paint":1140,"Du-Vu Doll":97,"OrangePellets":76,"Bottled Flame":1042,"ReplayTheSpireMod:Shallot":1042,"Shuriken":49,"Molten Egg 2":503,"Onion Ring":945,"Black Star":413,"ReplayTheSpireMod:TigerMarble":927,"CCEMRelics:WarHorn":419,"Meat on the Bone":91,"Pocketwatch":651,"Darkstone Periapt":11,"ReplayFunnel":1198,"SacredBark":966,"Gensokyo:MarisaIngredientList":14,"CCEMRelics:Pendulum":87,"Mango":35,"Gensokyo:NagashiBinaDoll":272,"expansioncontent:StudyCardRelic":23,"Gensokyo:DualWield":1047,"ClockworkSouvenir":161,"Frozen Eye":45,"Dream Catcher":119,"Nunchaku":523,"Replay:Bandana":1067,"Gensokyo:MarisaPhilosophersStone":583,"TheAbacus":685,"Chameleon Ring":1043,"Mummified Hand":69,"CCEMRelics:OverlyComfyChair":380,"downfall:HeartBlessingBlue":428,"Slimebound:StickyStick":636,"Gambling Chip":35,"Pantograph":893,"Tiny Chest":182,"Replay:Bottled Snecko":696,"SimpleLauncher":27,"CCEMRelics:LagavulinClaw":1150,"CCEMRelics:Barrel":14,"BargainBundle":1067,"ReplayTheSpireMod:Ninjato":1203,"Quantum Egg":851,"Replay:WaspNest":1150,"Gensokyo:ConquerorOfFear":398,"Gensokyo:CelestialsFlawlessClothing":18,"Orichalcum":90,"Medical Kit":76,"White Beast Statue":893,"Mercury Hourglass":77,"Calling Bell":419,"Peace Pipe":534,"CCEMRelics:IronFruit":1140,"Strange Spoon":27,"ShroomBag":398,"Gensokyo:EmptyGrave":419,"Anchor":76,"CaptainsWheel":529,"CCEMRelics:DarkMatter":1115,"wanderingMiniBosses:CarrionFlame":126,"CCEMRelics:GrindingGear":38,"CCEMRelics:TinyMinotavrHorn":247,"Bag of Marbles":87,"Snack Pack":715,"Coffee Dripper":966,"Membership Card":83,"TungstenRod":165,"FossilizedHelix":907,"ReplayTheSpireMod:ShopPack":1221}]},"card_choices":[{"not_picked":["FairyDestructionRay","WitchLeyline"],"picked":"WitchOfGreed","floor":1.0},{"not_picked":["WitchLeyline","IllusionStar"],"picked":"MilkyWay","floor":2.0},{"not_picked":["RefractionSpark","UnstableBomb","6A"],"picked":"SKIP","floor":3.0},{"not_picked":["MachineGunSpark","LuminesStrike"],"picked":"IllusionStar","floor":5.0},{"not_picked":["MeteoricShower","EventHorizon"],"picked":"MilkyWay","floor":7.0},{"not_picked":["ChargingUp","SatelliteIllusion"],"picked":"MagicAbsorber","floor":8.0},{"not_picked":["PowerUp","WitchOfGreed"],"picked":"EnergyRecoil","floor":10.0},{"not_picked":["ShootTheMoon","SporeBomb","NonDirectionalLaser"],"picked":"SKIP","floor":11.0},{"not_picked":["NonDirectionalLaser","PulseMagic","Occultation"],"picked":"SKIP","floor":12.0},{"not_picked":["OpenUniverse","Acceleration"],"picked":"Robbery","floor":14.0},{"not_picked":["EscapeVelocity","StarDustReverie"],"picked":"TreasureHunter","floor":16.0},{"not_picked":["BigCrunch+1","SuperNova+1"],"picked":"SatelliteIllusion+1","floor":16.0},{"not_picked":["PulseMagic","Robbery"],"picked":"OortCloud+1","floor":18.0},{"not_picked":["DoubleSpark","GravityBeat"],"picked":"GalacticHalo","floor":19.0},{"not_picked":["ChargeUpSpray","WitchOfGreed","WitchLeyline+1"],"picked":"SKIP","floor":22.0},{"not_picked":["GrandCross","SatelliteIllusion","Robbery"],"picked":"SKIP","floor":24.0},{"not_picked":["FairyDestructionRay+1","UnstableBomb"],"picked":"PropBag+1","floor":27},{"not_picked":["Acceleration","ManaConvection+1","EscapeVelocity"],"picked":"SKIP","floor":30},{"not_picked":["PowerUp","Orbital+1"],"picked":"EventHorizon+1","floor":31},{"not_picked":["BlazingStar","CasketOfStar"],"picked":"TreasureHunter","floor":33},{"not_picked":["UnstableBomb+1","DarkSpark","LuminesStrike"],"picked":"SKIP","floor":35},{"not_picked":["DoubleSpark","6A+1"],"picked":"DeepEcoloBomb","floor":36},{"not_picked":["ShootTheMoon+1","UnstableBomb"],"picked":"EarthLightRay","floor":37},{"not_picked":["NonDirectionalLaser+1","Acceleration"],"picked":"AsteroidBelt+1","floor":39},{"not_picked":["UnstableBomb","SporeBomb+1"],"picked":"MachineGunSpark","floor":40},{"not_picked":["EnergyRecoil+1","NonDirectionalLaser+1"],"picked":"IllusionStar","floor":42},{"not_picked":["WitchLeyline","StarlightTyphoon"],"picked":"MagicChant+1","floor":45},{"not_picked":["Acceleration","SatelliteIllusion"],"picked":"GalacticHalo","floor":46},{"not_picked":["TreasureHunter","SatelliteIllusion+1"],"picked":"MillisecondPulsars+1","floor":47},{"not_picked":["Master of Strategy","The Bomb"],"picked":"ReplayTheSpireMod:Brewmster","floor":48},{"not_picked":["Madness","Dark Shackles"],"picked":"Good Instincts","floor":48},{"not_picked":["Panacea","Replay:Bootleg Shield Generator"],"picked":"Sadistic Nature","floor":48},{"not_picked":["GalacticHalo","BlazeAway+1"],"picked":"MachineGunSpark+1","floor":54}],"player_experience":321316,"relics_obtained":[{"floor":5.0,"key":"Gensokyo:MarisaPhilosophersStone"},{"floor":10.0,"key":"CCEMRelics:PowerPill"},{"floor":12.0,"key":"Vajra"},{"floor":14.0,"key":"Whetstone"},{"floor":24.0,"key":"Regal Pillow"},{"floor":24.0,"key":"War Paint"},{"floor":26.0,"key":"CCEMRelics:IronFruit"},{"floor":27,"key":"Replay:WaspNest"},{"floor":30,"key":"Tiny Chest"},{"floor":30,"key":"CCEMRelics:FiftyFTOfRope"},{"floor":33,"key":"Replay:Multitool"},{"floor":40,"key":"ReplayFunnel"},{"floor":40,"key":"Bag of Marbles"},{"floor":42,"key":"ReplayTheSpireMod:Ninjato"},{"floor":42,"key":"Letter Opener"},{"floor":43,"key":"Lantern"},{"floor":44,"key":"CCEMRelics:CanOfSoda"},{"floor":45,"key":"Darkstone Periapt"},{"floor":45,"key":"BreadOfAWashokuLover"},{"floor":47,"key":"Nunchaku"},{"floor":47,"key":"Frozen Egg 2"},{"floor":54,"key":"Ice Cream"}],"event_choices":[],"is_beta":false,"boss_relics":[{"not_picked":["CCEMRelics:ExpiredCReal","Snecko Eye"],"picked":"CCEMRelics:DarkMatter"},{"not_picked":["Runic Pyramid","Runic Dome"],"picked":"Philosopher\u0027s Stone"}],"items_purged_floors":[0,0,28],"is_endless":false,"potions_floor_spawned":[3,5,10,14,19,24,27,30,35,37,39],"ascension_level":1}}