{"host":"46uvxjljuwj2efdf","time":1611730772,"event":{"mods":["Act Like it!","BaseMod","Challenge The Spire","Colored Powertips","Minty Spire (QoL Compilation)","Quick Restart","StSLib","The Bug Knight"],"gold_per_floor":[20,37,55,55,55,82,82,107,107,107,107,107,32,51,51,51,51],"floor_reached":16,"language":"ZHS","playtime":686,"items_purged":["HollowMod:FocusHealStart"],"score":135,"play_id":"e3373361-8233-44a0-a348-d50d1d61b881","local_time":"20210127145932","is_ascension_mode":true,"campfire_choices":[{"data":"HollowMod:CloakDash","floor":7,"key":"SMITH"},{"floor":10,"key":"REST"},{"floor":15,"key":"RECALL"}],"circlet_count":0,"master_deck":["HollowMod:NailStrikeStart","HollowMod:NailStrikeStart","HollowMod:NailStrikeStart","HollowMod:QuickDashStart","HollowMod:QuickDashStart+1","HollowMod:PogoStrike","HollowMod:HuntersJournal+1","HollowMod:CloakDash+1","HollowMod:CloakDash","HollowMod:PaleKingsBlessing","HollowMod:CloakDash"],"relics":["HollowMod:VesselMask","Du-Vu Doll","HollowMod:StagPassRelic"],"acts_visited":["Exordium"],"potions_floor_usage":[8,16],"damage_taken":[{"damage":0,"enemies":"Small Slimes","floor":1,"turns":2},{"damage":2,"enemies":"Jaw Worm","floor":2,"turns":3},{"damage":0,"enemies":"Cultist","floor":3,"turns":3},{"damage":22,"enemies":"3 Sentries","floor":6,"turns":10},{"damage":44,"enemies":"Lagavulin","floor":8,"turns":7},{"damage":0,"enemies":"Blue Slaver","floor":14,"turns":3},{"damage":65,"enemies":"HollowMod:FalseKnight","floor":16,"turns":10}],"seed_played":"7519309513978869093","potions_obtained":[{"floor":3,"key":"Swift Potion"},{"floor":6,"key":"SteroidPotion"},{"floor":8,"key":"EssenceOfSteel"}],"is_trial":false,"path_per_floor":["M","M","M","?","$","E","R","E","T","R","?","?","$","M","R","B"],"character_chosen":"THE_BUGKNIGHT","items_purchased":[],"campfire_rested":1,"item_purchase_floors":[],"current_hp_per_floor":[75,75,75,60,60,50,50,16,16,38,38,43,43,46,46,0,0],"gold":51,"neow_bonus":"REMOVE_TWO","is_daily":false,"chose_seed":false,"campfire_upgraded":1,"win_rate":0.0,"timestamp":1611730772,"path_taken":["M","M","M","?","$","E","R","E","T","R","?","?","$","?","R","BOSS"],"items_purchased_type":[],"build_version":"2020-12-22","purchased_purges":1,"victory":false,"max_hp_per_floor":[75,75,75,75,75,75,75,75,75,75,75,80,80,80,80,80,80],"card_choices":[{"not_picked":["HollowMod:VengefulVoid","HollowMod:PerfectDash","HollowMod:DashSlash"],"picked":"SKIP","floor":1},{"not_picked":["HollowMod:SoulStrike","HollowMod:PerfectDash"],"picked":"HollowMod:HuntersJournal","floor":2},{"not_picked":["HollowMod:DungDefenderAura","HollowMod:WraithStrike","HollowMod:TaintedHusks"],"picked":"SKIP","floor":3},{"not_picked":["HollowMod:TaintedHusks","HollowMod:DesolateDive"],"picked":"HollowMod:CloakDash","floor":6},{"not_picked":["HollowMod:MonarchWings","HollowMod:CycloneSlash"],"picked":"HollowMod:CloakDash","floor":8},{"not_picked":["HollowMod:SoulStrike","HollowMod:WraithStrike"],"picked":"HollowMod:CloakDash","floor":14}],"player_experience":284180,"relics_obtained":[{"floor":6,"key":"Du-Vu Doll"},{"floor":8,"key":"HollowMod:StagPassRelic"}],"event_choices":[{"damage_healed":0,"gold_gain":0,"player_choice":"Entered Light","damage_taken":15,"max_hp_gain":0,"max_hp_loss":0,"event_name":"Shining Light","floor":4,"gold_loss":0,"cards_upgraded":["HollowMod:QuickDashStart","HollowMod:HuntersJournal"]},{"damage_healed":0,"gold_gain":0,"cards_transformed":["HollowMod:QuickDashStart"],"player_choice":"Change","damage_taken":0,"max_hp_gain":0,"max_hp_loss":0,"event_name":"Living Wall","floor":11,"gold_loss":0,"cards_obtained":["HollowMod:PaleKingsBlessing"]},{"damage_healed":0,"gold_gain":0,"player_choice":"Donut","damage_taken":0,"max_hp_gain":5,"max_hp_loss":0,"event_name":"Big Fish","floor":12,"gold_loss":0}],"is_beta":false,"boss_relics":[],"items_purged_floors":[13],"is_endless":false,"potions_floor_spawned":[3,6,8],"killed_by":"HollowMod:FalseKnight","ascension_level":5}}