{"host":"Jade","time":1611750270,"event":{"mods":["2.2 Compatiblity","A Penny For Your Troubles","Aspiration","BaseMod","Better Altar","Better Match","Better Note","Better Skull","Better Third Choice","Better Vampires","BetterRewards","Colored Powertips","Conspire","Curses Come First","DeckTracker","GifTheSpireLib","Hero for Fun","Hubris","Infinite Spire","Minty Spire (QoL Compilation)","Quick Restart","Rare Cards Sparkle","Relic Stats","Reliquary","Replay The Spire","Robot Space Explorer","RumiaBox-????????","Spicy Shops","StSLib","Stuff the Spire","Waifu the Spire","Wandering Minibosses"],"gold_per_floor":[111,128,144,144,160,160,160],"floor_reached":6,"language":"ENG","playtime":468,"items_purged":["Strike_B"],"score":38,"play_id":"db16f68a-21fc-44f5-9fc2-237d06067d42","local_time":"20210127202430","is_ascension_mode":false,"campfire_choices":[],"circlet_count":0,"master_deck":["Strike_B","Strike_B","Strike_B","Defend_B","Defend_B","Defend_B","Zap","Dualcast","hubris:PowerSurge","White Noise","Chill","Blizzard","infinitespire:NeuralNetwork","Mirror Shield"],"relics":["Cracked Core","Membership Card","reliquary:LoveEmittingDiode","reliquary:TatteredRug","Gambling Chip","StuffTheSpire:RubySignet","Potion Belt"],"acts_visited":["Exordium"],"potions_floor_usage":[2,4,6],"damage_taken":[{"damage":0,"enemies":"Cultist","floor":1,"turns":2},{"damage":0,"enemies":"Small Slimes","floor":2,"turns":2},{"damage":6,"enemies":"Jaw Worm","floor":3,"turns":2},{"damage":9,"enemies":"Exordium Thugs","floor":5,"turns":5},{"damage":17,"enemies":"Gremlin Nob","floor":6,"turns":4}],"seed_played":"-4555207339257365178","potions_obtained":[{"floor":1,"key":"Adrenaline Potion"},{"floor":3,"key":"Fruit Juice"},{"floor":5,"key":"Block Potion"}],"is_trial":false,"path_per_floor":["M","M","M","?","M","E"],"character_chosen":"DEFECT","items_purchased":["Membership Card","reliquary:LoveEmittingDiode","reliquary:TatteredRug","hubris:PowerSurge"],"campfire_rested":0,"item_purchase_floors":[0,0,0,0],"current_hp_per_floor":[40,40,34,21,12,0,0],"gold":160,"neow_bonus":"","is_daily":false,"chose_seed":false,"campfire_upgraded":0,"win_rate":0.0,"timestamp":1611750270,"path_taken":["M","M","?","?","M","E"],"items_purchased_type":["Relic","Relic","Relic","Card"],"build_version":"2020-11-17","purchased_purges":1,"victory":false,"max_hp_per_floor":[75,75,75,80,80,80,80],"relic_stats":{"counters":[39,118],"Gambling Chip":[0],"obtain_stats":[{"infinitespire:BottledMercury":0,"Calipers":0,"StuffTheSpire:BottledEssence":0,"Lizard Tail":0,"infinitespire:ShieldingShard":0,"aspiration:BabyByrd":7,"Fusion Hammer":34,"HandDrill":0,"Replay:Wax Seal":0,"aspiration:Nostalgia":0,"Blue Candle":24,"reliquary:TatteredRug":0,"War Paint":42,"aspiration:HiddenCompartment":6,"reliquary:Bookmark":0,"StuffTheSpire:MayFlowers":0,"ReplayTheSpireMod:Ring of Collecting":0,"Bird Faced Urn":0,"StuffTheSpire:DarkSteelAnvil":0,"GodSword1":0,"Pocketwatch":0,"Replay:PocketPolymizer":45,"Singing Bowl":43,"Mango":0,"aspiration:TomeofQuesting":8,"Ancient Tea Set":30,"conspire:InfiniteJournal":0,"WristBlade":17,"Gambling Chip":0,"hubris:FunFungus":0,"StuffTheSpire:Nightcore":0,"infinitespire:Chaos":0,"Ring of the Snake":0,"hubris:GlazedTorus":0,"Potion Belt":0,"reliquary:LoveEmittingDiode":0,"Basket Of Snakes":0,"infinitespire:EmptyRelic":0,"Thread and Needle":0,"infinitespire:CheckeredPen":9,"Orichalcum":0,"ChaoDraw":0,"infinitespire:DarkRift":0,"Busted Crown":36,"StuffTheSpire:Mouthbags":0,"infinitespire:Satchel":9,"Garlic":0,"Bag of Marbles":0,"StuffTheSpire:RubySignet":0,"Membership Card":0,"hubris:OldNail":12,"infinitespire:Freezer":0},{"infinitespire:BottledMercury":34,"Calipers":0,"StuffTheSpire:BottledEssence":0,"Lizard Tail":0,"infinitespire:ShieldingShard":0,"aspiration:BabyByrd":32,"Fusion Hammer":18,"HandDrill":0,"Replay:Wax Seal":34,"aspiration:Nostalgia":0,"Blue Candle":14,"reliquary:TatteredRug":34,"War Paint":23,"aspiration:HiddenCompartment":5,"reliquary:Bookmark":34,"StuffTheSpire:MayFlowers":0,"ReplayTheSpireMod:Ring of Collecting":0,"Bird Faced Urn":0,"StuffTheSpire:DarkSteelAnvil":27,"GodSword1":0,"Pocketwatch":27,"Replay:PocketPolymizer":24,"Singing Bowl":23,"Mango":0,"aspiration:TomeofQuesting":33,"Ancient Tea Set":16,"conspire:InfiniteJournal":0,"WristBlade":10,"Gambling Chip":34,"hubris:FunFungus":0,"StuffTheSpire:Nightcore":27,"infinitespire:Chaos":34,"Ring of the Snake":0,"hubris:GlazedTorus":27,"Potion Belt":34,"reliquary:LoveEmittingDiode":34,"Basket Of Snakes":0,"infinitespire:EmptyRelic":34,"Thread and Needle":27,"infinitespire:CheckeredPen":6,"Orichalcum":0,"ChaoDraw":0,"infinitespire:DarkRift":0,"Busted Crown":19,"StuffTheSpire:Mouthbags":0,"infinitespire:Satchel":33,"Garlic":0,"Bag of Marbles":34,"StuffTheSpire:RubySignet":34,"Membership Card":34,"hubris:OldNail":8,"infinitespire:Freezer":34},{"infinitespire:BottledMercury":103,"Calipers":0,"StuffTheSpire:BottledEssence":0,"Lizard Tail":0,"infinitespire:ShieldingShard":0,"aspiration:BabyByrd":97,"Fusion Hammer":61,"HandDrill":0,"Replay:Wax Seal":103,"aspiration:Nostalgia":0,"Blue Candle":49,"reliquary:TatteredRug":103,"War Paint":73,"aspiration:HiddenCompartment":19,"reliquary:Bookmark":103,"StuffTheSpire:MayFlowers":0,"ReplayTheSpireMod:Ring of Collecting":0,"Bird Faced Urn":0,"StuffTheSpire:DarkSteelAnvil":79,"GodSword1":0,"Pocketwatch":79,"Replay:PocketPolymizer":74,"Singing Bowl":73,"Mango":0,"aspiration:TomeofQuesting":101,"Ancient Tea Set":54,"conspire:InfiniteJournal":0,"WristBlade":40,"Gambling Chip":103,"hubris:FunFungus":0,"StuffTheSpire:Nightcore":79,"infinitespire:Chaos":103,"Ring of the Snake":0,"hubris:GlazedTorus":79,"Potion Belt":103,"reliquary:LoveEmittingDiode":103,"Basket Of Snakes":0,"infinitespire:EmptyRelic":103,"Thread and Needle":79,"infinitespire:CheckeredPen":24,"Orichalcum":0,"ChaoDraw":0,"infinitespire:DarkRift":0,"Busted Crown":63,"StuffTheSpire:Mouthbags":0,"infinitespire:Satchel":101,"Garlic":0,"Bag of Marbles":103,"StuffTheSpire:RubySignet":103,"Membership Card":103,"hubris:OldNail":32,"infinitespire:Freezer":103}]},"card_choices":[{"not_picked":["Hologram","Coolheaded"],"picked":"White Noise","floor":1},{"not_picked":["Go for the Eyes","Redo"],"picked":"Chill","floor":2},{"not_picked":["StuffTheSpire:CleanHardDrive","Gash"],"picked":"Blizzard","floor":3},{"not_picked":["hubris:Fate","infinitespire:Collect"],"picked":"infinitespire:NeuralNetwork","floor":4},{"not_picked":["Leap","Doom and Gloom"],"picked":"Mirror Shield","floor":5}],"player_experience":44475,"relics_obtained":[],"event_choices":[],"is_beta":true,"boss_relics":[],"items_purged_floors":[0],"is_endless":false,"potions_floor_spawned":[1,3,5],"killed_by":"Gremlin Nob","ascension_level":0}}