{"host":"350rh84kbmtekt58","time":1611742942,"event":{"mods":["AchievementEnabler","Act Like it!","BaseMod","Better Synergies","Block Reminder","CapriCore","Challenge The Spire","Colored Map","Colored Powertips","Communication Mod","Downfall","Energized Spire","Friendly Minions","GifTheSpireLib","Highlight Path","Minty Spire (QoL Compilation)","Quick Restart","Replay The Spire","Shop Mod","StSLib","The Animator","The Disciple","The Immortal","The Marked","The Runesmith","The Servant 0.9.4","The Wild Card","Transform Curses","yUi"],"gold_per_floor":[115,129,30,45,58,88,104,130,154,154,165,182,242,267,267,362,362,337,350,365,33,53,53,53,53,76,110,90,18,28,58,58,58,58],"floor_reached":33,"language":"ENG","playtime":2855,"items_purged":[],"score":314,"play_id":"68d4bf5d-2a99-47fa-8096-82f7d64a222e","local_time":"20210127042222","is_ascension_mode":false,"campfire_choices":[{"floor":10,"key":"REST"},{"floor":15,"key":"REST"},{"floor":23,"key":"REST"},{"floor":32,"key":"REST"}],"circlet_count":0,"master_deck":["Defend_P","Defend_P+1","Defend_P","Defend_P","Eruption","Vigilance","Consecrate+1","Replay:Hum+1","Evaluate","Wallop","CutThroughFate","JustLucky","ReachHeaven","Nirvana","Prostrate","SashWhip","Pray","Devotion+1","BowlingBash","FollowUp+1","CrushJoints+1","FollowUp","FollowUp","Vault+1","Bite","Bite","Bite","Bite+1","Bite","Weave","ReplayTheSpireMod:IOU","Crow Ritual","ThirdEye","Replay:ManipulateFuture"],"relics":["PureWater","Bird Faced Urn","Strawberry","Gremlin Food","Lantern","Odd Mushroom","bronze:MakeshiftBattery","Replay:Rubber Ducky","Guide Book","Enchiridion","Replay:Wax Seal","Replay:Mystery Machine"],"acts_visited":["Exordium","TheCity"],"potions_floor_usage":[6,11,14,18,22,30,31,33,33],"damage_taken":[{"damage":0,"enemies":"Cultist","floor":1,"turns":2},{"damage":1,"enemies":"Jaw Worm","floor":2,"turns":3},{"damage":0,"enemies":"Small Slimes","floor":4,"turns":2},{"damage":2,"enemies":"2 Fungi Beasts","floor":5,"turns":3},{"damage":26,"enemies":"Lagavulin","floor":6,"turns":6},{"damage":9,"enemies":"3 Louse","floor":7,"turns":4},{"damage":5,"enemies":"Lots of Slimes","floor":11,"turns":2},{"damage":6,"enemies":"Blue Slaver","floor":12,"turns":4},{"damage":23,"enemies":"The Mushroom Lair","floor":14,"turns":4},{"damage":46,"enemies":"Fading Forest","floor":16,"turns":11},{"damage":10,"enemies":"2 Thieves","floor":18,"turns":5},{"damage":14,"enemies":"Spheric Guardian","floor":19,"turns":4},{"damage":38,"enemies":"Snecko","floor":20,"turns":7},{"damage":0,"enemies":"Centurion and Healer","floor":22,"turns":5},{"damage":19,"enemies":"Slavers","floor":27,"turns":6},{"damage":0,"enemies":"Sentry and Sphere","floor":30,"turns":3},{"damage":21,"enemies":"Book of Stabbing","floor":31,"turns":6},{"damage":67,"enemies":"Champ","floor":33,"turns":9}],"seed_played":"-6597613631160848509","potions_obtained":[{"floor":4,"key":"Weak Potion"},{"floor":6,"key":"SpeedPotion"},{"floor":7,"key":"AttackPotion"},{"floor":14,"key":"Dexterity Potion"},{"floor":20,"key":"champ:CounterPotion"},{"floor":22,"key":"SteroidPotion"},{"floor":27,"key":"SpeedPotion"},{"floor":28,"key":"EssenceOfSteel"},{"floor":30,"key":"Fire Potion"},{"floor":31,"key":"SpeedPotion"}],"is_trial":false,"path_per_floor":["M","M","$","M","M","E","M","T","T","R","M","M","?","?","R","B",null,"M","M","M","$","M","R","?","?","T","E","?","$","M","E","R","B"],"character_chosen":"WATCHER","items_purchased":["Evaluate","Wallop","Replay:Rubber Ducky","FollowUp","Guide Book","Crow Ritual"],"campfire_rested":4,"item_purchase_floors":[3,3,21,21,21,29],"current_hp_per_floor":[65,64,64,64,62,43,34,34,34,55,52,48,48,27,48,22,72,64,54,18,18,22,43,43,27,27,24,24,24,30,21,36,0,0],"gold":58,"neow_bonus":"ONE_RARE_RELIC","is_daily":false,"chose_seed":false,"campfire_upgraded":0,"win_rate":0.0,"timestamp":1611742942,"path_taken":["M","M","$","M","M","E","M","?","T","R","M","M","?","?","R","BOSS","M","M","M","$","M","R","?","?","T","E","?","$","M","E","R","BOSS"],"items_purchased_type":["Card","Card","Relic","Card","Relic","Card"],"build_version":"2020-12-22","purchased_purges":0,"victory":false,"max_hp_per_floor":[65,65,65,65,65,72,72,72,72,72,72,72,72,72,72,72,72,72,72,72,72,72,72,50,50,50,50,50,50,50,50,50,50,50],"card_choices":[{"not_picked":["ClearTheMind","Replay:ManipulateFuture"],"picked":"Consecrate","floor":1},{"not_picked":["Perseverance","Wallop"],"picked":"Replay:Hum","floor":2},{"not_picked":["SashWhip","FearNoEvil"],"picked":"CutThroughFate","floor":4},{"not_picked":["ThirdEye","FlyingSleeves"],"picked":"JustLucky","floor":5},{"not_picked":["Crescendo","Collect"],"picked":"ReachHeaven","floor":6},{"not_picked":["ThirdEye","Halt"],"picked":"Nirvana","floor":7},{"not_picked":["SashWhip","Vengeance"],"picked":"Prostrate","floor":11},{"not_picked":["Replay:BluntJabs","InnerPeace"],"picked":"SashWhip","floor":12},{"not_picked":["EmptyFist","Vengeance"],"picked":"Pray","floor":14},{"not_picked":["Alpha","Brilliance"],"picked":"Devotion","floor":16},{"not_picked":["PathToVictory","Evaluate+1"],"picked":"BowlingBash","floor":18},{"not_picked":["Vengeance","EmptyFist"],"picked":"FollowUp+1","floor":19},{"not_picked":["SashWhip","FlyingSleeves"],"picked":"CrushJoints+1","floor":20},{"not_picked":["PathToVictory","Nirvana"],"picked":"Vault","floor":22},{"not_picked":["Evaluate","CarveReality"],"picked":"Weave","floor":27},{"not_picked":["Consecrate+1","SignatureMove"],"picked":"ThirdEye","floor":30},{"not_picked":["Nirvana","WreathOfFlame"],"picked":"Replay:ManipulateFuture","floor":31}],"player_experience":194910,"relics_obtained":[{"floor":6,"key":"Strawberry"},{"floor":8,"key":"Gremlin Food"},{"floor":9,"key":"Lantern"},{"floor":14,"key":"Odd Mushroom"},{"floor":25,"key":"Enchiridion"},{"floor":27,"key":"Replay:Wax Seal"},{"floor":31,"key":"Replay:Mystery Machine"}],"event_choices":[{"damage_healed":0,"gold_gain":60,"player_choice":"Gained Gold","damage_taken":0,"max_hp_gain":0,"max_hp_loss":0,"event_name":"Golden Wing","floor":13,"gold_loss":0},{"damage_healed":0,"gold_gain":0,"player_choice":"Fought Mushrooms","damage_taken":0,"max_hp_gain":0,"max_hp_loss":0,"event_name":"Mushrooms","floor":14,"gold_loss":0},{"damage_healed":0,"gold_gain":0,"player_choice":"Became a vampire","damage_taken":0,"max_hp_gain":0,"max_hp_loss":22,"event_name":"Vampires","floor":24,"gold_loss":0,"cards_obtained":["Bite","Bite","Bite","Bite","Bite"]},{"damage_healed":0,"gold_gain":0,"player_choice":"Obtained Book","damage_taken":16,"max_hp_gain":0,"max_hp_loss":0,"event_name":"Cursed Tome","floor":25,"gold_loss":0},{"damage_healed":0,"gold_gain":0,"player_choice":"Bought 1 Potion","damage_taken":0,"max_hp_gain":0,"max_hp_loss":0,"event_name":"The Woman in Blue","floor":28,"gold_loss":0}],"is_beta":false,"boss_relics":[{"not_picked":["Pandora\u0027s Box","energizedSpire:CursedPentagram"],"picked":"bronze:MakeshiftBattery"}],"items_purged_floors":[],"is_endless":false,"potions_floor_spawned":[4,6,7,14,20,22,27,30,31],"killed_by":"Champ","ascension_level":0}}