{"host":"agela5aetnmltfvm","time":1611757119,"event":{"mods":["BaseMod","Colored Powertips","Hermit","Minty Spire (QoL Compilation)","Rare Cards Sparkle","Replay The Spire","StSLib"],"gold_per_floor":[113,31,206,166,186,213,224,224,224,240,316,316,330,348,378,44,44,44,44],"floor_reached":18,"language":"ZHS","playtime":518,"items_purged":["Doubt"],"score":147,"play_id":"62592a11-d6d6-44a2-8a4b-e3f19ace5dee","local_time":"20210127221839","is_ascension_mode":false,"campfire_choices":[{"data":"hermit:Vantage","floor":12,"key":"SMITH"},{"floor":17,"key":"DIG"}],"circlet_count":0,"master_deck":["hermit:Strike_Hermit+1","hermit:Strike_Hermit","hermit:Strike_Hermit","hermit:Strike_Hermit","hermit:Defend_Hermit","hermit:Defend_Hermit","hermit:Defend_Hermit+1","hermit:Defend_Hermit","hermit:Snapshot","hermit:Covet","hermit:TrackingShot","hermit:GoldenBullet","hermit:Vantage+1","hermit:FullyLoaded","hermit:Roughhouse","hermit:OverwhelmingPower","hermit:RoundhouseKick"],"relics":["hermit:Momento","NeowsBlessing","TungstenRod","Snack Pack","Replay:Wax Seal","Meat on the Bone","Simple Rune"],"acts_visited":["Exordium"],"potions_floor_usage":[14,15,18],"damage_taken":[{"damage":0,"enemies":"2 Louse","floor":1,"turns":1},{"damage":0,"enemies":"Jaw Worm","floor":5,"turns":1},{"damage":0,"enemies":"3 Sentries","floor":6,"turns":2},{"damage":11,"enemies":"Cultist","floor":7,"turns":5},{"damage":17,"enemies":"3 Louse","floor":10,"turns":4},{"damage":7,"enemies":"Exordium Thugs","floor":13,"turns":6},{"damage":2,"enemies":"Looter","floor":14,"turns":4},{"damage":31,"enemies":"Gremlin Nob","floor":15,"turns":5},{"damage":17,"enemies":"Fading Forest","floor":18,"turns":8}],"seed_played":"-8945992287389978466","potions_obtained":[{"floor":4,"key":"Milkshake"},{"floor":4,"key":"SpeedPotion"},{"floor":4,"key":"BlessingOfTheForge"},{"floor":10,"key":"Languid Potion"},{"floor":15,"key":"Venom Potion"}],"is_trial":false,"path_per_floor":["M","$","?","?","M","E","M","PTL","PTL","M","T","R","M","M","E","$","R","B"],"character_chosen":"HERMIT","items_purchased":["hermit:GoldenBullet","hermit:Vantage","Meat on the Bone"],"campfire_rested":0,"item_purchase_floors":[2,2,16],"current_hp_per_floor":[75,75,75,75,75,75,64,64,64,47,47,47,42,42,11,11,11,0,0],"gold":44,"neow_bonus":"THREE_ENEMY_KILL","is_daily":false,"chose_seed":false,"campfire_upgraded":1,"win_rate":0.0,"timestamp":1611757119,"path_taken":["M","$","?","?","?","E","M","PTL","PTL","M","T","R","M","M","E","$","R","BOSS"],"items_purchased_type":["Card","Card","Relic"],"build_version":"2020-12-22","purchased_purges":1,"victory":false,"max_hp_per_floor":[75,75,75,75,75,75,75,75,75,75,75,75,75,75,75,75,75,75,75],"card_choices":[{"not_picked":["hermit:LowProfile","hermit:Midnight"],"picked":"hermit:TrackingShot","floor":1},{"not_picked":["hermit:Showdown","hermit:Snipe","hermit:Misfire"],"picked":"SKIP","floor":5},{"not_picked":["hermit:LowProfile","hermit:Vantage"],"picked":"hermit:FullyLoaded","floor":6},{"not_picked":["hermit:Desperado","hermit:Quickdraw","hermit:Misfire"],"picked":"SKIP","floor":7},{"not_picked":["hermit:Snipe","hermit:SprayPray"],"picked":"hermit:Roughhouse","floor":10},{"not_picked":["hermit:Feint","hermit:Quickdraw","hermit:SprayPray"],"picked":"SKIP","floor":13},{"not_picked":["hermit:HighCaliber","hermit:Feint"],"picked":"hermit:OverwhelmingPower","floor":14},{"not_picked":["hermit:Snipe","hermit:Manifest"],"picked":"hermit:RoundhouseKick","floor":15}],"player_experience":532837,"relics_obtained":[{"floor":6,"key":"TungstenRod"},{"floor":11,"key":"Snack Pack"},{"floor":15,"key":"Replay:Wax Seal"},{"floor":17,"key":"Simple Rune"}],"event_choices":[{"damage_healed":0,"gold_gain":175,"player_choice":"AGREE","damage_taken":0,"max_hp_gain":0,"max_hp_loss":0,"event_name":"Liars Game","floor":3,"gold_loss":0,"cards_obtained":["Doubt"]},{"damage_healed":0,"gold_gain":0,"player_choice":"Bought 3 Potions","damage_taken":0,"max_hp_gain":0,"max_hp_loss":0,"event_name":"The Woman in Blue","floor":4,"gold_loss":0}],"is_beta":false,"boss_relics":[],"items_purged_floors":[16],"is_endless":false,"potions_floor_spawned":[7,10,13,15],"killed_by":"Fading Forest","ascension_level":0}}