{"host":"pi8b3ffzwvxqztac","time":1611780029,"event":{"mods":["BaseMod","Colored Map","Downfall","Minty Spire (QoL Compilation)","StSLib"],"gold_per_floor":[99,99,99,99,109,9,35,64,64,1,1,28,48,48,66,139,139,39,53,53,73,73,58,58,58,58,68,68,93,93,109,126,200,200,100,119,132,150,161,161,210,228,228,14,30,30,30,49,63,63,63,63,63,63],"floor_reached":52,"language":"ENG","playtime":3253,"items_purged":[],"score":1237,"play_id":"f0b4bd89-dfbb-45a2-9ef9-39552828e171","local_time":"20210128094029","is_ascension_mode":true,"campfire_choices":[{"floor":1.0,"key":"RECALL"},{"data":"hexamod:Float","floor":6.0,"key":"SMITH"},{"data":"hexamod:CatchUp","floor":9.0,"key":"SMITH"},{"floor":11.0,"key":"REST"},{"data":"hexamod:CatchUp","floor":18.0,"key":"SMITH"},{"data":"hexamod:Incineration","floor":26.0,"key":"SMITH"},{"data":"hexamod:SkipABeat","floor":28.0,"key":"SMITH"},{"data":"hexamod:ThermalTransfer","floor":30.0,"key":"SMITH"},{"data":"hexamod:RetreatToShadows","floor":35.0,"key":"SMITH"},{"data":"hexamod:Rewind","floor":40.0,"key":"SMITH"},{"data":"hexamod:FastForward","floor":43.0,"key":"SMITH"},{"data":"hexamod:HexaLevel","floor":47.0,"key":"SMITH"}],"circlet_count":0,"master_deck":["AscendersBane","hexamod:Strike","hexamod:Strike","hexamod:Strike","hexamod:Defend","hexamod:Defend","hexamod:Defend","hexamod:Defend","hexamod:Sear","hexamod:Float+1","hexamod:StepThrough","hexamod:SpectersWail","hexamod:CatchUp+1","hexamod:CatchUp+1","hexamod:RetreatToShadows+1","hexamod:Incineration+1","hexamod:Hexaguard","hexamod:SkipABeat+1","hexamod:ThermalTransfer+1","hexamod:WildfireWeapon","hexamod:FirstSeal","hexamod:Hexaguard+1","hexamod:FirstSeal","hexamod:TimeWarp","hexamod:Rewind+1","hexamod:FlamesFromBeyond","CurseOfTheBell","hexamod:ThermalTransfer+1","hexamod:FlamesFromBeyond+1","hexamod:FastForward+1","hexamod:DynamicBlow+1","expansioncontent:Chronoboost","hexamod:FastForward","hexamod:HexaLevel+1"],"relics":["hexamod:SpiritBrand","downfall:HeartsMalice","downfall:HeartBlessingRed","hexamod:BolsterEngine","Tiny Chest","PreservedInsect","expansioncontent:StudyCardRelic","downfall:HeartBlessingGreen","Ornamental Fan","Toy Ornithopter","champ:DeflectingBracers","Calling Bell","Vajra","HornCleat","hexamod:SoulOfChaos","downfall:HeartBlessingBlue","Bag of Marbles","champ:DuelingGlove","HandDrill"],"acts_visited":["Exordium","TheCity","TheBeyond","TheEnding"],"potions_floor_usage":[50],"damage_taken":[{"damage":0.0,"enemies":"Cultist","floor":2.0,"turns":1.0},{"damage":0.0,"enemies":"2 Louse","floor":3.0,"turns":1.0},{"damage":0.0,"enemies":"Jaw Worm","floor":4.0,"turns":1.0},{"damage":1.0,"enemies":"Gremlin Gang","floor":5.0,"turns":4.0},{"damage":33.0,"enemies":"Lagavulin","floor":8.0,"turns":7.0},{"damage":0.0,"enemies":"downfall:FleeingMerchant","floor":10.0,"turns":4.0},{"damage":8.0,"enemies":"Gremlin Nob","floor":12.0,"turns":3.0},{"damage":6.0,"enemies":"3 Louse","floor":13.0,"turns":3.0},{"damage":8.0,"enemies":"Red Slaver","floor":15.0,"turns":3.0},{"damage":6.0,"enemies":"IC_STATUS_ARCHETYPE","floor":16.0,"turns":5.0},{"damage":7.0,"enemies":"Shell Parasite","floor":19.0,"turns":4.0},{"damage":0.0,"enemies":"Chosen","floor":21.0,"turns":4.0},{"damage":0.0,"enemies":"downfall:FleeingMerchant","floor":23.0,"turns":4.0},{"damage":8.0,"enemies":"Centurion and Healer","floor":27.0,"turns":5.0},{"damage":16.0,"enemies":"Gremlin Leader","floor":29.0,"turns":5.0},{"damage":11.0,"enemies":"Snake Plant","floor":31.0,"turns":3.0},{"damage":13.0,"enemies":"Shelled Parasite and Fungi","floor":32.0,"turns":4.0},{"damage":43.0,"enemies":"DF_ARCHETYPE_CLAW","floor":33.0,"turns":8.0},{"damage":12.0,"enemies":"3 Shapes","floor":36.0,"turns":3.0},{"damage":6.0,"enemies":"3 Darklings","floor":37.0,"turns":6.0},{"damage":11.0,"enemies":"Sphere and 2 Shapes","floor":38.0,"turns":4.0},{"damage":10.0,"enemies":"Jaw Worm Horde","floor":39.0,"turns":4.0},{"damage":6.0,"enemies":"Writhing Mass","floor":42.0,"turns":5.0},{"damage":0.0,"enemies":"downfall:FleeingMerchant","floor":44.0,"turns":4.0},{"damage":7.0,"enemies":"Sphere and 2 Shapes","floor":45.0,"turns":3.0},{"damage":9.0,"enemies":"3 Darklings","floor":48.0,"turns":4.0},{"damage":24.0,"enemies":"Maw","floor":49.0,"turns":6.0},{"damage":50,"enemies":"SI_POISON_ARCHETYPE","floor":50,"turns":12},{"damage":95,"enemies":"downfall:CharBossMerchant","floor":52,"turns":5}],"seed_played":"6536376604508799232","potions_obtained":[{"floor":8.0,"key":"hexamod:EctoCoolerPotion"},{"floor":12.0,"key":"AttackPotion"},{"floor":16.0,"key":"Weak Potion"},{"floor":29.0,"key":"SteroidPotion"},{"floor":31.0,"key":"Swift Potion"},{"floor":32.0,"key":"hexamod:EctoCoolerPotion"},{"floor":39.0,"key":"ColorlessPotion"},{"floor":42.0,"key":"Block Potion"},{"floor":45.0,"key":"ColorlessPotion"},{"floor":49.0,"key":"champ:CounterPotion"}],"is_trial":false,"path_per_floor":["R","M","M","M","M","R","T","E","R","$","R","E","M","T","M","B",null,"R","M","?","M","?","$","T","T","R","M","R","E","R","M","M","B",null,"R","M","M","M","M","R","T","M","R","$","M","?","R","M","M","B",null,"E"],"character_chosen":"THE_SPIRIT","items_purchased":["hexamod:Hexaguard","champ:DuelingGlove","HandDrill","expansioncontent:Chronoboost"],"campfire_rested":1,"item_purchase_floors":[10,44,44,44],"current_hp_per_floor":[57,57,57,57,56,56,56,23,23,23,41,33,27,27,19,13,51,51,44,44,51,44,58,58,58,58,63,63,61,61,57,58,34,56,66,61,69,65,73,73,73,73,73,73,73,73,73,73,56,11,58,0,0,0],"gold":63,"neow_bonus":"THREE_ENEMY_KILL","is_daily":false,"chose_seed":false,"campfire_upgraded":10,"win_rate":0.0,"timestamp":1611780029,"path_taken":["R","M","?","?","M","R","T","E","R","$","R","E","M","?","M","BOSS","R","M","?","M","?","$","T","?","R","M","R","E","R","M","M","BOSS","R","M","M","?","M","R","T","M","R","$","M","?","R","?","M","BOSS","E"],"items_purchased_type":["Card","Relic","Relic","Card"],"build_version":"2020-12-22","purchased_purges":0,"victory":false,"max_hp_per_floor":[63,63,63,63,63,63,63,63,63,63,63,63,63,63,63,63,63,63,63,63,63,63,63,63,63,63,63,63,63,63,63,63,63,63,73,73,73,73,73,73,73,73,73,73,73,73,73,73,73,73,73,73,73,73],"card_choices":[{"not_picked":["hexamod:HeatMetal","hexamod:Hexaguard"],"picked":"hexamod:StepThrough","floor":2.0},{"not_picked":["hexamod:GhostShield","hexamod:PhantomFireball"],"picked":"hexamod:SpectersWail","floor":3.0},{"not_picked":["hexamod:SuperheatedStrike","hexamod:InspiringFlames"],"picked":"hexamod:CatchUp","floor":4.0},{"not_picked":["hexamod:SuperheatedStrike","hexamod:GhostLash"],"picked":"hexamod:CatchUp","floor":5.0},{"not_picked":["hexamod:HeatMetal","hexamod:Firestarter"],"picked":"hexamod:RetreatToShadows","floor":8.0},{"not_picked":["hexamod:SwordOfDarkness","hexamod:ExtraCrispy"],"picked":"hexamod:Incineration","floor":10.0},{"not_picked":["hexamod:SpectersWail","hexamod:BurningTouch"],"picked":"hexamod:SkipABeat","floor":12.0},{"not_picked":["hexamod:NecessarySacrifice","hexamod:SuperheatedStrike"],"picked":"hexamod:ThermalTransfer","floor":13.0},{"not_picked":["hexamod:FifthSeal","hexamod:NightmareStrike","hexamod:RetreatToShadows"],"picked":"SKIP","floor":15.0},{"not_picked":["hexamod:GiftsFromTheDead","hexamod:HexaLevel"],"picked":"hexamod:WildfireWeapon","floor":16.0},{"not_picked":["hexamod:ChargedBarrage+1","hexamod:SuperheatedStrike"],"picked":"hexamod:FirstSeal","floor":19.0},{"not_picked":["hexamod:NightmareGuise","hexamod:PhantomCloak"],"picked":"hexamod:Hexaguard+1","floor":21.0},{"not_picked":["hexamod:ChargedBarrage","hexamod:Again+1","hexamod:GhostShield"],"picked":"SKIP","floor":23.0},{"not_picked":["hexamod:BacktrackSmack","hexamod:GhostLash","hexamod:SpectralSpark"],"picked":"SKIP","floor":27.0},{"not_picked":["hexamod:NightmareGuise","hexamod:ChargedBarrage"],"picked":"hexamod:TimeWarp","floor":29.0},{"not_picked":["hexamod:Firestarter","hexamod:RecurringNightmare"],"picked":"hexamod:Rewind","floor":31.0},{"not_picked":["hexamod:SpectersWail","hexamod:GhostLash"],"picked":"hexamod:FlamesFromBeyond","floor":32.0},{"not_picked":["hexamod:HauntingEcho","hexamod:AdvancingGuard"],"picked":"hexamod:ThermalTransfer+1","floor":36.0},{"not_picked":["hexamod:EtherealExpedition","hexamod:ChargedBarrage"],"picked":"hexamod:FlamesFromBeyond+1","floor":37.0},{"not_picked":["hexamod:BurningTouch","hexamod:ShieldOfDarkness"],"picked":"hexamod:FastForward","floor":38.0},{"not_picked":["hexamod:Incineration","hexamod:InspiringFlames","hexamod:HeatMetal"],"picked":"SKIP","floor":39.0},{"not_picked":["hexamod:ShieldOfDarkness","hexamod:Firestarter","hexamod:BurningTouch"],"picked":"SKIP","floor":42.0},{"not_picked":["hexamod:GiftsFromTheDead","hexamod:ExtraCrispy+1"],"picked":"hexamod:DynamicBlow+1","floor":44.0},{"not_picked":["hexamod:FirstSeal","hexamod:GhostShield"],"picked":"hexamod:FastForward","floor":45.0},{"not_picked":["hexamod:Rewind","hexamod:PhantomCloak","hexamod:HeatMetal"],"picked":"SKIP","floor":48.0},{"not_picked":["hexamod:InspiringFlames","hexamod:SwordOfDarkness+1","hexamod:GhostflameBarrier"],"picked":"SKIP","floor":49.0}],"player_experience":636297,"relics_obtained":[{"floor":7.0,"key":"hexamod:BolsterEngine"},{"floor":8.0,"key":"Tiny Chest"},{"floor":12.0,"key":"PreservedInsect"},{"floor":24.0,"key":"Ornamental Fan"},{"floor":25.0,"key":"Toy Ornithopter"},{"floor":29.0,"key":"champ:DeflectingBracers"},{"floor":34.0,"key":"Vajra"},{"floor":34.0,"key":"HornCleat"},{"floor":34.0,"key":"hexamod:SoulOfChaos"},{"floor":41.0,"key":"Bag of Marbles"}],"event_choices":[],"is_beta":false,"boss_relics":[{"not_picked":["Philosopher\u0027s Stone","Snecko Eye"],"picked":"expansioncontent:StudyCardRelic"},{"not_picked":["Runic Dome","bronze:MakeshiftBattery"],"picked":"Calling Bell"}],"items_purged_floors":[],"is_endless":false,"potions_floor_spawned":[8,12,13,16,29,31,32,39,42,45,49],"killed_by":"downfall:CharBossMerchant","ascension_level":15}}