{"host":"2smcgt1ki1qcud40","time":1611786279,"event":{"mods":["BaseMod","Minty Spire (QoL Compilation)"],"gold_per_floor":[116,116,132,83,95,130,140,140,167,193,9,43,43,63,63,134,134,149,169,30,30,30,55,55,55],"floor_reached":24,"language":"ENG","playtime":993,"items_purged":[],"score":453,"play_id":"e7e4897e-46e5-4728-b4dd-cfdda983617e","local_time":"20210127232439","is_ascension_mode":true,"campfire_choices":[{"data":"Accuracy","floor":13.0,"key":"SMITH"},{"data":"A Thousand Cuts","floor":15.0,"key":"SMITH"}],"circlet_count":0,"master_deck":["AscendersBane","Survivor","Neutralize","A Thousand Cuts+1","Venomology","Blade Dance","Dagger Throw","Outmaneuver","Blade Dance","Skewer","Venomology","Accuracy+1","Blade Dance","Wraith Form v2","Outmaneuver","PiercingWail","Bouncing Flask","Calculated Gamble","Crippling Poison","Deadly Poison","PiercingWail","Noxious Fumes+1","Catalyst","Apotheosis","Finisher","Cloak And Dagger","Phantasmal Killer"],"relics":["Ring of the Snake","Omamori","PreservedInsect","MealTicket","Membership Card","Oddly Smooth Stone","Pandora\u0027s Box","Mercury Hourglass","Bag of Marbles"],"acts_visited":["Exordium","TheCity"],"potions_floor_usage":[24,24],"damage_taken":[{"damage":1.0,"enemies":"Small Slimes","floor":1.0,"turns":4.0},{"damage":0.0,"enemies":"Cultist","floor":3.0,"turns":4.0},{"damage":2.0,"enemies":"Jaw Worm","floor":5.0,"turns":4.0},{"damage":3.0,"enemies":"Gremlin Nob","floor":6.0,"turns":3.0},{"damage":12.0,"enemies":"Blue Slaver","floor":7.0,"turns":5.0},{"damage":8.0,"enemies":"Lagavulin","floor":10.0,"turns":4.0},{"damage":0.0,"enemies":"Gremlin Nob","floor":12.0,"turns":2.0},{"damage":3.0,"enemies":"3 Louse","floor":14.0,"turns":3.0},{"damage":21.0,"enemies":"The Guardian","floor":16.0,"turns":9.0},{"damage":26.0,"enemies":"2 Thieves","floor":18.0,"turns":4.0},{"damage":11.0,"enemies":"Spheric Guardian","floor":19.0,"turns":3.0},{"damage":24.0,"enemies":"Slavers","floor":23.0,"turns":3.0},{"damage":12,"enemies":"Snake Plant","floor":24,"turns":1}],"seed_played":"-3432596530822599286","potions_obtained":[{"floor":5.0,"key":"SteroidPotion"},{"floor":6.0,"key":"Dexterity Potion"},{"floor":10.0,"key":"AttackPotion"},{"floor":12.0,"key":"SkillPotion"}],"is_trial":false,"path_per_floor":["M","?","M","$","M","E","M","?","T","E","$","E","R","M","R","B",null,"M","M","$","?","?","E","M"],"character_chosen":"THE_SILENT","items_purchased":["Outmaneuver","Membership Card","Accuracy","Apotheosis","Finisher","Cloak And Dagger"],"campfire_rested":0,"item_purchase_floors":[4,11,11,20,20,20],"current_hp_per_floor":[43,43,43,43,41,38,26,31,31,23,38,38,38,35,35,14,57,31,20,35,35,35,11,0,0],"gold":55,"neow_bonus":"TRANSFORM_TWO_CARDS","is_daily":false,"chose_seed":false,"campfire_upgraded":2,"win_rate":0.0,"timestamp":1611786279,"path_taken":["M","?","M","?","M","E","M","?","T","E","?","E","R","M","R","BOSS","M","M","$","?","?","E","M"],"items_purchased_type":["Card","Relic","Card","Card","Card","Card"],"build_version":"2020-12-22","purchased_purges":0,"victory":false,"max_hp_per_floor":[66,66,66,66,66,66,66,71,71,71,71,71,71,71,71,71,71,71,71,71,71,71,71,71,71],"card_choices":[{"not_picked":["Quick Slash","Prepared"],"picked":"Blade Dance","floor":1.0},{"not_picked":["Slice","Blur"],"picked":"Dagger Throw","floor":3.0},{"not_picked":["Distraction","Tactician"],"picked":"Blade Dance","floor":5.0},{"not_picked":["Masterful Stab","Blade Dance"],"picked":"Skewer","floor":6.0},{"not_picked":["Dagger Throw","Backflip"],"picked":"Venomology","floor":7.0},{"not_picked":["Flechettes","Predator","Dodge and Roll"],"picked":"SKIP","floor":10.0},{"not_picked":["Prepared","Poisoned Stab"],"picked":"Blade Dance","floor":12.0},{"not_picked":["Infinite Blades","Dagger Throw","Reflex"],"picked":"SKIP","floor":14.0},{"not_picked":["Die Die Die","Storm of Steel"],"picked":"Wraith Form v2","floor":16.0},{"not_picked":["Well Laid Plans","Poisoned Stab"],"picked":"Noxious Fumes+1","floor":18.0},{"not_picked":["Calculated Gamble","Flying Knee+1"],"picked":"Catalyst","floor":19.0},{"not_picked":["Dagger Spray","Sucker Punch","Tactician"],"picked":"SKIP","floor":23.0}],"player_experience":680294,"relics_obtained":[{"floor":6.0,"key":"Omamori"},{"floor":9.0,"key":"PreservedInsect"},{"floor":10.0,"key":"MealTicket"},{"floor":12.0,"key":"Oddly Smooth Stone"},{"floor":23.0,"key":"Bag of Marbles"}],"event_choices":[{"cards_removed":["Defend_G"],"damage_healed":0.0,"max_hp_gain":0.0,"max_hp_loss":0.0,"gold_gain":0.0,"event_name":"Bonfire Elementals","player_choice":"Offered Basic","floor":2.0,"gold_loss":0.0,"damage_taken":0.0},{"damage_healed":0.0,"max_hp_gain":5.0,"max_hp_loss":0.0,"gold_gain":0.0,"event_name":"Big Fish","player_choice":"Donut","floor":8.0,"gold_loss":0.0,"damage_taken":0.0},{"damage_healed":0.0,"max_hp_gain":0.0,"max_hp_loss":0.0,"gold_gain":0.0,"event_name":"Addict","player_choice":"Stole Relic","floor":21.0,"gold_loss":0.0,"damage_taken":0.0,"relics_obtained":["Mercury Hourglass"],"cards_obtained":["Shame"]},{"damage_healed":0.0,"max_hp_gain":0.0,"max_hp_loss":0.0,"gold_gain":0.0,"event_name":"Match and Keep!","player_choice":"1 cards matched","floor":22.0,"gold_loss":0.0,"damage_taken":0.0,"cards_obtained":["Phantasmal Killer"]}],"is_beta":false,"boss_relics":[{"not_picked":["Ectoplasm","Velvet Choker"],"picked":"Pandora\u0027s Box"}],"items_purged_floors":[],"is_endless":false,"potions_floor_spawned":[3,5,6,10,12,23],"killed_by":"Snake Plant","ascension_level":15}}