{"host":"nyir1v7xajwugdek","time":1611769635,"event":{"mods":["BaseMod","Colored Powertips","Downfall","Minty Spire (QoL Compilation)","StSLib"],"gold_per_floor":[99,99,99,99,99,114,114,114,127,156,203,214,244,105,125,229,229,29,46,31,131,143,173,244,271,286,337,337,237,251,285,301,402,402,402,417,260,272,272,298,323,378,378,396,341,383,383,415,426,426,426,455,18,18,18,18,18,18],"floor_reached":56,"language":"ENG","playtime":7183,"items_purged":["Slimebound:Strike_Slimebound","Slimebound:Strike_Slimebound"],"score":1189,"play_id":"35e53d75-aba3-434f-a414-1ebae993fbba","local_time":"20210127184715","is_ascension_mode":true,"campfire_choices":[{"data":"Slimebound:CorrosiveSpit","floor":1.0,"key":"SMITH"},{"floor":8.0,"key":"RECALL"},{"data":"Slimebound:RollThrough","floor":18.0,"key":"SMITH"},{"data":"Slimebound:RollThrough","floor":29.0,"key":"SMITH"},{"data":"Slimebound:SamplingLick","floor":35.0,"key":"SMITH"},{"floor":43.0,"key":"REST"},{"data":"Slimebound:LeadByExample","floor":47.0,"key":"SMITH"},{"data":"Slimebound:CheckThePlaybook","floor":54,"key":"SMITH"}],"circlet_count":0,"master_deck":["Slimebound:Tackle","Slimebound:Defend_Slimebound","Slimebound:Defend_Slimebound","Slimebound:Defend_Slimebound","Slimebound:Defend_Slimebound","Slimebound:Split","Slimebound:CorrosiveSpit+1","Slimebound:SlimeSpikes","Slimebound:RollThrough+1","Slimebound:SplitAcid","Slimebound:LeadByExample+1","Slimebound:ComboTackle","Slimebound:SplitLeeching","Slimebound:ComboTackle","Slimebound:SplitSpecialist","Slimebound:BestDefense","Slimebound:RollThrough+1","Slimebound:MassRepurpose","Slimebound:RallyTheTroops","Slimebound:SamplingLick+1","Slimebound:Replication","Slimebound:SlimeBarrage+1","Slimebound:SplitSpecialist","Slimebound:SplitLeeching+1","Slimebound:SplitMire+1","Slimebound:MassRepurpose","Slimebound:MassRepurpose","Slimebound:Gluttony+1","Slimebound:SlimeTap","Slimebound:Teamwork","Slimebound:Split","Slimebound:Recollect","Slimebound:LevelUp+1","Slimebound:MinionMaster","Slimebound:DivideAndConquer","Slimebound:Nibble","Slimebound:CheckThePlaybook+1"],"relics":["Slimebound:AbsorbEndCombatUpgraded","downfall:HeartsMalice","Thread and Needle","Pantograph","hexamod:BolsterEngine","downfall:HeartBlessingRed","downfall:HeartBlessingGreen","White Beast Statue","Juzu Bracelet","Bottled Tornado","Dead Branch","Boot","downfall:HeartBlessingBlue","Mummified Hand","Black Star","Art of War","Slimebound:SlimedTailRelic","Strawberry","Calipers","Bronze Scales","Eternal Feather","CeramicFish","Turnip","Orichalcum","Shuriken","Pear","Incense Burner"],"acts_visited":["Exordium","TheCity","TheBeyond","TheEnding"],"potions_floor_usage":[52,56,56,56],"damage_taken":[{"damage":0.0,"enemies":"2 Louse","floor":2.0,"turns":1.0},{"damage":0.0,"enemies":"Cultist","floor":4.0,"turns":1.0},{"damage":0.0,"enemies":"Small Slimes","floor":5.0,"turns":1.0},{"damage":7.0,"enemies":"3 Louse","floor":6.0,"turns":2.0},{"damage":14.0,"enemies":"Gremlin Gang","floor":9.0,"turns":3.0},{"damage":35.0,"enemies":"Gremlin Nob","floor":10.0,"turns":4.0},{"damage":0.0,"enemies":"2 Fungi Beasts","floor":12.0,"turns":3.0},{"damage":6.0,"enemies":"3 Sentries","floor":13.0,"turns":8.0},{"damage":0.0,"enemies":"downfall:FleeingMerchant","floor":14.0,"turns":4.0},{"damage":9.0,"enemies":"3 Louse","floor":15.0,"turns":2.0},{"damage":4.0,"enemies":"DF_ARCHETYPE_STREAMLINE","floor":16.0,"turns":12.0},{"damage":4.0,"enemies":"Spheric Guardian","floor":19.0,"turns":4.0},{"damage":3.0,"enemies":"downfall:FleeingMerchant","floor":20.0,"turns":4.0},{"damage":5.0,"enemies":"downfall:LadyInBlue","floor":21.0,"turns":8.0},{"damage":23.0,"enemies":"Snake Plant","floor":22.0,"turns":5.0},{"damage":14.0,"enemies":"Book of Stabbing","floor":23.0,"turns":5.0},{"damage":30.0,"enemies":"Slavers","floor":25.0,"turns":7.0},{"damage":0.0,"enemies":"Cultist and Chosen","floor":26.0,"turns":7.0},{"damage":11.0,"enemies":"Shelled Parasite and Fungi","floor":30.0,"turns":6.0},{"damage":14.0,"enemies":"Gremlin Leader","floor":31.0,"turns":8.0},{"damage":10.0,"enemies":"Centurion and Healer","floor":32.0,"turns":5.0},{"damage":21.0,"enemies":"WA_ARCHETYPE_CALM","floor":33.0,"turns":8.0},{"damage":13.0,"enemies":"3 Darklings","floor":36.0,"turns":5.0},{"damage":10.0,"enemies":"downfall:FleeingMerchant","floor":37.0,"turns":4.0},{"damage":52.0,"enemies":"3 Shapes","floor":38.0,"turns":6.0},{"damage":39.0,"enemies":"Reptomancer","floor":40.0,"turns":7.0},{"damage":22.0,"enemies":"2 Orb Walkers","floor":42.0,"turns":4.0},{"damage":0.0,"enemies":"Jaw Worm Horde","floor":44.0,"turns":4.0},{"damage":0.0,"enemies":"downfall:FleeingMerchant","floor":45.0,"turns":2.0},{"damage":23.0,"enemies":"Nemesis","floor":46.0,"turns":5.0},{"damage":0.0,"enemies":"Giant Head","floor":48.0,"turns":5.0},{"damage":0.0,"enemies":"Maw","floor":49.0,"turns":6.0},{"damage":6,"enemies":"SI_POISON_ARCHETYPE","floor":50,"turns":10},{"damage":40,"enemies":"downfall:CharBossMerchant","floor":52,"turns":6},{"damage":44,"enemies":"downfall:NeowBoss","floor":55,"turns":14},{"damage":119,"enemies":"downfall:NeowBossFinal","floor":56,"turns":8}],"seed_played":"101807631000169458","potions_obtained":[{"floor":6.0,"key":"Regen Potion"},{"floor":9.0,"key":"DuplicationPotion"},{"floor":10.0,"key":"Slimebound:ThreeZeroPotion"},{"floor":16.0,"key":"sneckomod:MuddlingPotion"},{"floor":21.0,"key":"EntropicBrew"},{"floor":21.0,"key":"Block Potion"},{"floor":25.0,"key":"PowerPotion"},{"floor":31.0,"key":"FearPotion"},{"floor":38.0,"key":"Regen Potion"},{"floor":40.0,"key":"DuplicationPotion"},{"floor":42.0,"key":"LiquidMemories"},{"floor":45.0,"key":"sneckomod:MuddlingPotion"},{"floor":48.0,"key":"SpeedPotion"},{"floor":49,"key":"Energy Potion"},{"floor":52,"key":"Swift Potion"}],"is_trial":false,"path_per_floor":["R","M","?","M","M","M","T","R","M","E","T","M","E","$","M","B",null,"R","M","$","?","M","E","T","E","M","T","?","R","M","E","M","B",null,"R","M","$","M","?","E","T","?","R","M","$","E","R","E","M","B",null,"E","$","R","B","B"],"character_chosen":"SLIMEBOUND","items_purchased":["Slimebound:RollThrough","Slimebound:Teamwork","Bronze Scales","Slimebound:MinionMaster","Slimebound:DivideAndConquer","Incense Burner","Slimebound:CheckThePlaybook"],"campfire_rested":1,"item_purchase_floors":[14,37,45,45,45,53,53],"current_hp_per_floor":[65,65,65,65,65,58,58,58,46,17,17,19,32,34,25,54,62,62,58,61,65,45,34,34,10,16,16,37,47,51,52,51,57,71,71,67,72,23,23,14,21,11,35,44,50,39,60,75,82,82,82,52,52,73,67,0,0,0],"gold":18,"neow_bonus":"THREE_ENEMY_KILL","is_daily":false,"chose_seed":false,"campfire_upgraded":6,"win_rate":0.0,"timestamp":1611769635,"path_taken":["R","M","?","M","M","?","T","R","M","E","?","?","E","?","M","BOSS","R","M","$","?","?","E","T","E","M","?","?","R","M","E","M","BOSS","R","M","$","M","?","E","T","?","R","M","$","E","R","E","M","BOSS","E","$","R","BOSS","BOSS"],"items_purchased_type":["Card","Card","Relic","Card","Card","Relic","Card"],"build_version":"2020-12-22","purchased_purges":2,"victory":false,"max_hp_per_floor":[65,65,65,65,65,65,65,65,65,65,65,65,65,65,65,65,65,65,65,65,65,65,65,65,65,65,65,65,75,75,75,75,75,75,75,75,75,75,75,75,82,82,82,82,82,82,82,82,82,82,82,92,92,92,92,92,92,92],"card_choices":[{"not_picked":["Slimebound:GoopSpray","Slimebound:LeechingTouch"],"picked":"Slimebound:SlimeSpikes","floor":2.0},{"not_picked":["Slimebound:GoopTackle","Slimebound:AcidTongue"],"picked":"Slimebound:RollThrough","floor":4.0},{"not_picked":["Slimebound:Gluttony","Slimebound:SlimeTap"],"picked":"Slimebound:SplitAcid","floor":5.0},{"not_picked":["Slimebound:Dissolve","Slimebound:RollThrough"],"picked":"Slimebound:LeadByExample","floor":6.0},{"not_picked":["Slimebound:HauntingLick","Slimebound:FormOfPuddle"],"picked":"Slimebound:ComboTackle","floor":9.0},{"not_picked":["Slimebound:ProtectTheBoss","Slimebound:FirmFortitude"],"picked":"Slimebound:SplitLeeching","floor":10.0},{"not_picked":["Slimebound:LivingWall","Slimebound:Schlurp"],"picked":"Slimebound:ComboTackle","floor":12.0},{"not_picked":["Slimebound:SplitMire","Slimebound:LeechEnergy"],"picked":"Slimebound:SplitSpecialist","floor":13.0},{"not_picked":["Slimebound:AcidTongue","Slimebound:Dissolve"],"picked":"Slimebound:BestDefense","floor":14.0},{"not_picked":["Slimebound:ItLooksTasty","Slimebound:PressTheAttack"],"picked":"Slimebound:MassRepurpose","floor":15.0},{"not_picked":["Slimebound:MassRepurpose","Slimebound:Overexert"],"picked":"Slimebound:RallyTheTroops","floor":16.0},{"not_picked":["Slimebound:LeechingTouch","Slimebound:Dissolve"],"picked":"Slimebound:SamplingLick","floor":19.0},{"not_picked":["Slimebound:SpikyOuterGoop","Slimebound:RainOfGoop+1"],"picked":"Slimebound:Replication","floor":20.0},{"not_picked":["Slimebound:LevelUp","Slimebound:ItLooksTasty+1"],"picked":"Slimebound:SlimeBarrage+1","floor":21.0},{"not_picked":["Slimebound:GoopTackle+1","Slimebound:ComboTackle","Slimebound:GoopSpray"],"picked":"SKIP","floor":22.0},{"not_picked":["Slimebound:PressTheAttack","Slimebound:ServeAndProtect+1"],"picked":"Slimebound:SplitSpecialist","floor":23.0},{"not_picked":["Slimebound:SlimeTap","Slimebound:ServeAndProtect"],"picked":"Slimebound:SplitLeeching+1","floor":25.0},{"not_picked":["Slimebound:SplitBruiser","Slimebound:GoopTackle"],"picked":"Slimebound:SplitMire+1","floor":26.0},{"not_picked":["Slimebound:SplitBruiser","Slimebound:SplitLeeching","Slimebound:TongueLash+1"],"picked":"SKIP","floor":30.0},{"not_picked":["Slimebound:GrowthPunch","Slimebound:LeechingTouch"],"picked":"Slimebound:MassRepurpose","floor":31.0},{"not_picked":["Slimebound:SlimeSpikes+1","Slimebound:SplitAcid","Slimebound:SamplingLick"],"picked":"SKIP","floor":32.0},{"not_picked":["Slimebound:SlimeSlap","Slimebound:TagTeam"],"picked":"Slimebound:MassRepurpose","floor":33.0},{"not_picked":["Slimebound:RainOfGoop","Slimebound:SplitSpecialist"],"picked":"Slimebound:Gluttony+1","floor":36.0},{"not_picked":["Slimebound:LivingWall+1","Slimebound:LeadByExample+1"],"picked":"Slimebound:SlimeTap","floor":37.0},{"not_picked":["Slimebound:PressTheAttack+1","Slimebound:MegaLick","Slimebound:SamplingLick"],"picked":"SKIP","floor":38.0},{"not_picked":["Slimebound:PressTheAttack","Slimebound:PrepareCrush","Slimebound:RainOfGoop"],"picked":"SKIP","floor":40.0},{"not_picked":["Slimebound:SamplingLick","Slimebound:SplitAcid"],"picked":"Slimebound:Recollect","floor":42.0},{"not_picked":["Slimebound:LeechingTouch","Slimebound:Schlurp"],"picked":"Slimebound:LevelUp+1","floor":44.0},{"not_picked":["Slimebound:TagTeam","Slimebound:HauntingLick","Slimebound:SplitLeeching"],"picked":"SKIP","floor":45.0},{"not_picked":["Slimebound:SplitBruiser+1","Slimebound:ServeAndProtect+1"],"picked":"Slimebound:Nibble","floor":46.0},{"not_picked":["Slimebound:ItLooksTasty+1","Slimebound:Recollect+1","Slimebound:Chomp"],"picked":"SKIP","floor":48.0},{"not_picked":["Slimebound:HauntingLick","Slimebound:GrowthPunch+1","Slimebound:ForwardTackle"],"picked":"SKIP","floor":49},{"not_picked":["Slimebound:GoopSpray","Slimebound:FormOfPuddle+1","Slimebound:HungryTackle"],"picked":"SKIP","floor":52}],"player_experience":657336,"relics_obtained":[{"floor":7.0,"key":"Thread and Needle"},{"floor":10.0,"key":"Pantograph"},{"floor":13.0,"key":"hexamod:BolsterEngine"},{"floor":21.0,"key":"White Beast Statue"},{"floor":23.0,"key":"Juzu Bracelet"},{"floor":24.0,"key":"Bottled Tornado"},{"floor":25.0,"key":"Dead Branch"},{"floor":27.0,"key":"Boot"},{"floor":31.0,"key":"Mummified Hand"},{"floor":40.0,"key":"Art of War"},{"floor":40.0,"key":"Slimebound:SlimedTailRelic"},{"floor":41.0,"key":"Strawberry"},{"floor":42.0,"key":"Calipers"},{"floor":46.0,"key":"Eternal Feather"},{"floor":46.0,"key":"CeramicFish"},{"floor":48.0,"key":"Turnip"},{"floor":48.0,"key":"Orichalcum"},{"floor":52,"key":"Shuriken"},{"floor":52,"key":"Pear"}],"event_choices":[{"cards_removed":["Slimebound:Strike_Slimebound"],"damage_healed":0.0,"max_hp_gain":0.0,"max_hp_loss":0.0,"gold_gain":0.0,"event_name":"Bonfire Elementals","player_choice":"Offered Basic","floor":3.0,"gold_loss":0.0,"damage_taken":0.0},{"damage_healed":21.0,"max_hp_gain":0.0,"max_hp_loss":0.0,"gold_gain":0.0,"event_name":"The Library","player_choice":"Heal","floor":28.0,"gold_loss":0.0,"damage_taken":0.0},{"damage_healed":0.0,"max_hp_gain":0.0,"max_hp_loss":0.0,"gold_gain":0.0,"event_name":"Mysterious Sphere","player_choice":"Fight","floor":42.0,"gold_loss":0.0,"damage_taken":0.0}],"is_beta":false,"boss_relics":[{"not_picked":["sneckomod:SneckoTalon","Sozu"],"picked":"Slimebound:AbsorbEndCombatUpgraded"},{"not_picked":["Snecko Eye","SacredBark"],"picked":"Black Star"}],"items_purged_floors":[14,45],"is_endless":false,"potions_floor_spawned":[6,9,10,16,21,22,23,25,26,30,31,32,33,36,37,38,40,42,44,45,46,48,49,52],"killed_by":"downfall:NeowBossFinal","ascension_level":5}}