{"host":"aj7el8l5kufbk20z","time":1611719523,"event":{"mods":["AchievementEnabler","BaseMod","Colored Map","Colored Powertips","Curses Come First","Highlight Path","Minty Spire (QoL Compilation)","Permanent Neow","Poor People Problems","Quick Restart","Rare Cards Sparkle","Relic Stats","StSLib","SuperFastMode","Waifu the Spire"],"gold_per_floor":[364,1349,1349,1368,1395,1435,1435,1472,1472,1513,1525,1546,964,987,987,1094,1094,1127,2036,1561,1577,1145,1176,1198,1230,1257,1282,1305,1305,1328,1380,1380,1480,1552,1580,1604,1622,1350,1371,1416,1440,1483,1554,1554,1615,1659,1111,1135,1135,1135],"floor_reached":51,"language":"ZHS","playtime":3490,"items_purged":["Strike_R","Injury","Strike_R","Strike_R"],"score":1640,"play_id":"6597df55-b959-4024-9f5d-31fcf4102f3f","local_time":"20210127115203","is_ascension_mode":true,"campfire_choices":[{"data":"Rampage","floor":7.0,"key":"SMITH"},{"data":"Berserk","floor":11.0,"key":"SMITH"},{"data":"Juggernaut","floor":15.0,"key":"SMITH"},{"data":"Apotheosis","floor":29.0,"key":"SMITH"},{"data":"Feel No Pain","floor":32.0,"key":"SMITH"},{"data":"Metallicize","floor":44.0,"key":"SMITH"},{"data":"Metallicize","floor":49,"key":"SMITH"}],"circlet_count":0,"master_deck":["AscendersBane","Strike_R+1","Defend_R","Defend_R","Defend_R","Defend_R","Bash+1","Seeing Red","Juggernaut+1","Panache+1","Dark Embrace","Berserk+1","Rampage+1","Iron Wave","Warcry","Cleave","Corruption","Flex","Dramatic Entrance","True Grit","Fire Breathing","Feel No Pain+1","Apotheosis+1","Shockwave","Sentinel+1","Reckless Charge","Limit Break","Body Slam","Flex+1","Metallicize+1","Madness","Madness+1","Intimidate+1","Evolve+1","Metallicize+1","Barricade","Metallicize+1","Combust+1"],"relics":["Burning Blood","MealTicket","CeramicFish","Red Skull","Self Forming Clay","MawBank","Golden Idol","Ginger","Whetstone","Black Star","Bottled Flame","White Beast Statue","Potion Belt","Pen Nib","Mummified Hand","Mercury Hourglass","Tiny House","Kunai","Anchor","Bag of Marbles","Blood Vial","Nunchaku","Singing Bowl","Unceasing Top","War Paint","Juzu Bracelet","PreservedInsect","TungstenRod"],"acts_visited":["Exordium","TheCity","TheBeyond"],"potions_floor_usage":[50,50,50,50],"damage_taken":[{"damage":5.0,"enemies":"2 Louse","floor":1.0,"turns":3.0},{"damage":2.0,"enemies":"Cultist","floor":4.0,"turns":4.0},{"damage":14.0,"enemies":"Jaw Worm","floor":5.0,"turns":5.0},{"damage":106.0,"enemies":"Gremlin Nob","floor":6.0,"turns":6.0},{"damage":70.0,"enemies":"3 Sentries","floor":8.0,"turns":8.0},{"damage":9.0,"enemies":"Red Slaver","floor":10.0,"turns":3.0},{"damage":4.0,"enemies":"2 Fungi Beasts","floor":14.0,"turns":4.0},{"damage":40.0,"enemies":"Hexaghost","floor":16.0,"turns":7.0},{"damage":38.0,"enemies":"2 Thieves","floor":18.0,"turns":3.0},{"damage":8.0,"enemies":"Chosen","floor":21.0,"turns":5.0},{"damage":74.0,"enemies":"Slavers","floor":23.0,"turns":6.0},{"damage":22.0,"enemies":"3 Cultists","floor":24.0,"turns":5.0},{"damage":52.0,"enemies":"Snake Plant","floor":25.0,"turns":5.0},{"damage":20.0,"enemies":"Cultist and Chosen","floor":27.0,"turns":5.0},{"damage":39.0,"enemies":"Shelled Parasite and Fungi","floor":28.0,"turns":4.0},{"damage":36.0,"enemies":"Snecko","floor":30.0,"turns":6.0},{"damage":38.0,"enemies":"Book of Stabbing","floor":31.0,"turns":5.0},{"damage":20.0,"enemies":"Automaton","floor":33.0,"turns":6.0},{"damage":27.0,"enemies":"3 Shapes","floor":35.0,"turns":3.0},{"damage":13.0,"enemies":"3 Darklings","floor":36.0,"turns":4.0},{"damage":80.0,"enemies":"Spire Growth","floor":39.0,"turns":6.0},{"damage":77.0,"enemies":"Reptomancer","floor":40.0,"turns":7.0},{"damage":37.0,"enemies":"Maw","floor":41.0,"turns":6.0},{"damage":8.0,"enemies":"Giant Head","floor":42.0,"turns":6.0},{"damage":74.0,"enemies":"2 Orb Walkers","floor":45.0,"turns":4.0},{"damage":68.0,"enemies":"Reptomancer","floor":46.0,"turns":7.0},{"damage":25,"enemies":"4 Shapes","floor":48,"turns":3},{"damage":18,"enemies":"Donu and Deca","floor":50,"turns":4}],"seed_played":"5747332417639958934","potions_obtained":[{"floor":1.0,"key":"FairyPotion"},{"floor":5.0,"key":"Energy Potion"},{"floor":6.0,"key":"Strength Potion"},{"floor":16.0,"key":"SkillPotion"},{"floor":23.0,"key":"FearPotion"},{"floor":24.0,"key":"SteroidPotion"},{"floor":25.0,"key":"Explosive Potion"},{"floor":28.0,"key":"EssenceOfSteel"},{"floor":31.0,"key":"ColorlessPotion"},{"floor":33.0,"key":"SteroidPotion"},{"floor":35.0,"key":"Fruit Juice"},{"floor":36.0,"key":"Strength Potion"},{"floor":41.0,"key":"Dexterity Potion"},{"floor":48,"key":"Strength Potion"}],"is_trial":false,"path_per_floor":["M","$","?","M","M","E","R","E","T","M","R","?","$","M","R","B",null,"M","?","$","M","$","E","M","M","T","M","M","R","M","E","R","B",null,"M","M","?","$","M","E","M","E","T","R","?","E","$","M","R","B",null],"character_chosen":"IRONCLAD","items_purchased":["MealTicket","CeramicFish","Juggernaut","Panache","Ginger","Whetstone","Bottled Flame","True Grit","Fire Breathing","Feel No Pain","Apotheosis","Kunai","PreservedInsect","TungstenRod","Metallicize"],"campfire_rested":0,"item_purchase_floors":[2,2,2,2,13,13,20,20,20,22,22,38,47,47,47],"current_hp_per_floor":[51,51,51,55,47,75,75,65,65,62,62,62,75,75,75,41,67,35,68,75,73,75,50,34,75,75,62,65,65,70,75,75,61,77,61,81,66,81,85,85,85,83,83,83,87,87,87,68,68,86],"gold":1135,"neow_bonus":"TWO_FIFTY_GOLD","is_daily":false,"chose_seed":false,"campfire_upgraded":7,"win_rate":0.0,"timestamp":1611719523,"path_taken":["M","$","?","M","M","E","R","E","T","?","R","?","$","M","R","BOSS","M","?","$","M","$","E","M","?","T","M","M","R","M","E","R","BOSS","M","M","?","$","M","E","M","E","T","R","?","E","$","M","R","BOSS"],"items_purchased_type":["Relic","Relic","Card","Card","Relic","Relic","Relic","Card","Card","Card","Card","Relic","Relic","Relic","Card"],"build_version":"2020-12-22","purchased_purges":4,"victory":true,"max_hp_per_floor":[75,75,75,75,75,75,75,75,75,75,75,75,75,75,75,75,75,75,75,75,75,75,75,75,75,75,75,75,75,75,75,75,75,80,85,85,85,85,85,85,85,85,85,85,87,87,87,87,87,87],"relic_stats":{"Singing Bowl":2,"counters":[28,140],"Self Forming Clay":[273],"Golden Idol":169,"CeramicFish":279,"Pen Nib":[11],"PreservedInsect":0,"Juzu Bracelet":0,"Ginger":[30],"Whetstone":["Strike_R","Bash"],"War Paint":["Madness","Sentinel"],"MawBank":48,"Burning Blood":105,"Mercury Hourglass":[313],"Blood Vial":4,"Nunchaku":[2],"Mummified Hand":[89],"MealTicket":37,"Black Star":5,"Kunai":[9],"obtain_stats":[{"Tiny House":34,"Singing Bowl":43,"CeramicFish":2,"Juzu Bracelet":46,"Ginger":13,"Whetstone":13,"Burning Blood":0,"Blood Vial":42,"Nunchaku":42,"Mummified Hand":31,"MealTicket":2,"Kunai":38,"Red Skull":6,"Potion Belt":23,"Self Forming Clay":8,"Golden Idol":12,"Pen Nib":26,"PreservedInsect":47,"War Paint":46,"MawBank":9,"White Beast Statue":23,"Mercury Hourglass":31,"Bottled Flame":20,"Anchor":40,"Black Star":17,"Bag of Marbles":40,"Unceasing Top":45,"TungstenRod":47},{"Tiny House":18,"Singing Bowl":24,"CeramicFish":1,"Juzu Bracelet":26,"Ginger":6,"Whetstone":6,"Burning Blood":0,"Blood Vial":24,"Nunchaku":24,"Mummified Hand":17,"MealTicket":1,"Kunai":20,"Red Skull":4,"Potion Belt":11,"Self Forming Clay":5,"Golden Idol":6,"Pen Nib":13,"PreservedInsect":26,"War Paint":26,"MawBank":5,"White Beast Statue":11,"Mercury Hourglass":17,"Bottled Flame":9,"Anchor":22,"Black Star":8,"Bag of Marbles":22,"Unceasing Top":25,"TungstenRod":26},{"Tiny House":90,"Singing Bowl":122,"CeramicFish":3,"Juzu Bracelet":133,"Ginger":29,"Whetstone":29,"Burning Blood":0,"Blood Vial":122,"Nunchaku":122,"Mummified Hand":84,"MealTicket":3,"Kunai":97,"Red Skull":18,"Potion Belt":54,"Self Forming Clay":26,"Golden Idol":29,"Pen Nib":64,"PreservedInsect":133,"War Paint":133,"MawBank":26,"White Beast Statue":54,"Mercury Hourglass":84,"Bottled Flame":43,"Anchor":110,"Black Star":40,"Bag of Marbles":110,"Unceasing Top":126,"TungstenRod":133}],"Unceasing Top":[15],"TungstenRod":7},"card_choices":[{"not_picked":["Iron Wave","Thunderclap"],"picked":"Seeing Red","floor":1.0},{"not_picked":["Havoc","Clothesline"],"picked":"Dark Embrace","floor":4.0},{"not_picked":["Sentinel","Heavy Blade"],"picked":"Berserk","floor":5.0},{"not_picked":["Twin Strike","Clothesline"],"picked":"Rampage","floor":6.0},{"not_picked":["Heavy Blade","Clothesline"],"picked":"Iron Wave","floor":8.0},{"not_picked":["Cleave","Perfected Strike"],"picked":"Warcry","floor":10.0},{"not_picked":["Havoc","Rupture"],"picked":"Cleave","floor":14.0},{"not_picked":["Juggernaut","Berserk"],"picked":"Corruption","floor":16.0},{"not_picked":["Perfected Strike","Heavy Blade"],"picked":"Flex","floor":18.0},{"not_picked":["Wild Strike","True Grit","Pommel Strike"],"picked":"SKIP","floor":21.0},{"not_picked":["Dropkick","Seeing Red","Rampage"],"picked":"SKIP","floor":23.0},{"not_picked":["Armaments+1","Sword Boomerang"],"picked":"Shockwave","floor":24.0},{"not_picked":["Dark Embrace+1","True Grit"],"picked":"Sentinel","floor":25.0},{"not_picked":["Perfected Strike","Power Through","Thunderclap"],"picked":"SKIP","floor":27.0},{"not_picked":["Havoc","Bludgeon","Clash"],"picked":"SKIP","floor":28.0},{"not_picked":["Pommel Strike","Rampage","Twin Strike"],"picked":"SKIP","floor":30.0},{"not_picked":["Sword Boomerang","Carnage"],"picked":"Reckless Charge","floor":31.0},{"not_picked":["Double Tap","Bludgeon"],"picked":"Limit Break","floor":33.0},{"not_picked":["True Grit+1","Rupture"],"picked":"Body Slam","floor":34.0},{"not_picked":["Perfected Strike+1","Pommel Strike"],"picked":"Flex+1","floor":35.0},{"not_picked":["Clash+1","Pommel Strike"],"picked":"Metallicize","floor":36.0},{"not_picked":["Perfected Strike+1","Pommel Strike+1","Havoc"],"picked":"SKIP","floor":39.0},{"not_picked":["Immolate","Havoc"],"picked":"Intimidate+1","floor":40.0},{"not_picked":["Perfected Strike","True Grit+1"],"picked":"Evolve+1","floor":41.0},{"not_picked":["Armaments","Clash+1"],"picked":"Metallicize+1","floor":42.0},{"not_picked":["Body Slam","Battle Trance","Warcry"],"picked":"Singing Bowl","floor":45.0},{"not_picked":["Pommel Strike+1","Battle Trance"],"picked":"Barricade","floor":46.0},{"not_picked":["Rupture","Havoc"],"picked":"Combust+1","floor":48}],"player_experience":403411,"relics_obtained":[{"floor":6.0,"key":"Red Skull"},{"floor":8.0,"key":"Self Forming Clay"},{"floor":9.0,"key":"MawBank"},{"floor":23.0,"key":"White Beast Statue"},{"floor":23.0,"key":"Potion Belt"},{"floor":26.0,"key":"Pen Nib"},{"floor":31.0,"key":"Mummified Hand"},{"floor":31.0,"key":"Mercury Hourglass"},{"floor":40.0,"key":"Anchor"},{"floor":40.0,"key":"Bag of Marbles"},{"floor":42.0,"key":"Blood Vial"},{"floor":42.0,"key":"Nunchaku"},{"floor":43.0,"key":"Singing Bowl"},{"floor":45.0,"key":"Unceasing Top"},{"floor":46.0,"key":"War Paint"},{"floor":46.0,"key":"Juzu Bracelet"}],"event_choices":[{"cards_removed":["Strike_R"],"damage_healed":0.0,"max_hp_gain":0.0,"max_hp_loss":0.0,"gold_gain":0.0,"event_name":"Purifier","player_choice":"Purged","floor":3.0,"gold_loss":0.0,"damage_taken":0.0},{"damage_healed":0.0,"max_hp_gain":0.0,"max_hp_loss":0.0,"gold_gain":0.0,"event_name":"Golden Idol","player_choice":"Take Wound","floor":12.0,"gold_loss":0.0,"damage_taken":0.0,"relics_obtained":["Golden Idol"],"cards_obtained":["Injury"]},{"damage_healed":0.0,"max_hp_gain":0.0,"max_hp_loss":0.0,"gold_gain":900.0,"event_name":"Knowing Skull","player_choice":"CARD GOLD GOLD GOLD GOLD GOLD GOLD GOLD GOLD GOLD GOLD ","floor":19.0,"potions_obtained":[],"gold_loss":0.0,"damage_taken":117.0,"cards_obtained":["Dramatic Entrance"]},{"damage_healed":0.0,"max_hp_gain":0.0,"max_hp_loss":0.0,"gold_gain":0.0,"event_name":"Winding Halls","player_choice":"Embrace Madness","floor":37.0,"gold_loss":0.0,"damage_taken":15.0,"cards_obtained":["Madness","Madness"]},{"damage_healed":0.0,"max_hp_gain":0.0,"max_hp_loss":0.0,"gold_gain":0.0,"event_name":"Mysterious Sphere","player_choice":"Fight","floor":45.0,"gold_loss":0.0,"damage_taken":0.0}],"is_beta":false,"boss_relics":[{"not_picked":["Busted Crown","Sozu"],"picked":"Black Star"},{"not_picked":["Pandora\u0027s Box","Velvet Choker"],"picked":"Tiny House"}],"items_purged_floors":[2,13,20,22],"is_endless":false,"potions_floor_spawned":[1,5,6,16,23,24,25,27,28,30,31,33,35,36,39,40,41,42,45,46,48],"ascension_level":19}}