{"host":"3jpwrwmmgyabjceh","time":1611741287,"event":{"mods":["AchievementEnabler","BaseMod","Colored Map","Colored Powertips","Highlight Path","Minty Spire (QoL Compilation)","Quick Restart","Relic Stats","StSLib","SuperFastMode"],"gold_per_floor":[119,134,134,152,169,169,197,221,221,221,240,303,303,328,328,449,449,474,434,434,29,82,115,115,150,177,202,216,237,237,278,278,407,407,423,444,507,507,507,545,75,98,98,138,153,153,153,194,194,194,194,194,21,56,56],"floor_reached":56,"language":"ENG","playtime":2858,"items_purged":["Strike_P","Strike_P"],"score":1635,"play_id":"e79ed89a-e7c4-4d5e-b901-485008a7ddff","local_time":"20210127125447","is_ascension_mode":true,"campfire_choices":[{"data":"Eruption","floor":6.0,"key":"SMITH"},{"data":"Perseverance","floor":10.0,"key":"SMITH"},{"data":"SashWhip","floor":15.0,"key":"SMITH"},{"data":"Omniscience","floor":24.0,"key":"SMITH"},{"data":"Tantrum","floor":30.0,"key":"SMITH"},{"data":"Scrawl","floor":32.0,"key":"SMITH"},{"floor":49.0,"key":"RECALL"},{"data":"PathToVictory","floor":52.0,"key":"SMITH"}],"circlet_count":0,"master_deck":["Defend_P","Defend_P","Defend_P","Eruption+1","Vigilance+1","Consecrate","Perseverance+1","PathToVictory+1","BattleHymn","BowlingBash","Tantrum+1","SashWhip+1","LikeWater+1","Scrawl+1","ClearTheMind+1","MentalFortress+1","Omniscience+1","FearNoEvil","Adaptation+1","Perseverance","EmptyBody","Brilliance","Protect+1","InnerPeace","Omniscience","TalkToTheHand","Omniscience","PathToVictory+1","LikeWater+1","EmptyMind+1","Dark Shackles","TalkToTheHand+1","FlurryOfBlows","PathToVictory+1"],"relics":["Empty Cage","Damaru","Tiny Chest","Meat on the Bone","Regal Pillow","Golden Idol","Philosopher\u0027s Stone","Frozen Egg 2","Prayer Wheel","Strawberry","Akabeko","InkBottle","Toy Ornithopter","Blue Candle","Snecko Eye","Calipers","Juzu Bracelet","Incense Burner","Gambling Chip","War Paint","Vajra","Strange Spoon","Ornamental Fan"],"acts_visited":["Exordium","TheCity","TheBeyond","TheEnding"],"potions_floor_usage":[55],"damage_taken":[{"damage":3.0,"enemies":"Jaw Worm","floor":1.0,"turns":4.0},{"damage":0.0,"enemies":"2 Louse","floor":2.0,"turns":2.0},{"damage":4.0,"enemies":"Small Slimes","floor":4.0,"turns":5.0},{"damage":10.0,"enemies":"Red Slaver","floor":5.0,"turns":3.0},{"damage":15.0,"enemies":"3 Sentries","floor":7.0,"turns":6.0},{"damage":0.0,"enemies":"Exordium Wildlife","floor":11.0,"turns":3.0},{"damage":31.0,"enemies":"Lagavulin Event","floor":12.0,"turns":7.0},{"damage":1.0,"enemies":"Exordium Thugs","floor":14.0,"turns":4.0},{"damage":1.0,"enemies":"The Guardian","floor":16.0,"turns":8.0},{"damage":16.0,"enemies":"2 Thieves","floor":18.0,"turns":4.0},{"damage":14.0,"enemies":"Gremlin Leader","floor":23.0,"turns":5.0},{"damage":0.0,"enemies":"Slavers","floor":25.0,"turns":5.0},{"damage":1.0,"enemies":"Chosen","floor":27.0,"turns":3.0},{"damage":7.0,"enemies":"Sentry and Sphere","floor":28.0,"turns":4.0},{"damage":3.0,"enemies":"3 Cultists","floor":29.0,"turns":3.0},{"damage":16.0,"enemies":"Gremlin Leader","floor":31.0,"turns":5.0},{"damage":31.0,"enemies":"Collector","floor":33.0,"turns":8.0},{"damage":5.0,"enemies":"3 Darklings","floor":35.0,"turns":3.0},{"damage":17.0,"enemies":"3 Shapes","floor":36.0,"turns":3.0},{"damage":0.0,"enemies":"Mind Bloom Boss Battle","floor":37.0,"turns":1.0},{"damage":14.0,"enemies":"Reptomancer","floor":40.0,"turns":6.0},{"damage":1.0,"enemies":"Sphere and 2 Shapes","floor":42.0,"turns":4.0},{"damage":0.0,"enemies":"Giant Head","floor":44.0,"turns":5.0},{"damage":1.0,"enemies":"Spire Growth","floor":45.0,"turns":4.0},{"damage":0.0,"enemies":"Nemesis","floor":48.0,"turns":3.0},{"damage":34.0,"enemies":"Awakened One","floor":50.0,"turns":13.0},{"damage":0,"enemies":"Shield and Spear","floor":54,"turns":3},{"damage":34,"enemies":"The Heart","floor":55,"turns":9}],"seed_played":"-3945838475496005542","potions_obtained":[{"floor":2.0,"key":"BlessingOfTheForge"},{"floor":4.0,"key":"Weak Potion"},{"floor":12.0,"key":"SkillPotion"},{"floor":18.0,"key":"Energy Potion"},{"floor":28.0,"key":"GamblersBrew"},{"floor":29.0,"key":"Fire Potion"},{"floor":35.0,"key":"FearPotion"},{"floor":44.0,"key":"DistilledChaos"}],"is_trial":false,"path_per_floor":["M","M","?","M","M","R","E","T","T","R","M","?","?","M","R","B",null,"M","?","T","$","T","E","R","E","T","M","M","M","R","E","R","B",null,"M","M","?","T","?","E","$","M","T","E","M","?","?","E","R","B",null,"R","$","E","B",null],"character_chosen":"WATCHER","items_purchased":["MentalFortress+1","Prayer Wheel","Gambling Chip","LikeWater+1","Strange Spoon","FlurryOfBlows"],"campfire_rested":0,"item_purchase_floors":[21,21,41,41,53,53],"current_hp_per_floor":[69,69,62,58,48,48,33,33,33,33,45,26,26,37,37,36,59,43,43,43,43,50,48,48,48,48,47,40,49,49,45,45,31,63,58,41,41,41,41,39,39,38,38,38,49,65,55,55,55,38,58,58,58,58,41],"gold":56,"neow_bonus":"BOSS_RELIC","is_daily":false,"chose_seed":false,"campfire_upgraded":7,"win_rate":0.0,"timestamp":1611741287,"path_taken":["M","M","?","M","M","R","E","?","T","R","M","?","?","M","R","BOSS","M","?","?","$","?","E","R","E","T","M","M","?","R","E","R","BOSS","M","M","?","?","?","E","$","M","T","E","M","?","?","E","R","BOSS","R","$","E","BOSS"],"items_purchased_type":["Card","Relic","Relic","Card","Relic","Card"],"build_version":"2020-12-22","purchased_purges":2,"victory":true,"max_hp_per_floor":[72,72,72,72,72,72,72,72,72,72,72,72,67,67,67,67,67,67,67,67,67,74,74,74,74,74,74,74,74,74,74,74,74,74,74,74,74,74,74,74,74,74,74,74,74,65,65,65,65,65,65,65,65,65,65],"relic_stats":{"Regal Pillow":0,"counters":[28,133],"Golden Idol":204,"Blue Candle":[0],"Juzu Bracelet":1,"War Paint":["PathToVictory","ClearTheMind"],"Strange Spoon":[17],"Ornamental Fan":[32],"Gambling Chip":[32],"Snecko Eye":[125,130,110,123],"Tiny Chest":2,"Prayer Wheel":7,"obtain_stats":[{"Regal Pillow":12,"Calipers":37,"Golden Idol":13,"Blue Candle":31,"Damaru":7,"Vajra":48,"Juzu Bracelet":38,"Incense Burner":40,"Frozen Egg 2":20,"War Paint":44,"Empty Cage":0,"Akabeko":23,"Strange Spoon":53,"Ornamental Fan":54,"Strawberry":22,"Gambling Chip":41,"Snecko Eye":34,"Tiny Chest":8,"Philosopher\u0027s Stone":17,"Prayer Wheel":21,"PureWater":0,"InkBottle":25,"Toy Ornithopter":26,"Meat on the Bone":9},{"Regal Pillow":7,"Calipers":20,"Golden Idol":7,"Blue Candle":16,"Damaru":5,"Vajra":25,"Juzu Bracelet":20,"Incense Burner":21,"Frozen Egg 2":10,"War Paint":23,"Empty Cage":0,"Akabeko":11,"Strange Spoon":26,"Ornamental Fan":27,"Strawberry":10,"Gambling Chip":21,"Snecko Eye":17,"Tiny Chest":5,"Philosopher\u0027s Stone":9,"Prayer Wheel":10,"PureWater":0,"InkBottle":12,"Toy Ornithopter":12,"Meat on the Bone":5},{"Regal Pillow":30,"Calipers":86,"Golden Idol":30,"Blue Candle":71,"Damaru":20,"Vajra":108,"Juzu Bracelet":86,"Incense Burner":92,"Frozen Egg 2":46,"War Paint":101,"Empty Cage":0,"Akabeko":51,"Strange Spoon":121,"Ornamental Fan":124,"Strawberry":46,"Gambling Chip":92,"Snecko Eye":79,"Tiny Chest":20,"Philosopher\u0027s Stone":42,"Prayer Wheel":46,"PureWater":0,"InkBottle":56,"Toy Ornithopter":56,"Meat on the Bone":20}],"InkBottle":[45],"Toy Ornithopter":15,"Meat on the Bone":132},"card_choices":[{"not_picked":["EmptyBody","CarveReality"],"picked":"Consecrate","floor":1.0},{"not_picked":["EmptyFist","Halt"],"picked":"Perseverance","floor":2.0},{"not_picked":["Meditate","JustLucky"],"picked":"PathToVictory","floor":4.0},{"not_picked":["WaveOfTheHand","Halt"],"picked":"BattleHymn","floor":5.0},{"not_picked":["CarveReality","Nirvana"],"picked":"BowlingBash","floor":7.0},{"not_picked":["Meditate","BowlingBash"],"picked":"Tantrum","floor":11.0},{"not_picked":["Fasting2","BattleHymn"],"picked":"SashWhip","floor":12.0},{"not_picked":["Halt","Adaptation"],"picked":"LikeWater","floor":14.0},{"not_picked":["DeusExMachina","Alpha"],"picked":"Scrawl","floor":16.0},{"not_picked":["ForeignInfluence","Swivel"],"picked":"ClearTheMind","floor":18.0},{"not_picked":["EmptyBody","EmptyFist"],"picked":"Omniscience","floor":23.0},{"not_picked":["Pray+1","Indignation","CarveReality"],"picked":"SKIP","floor":25.0},{"not_picked":["Fasting2+1","SashWhip+1"],"picked":"FearNoEvil","floor":27.0},{"not_picked":["Halt","JustLucky+1"],"picked":"Adaptation+1","floor":27.0},{"not_picked":["SashWhip+1","ClearTheMind"],"picked":"Perseverance","floor":28.0},{"not_picked":["EmptyFist","JustLucky"],"picked":"EmptyBody","floor":28.0},{"not_picked":["EmptyFist","Indignation"],"picked":"Brilliance","floor":29.0},{"not_picked":["Fasting2+1","EmptyFist"],"picked":"Protect+1","floor":29.0},{"not_picked":["JustLucky","ReachHeaven"],"picked":"InnerPeace","floor":31.0},{"not_picked":["Wish","Blasphemy"],"picked":"Omniscience","floor":33.0},{"not_picked":["BattleHymn+1","CrushJoints+1"],"picked":"TalkToTheHand","floor":35.0},{"not_picked":["EmptyFist","FlyingSleeves","Evaluate+1"],"picked":"SKIP","floor":35.0},{"not_picked":["Fasting2+1","Consecrate+1"],"picked":"Omniscience","floor":36.0},{"not_picked":["Pray","SandsOfTime"],"picked":"PathToVictory","floor":36.0},{"not_picked":["CarveReality+1","ConjureBlade","Adaptation+1"],"picked":"SKIP","floor":40.0},{"not_picked":["BattleHymn+1","Evaluate","Vengeance"],"picked":"SKIP","floor":42.0},{"not_picked":["Tantrum","ReachHeaven","Meditate+1"],"picked":"SKIP","floor":42.0},{"not_picked":["EmptyBody","EmptyFist+1","Conclude"],"picked":"SKIP","floor":44.0},{"not_picked":["EmptyBody","EmptyFist+1","Conclude"],"picked":"SKIP","floor":44.0},{"not_picked":["EmptyBody+1","EmptyFist"],"picked":"EmptyMind+1","floor":45.0},{"not_picked":["Evaluate","Consecrate+1","JustLucky"],"picked":"SKIP","floor":45.0},{"not_picked":["Deep Breath","Impatience"],"picked":"Dark Shackles","floor":47.0},{"not_picked":["ThirdEye+1","CrushJoints+1"],"picked":"TalkToTheHand+1","floor":48.0},{"not_picked":["Adaptation+1","Crescendo+1"],"picked":"PathToVictory+1","floor":54}],"player_experience":286180,"relics_obtained":[{"floor":7.0,"key":"Damaru"},{"floor":8.0,"key":"Tiny Chest"},{"floor":9.0,"key":"Meat on the Bone"},{"floor":12.0,"key":"Regal Pillow"},{"floor":20.0,"key":"Frozen Egg 2"},{"floor":22.0,"key":"Strawberry"},{"floor":23.0,"key":"Akabeko"},{"floor":25.0,"key":"InkBottle"},{"floor":26.0,"key":"Toy Ornithopter"},{"floor":31.0,"key":"Blue Candle"},{"floor":37.0,"key":"Calipers"},{"floor":38.0,"key":"Juzu Bracelet"},{"floor":40.0,"key":"Incense Burner"},{"floor":44.0,"key":"War Paint"},{"floor":48.0,"key":"Vajra"},{"floor":54,"key":"Ornamental Fan"}],"event_choices":[{"cards_removed":["Strike_P"],"damage_healed":0.0,"max_hp_gain":0.0,"max_hp_loss":0.0,"gold_gain":0.0,"event_name":"Golden Wing","player_choice":"Card Removal","floor":3.0,"gold_loss":0.0,"damage_taken":7.0},{"damage_healed":0.0,"max_hp_gain":0.0,"max_hp_loss":0.0,"gold_gain":0.0,"event_name":"Dead Adventurer","player_choice":"Searched \u00271\u0027 times","floor":12.0,"gold_loss":0.0,"damage_taken":0.0},{"damage_healed":0.0,"max_hp_gain":0.0,"max_hp_loss":5.0,"gold_gain":0.0,"event_name":"Golden Idol","player_choice":"Lose Max HP","floor":13.0,"gold_loss":0.0,"damage_taken":0.0,"relics_obtained":["Golden Idol"]},{"damage_healed":0.0,"max_hp_gain":0.0,"max_hp_loss":0.0,"gold_gain":0.0,"event_name":"Designer","player_choice":"Upgraded Two","floor":19.0,"gold_loss":40.0,"damage_taken":0.0,"cards_upgraded":["LikeWater","Vigilance"]},{"damage_healed":0.0,"max_hp_gain":0.0,"max_hp_loss":0.0,"gold_gain":0.0,"event_name":"MindBloom","player_choice":"Fight","floor":37.0,"gold_loss":0.0,"damage_taken":0.0},{"damage_healed":0.0,"max_hp_gain":0.0,"max_hp_loss":0.0,"gold_gain":0.0,"event_name":"SecretPortal","player_choice":"Ignored","floor":39.0,"gold_loss":0.0,"damage_taken":0.0},{"damage_healed":65.0,"max_hp_gain":0.0,"max_hp_loss":9.0,"gold_gain":0.0,"event_name":"The Moai Head","player_choice":"Heal","floor":46.0,"gold_loss":0.0,"damage_taken":0.0},{"damage_healed":0.0,"max_hp_gain":0.0,"max_hp_loss":0.0,"gold_gain":0.0,"event_name":"SensoryStone","player_choice":"Memory 3","floor":47.0,"gold_loss":0.0,"damage_taken":10.0}],"is_beta":false,"boss_relics":[{"not_picked":["SacredBark","Velvet Choker"],"picked":"Philosopher\u0027s Stone"},{"not_picked":["Runic Dome","VioletLotus"],"picked":"Snecko Eye"}],"items_purged_floors":[21,41],"is_endless":false,"potions_floor_spawned":[2,4,12,18,28,29,35,36,44],"ascension_level":5}}