{"host":"w2kjv12xyhtt0cv2","time":1611765679,"event":{"mods":["Act Like it!","BaseMod","Colored Map","Friendly Minions","Gensokyo","GifTheSpireLib","Highlight Path","Hubris","Kiyohime（清姬）","Marisa（F雨　魔理沙）","Minty Spire (QoL Compilation)","Quick Restart","Reimu（博丽灵梦）","Relic Stats","Replay The Spire","RumiaBox-露米娅的神秘盒子","Shop Mod","Spicy Shops","StSLib","The Cursed","The Servant 0.9.4","UnlockEverythingMod","Waifu the Spire","[功能]功能增强和修复MOD","vexMod","【功能Mod】Neow奖励","【遗物卡牌】REMEMod","没有小屋子和绿帽子啦"],"gold_per_floor":[110,110,110,110,134,134,209,209,209,209,209],"floor_reached":10,"language":"ZHS","playtime":295,"items_purged":[],"score":93,"play_id":"8d89973a-9ada-49f2-a539-cf9a87cde617","local_time":"20210128004119","is_ascension_mode":true,"campfire_choices":[{"data":"Limit Break","floor":8,"key":"SMITH"}],"circlet_count":0,"master_deck":["TheCursedMod:Strike_TheCursed","TheCursedMod:Strike_TheCursed","TheCursedMod:Strike_TheCursed","TheCursedMod:Defend_TheCursed","TheCursedMod:Defend_TheCursed","TheCursedMod:Defend_TheCursed","TheCursedMod:Defend_TheCursed","TheCursedMod:CursedWand","TheCursedMod:CleanUpWorkshop","TheCursedMod:Dregs","Limit Break+1"],"relics":["REME_ComplimentaryCards","Busted Crown","hubris:Icosahedron","Golden Idol"],"acts_visited":["Exordium"],"potions_floor_usage":[6],"damage_taken":[{"damage":7.0,"enemies":"Jaw Worm","floor":1.0,"turns":5.0},{"damage":0.0,"enemies":"2 Louse","floor":5.0,"turns":4.0},{"damage":0,"enemies":"Gremlin Nob","floor":6,"turns":1},{"damage":41,"enemies":"Lagavulin","floor":10,"turns":11}],"seed_played":"2576839352999737073","potions_obtained":[{"floor":1.0,"key":"SmokeBomb"}],"is_trial":false,"path_per_floor":["M","?","?","?","M","E","?","R","T","E"],"character_chosen":"THE_CURSED","items_purchased":[],"campfire_rested":0,"item_purchase_floors":[],"current_hp_per_floor":[61,61,61,61,61,61,50,50,50,9,9],"gold":209,"neow_bonus":"BOSS_RELIC","is_daily":false,"chose_seed":false,"campfire_upgraded":1,"win_rate":0.0,"timestamp":1611765679,"path_taken":["M","?","?","?","M","E","?","R","T","E"],"items_purchased_type":[],"build_version":"2020-12-22","purchased_purges":0,"victory":false,"max_hp_per_floor":[75,75,75,69,69,69,69,69,69,69,69],"relic_stats":{"Busted Crown":4,"counters":[4,20],"Golden Idol":11,"obtain_stats":[{"TheCursedMod:BlackMagic101":0,"Busted Crown":0,"hubris:Icosahedron":2,"Golden Idol":4,"REME_ComplimentaryCards":0},{"TheCursedMod:BlackMagic101":0,"Busted Crown":0,"hubris:Icosahedron":1,"Golden Idol":1,"REME_ComplimentaryCards":0},{"TheCursedMod:BlackMagic101":0,"Busted Crown":0,"hubris:Icosahedron":5,"Golden Idol":5,"REME_ComplimentaryCards":0}]},"card_choices":[{"not_picked":["TheCursedMod:BloodBarrier"],"picked":"SKIP","floor":1.0},{"not_picked":["TheCursedMod:TacticalStrike"],"picked":"SKIP","floor":5.0}],"player_experience":223977,"relics_obtained":[],"event_choices":[{"damage_healed":0.0,"max_hp_gain":0.0,"max_hp_loss":6.0,"gold_gain":0.0,"event_name":"Golden Idol","player_choice":"Lose Max HP","floor":4.0,"gold_loss":0.0,"damage_taken":0.0,"relics_obtained":["Golden Idol"]},{"damage_healed":0,"gold_gain":75,"player_choice":"Gather Gold","damage_taken":11,"max_hp_gain":0,"max_hp_loss":0,"event_name":"World of Goop","floor":7,"gold_loss":0}],"is_beta":false,"boss_relics":[],"items_purged_floors":[],"is_endless":false,"potions_floor_spawned":[1],"killed_by":"Lagavulin","ascension_level":9}}