{"host":"nmjik3bzoelmmajy","time":1611754951,"event":{"mods":["BaseMod","Better Third Choice","Colored Map","DeckTracker","Minty Spire (QoL Compilation)","Quick Restart","Say the Spire","StSLib","SuperFastMode"],"gold_per_floor":[110,36,36,11,26,55,55,74,100,113,143,157,169,189,189,287,287,297,297,311,42,62,62,91,91,116,216,216,246,256,256,256,354,354,371,388,406,89,107,107,135,146,146,146,166,234,82,94,94,94],"floor_reached":51,"language":"KOR","playtime":2099,"items_purged":["Strike_G"],"score":816,"play_id":"cdaa4698-e79e-4aa3-a384-f237e5dc4c6e","local_time":"20210127224231","is_ascension_mode":true,"campfire_choices":[{"data":"Blade Dance","floor":7.0,"key":"SMITH"},{"data":"Calculated Gamble","floor":15.0,"key":"SMITH"},{"data":"Backflip","floor":23.0,"key":"SMITH"},{"data":"Tactician","floor":25,"key":"SMITH"},{"data":"Footwork","floor":32,"key":"SMITH"},{"data":"Well Laid Plans","floor":40,"key":"SMITH"},{"floor":44,"key":"REST"},{"floor":49,"key":"REST"}],"circlet_count":0,"master_deck":["Strike_G","Strike_G","Strike_G","Defend_G","Defend_G","Defend_G","Defend_G","Defend_G","Survivor","Neutralize","Blade Dance+1","Accuracy","Dagger Spray","Accuracy","Crippling Poison","Catalyst","Calculated Gamble+1","Finisher","Tactician+1","Backflip+1","Corpse Explosion","Terror+1","Accuracy+1","Acrobatics+1","Backflip+1","Blade Dance+1","Footwork+1","Cloak And Dagger+1","Backflip+1","Burst+1","Well Laid Plans+1","PiercingWail+1","Apotheosis+1","Parasite","Cloak And Dagger+1","Parasite"],"relics":["Ring of the Snake","NeowsBlessing","Question Card","Pantograph","Omamori","Orichalcum","Calling Bell","Centennial Puzzle","Toxic Egg 2","Dead Branch","Blood Vial","Lantern","Sundial","Tiny Chest","Tingsha","Meat on the Bone","PreservedInsect","SlaversCollar","TheAbacus","InkBottle","Darkstone Periapt","Letter Opener","TwistedFunnel"],"acts_visited":["Exordium","TheCity","TheBeyond"],"potions_floor_usage":[24,27,29,33,41,42,42,50,50],"damage_taken":[{"damage":0.0,"enemies":"Cultist","floor":1.0,"turns":1.0},{"damage":0.0,"enemies":"2 Louse","floor":5.0,"turns":1.0},{"damage":0.0,"enemies":"Lagavulin","floor":6.0,"turns":1.0},{"damage":0.0,"enemies":"Jaw Worm","floor":8.0,"turns":6.0},{"damage":0.0,"enemies":"3 Louse","floor":10.0,"turns":2.0},{"damage":7.0,"enemies":"Gremlin Nob","floor":11.0,"turns":3.0},{"damage":0.0,"enemies":"Large Slime","floor":12.0,"turns":3.0},{"damage":0.0,"enemies":"Lots of Slimes","floor":13.0,"turns":3.0},{"damage":7.0,"enemies":"Looter","floor":14.0,"turns":3.0},{"damage":15.0,"enemies":"Slime Boss","floor":16.0,"turns":5.0},{"damage":2.0,"enemies":"Spheric Guardian","floor":18.0,"turns":3.0},{"damage":12.0,"enemies":"2 Thieves","floor":20.0,"turns":2.0},{"damage":18.0,"enemies":"Shelled Parasite and Fungi","floor":22.0,"turns":5.0},{"damage":13,"enemies":"Gremlin Leader","floor":24,"turns":6},{"damage":10,"enemies":"Colosseum Slavers","floor":27,"turns":2},{"damage":9,"enemies":"Colosseum Nobs","floor":27,"turns":3},{"damage":4,"enemies":"Slavers","floor":29,"turns":3},{"damage":5,"enemies":"Centurion and Healer","floor":30,"turns":3},{"damage":5,"enemies":"Automaton","floor":33,"turns":5},{"damage":0,"enemies":"Orb Walker","floor":35,"turns":1},{"damage":5,"enemies":"3 Shapes","floor":36,"turns":3},{"damage":17,"enemies":"3 Darklings","floor":37,"turns":3},{"damage":7,"enemies":"Writhing Mass","floor":39,"turns":4},{"damage":8,"enemies":"Reptomancer","floor":41,"turns":5},{"damage":14,"enemies":"Jaw Worm Horde","floor":42,"turns":2},{"damage":7,"enemies":"4 Shapes","floor":45,"turns":6},{"damage":14,"enemies":"Writhing Mass","floor":48,"turns":4},{"damage":68,"enemies":"Time Eater","floor":50,"turns":6}],"seed_played":"-1508160754832378670","potions_obtained":[{"floor":5.0,"key":"Strength Potion"},{"floor":8.0,"key":"SpeedPotion"},{"floor":11.0,"key":"DistilledChaos"},{"floor":13.0,"key":"ColorlessPotion"},{"floor":16.0,"key":"Energy Potion"},{"floor":20.0,"key":"EssenceOfSteel"},{"floor":24,"key":"EssenceOfSteel"},{"floor":27,"key":"ColorlessPotion"},{"floor":30,"key":"ColorlessPotion"},{"floor":33,"key":"EntropicBrew"},{"floor":35,"key":"Poison Potion"},{"floor":45,"key":"Poison Potion"}],"is_trial":false,"path_per_floor":["M","$","T","$","M","E","R","M","T","M","E","M","M","M","R","B",null,"M","?","M","$","M","R","E","R","T","?","?","E","M","?","R","B",null,"M","M","M","$","M","R","E","M","T","R","M","T","$","M","R","B",null],"character_chosen":"THE_SILENT","items_purchased":["Accuracy","Dagger Spray","Lantern","Acrobatics+1","Apotheosis+1","TheAbacus","TwistedFunnel"],"campfire_rested":2,"item_purchase_floors":[2,4,21,21,38,38,47],"current_hp_per_floor":[70,70,70,70,70,70,70,70,70,70,63,63,63,56,56,55,70,68,68,58,58,42,42,31,31,31,16,16,26,35,35,35,57,70,70,65,50,50,45,45,39,39,39,60,55,55,55,49,71,20],"gold":94,"neow_bonus":"THREE_ENEMY_KILL","is_daily":false,"chose_seed":false,"campfire_upgraded":6,"win_rate":0.0,"timestamp":1611754951,"path_taken":["M","?","?","$","M","E","R","M","T","M","E","M","?","M","R","BOSS","M","?","M","$","M","R","E","R","T","?","?","E","M","?","R","BOSS","M","M","M","$","M","R","E","M","T","R","M","?","$","M","R","BOSS"],"items_purchased_type":["Card","Card","Relic","Card","Card","Relic","Relic"],"build_version":"2020-12-22","purchased_purges":1,"victory":true,"max_hp_per_floor":[70,70,70,70,70,70,70,70,70,70,70,70,70,70,70,70,70,70,70,70,70,70,70,70,70,70,70,70,70,70,70,70,70,70,70,70,70,70,70,70,70,70,70,70,70,70,70,76,76,76],"card_choices":[{"not_picked":["Backflip","Quick Slash"],"picked":"Blade Dance","floor":1.0},{"not_picked":["Concentrate","Prepared","Dash"],"picked":"Accuracy","floor":5.0},{"not_picked":["Flechettes","Setup","Poisoned Stab"],"picked":"Crippling Poison","floor":6.0},{"not_picked":["Terror","Tactician","Quick Slash"],"picked":"Catalyst","floor":8.0},{"not_picked":["Heel Hook","Dagger Spray","Prepared"],"picked":"Calculated Gamble","floor":10.0},{"not_picked":["Burst","Caltrops","Predator"],"picked":"Finisher","floor":11.0},{"not_picked":["Eviscerate","Prepared","Dagger Spray"],"picked":"Tactician","floor":12.0},{"not_picked":["Underhanded Strike","Sucker Punch","Poisoned Stab"],"picked":"Backflip","floor":13.0},{"not_picked":["Dagger Throw","Dagger Spray","Slice","Underhanded Strike"],"picked":"SKIP","floor":14.0},{"not_picked":["A Thousand Cuts","Bullet Time","Phantasmal Killer"],"picked":"Corpse Explosion","floor":16.0},{"not_picked":["Flying Knee+1","Outmaneuver+1","Blade Dance+1"],"picked":"Terror+1","floor":18.0},{"not_picked":["Predator+1","Cloak And Dagger+1","Quick Slash+1"],"picked":"Accuracy+1","floor":20.0},{"not_picked":["Riddle With Holes","Bane","Grand Finale"],"picked":"Backflip+1","floor":22.0},{"not_picked":["Cloak And Dagger+1","Eviscerate+1","Underhanded Strike"],"picked":"Blade Dance+1","floor":24},{"not_picked":["PiercingWail+1","Prepared+1","Blade Dance+1"],"picked":"Footwork","floor":27},{"not_picked":["Deadly Poison+1","Dash","Prepared+1"],"picked":"Cloak And Dagger+1","floor":29},{"not_picked":["Flying Knee+1","Grand Finale","Poisoned Stab+1","Dagger Spray+1"],"picked":"SKIP","floor":30},{"not_picked":["Tools of the Trade","Die Die Die","Night Terror+1"],"picked":"Burst+1","floor":33},{"not_picked":["Choke+1","Blur+1","Dodge and Roll+1"],"picked":"Well Laid Plans","floor":35},{"not_picked":["All Out Attack","Underhanded Strike+1","Prepared+1"],"picked":"PiercingWail+1","floor":36},{"not_picked":["Dagger Throw+1","Calculated Gamble+1","Outmaneuver+1","Catalyst+1"],"picked":"SKIP","floor":37},{"not_picked":["Slice","Accuracy+1","Sucker Punch+1"],"picked":"Cloak And Dagger+1","floor":39},{"not_picked":["Backflip+1","Endless Agony+1","Predator+1","Die Die Die"],"picked":"SKIP","floor":41},{"not_picked":["Calculated Gamble+1","Heel Hook","Outmaneuver+1","Choke"],"picked":"SKIP","floor":42},{"not_picked":["Quick Slash","Masterful Stab+1","Dagger Throw+1","Underhanded Strike"],"picked":"SKIP","floor":45},{"not_picked":["Sucker Punch","Endless Agony+1","PiercingWail+1","Blade Dance+1"],"picked":"SKIP","floor":48}],"player_experience":498172,"relics_obtained":[{"floor":3.0,"key":"Question Card"},{"floor":6.0,"key":"Pantograph"},{"floor":9.0,"key":"Omamori"},{"floor":11.0,"key":"Orichalcum"},{"floor":17.0,"key":"Centennial Puzzle"},{"floor":17.0,"key":"Toxic Egg 2"},{"floor":17.0,"key":"Dead Branch"},{"floor":24,"key":"Sundial"},{"floor":26,"key":"Tiny Chest"},{"floor":27,"key":"Tingsha"},{"floor":27,"key":"Meat on the Bone"},{"floor":29,"key":"PreservedInsect"},{"floor":41,"key":"InkBottle"},{"floor":43,"key":"Darkstone Periapt"},{"floor":46,"key":"Letter Opener"}],"event_choices":[{"damage_healed":0.0,"max_hp_gain":0.0,"max_hp_loss":0.0,"gold_gain":0.0,"event_name":"The Mausoleum","player_choice":"Opened","floor":19.0,"gold_loss":0.0,"damage_taken":0.0,"relics_obtained":["Blood Vial"],"cards_obtained":["Writhe"]},{"damage_healed":0,"gold_gain":0,"player_choice":"Fight","damage_taken":0,"max_hp_gain":0,"max_hp_loss":0,"event_name":"Colosseum","floor":27,"gold_loss":0},{"damage_healed":0,"gold_gain":0,"player_choice":"Fought Nobs","damage_taken":0,"max_hp_gain":0,"max_hp_loss":0,"event_name":"Colosseum","floor":27,"gold_loss":0},{"cards_removed":["Strike_G"],"damage_healed":0,"gold_gain":0,"player_choice":"Elegance","damage_taken":0,"max_hp_gain":0,"max_hp_loss":0,"event_name":"betterThird:BetterWriting","floor":28,"gold_loss":0},{"damage_healed":0,"gold_gain":0,"player_choice":"1 cards matched","damage_taken":0,"max_hp_gain":0,"max_hp_loss":0,"event_name":"Match and Keep!","floor":31,"gold_loss":0,"cards_obtained":["Backflip"]}],"is_beta":false,"boss_relics":[{"not_picked":["Fusion Hammer","Ectoplasm"],"picked":"Calling Bell"},{"not_picked":["Tiny House","Coffee Dripper"],"picked":"SlaversCollar"}],"items_purged_floors":[21],"is_endless":false,"potions_floor_spawned":[5,8,11,13,16,20,24,27,30,33,35,45],"ascension_level":1}}