{"host":"zk71suw73lg2r165","time":1611718007,"event":{"mods":["BaseMod","Colored Map","Minty Spire (QoL Compilation)","Permanent Neow","Relic Stats","StSLib"],"gold_per_floor":[19,19,34,48,63,95,95,95,95],"floor_reached":8,"language":"ENG","playtime":296,"items_purged":[],"score":116,"play_id":"19ab16ff-7edd-4a42-99d9-a0bdc11f8f32","local_time":"20210126222647","is_ascension_mode":true,"campfire_choices":[{"floor":7,"key":"REST"}],"circlet_count":0,"master_deck":["AscendersBane","Strike_B","Strike_B","Strike_B","Defend_B","Defend_B","Defend_B","Defend_B","Zap","Dualcast","Echo Form","Conserve Battery","FTL","Skim","Compile Driver","Hologram","Capacitor"],"relics":["Cracked Core","Gremlin Horn"],"acts_visited":["Exordium"],"potions_floor_usage":[6,8],"damage_taken":[{"damage":6.0,"enemies":"2 Louse","floor":1.0,"turns":3.0},{"damage":0.0,"enemies":"Jaw Worm","floor":3.0,"turns":4.0},{"damage":7.0,"enemies":"Cultist","floor":4.0,"turns":4.0},{"damage":4,"enemies":"Exordium Wildlife","floor":5,"turns":3},{"damage":30,"enemies":"3 Sentries","floor":6,"turns":9},{"damage":39,"enemies":"Gremlin Nob","floor":8,"turns":4}],"seed_played":"-7966205765429683547","potions_obtained":[{"floor":4.0,"key":"BlessingOfTheForge"},{"floor":5,"key":"Weak Potion"},{"floor":6,"key":"Fruit Juice"}],"is_trial":false,"path_per_floor":["M","?","M","M","M","E","R","E"],"character_chosen":"DEFECT","items_purchased":[],"campfire_rested":1,"item_purchase_floors":[],"current_hp_per_floor":[58,58,58,51,47,22,44,5,5],"gold":95,"neow_bonus":"THREE_RARE_CARDS","is_daily":false,"chose_seed":false,"campfire_upgraded":0,"win_rate":0.0,"timestamp":1611718007,"path_taken":["M","?","M","M","M","E","R","E"],"items_purchased_type":[],"build_version":"2020-12-22","purchased_purges":0,"victory":false,"max_hp_per_floor":[71,71,71,71,71,76,76,76,76],"relic_stats":{"Gremlin Horn":[0,0],"counters":[6,27],"obtain_stats":[{"Gremlin Horn":6,"Cracked Core":0},{"Gremlin Horn":5,"Cracked Core":0},{"Gremlin Horn":23,"Cracked Core":0}]},"card_choices":[{"not_picked":["Seek","Machine Learning"],"picked":"Echo Form","floor":0.0},{"not_picked":["Steam","Blizzard"],"picked":"Conserve Battery","floor":1.0},{"not_picked":["Scrape","Storm"],"picked":"Skim","floor":3.0},{"not_picked":["Sweeping Beam","Static Discharge"],"picked":"Compile Driver","floor":4.0},{"not_picked":["Conserve Battery","Stack"],"picked":"Hologram","floor":5},{"not_picked":["Meteor Strike","Storm"],"picked":"Capacitor","floor":6}],"player_experience":1384263,"relics_obtained":[{"floor":6,"key":"Gremlin Horn"}],"event_choices":[{"damage_healed":0.0,"max_hp_gain":0.0,"max_hp_loss":0.0,"gold_gain":0.0,"cards_transformed":["Strike_B"],"event_name":"Living Wall","player_choice":"Change","floor":2.0,"gold_loss":0.0,"damage_taken":0.0,"cards_obtained":["FTL"]}],"is_beta":false,"boss_relics":[],"items_purged_floors":[],"is_endless":false,"potions_floor_spawned":[4,5,6],"killed_by":"Gremlin Nob","ascension_level":20}}