{"host":"mmro3auxcbu5pwad","time":1611768371,"event":{"mods":["Aspiration","BaseMod","Conspire","Energized Spire","Halation","Hubris","Infinite Spire","Minty Spire (QoL Compilation)","Permanent Neow","Replay The Spire","StSLib"],"gold_per_floor":[112,131,131,149,163,163,192,192,218,218,218,228,228,248,337,439,439,452,452,468,468,468,501,501,512,536,570,570,613,613,42,42,200,200,241,241,241,289,289,289,289,334,334,334,379,440,55,113,113,165],"floor_reached":51,"language":"ENG","playtime":1403,"items_purged":["conspire:GhostlyStrike"],"score":745,"play_id":"8fe7bf81-4cd6-4760-844a-f65fbeb69e3b","local_time":"20210127182611","is_ascension_mode":true,"campfire_choices":[{"data":"Vigilance","floor":6,"key":"SMITH"},{"data":"Replay:DivineShield","floor":8,"key":"SMITH"},{"data":"Swivel","floor":13,"key":"SMITH"},{"data":"EmptyBody","floor":24,"key":"SMITH"},{"data":"FollowUp","floor":30,"key":"SMITH"},{"floor":32,"key":"REST"},{"data":"conspire:GhostlyDefend","floor":32,"key":"SMITH"},{"data":"Adaptation","floor":41,"key":"SMITH"},{"data":"conspire:GhostlyDefend","floor":44,"key":"SMITH"},{"floor":49,"key":"REST"},{"data":"conspire:GhostlyDefend","floor":49,"key":"SMITH"}],"circlet_count":0,"master_deck":["conspire:GhostlyStrike","conspire:GhostlyStrike","conspire:GhostlyStrike","conspire:GhostlyDefend+1","conspire:GhostlyDefend+1","conspire:GhostlyDefend+1","Eruption+1","Vigilance+1","Consecrate","Tantrum+1","SashWhip+1","Replay:DivineShield+1","Swivel+1","FollowUp+1","Consecrate","EmptyBody+1","EmptyBody+1","ReachHeaven+1","Consecrate","Adaptation+1","FollowUp+1"],"relics":["PureWater","infinitespire:FocusingShard","ReplayTheSpireMod:Lightbulb","aspiration:PoetsPen_weak","aspiration:AnachronicSnailShell","Black Star","Gremlin Food","Replay:Purple Gloves","Replay:Mystery Machine","conspire:Flyswatter","Replay:Bandana","ReplayFunnel","Oddly Smooth Stone","infinitespire:Magic Flask","hubris:MysteriousPyramids","hubris:Towel","aspiration:HummingbirdHeart","HandDrill","infinitespire:BottledMercury","MealTicket","Potion Belt"],"acts_visited":["Exordium","TheCity","TheBeyond"],"potions_floor_usage":[7,27,27,35,46,50,50,50],"damage_taken":[{"damage":7,"enemies":"Cultist","floor":1,"turns":3},{"damage":5,"enemies":"2 Louse","floor":2,"turns":2},{"damage":0,"enemies":"Small Slimes","floor":4,"turns":2},{"damage":0,"enemies":"Red Slaver","floor":5,"turns":1},{"damage":0,"enemies":"Gremlin Nob","floor":7,"turns":3},{"damage":8,"enemies":"Exordium Wildlife","floor":12,"turns":2},{"damage":0,"enemies":"Looter","floor":14,"turns":1},{"damage":0,"enemies":"Fading Forest","floor":16,"turns":11},{"damage":0,"enemies":"conspire:FuzzyDice","floor":18,"turns":3},{"damage":0,"enemies":"3 Byrds","floor":20,"turns":2},{"damage":4,"enemies":"Replay:Snechameleon","floor":23,"turns":4},{"damage":9,"enemies":"Centurion and Healer","floor":25,"turns":3},{"damage":3,"enemies":"conspire:SneckoGhost","floor":27,"turns":3},{"damage":0,"enemies":"Cultist and Chosen","floor":29,"turns":2},{"damage":33,"enemies":"hubris:MusketHawk","floor":33,"turns":5},{"damage":1,"enemies":"Orb Walker","floor":35,"turns":3},{"damage":3,"enemies":"3 Shapes","floor":38,"turns":2},{"damage":0,"enemies":"3 Darklings","floor":42,"turns":2},{"damage":0,"enemies":"Spire Growth","floor":45,"turns":2},{"damage":1,"enemies":"Jaw Worm Horde","floor":46,"turns":3},{"damage":31,"enemies":"R_Hoarder","floor":48,"turns":4},{"damage":0,"enemies":"Replay:Hell Engine","floor":50,"turns":3}],"seed_played":"6223747765088007892","potions_obtained":[{"floor":2,"key":"Cursed Concoction"},{"floor":5,"key":"Adrenaline Potion"},{"floor":12,"key":"PowerPotion"},{"floor":16,"key":"BottledMiracle"},{"floor":27,"key":"Languid Potion"},{"floor":29,"key":"BlessingOfTheForge"},{"floor":33,"key":"Adrenaline Potion"},{"floor":45,"key":"Adrenaline Potion"},{"floor":46,"key":"Weak Potion"},{"floor":48,"key":"SteroidPotion"}],"is_trial":false,"path_per_floor":["M","M","?","M","M","R","E","R","T","?","?","M","R","M","R","B",null,"M","?","M","?","AVR","E","R","M","T","E","?","M","R","$","R","B",null,"M","?","?","M","T","?","R","M","T","R","M","M","$","E","R","B",null],"character_chosen":"WATCHER","items_purchased":["Oddly Smooth Stone","infinitespire:Magic Flask","Consecrate","HandDrill","infinitespire:BottledMercury"],"campfire_rested":2,"item_purchase_floors":[31,31,31,47,47],"current_hp_per_floor":[65,60,60,60,60,60,60,60,60,60,65,57,57,57,57,67,72,72,72,72,72,72,68,68,59,59,56,56,56,56,56,72,39,72,71,71,71,68,68,68,68,68,68,68,68,67,67,36,57,57],"gold":165,"neow_bonus":"UPGRADE_CARD","is_daily":false,"chose_seed":false,"campfire_upgraded":9,"win_rate":0.0,"timestamp":1611768371,"path_taken":["M","M","?","M","M","R","E","R","T","?","?","?","R","M","R","BOSS","M","?","?","?","AVR","E","R","M","T","E","?","?","R","$","R","BOSS","M","?","?","?","?","?","R","M","T","R","M","M","$","E","R","BOSS"],"items_purchased_type":["Relic","Relic","Card","Relic","Relic"],"build_version":"2020-12-22","purchased_purges":1,"victory":true,"max_hp_per_floor":[72,72,72,72,72,72,72,72,72,72,72,72,72,72,72,72,72,72,72,72,72,72,72,72,72,72,72,72,72,72,72,72,72,72,72,72,72,72,72,72,72,72,72,72,72,72,72,72,72,72],"card_choices":[{"not_picked":["JustLucky","PathToVictory"],"picked":"Consecrate","floor":1},{"not_picked":["WheelKick","Replay:AtTheReady"],"picked":"Tantrum","floor":2},{"not_picked":["Replay:Battleflow","Worship"],"picked":"SashWhip","floor":4},{"not_picked":["JustLucky","WreathOfFlame"],"picked":"Replay:DivineShield","floor":5},{"not_picked":["FlurryOfBlows","Establishment","MentalFortress"],"picked":"SKIP","floor":7},{"not_picked":["FollowUp","Indignation"],"picked":"Swivel","floor":12},{"not_picked":["Replay:Hum","JustLucky"],"picked":"FollowUp","floor":14},{"not_picked":["FearNoEvil","ClearTheMind"],"picked":"Consecrate","floor":18},{"not_picked":["CutThroughFate","Evaluate"],"picked":"EmptyBody","floor":20},{"not_picked":["DeusExMachina","Halt"],"picked":"EmptyBody+1","floor":23},{"not_picked":["Evaluate+1","FollowUp"],"picked":"ReachHeaven+1","floor":25},{"not_picked":["FlyingSleeves","ThirdEye","JustLucky"],"picked":"SKIP","floor":27},{"not_picked":["ClearTheMind+1","Perseverance","LessonLearned"],"picked":"SKIP","floor":29},{"not_picked":["SandsOfTime","Prostrate","Replay:ManipulateFuture+1"],"picked":"SKIP","floor":35},{"not_picked":["Prostrate","Replay:ManipulateFuture+1"],"picked":"SandsOfTime","floor":35},{"not_picked":["BowlingBash","MentalFortress+1","Collect"],"picked":"SKIP","floor":38},{"not_picked":["Crescendo+1","CutThroughFate"],"picked":"FollowUp+1","floor":42},{"not_picked":["Vengeance","InnerPeace+1","FlurryOfBlows+1"],"picked":"SKIP","floor":45},{"not_picked":["MentalFortress","Replay:ManipulateFuture+1","Replay:Vibes+1"],"picked":"SKIP","floor":46},{"not_picked":["EmptyFist","CrushJoints+1","Sanctity+1"],"picked":"SKIP","floor":48}],"player_experience":57284,"relics_obtained":[{"floor":7,"key":"infinitespire:FocusingShard"},{"floor":9,"key":"ReplayTheSpireMod:Lightbulb"},{"floor":23,"key":"Gremlin Food"},{"floor":23,"key":"Replay:Purple Gloves"},{"floor":26,"key":"Replay:Mystery Machine"},{"floor":27,"key":"conspire:Flyswatter"},{"floor":27,"key":"Replay:Bandana"},{"floor":28,"key":"ReplayFunnel"},{"floor":39,"key":"hubris:MysteriousPyramids"},{"floor":43,"key":"aspiration:HummingbirdHeart"},{"floor":48,"key":"MealTicket"},{"floor":48,"key":"Potion Belt"}],"event_choices":[{"damage_healed":0,"gold_gain":0,"player_choice":"Agree","damage_taken":0,"max_hp_gain":0,"max_hp_loss":0,"event_name":"conspire:LoneGhost","floor":3,"gold_loss":0},{"damage_healed":0,"gold_gain":0,"player_choice":"Grow","damage_taken":0,"max_hp_gain":0,"max_hp_loss":0,"event_name":"Living Wall","floor":10,"gold_loss":0,"cards_upgraded":["SashWhip"]},{"cards_removed":["conspire:GhostlyDefend"],"damage_healed":5,"gold_gain":0,"player_choice":"Offered Special","damage_taken":0,"max_hp_gain":0,"max_hp_loss":0,"event_name":"Bonfire Elementals","floor":11,"gold_loss":0},{"damage_healed":0,"gold_gain":0,"player_choice":"Upgraded","damage_taken":0,"max_hp_gain":0,"max_hp_loss":0,"event_name":"Upgrade Shrine","floor":19,"gold_loss":0,"cards_upgraded":["Tantrum"]},{"damage_healed":0,"gold_gain":0,"player_choice":"Relic","damage_taken":0,"max_hp_gain":0,"max_hp_loss":0,"event_name":"Wheel of Change","floor":28,"gold_loss":0},{"damage_healed":0,"gold_gain":0,"player_choice":"Leave","damage_taken":0,"max_hp_gain":0,"max_hp_loss":0,"event_name":"conspire:Investor","floor":36,"gold_loss":0},{"damage_healed":0,"gold_gain":0,"cards_transformed":["SandsOfTime"],"player_choice":"Transformed","damage_taken":0,"max_hp_gain":0,"max_hp_loss":0,"event_name":"Transmorgrifier","floor":37,"gold_loss":0,"cards_obtained":["Adaptation"]}],"is_beta":false,"boss_relics":[{"not_picked":["hubris:RunicObelisk","hubris:CrackedHourglass"],"picked":"aspiration:PoetsPen_weak"},{"not_picked":["halation:LoveArrow","Replay:Bronze Core","conspire:SlowCooker"]}],"items_purged_floors":[31],"is_endless":false,"potions_floor_spawned":[2,5,12,16,18,27,29,33,45,46,48],"ascension_level":1}}