{"host":"1ekl8hlbnopmdapi","time":1611776034,"event":{"mods":["AchievementEnabler","BaseMod","Colored Map","Colored Powertips","DeckTracker","Googly Eyes","Highlight Path","Minty Spire (QoL Compilation)","Relic Sorter","StSLib","Synergy Search"],"gold_per_floor":[119,138,157,176,192,192,203,203,203,215,6,16,46,58,58,163,163,174,194,211,211,211],"floor_reached":21,"language":"ENG","playtime":701,"items_purged":[],"score":236,"play_id":"780a4e34-aeb2-4a25-b585-2f33864b7681","local_time":"20210127143354","is_ascension_mode":true,"campfire_choices":[{"floor":6,"key":"RECALL"},{"data":"Sucker Punch","floor":8,"key":"SMITH"},{"floor":15,"key":"REST"}],"circlet_count":0,"master_deck":["Strike_G","Strike_G","Strike_G","Strike_G","Strike_G","Defend_G","Defend_G","Defend_G","Defend_G","Defend_G","Survivor","Neutralize","Sucker Punch+1","Flying Knee","Bouncing Flask","Apotheosis","Footwork+1","Backstab","Dagger Spray","A Thousand Cuts+1"],"relics":["Busted Crown","Frozen Egg 2","Du-Vu Doll","Black Star"],"acts_visited":["Exordium","TheCity"],"potions_floor_usage":[10,16,18,20],"damage_taken":[{"damage":2,"enemies":"Cultist","floor":1,"turns":4},{"damage":0,"enemies":"2 Louse","floor":2,"turns":3},{"damage":0,"enemies":"Jaw Worm","floor":3,"turns":3},{"damage":4,"enemies":"Exordium Thugs","floor":4,"turns":6},{"damage":3,"enemies":"Looter","floor":5,"turns":3},{"damage":0,"enemies":"Red Slaver","floor":7,"turns":4},{"damage":8,"enemies":"Exordium Wildlife","floor":10,"turns":4},{"damage":13,"enemies":"Lots of Slimes","floor":12,"turns":5},{"damage":5,"enemies":"Lagavulin","floor":13,"turns":8},{"damage":4,"enemies":"2 Fungi Beasts","floor":14,"turns":3},{"damage":11,"enemies":"Slime Boss","floor":16,"turns":9},{"damage":31,"enemies":"2 Thieves","floor":18,"turns":3},{"damage":9,"enemies":"Shell Parasite","floor":19,"turns":6},{"damage":14,"enemies":"Centurion and Healer","floor":20,"turns":7},{"damage":12,"enemies":"Chosen and Byrds","floor":21,"turns":4}],"seed_played":"3931212633776618386","potions_obtained":[{"floor":3,"key":"BlessingOfTheForge"},{"floor":7,"key":"Fire Potion"},{"floor":10,"key":"Dexterity Potion"},{"floor":13,"key":"DistilledChaos"},{"floor":14,"key":"SkillPotion"}],"is_trial":false,"path_per_floor":["M","M","M","M","M","R","M","R","T","M","$","M","E","M","R","B",null,"M","M","M","M"],"character_chosen":"THE_SILENT","items_purchased":["Apotheosis","Footwork+1"],"campfire_rested":1,"item_purchase_floors":[11,11],"current_hp_per_floor":[68,68,68,64,61,61,61,61,61,53,53,40,35,31,52,41,63,32,23,9,0,0],"gold":211,"neow_bonus":"BOSS_RELIC","is_daily":false,"chose_seed":false,"campfire_upgraded":1,"win_rate":0.0,"timestamp":1611776034,"path_taken":["M","M","M","M","M","R","?","R","T","M","?","M","E","M","R","BOSS","M","M","M","M"],"items_purchased_type":["Card","Card"],"build_version":"2020-12-22","purchased_purges":0,"victory":false,"max_hp_per_floor":[70,70,70,70,70,70,70,70,70,70,70,70,70,70,70,70,70,70,70,70,70,70],"card_choices":[{"not_picked":[],"picked":"Sucker Punch","floor":1},{"not_picked":[],"picked":"Flying Knee","floor":2},{"not_picked":["Dagger Throw"],"picked":"SKIP","floor":3},{"not_picked":["Outmaneuver"],"picked":"SKIP","floor":4},{"not_picked":["Slice"],"picked":"SKIP","floor":5},{"not_picked":["Eviscerate"],"picked":"SKIP","floor":7},{"not_picked":[],"picked":"Bouncing Flask","floor":10},{"not_picked":["Dagger Throw"],"picked":"SKIP","floor":12},{"not_picked":[],"picked":"Backstab","floor":13},{"not_picked":[],"picked":"Dagger Spray","floor":14},{"not_picked":[],"picked":"A Thousand Cuts+1","floor":16},{"not_picked":["Tactician+1"],"picked":"SKIP","floor":18},{"not_picked":["Blade Dance"],"picked":"SKIP","floor":19},{"not_picked":["Deadly Poison"],"picked":"SKIP","floor":20}],"player_experience":504590,"relics_obtained":[{"floor":9,"key":"Frozen Egg 2"},{"floor":13,"key":"Du-Vu Doll"}],"event_choices":[],"is_beta":false,"boss_relics":[{"not_picked":["Runic Pyramid","HoveringKite"],"picked":"Black Star"}],"items_purged_floors":[],"is_endless":false,"potions_floor_spawned":[3,7,10,13,14],"killed_by":"Chosen and Byrds","ascension_level":5}}