{"host":"8d3fefv2347kqkpz","time":1611777644,"event":{"mods":["AchievementEnabler","Act Like it!","Aspiration","BaseMod","Better Vampires","Colored Map","Colored Powertips","Conspire","GifTheSpireLib","Hermit","Highlight Path","Hubris","Marisa£®ÏF”Í°°ƒß¿Ì…≥£©","Mimic Mod","Minty Spire (QoL Compilation)","Quick Restart","Rare Cards Sparkle","Reimu£®≤©¿ˆ¡È√Œ£©","Relic Stats","Remilia£®¿Ÿ√◊¿Ú—«£©","Replay The Spire","Spicy Shops","StSLib","The Cursed","The Jungle","The Servant 0.9.4","Waifu the Spire","Youmu£®ªÍ∆«—˝√Œ£©"],"gold_per_floor":[116,116,116,136,34,34,34,34,34,49,62,91,109,119,119,223,223,237,237,255,274,274,274,274,274],"floor_reached":24,"language":"ZHS","playtime":1394,"items_purged":[],"score":198,"play_id":"2827e03c-6f0f-41d0-b289-40a3eb7f4eee","local_time":"20210128040044","is_ascension_mode":false,"campfire_choices":[{"floor":6.0,"key":"REST"},{"data":"FollowUp","floor":8.0,"key":"SMITH"},{"floor":15.0,"key":"REST"},{"floor":23,"key":"REST"}],"circlet_count":0,"master_deck":["Strike_P","Strike_P","Defend_P","Defend_P","Defend_P","Eruption","Vigilance","Trip","Prostrate","FollowUp+1","Protect","EmptyFist+1","FollowUp","Replay:AtTheReady","Establishment","Judgement","Replay:Vibes+1","Worship"],"relics":["PureWater","hubris:CrystalStatue","Simple Rune","Empty Cage","Bag of Preparation"],"acts_visited":["Exordium","TheCity"],"potions_floor_usage":[],"damage_taken":[{"damage":3.0,"enemies":"Small Slimes","floor":1.0,"turns":3.0},{"damage":1.0,"enemies":"Jaw Worm","floor":4.0,"turns":4.0},{"damage":2.0,"enemies":"conspire:RoseBush","floor":10.0,"turns":2.0},{"damage":2.0,"enemies":"Exordium Thugs","floor":11.0,"turns":5.0},{"damage":5.0,"enemies":"Lagavulin","floor":12.0,"turns":5.0},{"damage":0.0,"enemies":"Red Slaver","floor":13.0,"turns":4.0},{"damage":0.0,"enemies":"3 Louse","floor":14.0,"turns":2.0},{"damage":6.0,"enemies":"Slime Boss","floor":16.0,"turns":12.0},{"damage":2.0,"enemies":"Chosen","floor":18.0,"turns":3.0},{"damage":8,"enemies":"conspire:FuzzyDice","floor":20,"turns":6},{"damage":11,"enemies":"conspire:HollyBat","floor":21,"turns":7},{"damage":65,"enemies":"Book of Stabbing","floor":24,"turns":9}],"seed_played":"-2985717649599777856","potions_obtained":[{"floor":1.0,"key":"Block Potion"},{"floor":10.0,"key":"SkillPotion"},{"floor":12.0,"key":"SkillPotion"},{"floor":18.0,"key":"Block Potion"}],"is_trial":false,"path_per_floor":["M","?","?","M","$","R","?","R","T","M","M","E","M","M","R","B",null,"M","?","M","M","?","R","E"],"character_chosen":"WATCHER","items_purchased":["Protect","ReachHeaven"],"campfire_rested":3,"item_purchase_floors":[5,5],"current_hp_per_floor":[69,44,44,43,43,64,64,64,64,62,60,55,55,55,72,66,72,70,57,49,38,38,61,0,0],"gold":274,"neow_bonus":"RANDOM_COLORLESS","is_daily":false,"chose_seed":false,"campfire_upgraded":1,"win_rate":0.0,"timestamp":1611777644,"path_taken":["M","?","?","M","$","R","?","R","T","M","M","E","M","?","R","BOSS","M","?","M","M","?","R","E"],"items_purchased_type":["Card","Card"],"build_version":"2020-12-22","purchased_purges":0,"victory":false,"max_hp_per_floor":[72,72,72,72,72,72,72,72,72,72,72,72,72,72,72,72,72,72,77,77,77,77,77,77,77],"relic_stats":{"counters":[12,62],"Bag of Preparation":[2],"obtain_stats":[{"hubris:CrystalStatue":2,"Simple Rune":12,"Bag of Preparation":22,"PureWater":0,"Empty Cage":17},{"hubris:CrystalStatue":1,"Simple Rune":5,"Bag of Preparation":11,"PureWater":0,"Empty Cage":8},{"hubris:CrystalStatue":3,"Simple Rune":19,"Bag of Preparation":53,"PureWater":0,"Empty Cage":37}]},"card_choices":[{"not_picked":["Replay:Sssssssssshield","hubris:Insight"],"picked":"Trip","floor":0.0},{"not_picked":["Replay:ManipulateFuture","FlyingSleeves"],"picked":"Prostrate","floor":1.0},{"not_picked":["JustLucky","SpiritShield"],"picked":"FollowUp","floor":4.0},{"not_picked":["FlyingSleeves","Consecrate"],"picked":"FollowUp","floor":10.0},{"not_picked":["FollowUp","Evaluate","WheelKick"],"picked":"SKIP","floor":11.0},{"not_picked":["Indignation","FollowUp"],"picked":"Replay:AtTheReady","floor":12.0},{"not_picked":["WheelKick","Weave","EmptyBody"],"picked":"SKIP","floor":13.0},{"not_picked":["BowlingBash","Crescendo"],"picked":"Establishment","floor":14.0},{"not_picked":["Ragnarok","Alpha"],"picked":"Judgement","floor":16.0},{"not_picked":["EmptyBody+1","Crescendo+1"],"picked":"Replay:Vibes+1","floor":18.0},{"not_picked":["InnerPeace","Nirvana"],"picked":"Worship","floor":20},{"not_picked":["Meditate","Replay:Cycle+1","EmptyBody"],"picked":"SKIP","floor":21}],"player_experience":215525,"relics_obtained":[{"floor":12.0,"key":"Simple Rune"}],"event_choices":[{"damage_healed":0.0,"max_hp_gain":0.0,"max_hp_loss":0.0,"gold_gain":0.0,"event_name":"Scrap Ooze","player_choice":"Success","floor":2.0,"gold_loss":0.0,"damage_taken":25.0,"relics_obtained":["hubris:CrystalStatue"]},{"damage_healed":0.0,"max_hp_gain":5.0,"max_hp_loss":0.0,"gold_gain":0.0,"event_name":"Forgotten Altar","player_choice":"Shed Blood","floor":19.0,"gold_loss":0.0,"damage_taken":18.0},{"damage_healed":0,"gold_gain":0,"player_choice":"Gave Potion","damage_taken":0,"relics_obtained":["Bag of Preparation"],"max_hp_gain":0,"max_hp_loss":0,"event_name":"WeMeetAgain","floor":22,"gold_loss":0}],"is_beta":false,"boss_relics":[{"not_picked":["Busted Crown","RedLine:ReiMu"],"picked":"Empty Cage"}],"items_purged_floors":[],"is_endless":false,"potions_floor_spawned":[1,10,12,13,14,16,18],"killed_by":"Book of Stabbing","ascension_level":0}}