{"host":"cgwysqtmt736mr58","time":1611738637,"event":{"mods":["2.2 Compatiblity","Aspiration","BaseMod","Beaked The Cultist","BetterRewards","Colored Map","Colored Powertips","Downfall","Duelist Mod","GifTheSpireLib","Googly Eyes","Halation","Hermit","Hubris","Infinite Spire","Lobotomy","LobotomyExtend","Marisa????????","Minty Spire (QoL Compilation)","Relic Stats","Replay The Spire","Shade Mod","StSLib","The Bug Knight","The Construct","The Cursed","The Disciple","The Exalted","The Jungle","The Necromancer","The Runesmith","The Servant 0.9.4","The Wild Card","Waifu the Spire","Yuri Mod"],"gold_per_floor":[145,67,67,40,40,59,59,79,79,79,79,104,104,122,122,226,226,239,239,90,90,105,105,121,121,121,137,137,137,166,184,184,280,280,292,292,292,307,323,323,335,335,335],"floor_reached":42,"language":"ENG","playtime":2871,"items_purged":[],"score":437,"play_id":"30569888-b2a2-42c8-b25b-d01c78602146","local_time":"20210127201037","is_ascension_mode":true,"campfire_choices":[{"data":"theDuelist:Yami","floor":7,"key":"SMITH"},{"data":"theDuelist:FairyBox","floor":10,"key":"SMITH"},{"floor":13,"key":"REST"},{"data":"theDuelist:HarpieFeather","floor":15,"key":"SMITH"},{"data":"theDuelist:VoidVanishment","floor":23,"key":"SMITH"},{"floor":25,"key":"REST"},{"floor":28,"key":"REST"},{"floor":32,"key":"REST"},{"floor":40,"key":"REST"}],"circlet_count":0,"master_deck":["theDuelist:CastleWalls","theDuelist:CastleWalls","theDuelist:DarkMagician","theDuelist:MysticalElf","theDuelist:MysticalElf","theDuelist:NeoMagic","theDuelist:NeoMagic","theDuelist:Sparks","theDuelist:Sparks+1","theDuelist:Sparks","theDuelist:StatueAnguishPattern+1","theDuelist:Yami+1","theDuelist:FairyBox+1","theDuelist:GiantTrunade","theDuelist:HarpieFeather+1","theDuelist:VoidVanishment+1","theDuelist:FrontierWiseman+1","theDuelist:MagiciansRod","theDuelist:FuryFire","theDuelist:ForbiddenLance","theDuelist:SilentDoom+1","theDuelist:GoblinSecret","theDuelist:ExodiaNecross","theDuelist:WhiteMagicalHat+1","theDuelist:Terraforming+1","theDuelist:RedMedicine+2","Parasite","theDuelist:BlackPendant+1","theDuelist:FluteKuriboh"],"relics":["theDuelist:MillenniumPuzzle","theDuelist:CardPoolRelic","theDuelist:CardPoolBasicRelic","theDuelist:BoosterPackPoolRelic","theDuelist:CardPoolAddRelic","theDuelist:CardPoolMinusRelic","theDuelist:CardPoolSaveRelic","theDuelist:CardPoolOptionsRelic","LetterFromLob","Cables","Tingsha","theDuelist:CursedHealer","Membership Card","Mercury Hourglass","theDuelist:InversionRelic","Sundial","hubris:ScarierMask"],"acts_visited":["Exordium","TheCity","TheBeyond"],"potions_floor_usage":[14,27,33,42,42],"damage_taken":[{"damage":3,"enemies":"Jaw Worm","floor":1,"turns":4},{"damage":1,"enemies":"Cultist","floor":6,"turns":4},{"damage":0,"enemies":"2 Louse","floor":8,"turns":2},{"damage":15,"enemies":"3 Sentries","floor":12,"turns":6},{"damage":9,"enemies":"Exordium Thugs","floor":14,"turns":5},{"damage":25,"enemies":"Slime Boss","floor":16,"turns":8},{"damage":7,"enemies":"3 Byrds","floor":18,"turns":5},{"damage":8,"enemies":"Chosen","floor":22,"turns":8},{"damage":21,"enemies":"Snecko","floor":24,"turns":7},{"damage":22,"enemies":"Snake Plant","floor":27,"turns":5},{"damage":36,"enemies":"Gremlin Leader","floor":30,"turns":9},{"damage":6,"enemies":"3 Cultists","floor":31,"turns":4},{"damage":33,"enemies":"Collector","floor":33,"turns":19},{"damage":9,"enemies":"3 Darklings","floor":35,"turns":5},{"damage":9,"enemies":"3 Shapes","floor":38,"turns":7},{"damage":20,"enemies":"Writhing Mass","floor":39,"turns":12},{"damage":31,"enemies":"Jaw Worm Horde","floor":41,"turns":7},{"damage":64,"enemies":"Giant Head","floor":42,"turns":9}],"seed_played":"-2393183330403019815","potions_obtained":[{"floor":1,"key":"theDuelist:MegaupgradePotion"},{"floor":8,"key":"FearPotion"},{"floor":27,"key":"champ:CounterPotion"},{"floor":30,"key":"theDuelist:BigOrbBottle"},{"floor":31,"key":"SteroidPotion"},{"floor":33,"key":"theDuelist:FlamingBottle"}],"is_trial":false,"path_per_floor":["M","$","?","$","?","M","R","M","T","R","M","E","R","M","R","B",null,"M","?","$","?","M","R","M","R","T","M","R","T","E","M","R","B",null,"M","?","?","M","M","R","M","E"],"character_chosen":"THE_DUELIST","items_purchased":["theDuelist:StatueAnguishPattern","theDuelist:SangaThunder","Membership Card"],"campfire_rested":5,"item_purchase_floors":[2,4,20],"current_hp_per_floor":[77,77,77,77,77,76,76,76,76,76,76,61,80,71,71,46,80,73,80,80,80,72,72,51,75,75,53,77,77,41,35,59,26,80,71,71,71,62,52,76,45,0,0],"gold":335,"neow_bonus":"RANDOM_EVENT","is_daily":false,"chose_seed":false,"campfire_upgraded":4,"win_rate":0.0,"timestamp":1611738637,"path_taken":["M","$","?","?","?","M","R","M","T","R","?","E","R","M","R","BOSS","M","?","$","?","M","R","M","R","T","M","R","?","E","M","R","BOSS","M","?","?","M","?","R","M","E"],"items_purchased_type":["Card","Card","Relic"],"build_version":"2020-12-22","purchased_purges":0,"victory":false,"max_hp_per_floor":[80,80,80,80,80,80,80,80,80,80,80,80,80,80,80,80,80,80,80,80,80,80,80,80,80,80,80,80,80,80,80,80,80,80,80,80,80,80,80,80,80,80,80],"relic_stats":{"counters":[18,124],"Sundial":[6],"Tingsha":[32],"obtain_stats":[{"theDuelist:CursedHealer":19,"Tingsha":12,"theDuelist:MillenniumPuzzle":0,"theDuelist:CardPoolSaveRelic":0,"Cables":9,"Mercury Hourglass":26,"theDuelist:BoosterPackPoolRelic":0,"theDuelist:CardPoolMinusRelic":0,"Sundial":30,"theDuelist:CardPoolBasicRelic":0,"hubris:ScarierMask":34,"theDuelist:CardPoolAddRelic":0,"theDuelist:CardPoolOptionsRelic":0,"LetterFromLob":1,"theDuelist:InversionRelic":29,"Membership Card":20,"theDuelist:CardPoolRelic":0},{"theDuelist:CursedHealer":7,"Tingsha":4,"theDuelist:MillenniumPuzzle":0,"theDuelist:CardPoolSaveRelic":0,"Cables":3,"Mercury Hourglass":9,"theDuelist:BoosterPackPoolRelic":0,"theDuelist:CardPoolMinusRelic":0,"Sundial":11,"theDuelist:CardPoolBasicRelic":0,"hubris:ScarierMask":13,"theDuelist:CardPoolAddRelic":0,"theDuelist:CardPoolOptionsRelic":0,"LetterFromLob":1,"theDuelist:InversionRelic":10,"Membership Card":7,"theDuelist:CardPoolRelic":0},{"theDuelist:CursedHealer":34,"Tingsha":16,"theDuelist:MillenniumPuzzle":0,"theDuelist:CardPoolSaveRelic":0,"Cables":10,"Mercury Hourglass":49,"theDuelist:BoosterPackPoolRelic":0,"theDuelist:CardPoolMinusRelic":0,"Sundial":63,"theDuelist:CardPoolBasicRelic":0,"hubris:ScarierMask":85,"theDuelist:CardPoolAddRelic":0,"theDuelist:CardPoolOptionsRelic":0,"LetterFromLob":4,"theDuelist:InversionRelic":54,"Membership Card":34,"theDuelist:CardPoolRelic":0}],"Cables":[4,3,1,0,0],"Mercury Hourglass":[334]},"card_choices":[{"not_picked":["theDuelist:CosmoBrain","theDuelist:WhiteMagicalHat","theDuelist:BlueDragonSummoner","theDuelist:SpiritHarp","theDuelist:OnslaughtFireKings"],"picked":"SKIP","floor":1},{"not_picked":["theDuelist:WhiteHowling","theDuelist:VoidExpansion","theDuelist:GoblinSecret","theDuelist:BadReaction"],"picked":"theDuelist:Yami","floor":6},{"not_picked":["theDuelist:BlizzardWarrior","theDuelist:DarkMagicianGirl","theDuelist:PowerKaishin","theDuelist:GeminiElf"],"picked":"theDuelist:FairyBox","floor":8},{"not_picked":["theDuelist:MagicalBlast","theDuelist:DiffusionWaveMotion","theDuelist:VoidExpansion","theDuelist:WonderWand"],"picked":"theDuelist:GiantTrunade","floor":12},{"not_picked":["theDuelist:EvilswarmHeliotrope","theDuelist:BlackPendant","theDuelist:DarklordSuperbia","theDuelist:EarthquakeGiant"],"picked":"theDuelist:HarpieFeather","floor":14},{"not_picked":["theDuelist:RainbowDarkDragon","theDuelist:GrandSpellbookTower","theDuelist:DarkPaladin","theDuelist:ThousandEyesRestrict"],"picked":"theDuelist:VoidVanishment","floor":16},{"not_picked":["theDuelist:GilfordLegend","theDuelist:PotDichotomy","theDuelist:PreventRat","theDuelist:BattleOx"],"picked":"theDuelist:FrontierWiseman+1","floor":18},{"not_picked":["theDuelist:StatueAnguishPattern","theDuelist:HarpieFeather","theDuelist:VoidVanishment","theDuelist:PowerKaishin"],"picked":"theDuelist:MagiciansRod","floor":22},{"not_picked":["theDuelist:EvilswarmHeliotrope","theDuelist:LightningDarts","theDuelist:BattleguardKing","theDuelist:LightningRodLord"],"picked":"theDuelist:FuryFire","floor":24},{"not_picked":["theDuelist:BattleguardKing","theDuelist:FuryFire","theDuelist:GilfordLegend","theDuelist:BattleOx+1"],"picked":"theDuelist:ForbiddenLance","floor":27},{"not_picked":["theDuelist:ClearKuriboh","theDuelist:LightningDarts","theDuelist:Wiretap","theDuelist:DestructPotion"],"picked":"theDuelist:SilentDoom+1","floor":30},{"not_picked":["theDuelist:GiantTrunade+1","theDuelist:HarpieFeather","theDuelist:MagiciansRod","theDuelist:SilentDoom"],"picked":"theDuelist:GoblinSecret","floor":31},{"not_picked":["theDuelist:IrisEarthMother+1","theDuelist:RainbowMagician+1","theDuelist:IceQueen","theDuelist:SangaWater"],"picked":"theDuelist:ExodiaNecross","floor":33},{"not_picked":["theDuelist:BlizzardWarrior","theDuelist:DarkMagician","theDuelist:ExodiaRL+1","theDuelist:CosmicHorrorGangiel+1"],"picked":"theDuelist:WhiteMagicalHat+1","floor":35},{"not_picked":["theDuelist:WormWarlord+1","theDuelist:StrayLambs","theDuelist:WormKing","theDuelist:CastleDarkIllusions+1"],"picked":"theDuelist:Terraforming+1","floor":36},{"not_picked":["theDuelist:DestroyerGolem","theDuelist:LabyrinthWall","theDuelist:BigFire+1","theDuelist:Wiretap"],"picked":"theDuelist:RedMedicine+2","floor":38},{"not_picked":["theDuelist:BattleOx","theDuelist:PotDichotomy+1","theDuelist:PreventRat","theDuelist:FrontierWiseman"],"picked":"theDuelist:BlackPendant+1","floor":39},{"not_picked":["theDuelist:LightningDarts+2","theDuelist:OneForOne+1","theDuelist:GiantSoldierSteel+1","theDuelist:RedHeadedOni+1"],"picked":"theDuelist:FluteKuriboh","floor":41}],"player_experience":1066783,"relics_obtained":[{"floor":1,"key":"LetterFromLob"},{"floor":9,"key":"Cables"},{"floor":12,"key":"Tingsha"},{"floor":26,"key":"Mercury Hourglass"},{"floor":29,"key":"theDuelist:InversionRelic"},{"floor":30,"key":"Sundial"}],"event_choices":[{"damage_healed":0,"gold_gain":0,"player_choice":"Leave","duelist":true,"damage_taken":0,"max_hp_gain":0,"max_hp_loss":0,"event_name":"Relic Duplicator","floor":3,"gold_loss":0},{"damage_healed":0,"gold_gain":0,"player_choice":"Forge","damage_taken":0,"max_hp_gain":0,"max_hp_loss":0,"event_name":"Accursed Blacksmith","floor":5,"gold_loss":0,"cards_upgraded":["theDuelist:StatueAnguishPattern"]},{"damage_healed":0,"gold_gain":0,"player_choice":"Succumb - +25HP/Cursed Relic","duelist":true,"damage_taken":0,"max_hp_gain":0,"max_hp_loss":0,"event_name":"Tomb of the Nameless","floor":19,"gold_loss":0},{"damage_healed":0,"gold_gain":0,"player_choice":"Ignored","damage_taken":0,"max_hp_gain":0,"max_hp_loss":0,"event_name":"Ghosts","floor":21,"gold_loss":0},{"damage_healed":0,"gold_gain":0,"player_choice":"Memory 1","damage_taken":0,"max_hp_gain":0,"max_hp_loss":0,"event_name":"SensoryStone","floor":36,"gold_loss":0},{"cards_removed":["theDuelist:SangaThunder"],"damage_healed":0,"gold_gain":0,"player_choice":"Card Removal","damage_taken":0,"max_hp_gain":0,"max_hp_loss":0,"event_name":"Wheel of Change","floor":37,"gold_loss":0}],"is_beta":false,"boss_relics":[{"not_picked":["Honey Jar","aspiration:MarisaSkillbook","Coffee Dripper"]},{"not_picked":["halation:Prosthetics","aspiration:PoetsPen_weak"],"picked":"hubris:ScarierMask"}],"items_purged_floors":[],"is_endless":false,"potions_floor_spawned":[1,8,18,27,30,31,33,38,41],"killed_by":"Giant Head","ascension_level":1}}