{"host":"yecadp3kwkksam5a","time":1611748093,"event":{"mods":["BaseMod","Minty Spire (QoL Compilation)","StSLib"],"gold_per_floor":[16,16,30,42,58,58,92,92,92,117,42,42,56,68,68,171,171,186,186,456,469,58,84,84,119,142,17,17,17,17,52,52,150,150,164,218,440,440,488,519,529,529,581,598,598,623,623,473,473,473,473,473,73,106,106],"floor_reached":56,"language":"KOR","playtime":2522,"items_purged":["Strike_R","Strike_R","True Grit+1","Defend_R"],"score":2089,"play_id":"f6f8963b-0aac-4670-b30e-da7661ef4891","local_time":"20210127204813","is_ascension_mode":true,"campfire_choices":[{"data":"True Grit","floor":6.0,"key":"SMITH"},{"data":"Dark Embrace","floor":8.0,"key":"SMITH"},{"data":"Bash","floor":12.0,"key":"SMITH"},{"data":"Offering","floor":15.0,"key":"SMITH"},{"data":"Double Tap","floor":28.0,"key":"SMITH"},{"data":"Rage","floor":30.0,"key":"SMITH"},{"floor":32.0,"key":"RECALL"},{"floor":42.0,"key":"DIG"},{"floor":45.0,"key":"DIG"},{"floor":49.0,"key":"DIG"},{"floor":52.0,"key":"DIG"}],"circlet_count":0,"master_deck":["AscendersBane","Defend_R+1","Defend_R","Defend_R+1","Bash+1","Thunderclap+1","Dropkick","Dark Embrace+1","Dropkick+1","Offering+1","Dropkick","Second Wind","Double Tap+1","Bloodletting+1","Rage+1","Warcry+1"],"relics":["Burning Blood","Art of War","Gremlin Horn","StoneCalendar","Runic Cube","Strawberry","Bottled Lightning","MutagenicStrength","Happy Flower","Whetstone","Red Mask","Busted Crown","Incense Burner","Shovel","White Beast Statue","War Paint","Lizard Tail","Pocketwatch","Sundial","Mummified Hand","Mango","Bag of Marbles"],"acts_visited":["Exordium","TheCity","TheBeyond","TheEnding"],"potions_floor_usage":[55,55],"damage_taken":[{"damage":12.0,"enemies":"Small Slimes","floor":1.0,"turns":3.0},{"damage":1.0,"enemies":"Cultist","floor":3.0,"turns":4.0},{"damage":1.0,"enemies":"Jaw Worm","floor":4.0,"turns":6.0},{"damage":3.0,"enemies":"2 Fungi Beasts","floor":5.0,"turns":3.0},{"damage":39.0,"enemies":"Gremlin Nob","floor":7.0,"turns":5.0},{"damage":10.0,"enemies":"3 Sentries","floor":10.0,"turns":4.0},{"damage":6.0,"enemies":"3 Louse","floor":13.0,"turns":4.0},{"damage":0.0,"enemies":"Blue Slaver","floor":14.0,"turns":6.0},{"damage":16.0,"enemies":"Hexaghost","floor":16.0,"turns":6.0},{"damage":14.0,"enemies":"2 Thieves","floor":18.0,"turns":2.0},{"damage":13.0,"enemies":"Chosen","floor":21.0,"turns":2.0},{"damage":10.0,"enemies":"Book of Stabbing","floor":23.0,"turns":2.0},{"damage":6.0,"enemies":"Slavers","floor":25.0,"turns":1.0},{"damage":9.0,"enemies":"Masked Bandits","floor":31.0,"turns":1.0},{"damage":9.0,"enemies":"Collector","floor":33.0,"turns":1.0},{"damage":3.0,"enemies":"Orb Walker","floor":35.0,"turns":2.0},{"damage":47.0,"enemies":"2 Orb Walkers","floor":36.0,"turns":6.0},{"damage":9.0,"enemies":"Nemesis","floor":40.0,"turns":1.0},{"damage":6.0,"enemies":"3 Darklings","floor":41.0,"turns":1.0},{"damage":6.0,"enemies":"Spire Growth","floor":44.0,"turns":2.0},{"damage":4.0,"enemies":"Giant Head","floor":46.0,"turns":2.0},{"damage":15.0,"enemies":"Donu and Deca","floor":50.0,"turns":1.0},{"damage":26.0,"enemies":"Shield and Spear","floor":54.0,"turns":2.0},{"damage":6,"enemies":"The Heart","floor":55,"turns":3}],"seed_played":"7469767482391507331","potions_obtained":[{"floor":1.0,"key":"SkillPotion"},{"floor":3.0,"key":"Explosive Potion"},{"floor":7.0,"key":"EntropicBrew"},{"floor":18.0,"key":"Fire Potion"},{"floor":33.0,"key":"PowerPotion"}],"is_trial":false,"path_per_floor":["M","?","M","M","M","R","E","R","T","E","$","R","M","M","R","B",null,"M","?","?","M","$","E","?","E","T","$","R","?","R","?","R","B",null,"M","?","?","?","T","E","M","R","T","M","R","E","?","$","R","B",null,"R","$","E","B",null],"character_chosen":"IRONCLAD","items_purchased":["Double Tap","Strawberry","Mango","EntropicBrew"],"campfire_rested":0,"item_purchase_floors":[22,22,53,53],"current_hp_per_floor":[66,66,71,76,79,79,46,46,46,42,42,42,42,48,48,38,70,62,62,35,28,35,31,31,31,31,31,31,31,31,28,28,25,72,75,34,34,34,34,31,31,31,31,31,31,33,33,33,33,24,68,68,82,62,62],"gold":106,"neow_bonus":"TRANSFORM_TWO_CARDS","is_daily":false,"chose_seed":false,"campfire_upgraded":6,"win_rate":0.0,"timestamp":1611748093,"path_taken":["M","?","M","?","?","R","E","R","T","E","$","R","M","M","R","BOSS","M","?","?","?","$","E","?","E","T","$","R","?","R","?","R","BOSS","M","?","?","?","?","E","M","R","T","M","R","E","?","$","R","BOSS","R","$","E","BOSS"],"items_purchased_type":["Card","Relic","Relic","Potion"],"build_version":"2020-12-22","purchased_purges":4,"victory":true,"max_hp_per_floor":[80,80,80,80,80,80,80,80,80,80,80,80,80,80,80,80,80,80,80,80,80,87,87,87,87,87,87,87,87,87,87,87,87,87,87,87,87,83,83,83,83,83,83,83,83,83,83,83,83,83,83,83,97,97,97],"card_choices":[{"not_picked":["Infernal Blade","Thunderclap"],"picked":"Dropkick","floor":1.0},{"not_picked":["Flex","Pommel Strike","Perfected Strike"],"picked":"SKIP","floor":3.0},{"not_picked":["Inflame","Heavy Blade","Pommel Strike"],"picked":"SKIP","floor":4.0},{"not_picked":["Sword Boomerang","Perfected Strike"],"picked":"True Grit","floor":5.0},{"not_picked":["Heavy Blade","Flex","Armaments"],"picked":"SKIP","floor":7.0},{"not_picked":["Flex","Body Slam","Infernal Blade"],"picked":"SKIP","floor":10.0},{"not_picked":["Twin Strike","Armaments"],"picked":"Dropkick","floor":13.0},{"not_picked":["Warcry","Disarm"],"picked":"Offering","floor":14.0},{"not_picked":["Shrug It Off","Flex","Battle Trance"],"picked":"SKIP","floor":18.0},{"not_picked":["Uppercut","Battle Trance"],"picked":"Second Wind","floor":21.0},{"not_picked":["Cleave+1","Sever Soul"],"picked":"Bloodletting+1","floor":23.0},{"not_picked":["Seeing Red","Flex"],"picked":"Rage","floor":25.0},{"not_picked":["Cleave","Thunderclap"],"picked":"Warcry+1","floor":31.0},{"not_picked":["Perfected Strike"],"picked":"SKIP","floor":35.0},{"not_picked":["Flex"],"picked":"SKIP","floor":40.0},{"not_picked":["Flex"],"picked":"SKIP","floor":40.0},{"not_picked":["Uppercut"],"picked":"SKIP","floor":41.0},{"not_picked":["Seeing Red"],"picked":"SKIP","floor":44.0},{"not_picked":["Armaments"],"picked":"SKIP","floor":46.0},{"not_picked":["Body Slam+1"],"picked":"SKIP","floor":54.0}],"player_experience":480095,"relics_obtained":[{"floor":7.0,"key":"Art of War"},{"floor":9.0,"key":"Gremlin Horn"},{"floor":10.0,"key":"StoneCalendar"},{"floor":23.0,"key":"Bottled Lightning"},{"floor":25.0,"key":"Happy Flower"},{"floor":26.0,"key":"Whetstone"},{"floor":31.0,"key":"Red Mask"},{"floor":36.0,"key":"Incense Burner"},{"floor":40.0,"key":"Shovel"},{"floor":42.0,"key":"White Beast Statue"},{"floor":43.0,"key":"War Paint"},{"floor":45.0,"key":"Lizard Tail"},{"floor":46.0,"key":"Pocketwatch"},{"floor":49.0,"key":"Sundial"},{"floor":52.0,"key":"Mummified Hand"},{"floor":54.0,"key":"Bag of Marbles"}],"event_choices":[{"damage_healed":0.0,"max_hp_gain":0.0,"max_hp_loss":0.0,"gold_gain":0.0,"cards_transformed":["Strike_R"],"event_name":"Transmorgrifier","player_choice":"Transformed","floor":2.0,"gold_loss":0.0,"damage_taken":0.0,"cards_obtained":["Dark Embrace"]},{"damage_healed":0.0,"max_hp_gain":0.0,"max_hp_loss":0.0,"gold_gain":0.0,"event_name":"The Library","player_choice":"Read","floor":19.0,"gold_loss":0.0,"damage_taken":0.0,"cards_obtained":["Dropkick"]},{"damage_healed":0.0,"max_hp_gain":0.0,"max_hp_loss":0.0,"gold_gain":270.0,"event_name":"Knowing Skull","player_choice":"GOLD GOLD GOLD ","floor":20.0,"potions_obtained":[],"gold_loss":0.0,"damage_taken":27.0,"cards_obtained":[]},{"damage_healed":0.0,"max_hp_gain":0.0,"max_hp_loss":0.0,"gold_gain":0.0,"event_name":"Drug Dealer","player_choice":"Inject Mutagens","floor":24.0,"gold_loss":0.0,"damage_taken":0.0,"relics_obtained":["MutagenicStrength"]},{"cards_removed":["Brutality"],"damage_healed":0.0,"max_hp_gain":0.0,"max_hp_loss":0.0,"gold_gain":0.0,"event_name":"Back to Basics","player_choice":"Elegance","floor":29.0,"gold_loss":0.0,"damage_taken":0.0},{"damage_healed":0.0,"max_hp_gain":0.0,"max_hp_loss":0.0,"gold_gain":0.0,"event_name":"Masked Bandits","player_choice":"Fought Bandits","floor":31.0,"gold_loss":0.0,"damage_taken":0.0},{"damage_healed":0.0,"max_hp_gain":0.0,"max_hp_loss":0.0,"gold_gain":0.0,"event_name":"Mysterious Sphere","player_choice":"Fight","floor":36.0,"gold_loss":0.0,"damage_taken":0.0},{"damage_healed":0.0,"max_hp_gain":0.0,"max_hp_loss":0.0,"gold_gain":222.0,"event_name":"Tomb of Lord Red Mask","player_choice":"Wore Mask","floor":37.0,"gold_loss":0.0,"damage_taken":0.0},{"damage_healed":0.0,"max_hp_gain":0.0,"max_hp_loss":4.0,"gold_gain":0.0,"event_name":"Winding Halls","player_choice":"Max HP","floor":38.0,"gold_loss":0.0,"damage_taken":0.0},{"damage_healed":0.0,"max_hp_gain":0.0,"max_hp_loss":0.0,"gold_gain":0.0,"event_name":"The Moai Head","player_choice":"Ignored","floor":47.0,"gold_loss":0.0,"damage_taken":0.0}],"is_beta":false,"boss_relics":[{"not_picked":["Ectoplasm","Black Star"],"picked":"Runic Cube"},{"not_picked":["Calling Bell","Empty Cage"],"picked":"Busted Crown"}],"items_purged_floors":[11,22,27,48],"is_endless":false,"potions_floor_spawned":[1,3,7,18,23,33,36,41,44,46,54],"ascension_level":11}}