{"host":"6jcxerjfmuawfds2","time":1611756323,"event":{"mods":["BaseMod","Colored Map","Infinite Spire","Minty Spire (QoL Compilation)","StSLib","¡¼?Úª?ø«¡½REMEMod"],"gold_per_floor":[211,237,31,42,42,75,87,106,106,121,121,121,135,153,153,251,251,261,19,39,39,56,56,82,92,92,107,206,216,216,236,236,236,236],"floor_reached":33,"language":"KOR","playtime":1344,"items_purged":["Strike_B"],"score":373,"play_id":"f4cc4a0b-08a1-4853-99b5-cec1f344bb7d","local_time":"20210127230523","is_ascension_mode":true,"campfire_choices":[{"data":"Coolheaded","floor":11.0,"key":"SMITH"},{"data":"Hologram","floor":15.0,"key":"SMITH"},{"floor":23,"key":"REST"},{"floor":32,"key":"REST"}],"circlet_count":0,"master_deck":["Strike_B","Strike_B","Strike_B","Defend_B","Defend_B","Defend_B","Defend_B","Zap","Dualcast","Cold Snap","Coolheaded+1","Streamline","Cold Snap","Hologram+1","Chill+1","infinitespire:Punishment","White Noise+1"],"relics":["Cracked Core","REME_ComplimentaryCards","Ancient Tea Set","Anchor","Orichalcum","infinitespire:EmpoweringShard","Black Star","infinitespire:BottledMercury","Toy Ornithopter","infinitespire:ShieldingShard","infinitespire:CheckeredPen","Runic Capacitor"],"acts_visited":["Exordium","TheCity"],"potions_floor_usage":[16,16,18,22,24,29,33],"damage_taken":[{"damage":1.0,"enemies":"Cultist","floor":1.0,"turns":3.0},{"damage":0.0,"enemies":"2 Louse","floor":4.0,"turns":2.0},{"damage":8.0,"enemies":"3 Sentries","floor":6.0,"turns":12.0},{"damage":0.0,"enemies":"Small Slimes","floor":7.0,"turns":2.0},{"damage":4.0,"enemies":"Looter","floor":8.0,"turns":3.0},{"damage":0.0,"enemies":"3 Louse","floor":10.0,"turns":3.0},{"damage":3.0,"enemies":"Gremlin Gang","floor":13.0,"turns":6.0},{"damage":0.0,"enemies":"2 Fungi Beasts","floor":14.0,"turns":2.0},{"damage":43,"enemies":"Hexaghost","floor":16,"turns":13},{"damage":12,"enemies":"3 Byrds","floor":18,"turns":4},{"damage":3,"enemies":"Chosen","floor":20,"turns":7},{"damage":19,"enemies":"Snake Plant","floor":22,"turns":5},{"damage":0,"enemies":"Nightmare","floor":24,"turns":10},{"damage":5,"enemies":"Centurion and Healer","floor":25,"turns":7},{"damage":3,"enemies":"Sentry and Sphere","floor":27,"turns":6},{"damage":18,"enemies":"Cultist and Chosen","floor":29,"turns":7},{"damage":0,"enemies":"Centurion and Healer","floor":31,"turns":5},{"damage":40,"enemies":"Champ","floor":33,"turns":10}],"seed_played":"3671012426447172097","potions_obtained":[{"floor":7.0,"key":"EssenceOfSteel"},{"floor":10.0,"key":"PowerPotion"},{"floor":12.0,"key":"AttackPotion"},{"floor":13.0,"key":"EssenceOfDarkness"},{"floor":16,"key":"AttackPotion"},{"floor":20,"key":"SneckoOil"},{"floor":27,"key":"DistilledChaos"},{"floor":31,"key":"PowerPotion"}],"is_trial":false,"path_per_floor":["M","T","$","M","?","E","M","M","T","M","R","?","M","M","R","B",null,"M","$","M","?","M","R","NM","M","T","M","?","M","AVR","M","R","B"],"character_chosen":"DEFECT","items_purchased":["Anchor","Cold Snap","infinitespire:BottledMercury"],"campfire_rested":2,"item_purchase_floors":[3,3,19],"current_hp_per_floor":[74,74,74,74,67,59,59,55,55,55,55,55,52,52,52,9,59,47,47,44,27,8,30,30,25,25,22,22,9,9,9,31,0,0],"gold":236,"neow_bonus":"HUNDRED_GOLD","is_daily":false,"chose_seed":false,"campfire_upgraded":2,"win_rate":0.0,"timestamp":1611756323,"path_taken":["M","?","$","M","?","E","M","M","T","?","R","?","M","M","R","BOSS","M","$","?","?","M","R","NM","M","T","M","?","M","AVR","M","R","BOSS"],"items_purchased_type":["Relic","Card","Relic"],"build_version":"2020-12-22","purchased_purges":1,"victory":false,"max_hp_per_floor":[75,75,75,75,75,75,75,75,75,75,75,75,75,75,75,75,75,75,75,75,75,75,75,75,75,75,75,75,75,75,75,75,75,75],"card_choices":[{"not_picked":["Stack","Sweeping Beam","Rebound"],"picked":"SKIP","floor":1.0},{"not_picked":["Redo","Self Repair"],"picked":"Coolheaded","floor":4.0},{"not_picked":["Conserve Battery","Gash"],"picked":"Streamline","floor":6.0},{"not_picked":["Core Surge","Sweeping Beam","Undo"],"picked":"SKIP","floor":7.0},{"not_picked":["Glacier","Gash","Steam Power"],"picked":"SKIP","floor":8.0},{"not_picked":["Leap","Genetic Algorithm"],"picked":"Cold Snap","floor":10.0},{"not_picked":["Steam","Sweeping Beam"],"picked":"Hologram","floor":13.0},{"not_picked":["Redo","Go for the Eyes","Steam"],"picked":"SKIP","floor":14.0},{"not_picked":["Capacitor","Beam Cell+1"],"picked":"Chill+1","floor":18},{"not_picked":["REME_Compress","Hello World","Go for the Eyes"],"picked":"SKIP","floor":20},{"not_picked":["infinitespire:FinalStrike","infinitespire:TheBestDefense"],"picked":"infinitespire:Punishment","floor":21},{"not_picked":["Go for the Eyes+1","Cold Snap","Sweeping Beam"],"picked":"SKIP","floor":22},{"not_picked":["REME_DataAnalysis","Storm","Gash"],"picked":"SKIP","floor":24},{"not_picked":["Redo","Leap","Fission"],"picked":"SKIP","floor":25},{"not_picked":["BootSequence","Steam"],"picked":"White Noise+1","floor":27},{"not_picked":["Go for the Eyes+1","BootSequence+1","Coolheaded"],"picked":"SKIP","floor":29},{"not_picked":["Barrage","Compile Driver","Leap"],"picked":"SKIP","floor":31}],"player_experience":258929,"relics_obtained":[{"floor":2.0,"key":"Ancient Tea Set"},{"floor":6.0,"key":"Orichalcum"},{"floor":9.0,"key":"infinitespire:EmpoweringShard"},{"floor":24,"key":"Toy Ornithopter"},{"floor":24,"key":"infinitespire:ShieldingShard"},{"floor":26,"key":"infinitespire:CheckeredPen"}],"event_choices":[{"damage_healed":0.0,"max_hp_gain":0.0,"max_hp_loss":0.0,"gold_gain":0.0,"event_name":"Wheel of Change","player_choice":"Damaged","floor":5.0,"gold_loss":0.0,"damage_taken":7.0},{"damage_healed":0.0,"max_hp_gain":0.0,"max_hp_loss":0.0,"gold_gain":0.0,"event_name":"Lab","player_choice":"Got Potions","floor":12.0,"gold_loss":0.0,"damage_taken":0.0},{"damage_healed":0,"gold_gain":99,"player_choice":"Stole From Cult","damage_taken":0,"max_hp_gain":0,"max_hp_loss":0,"event_name":"Nest","floor":28,"gold_loss":0}],"is_beta":false,"boss_relics":[{"not_picked":["Inserter","Ectoplasm"],"picked":"Black Star"}],"items_purged_floors":[30],"is_endless":true,"potions_floor_spawned":[7,10,13,14,16,20,27,31],"killed_by":"Champ","ascension_level":5}}