{"host":"mi0eibewekhugwl1","time":1611732446,"event":{"mods":["AchievementEnabler","BaseMod","Colored Map","Colored Powertips","DeckTracker","Keyboard Shortcuts","Minty Spire (QoL Compilation)","Quick Restart","Rare Cards Sparkle","Relic Stats","StSLib","SuperFastMode","everything is the same but u backflip on backflip"],"gold_per_floor":[118,118,131,141,157,157,188,203,203,229,82,82,157,172,172,249,249,267,6,6,6,20,20,20,20],"floor_reached":24,"language":"KOR","playtime":424,"items_purged":["Pain","Strike_P"],"score":496,"play_id":"67c2d0da-108d-4c54-be1e-3bcc01a4c961","local_time":"20210127162726","is_ascension_mode":true,"campfire_choices":[{"data":"Eruption","floor":6,"key":"SMITH"},{"floor":12,"key":"REST"},{"data":"WheelKick","floor":15,"key":"SMITH"},{"floor":23,"key":"REST"}],"circlet_count":0,"master_deck":["AscendersBane","Strike_P","Strike_P","Strike_P","Defend_P","Defend_P","Defend_P","Defend_P","Eruption+1","Vigilance","EmptyFist","CutThroughFate","Meditate","Perseverance","Adaptation","WheelKick+1","Scrawl","CrushJoints","Finesse","Evaluate","Decay"],"relics":["PureWater","Bronze Scales","WarpedTongs","InkBottle","MawBank","Runic Pyramid"],"acts_visited":["Exordium","TheCity"],"potions_floor_usage":[10,10,18,22],"damage_taken":[{"damage":0,"enemies":"Jaw Worm","floor":1,"turns":4},{"damage":2,"enemies":"Cultist","floor":3,"turns":2},{"damage":4,"enemies":"Small Slimes","floor":4,"turns":2},{"damage":12,"enemies":"Looter","floor":5,"turns":2},{"damage":32,"enemies":"Gremlin Nob","floor":7,"turns":4},{"damage":1,"enemies":"2 Fungi Beasts","floor":8,"turns":2},{"damage":4,"enemies":"Exordium Thugs","floor":10,"turns":3},{"damage":3,"enemies":"3 Louse","floor":14,"turns":2},{"damage":0,"enemies":"Slime Boss","floor":16,"turns":5},{"damage":14,"enemies":"Spheric Guardian","floor":18,"turns":4},{"damage":27,"enemies":"3 Byrds","floor":22,"turns":3},{"damage":38,"enemies":"Sentry and Sphere","floor":24,"turns":3}],"seed_played":"-823149845830287088","potions_obtained":[{"floor":5,"key":"Energy Potion"},{"floor":7,"key":"GamblersBrew"},{"floor":8,"key":"SkillPotion"},{"floor":14,"key":"Explosive Potion"},{"floor":22,"key":"Explosive Potion"}],"is_trial":false,"path_per_floor":["M","?","M","M","M","R","E","M","T","M","$","R","?","M","R","B",null,"M","$","?","?","M","R","M"],"character_chosen":"WATCHER","items_purchased":["Regen Potion","Finesse","PowerPotion"],"campfire_rested":2,"item_purchase_floors":[11,19,19],"current_hp_per_floor":[61,61,59,55,43,43,11,10,10,6,6,26,15,12,12,12,54,45,45,45,45,18,38,0,0],"gold":20,"neow_bonus":"RANDOM_COMMON_RELIC","is_daily":false,"chose_seed":false,"campfire_upgraded":2,"win_rate":0.0,"timestamp":1611732446,"path_taken":["M","?","M","?","?","R","E","M","T","M","$","R","?","M","R","BOSS","M","$","?","?","M","R","M"],"items_purchased_type":["Potion","Card","Potion"],"build_version":"2020-12-22","purchased_purges":2,"victory":false,"max_hp_per_floor":[68,68,68,68,68,68,68,68,68,68,68,68,68,68,68,68,68,68,68,68,68,68,68,68,68],"relic_stats":{"counters":[12,36],"Bronze Scales":[68],"MawBank":24,"obtain_stats":[{"Bronze Scales":0,"PureWater":0,"MawBank":9,"InkBottle":7,"WarpedTongs":2,"Runic Pyramid":17},{"Bronze Scales":0,"PureWater":0,"MawBank":6,"InkBottle":5,"WarpedTongs":1,"Runic Pyramid":9},{"Bronze Scales":0,"PureWater":0,"MawBank":16,"InkBottle":14,"WarpedTongs":4,"Runic Pyramid":26}],"InkBottle":[6],"WarpedTongs":[32]},"card_choices":[{"not_picked":["PathToVictory","FollowUp"],"picked":"EmptyFist","floor":1},{"not_picked":["FlyingSleeves","SpiritShield"],"picked":"CutThroughFate","floor":3},{"not_picked":["BowlingBash","FlyingSleeves"],"picked":"Meditate","floor":4},{"not_picked":["EmptyBody","BowlingBash"],"picked":"Perseverance","floor":5},{"not_picked":["CrushJoints","ForeignInfluence"],"picked":"Adaptation","floor":7},{"not_picked":["FollowUp","Brilliance"],"picked":"WheelKick","floor":8},{"not_picked":["SignatureMove","EmptyFist","Consecrate"],"picked":"SKIP","floor":10},{"not_picked":["EmptyFist","BowlingBash","SashWhip"],"picked":"SKIP","floor":14},{"not_picked":["SpiritShield","Omniscience"],"picked":"Scrawl","floor":16},{"not_picked":["Evaluate","SashWhip"],"picked":"CrushJoints","floor":18},{"not_picked":["FlyingSleeves","JustLucky","EmptyBody"],"picked":"SKIP","floor":22}],"player_experience":1769013,"relics_obtained":[{"floor":7,"key":"InkBottle"},{"floor":9,"key":"MawBank"}],"event_choices":[{"damage_healed":0,"gold_gain":0,"player_choice":"Rummage","damage_taken":0,"relics_obtained":["WarpedTongs"],"max_hp_gain":0,"max_hp_loss":0,"event_name":"Accursed Blacksmith","floor":2,"gold_loss":0,"cards_obtained":["Pain"]},{"damage_healed":0,"gold_gain":75,"player_choice":"Gather Gold","damage_taken":11,"max_hp_gain":0,"max_hp_loss":0,"event_name":"World of Goop","floor":13,"gold_loss":0},{"damage_healed":0,"gold_gain":0,"player_choice":"Read","damage_taken":0,"max_hp_gain":0,"max_hp_loss":0,"event_name":"The Library","floor":20,"gold_loss":0,"cards_obtained":["Evaluate"]},{"damage_healed":0,"gold_gain":0,"player_choice":"Smashed Altar","damage_taken":0,"max_hp_gain":0,"max_hp_loss":0,"event_name":"Forgotten Altar","floor":21,"gold_loss":0,"cards_obtained":["Decay"]}],"is_beta":false,"boss_relics":[{"not_picked":["Black Star","Runic Dome"],"picked":"Runic Pyramid"}],"items_purged_floors":[11,19],"is_endless":false,"potions_floor_spawned":[5,7,8,14,16,22],"killed_by":"Sentry and Sphere","ascension_level":20}}