{"host":"ytv3ru9tdqpvv9vj","time":1611723397,"event":{"mods":["BaseMod","Minty Spire (QoL Compilation)","Replay The Spire","StSLib"],"gold_per_floor":[119,119,119,66,17,46,46,79,79,98,98,115,146,160,160,260,260,278,278,163,176,186,219,219,251,251,277,35,62,62,97,97,202,202,213,213,114,114,322,322,347,447,521,545,267,287,287,319,319,319],"floor_reached":51,"language":"ENG","playtime":2825,"items_purged":["Strike_R"],"score":1190,"play_id":"aa598e47-16c8-4dd1-9685-73be5f49512e","local_time":"20210127145637","is_ascension_mode":true,"campfire_choices":[{"data":"ReplayTheSpireMod:Muscle Training","floor":7,"key":"SMITH"},{"data":"Infernal Blade","floor":11,"key":"SMITH"},{"data":"Heavy Blade","floor":15,"key":"SMITH"},{"floor":24,"key":"REST"},{"floor":32,"key":"REST"},{"floor":40,"key":"REST"},{"floor":47,"key":"REST"},{"floor":49,"key":"REST"}],"circlet_count":0,"master_deck":["Strike_R","Strike_R+1","Defend_R","Defend_R+1","Defend_R+1","Defend_R","Bash","Sentinel+1","Clash","Flex","ReplayTheSpireMod:Muscle Training+1","Infernal Blade+1","Heavy Blade+1","Anger","Thunderclap","Limit Break","Shockwave","Clash+1","Flex","Iron Wave","Heavy Blade+1","Anger+1","Immolate","Anger+1","ReplayTheSpireMod:Splinters","ReplayTheSpireMod:Splinters"],"relics":["Burning Blood","Vajra","Replay:Ringing Soul","ReplayTheSpireMod:Spearhead","King of Hearts","Shuriken","Black Star","Pocketwatch","Replay:WaspNest","Nunchaku","Simple Rune","Strawberry","War Paint","ReplayTheSpireMod:TigerMarble","Blue Candle","Paper Frog","Champion Belt","Gremlin Horn","ReplayTheSpireMod:Ring of Collecting","Ring of Fury","Pen Nib","Juzu Bracelet","Fusion Hammer","Bag of Preparation","Blood Vial","Ring of Greed","Oddly Smooth Stone","MealTicket","MawBank","Gambling Chip","Replay:Arrowhead","Bag of Marbles"],"acts_visited":["Exordium","TheCity","TheBeyond"],"potions_floor_usage":[10,13,13,16,23,27,31,50,50],"damage_taken":[{"damage":3,"enemies":"2 Louse","floor":1,"turns":3},{"damage":7,"enemies":"Replay:BlueRogue","floor":6,"turns":5},{"damage":22,"enemies":"Gremlin Nob","floor":8,"turns":4},{"damage":1,"enemies":"Small Slimes","floor":10,"turns":3},{"damage":1,"enemies":"Jaw Worm","floor":12,"turns":2},{"damage":20,"enemies":"Lagavulin","floor":13,"turns":4},{"damage":4,"enemies":"Exordium Wildlife","floor":14,"turns":4},{"damage":50,"enemies":"Hexaghost","floor":16,"turns":6},{"damage":4,"enemies":"Chosen","floor":18,"turns":3},{"damage":24,"enemies":"2 Thieves","floor":21,"turns":3},{"damage":22,"enemies":"Snake Plant","floor":22,"turns":3},{"damage":31,"enemies":"Book of Stabbing","floor":23,"turns":5},{"damage":14,"enemies":"Replay:Snechameleon","floor":25,"turns":5},{"damage":18,"enemies":"Book of Stabbing","floor":27,"turns":3},{"damage":13,"enemies":"Gremlin Leader","floor":29,"turns":4},{"damage":17,"enemies":"Book of Stabbing","floor":31,"turns":4},{"damage":14,"enemies":"Pondfish","floor":33,"turns":5},{"damage":20,"enemies":"3 Darklings","floor":35,"turns":3},{"damage":13,"enemies":"R_Hoarder","floor":41,"turns":4},{"damage":3,"enemies":"Orb Walker","floor":44,"turns":2},{"damage":0,"enemies":"Sphere and 2 Shapes","floor":46,"turns":2},{"damage":30,"enemies":"Nemesis","floor":48,"turns":3},{"damage":50,"enemies":"Awakened One","floor":50,"turns":5}],"seed_played":"1096525539501679462","potions_obtained":[{"floor":8,"key":"Languid Potion"},{"floor":10,"key":"BloodPotion"},{"floor":12,"key":"Regen Potion"},{"floor":13,"key":"SteroidPotion"},{"floor":18,"key":"DuplicationPotion"},{"floor":25,"key":"AttackPotion"},{"floor":29,"key":"SpeedPotion"},{"floor":46,"key":"Adrenaline Potion"}],"is_trial":false,"path_per_floor":["M","?","?","$","$","E","R","E","T","M","R","M","E","M","R","B",null,"M","?","$","M","M","E","R","E","T","E","$","E","?","E","R","B",null,"M","?","$","?","?","R","E","?","T","M","$","M","R","E","R","B",null],"character_chosen":"IRONCLAD","items_purchased":["Clash","Flex","Clash+1","Paper Frog","Dexterity Potion","BlessingOfTheForge","Gambling Chip"],"campfire_rested":5,"item_purchase_floors":[4,5,20,28,37,37,45],"current_hp_per_floor":[88,88,63,63,63,65,65,52,52,78,78,83,77,82,82,41,106,109,109,112,97,84,62,98,100,100,88,88,81,84,76,117,109,137,126,126,126,126,129,143,136,136,136,141,143,143,143,122,146,102],"gold":319,"neow_bonus":"TEN_PERCENT_HP_BONUS","is_daily":false,"chose_seed":false,"campfire_upgraded":3,"win_rate":0.0,"timestamp":1611723397,"path_taken":["M","?","?","?","$","E","R","E","T","M","R","?","E","M","R","BOSS","M","?","$","M","?","E","R","E","T","E","$","E","?","E","R","BOSS","M","?","$","?","?","R","E","?","T","M","$","M","R","E","R","BOSS"],"items_purchased_type":["Card","Card","Card","Relic","Potion","Potion","Relic"],"build_version":"2020-12-22","purchased_purges":1,"victory":true,"max_hp_per_floor":[88,88,88,88,88,91,91,94,94,97,97,97,100,103,103,106,106,109,109,112,115,118,121,121,131,131,131,131,131,134,137,137,137,137,140,140,140,140,143,143,143,143,143,143,143,143,143,146,146,146],"card_choices":[{"not_picked":["ReplayTheSpireMod:Strike From Hell","Warcry","Wild Strike"],"picked":"SKIP","floor":1},{"not_picked":["Intimidate","Havoc"],"picked":"ReplayTheSpireMod:Muscle Training","floor":6},{"not_picked":["Shrug It Off","Impervious"],"picked":"Infernal Blade","floor":8},{"not_picked":["ReplayReversal","Burning Pact"],"picked":"Heavy Blade","floor":10},{"not_picked":["ReplayTheSpireMod:Strike From Hell","Defy Death","Havoc"],"picked":"SKIP","floor":12},{"not_picked":["Abandon","Shrug It Off"],"picked":"Anger","floor":13},{"not_picked":["Havoc","Sword Boomerang"],"picked":"Thunderclap","floor":14},{"not_picked":["Eclipse","Corruption"],"picked":"Limit Break","floor":16},{"not_picked":["Warcry","ReplayTheSpireMod:Strike From Hell+1"],"picked":"Shockwave","floor":18},{"not_picked":["Body Slam","Perfected Strike"],"picked":"Flex","floor":21},{"not_picked":["Armaments","Cleave"],"picked":"Iron Wave","floor":22},{"not_picked":["Flex","Juggernaut"],"picked":"Heavy Blade+1","floor":23},{"not_picked":["Sword Boomerang","Perfected Strike"],"picked":"Anger+1","floor":25},{"not_picked":["Sword Boomerang","Feed","ReplayTheSpireMod:Strike From Hell"],"picked":"SKIP","floor":27},{"not_picked":["Whirlwind+1","Pommel Strike","ReplayTheSpireMod:Strike From Hell"],"picked":"SKIP","floor":29},{"not_picked":["Rage+1","Feel No Pain"],"picked":"Immolate","floor":31},{"not_picked":["ReplayTheSpireMod:Muscle Training","Rupture"],"picked":"Anger+1","floor":35},{"not_picked":["ReplayTheSpireMod:Strike From Hell+1","Fiend Fire","Metallicize+1"],"picked":"SKIP","floor":41},{"not_picked":["Power Through","Clothesline","Sword Boomerang+1"],"picked":"SKIP","floor":44},{"not_picked":["Twin Strike+1","Searing Blow","Entrench"],"picked":"SKIP","floor":46},{"not_picked":["Battle Trance","Massacre","Replay:Many Hands"],"picked":"SKIP","floor":48}],"player_experience":47219,"relics_obtained":[{"floor":6,"key":"Replay:Ringing Soul"},{"floor":8,"key":"ReplayTheSpireMod:Spearhead"},{"floor":9,"key":"King of Hearts"},{"floor":13,"key":"Shuriken"},{"floor":23,"key":"Replay:WaspNest"},{"floor":23,"key":"Nunchaku"},{"floor":25,"key":"Simple Rune"},{"floor":25,"key":"Strawberry"},{"floor":26,"key":"War Paint"},{"floor":27,"key":"ReplayTheSpireMod:TigerMarble"},{"floor":27,"key":"Blue Candle"},{"floor":29,"key":"Champion Belt"},{"floor":29,"key":"Gremlin Horn"},{"floor":30,"key":"ReplayTheSpireMod:Ring of Collecting"},{"floor":30,"key":"Ring of Fury"},{"floor":31,"key":"Pen Nib"},{"floor":31,"key":"Juzu Bracelet"},{"floor":41,"key":"Bag of Preparation"},{"floor":41,"key":"Blood Vial"},{"floor":43,"key":"Ring of Greed"},{"floor":43,"key":"Oddly Smooth Stone"},{"floor":43,"key":"MealTicket"},{"floor":43,"key":"MawBank"},{"floor":48,"key":"Replay:Arrowhead"},{"floor":48,"key":"Bag of Marbles"}],"event_choices":[{"damage_healed":0,"gold_gain":0,"cards_transformed":["Strike_R"],"player_choice":"Change","damage_taken":0,"max_hp_gain":0,"max_hp_loss":0,"event_name":"Living Wall","floor":2,"gold_loss":0,"cards_obtained":["Sentinel"]},{"damage_healed":0,"gold_gain":0,"player_choice":"Success","damage_taken":25,"relics_obtained":["Vajra"],"max_hp_gain":0,"max_hp_loss":0,"event_name":"Scrap Ooze","floor":3,"gold_loss":0},{"damage_healed":0,"gold_gain":0,"player_choice":"Opened","damage_taken":0,"relics_obtained":["Pocketwatch"],"max_hp_gain":0,"max_hp_loss":0,"event_name":"The Mausoleum","floor":19,"gold_loss":0},{"cards_removed":["Sickly"],"damage_healed":0,"gold_gain":0,"player_choice":"Removed Curses","damage_taken":0,"max_hp_gain":0,"max_hp_loss":0,"event_name":"Fountain of Cleansing","floor":36,"gold_loss":0},{"cards_removed":["Strike_R"],"damage_healed":0,"gold_gain":0,"player_choice":"Removed Attack","damage_taken":0,"max_hp_gain":0,"max_hp_loss":0,"event_name":"Falling","floor":38,"gold_loss":0},{"damage_healed":0,"gold_gain":100,"player_choice":"Pray","damage_taken":0,"max_hp_gain":0,"max_hp_loss":0,"event_name":"Golden Shrine","floor":42,"gold_loss":0}],"is_beta":false,"boss_relics":[{"not_picked":["Runic Pyramid","Electric Blood"],"picked":"Black Star"},{"not_picked":["Replay:Grab Bag","Mark of Pain"],"picked":"Fusion Hammer"}],"items_purged_floors":[20],"is_endless":false,"potions_floor_spawned":[8,10,12,13,18,25,29,46],"ascension_level":1}}