{"host":"hfxahm4y1ssattqc","time":1611786543,"event":{"mods":["2.2 Compatiblity","Act Like it!","Aspiration","BaseMod","Beaked The Cultist","Better Third Choice","BetterRewards","Colored Map","Colored Powertips","Custom Start","Googly Eyes","Halation","Hallownest","Hermit","Highlight Path","Hubris","Mimic Mod","Minty Spire (QoL Compilation)","Reorder Act Four","Replay The Spire","Shop Mod","Spikes Relics","StSLib","The Bug Knight","The IronCluck","The Jungle","Unknown Chances","slay the spire mod where everything is the same but ironclad has a cowboy hat"],"gold_per_floor":[141,178,178,220,10,88,165,3,27,137,137,196,196,237,237,546,546,652,717,164,238,238,351,441,441,539,608,608,608,700,794,794,1114,1114,1244,1244,1314,1448,1543,1543,1171,1171,1171,1171,1287,1287,1391,1391,1581,1831,1831,983,983,1083,1153],"floor_reached":56,"language":"ENG","playtime":2059,"items_purged":[],"score":1483,"play_id":"81959688-c9e5-43a5-b081-45e923e29a4a","local_time":"20210127142903","is_ascension_mode":false,"campfire_choices":[{"floor":11,"key":"REST"},{"floor":15,"key":"REST"},{"data":"ReplayTheSpireMod:Omega Cannon","floor":25,"key":"SMITH"},{"floor":32,"key":"REST"},{"floor":40,"key":"REST"},{"floor":42,"key":"RECALL"},{"data":"ReplayTheSpireMod:Omega Cannon","floor":53,"key":"SMITH"}],"circlet_count":0,"master_deck":["Strike_B+1","Strike_B+1","Strike_B+1","Strike_B+1","Defend_B+1","Defend_B+1","Defend_B+1","Defend_B+1","Zap","Dualcast","ReplayTheSpireMod:Calculation Training","FIFO Queue","Conserve Battery","Cold Snap+1","Gash","Burn","Creative AI","ReplayTheSpireMod:Omega Cannon+1","Turbo","Cold Snap","Hologram","Conserve Battery","Echo Form+1","ReplayTheSpireMod:Omega Cannon+1","Double Energy+1"],"relics":["Cracked Core","Blue Doll","Replay:Bandana","ClockworkSouvenir","Regal Pillow","Strange Spoon","DataDisk","Lizard Tail","AncientExoskeleton","Replay:Frozen Program","Mirror","Vajra","Dream Catcher","halation:PinkAlligatorPlush","HollowMod:JonisBlessing","Omamori","Bottled Flame","halation:PinkSoulGem","hubris:Teleporter","Iron Hammer","Mercury Hourglass","halation:PeacePiece","MerchantsRug","ReplayTheSpireMod:Lightbulb"],"acts_visited":["Exordium","TheCity","TheBeyond","TheEnding"],"potions_floor_usage":[23,23,33,55,55,55],"damage_taken":[{"damage":0,"enemies":"2 Louse","floor":1,"turns":2},{"damage":1,"enemies":"Cultist","floor":2,"turns":4},{"damage":0,"enemies":"Small Slimes","floor":4,"turns":3},{"damage":19,"enemies":"Gremlin Nob","floor":6,"turns":4},{"damage":11,"enemies":"Gremlin Gang","floor":7,"turns":2},{"damage":23,"enemies":"3 Sentries","floor":10,"turns":6},{"damage":19,"enemies":"Lots of Slimes","floor":12,"turns":3},{"damage":9,"enemies":"Exordium Wildlife","floor":14,"turns":2},{"damage":17,"enemies":"Fading Forest","floor":16,"turns":11},{"damage":0,"enemies":"3 Byrds","floor":18,"turns":3},{"damage":0,"enemies":"Chosen","floor":19,"turns":5},{"damage":0,"enemies":"Snake Plant","floor":21,"turns":5},{"damage":14,"enemies":"Book of Stabbing","floor":23,"turns":6},{"damage":5,"enemies":"Centurion and Healer","floor":24,"turns":6},{"damage":0,"enemies":"Shelled Parasite and Fungi","floor":26,"turns":11},{"damage":0,"enemies":"Shelled Parasite and Fungi","floor":27,"turns":4},{"damage":17,"enemies":"Sentry and Sphere","floor":30,"turns":5},{"damage":6,"enemies":"Cultist and Chosen","floor":31,"turns":5},{"damage":11,"enemies":"Pondfish","floor":33,"turns":12},{"damage":33,"enemies":"3 Darklings","floor":35,"turns":4},{"damage":8,"enemies":"Orb Walker","floor":37,"turns":4},{"damage":20,"enemies":"Jaw Worm Horde","floor":38,"turns":4},{"damage":28,"enemies":"Transient","floor":39,"turns":5},{"damage":0,"enemies":"4 Shapes","floor":45,"turns":2},{"damage":11,"enemies":"Writhing Mass","floor":47,"turns":7},{"damage":21,"enemies":"Mind Bloom Boss Battle","floor":49,"turns":10},{"damage":20,"enemies":"Donu and Deca","floor":50,"turns":13},{"damage":34,"enemies":"Shield and Spear","floor":54,"turns":6},{"damage":41,"enemies":"The Heart","floor":55,"turns":7}],"seed_played":"7173275956133257575","potions_obtained":[{"floor":4,"key":"FocusPotion"},{"floor":6,"key":"Weak Potion"},{"floor":10,"key":"BlessingOfTheForge"},{"floor":16,"key":"Elixir"},{"floor":23,"key":"FearPotion"},{"floor":31,"key":"EssenceOfSteel"},{"floor":33,"key":"SneckoOil"},{"floor":39,"key":"Strength Potion"}],"is_trial":false,"path_per_floor":["M","M","?","M","$","E","M","$","T","E","R","M","?","M","R","B",null,"M","M","$","M","?","E","M","R","MIM","M","?","?","M","M","R","B",null,"M","?","M","M","M","R","$","R","T","?","M","?","M","$","R_BF","B",null,"$","R","E","B",null],"character_chosen":"DEFECT","items_purchased":["ReplayTheSpireMod:Calculation Training","FIFO Queue","Conserve Battery","Blue Doll","Replay:Bandana","Cold Snap+1","ReplayTheSpireMod:Omega Cannon","ClockworkSouvenir","Strange Spoon","Hologram","Replay:Frozen Program","Mirror","Vajra","HollowMod:JonisBlessing","Omamori","DuplicationPotion","Iron Hammer","Mercury Hourglass","halation:PeacePiece","MerchantsRug","CultistPotion"],"campfire_rested":4,"item_purchase_floors":[0,0,0,0,0,0,5,5,8,8,20,20,20,41,41,41,52,52,52,52,52],"current_hp_per_floor":[75,74,74,74,74,55,44,44,44,21,58,39,39,30,67,60,75,75,75,75,75,75,61,56,56,56,56,56,56,39,33,70,59,75,42,42,34,14,34,71,71,71,71,75,75,75,64,64,43,23,75,75,75,41,75],"gold":1153,"neow_bonus":"","is_daily":false,"chose_seed":false,"campfire_upgraded":2,"win_rate":0.0,"timestamp":1611786543,"path_taken":["M","M","?","M","$","E","M","$","T","E","R","M","?","?","R","BOSS","M","M","$","?","?","E","M","R","MIM","?","?","?","M","M","R","BOSS","M","?","M","M","?","R","$","R","T","?","?","?","M","$","R_BF","BOSS","$","R","E","BOSS"],"items_purchased_type":["Card","Card","Card","Relic","Relic","Card","Card","Relic","Relic","Card","Relic","Relic","Relic","Relic","Relic","Potion","Relic","Relic","Relic","Relic","Potion"],"build_version":"2020-12-22","purchased_purges":0,"victory":true,"max_hp_per_floor":[75,75,75,75,75,75,75,75,75,75,75,75,75,75,75,75,75,75,75,75,75,75,75,75,75,75,75,75,75,75,75,75,75,75,75,75,75,75,75,75,75,75,75,75,75,75,75,75,75,75,75,75,75,75,75],"card_choices":[{"not_picked":["Barrage","Steam","Beam Cell"],"picked":"SKIP","floor":1},{"not_picked":["Steam","ReplayTheSpireMod:GoodbyeWorld"],"picked":"Gash","floor":2},{"not_picked":["Turbo","Leap"],"picked":"Creative AI","floor":4},{"not_picked":["ReplayTheSpireMod:Reroute Power","Turbo","Static Discharge"],"picked":"SKIP","floor":6},{"not_picked":["ReplayTheSpireMod:Reroute Power","Static Discharge"],"picked":"Turbo","floor":6},{"not_picked":["Turbo","Consume"],"picked":"Cold Snap","floor":7},{"not_picked":["ReplaySolidLightProjector","Turbo","Gash"],"picked":"SKIP","floor":10},{"not_picked":["Hyperbeam","Coolheaded","Streamline"],"picked":"SKIP","floor":12},{"not_picked":["Static Discharge","Panic Button"],"picked":"Conserve Battery","floor":14},{"not_picked":["Machine Learning","Rainbow"],"picked":"Echo Form","floor":16},{"not_picked":["Redo+1","Beam Cell","Barrage"],"picked":"SKIP","floor":18},{"not_picked":["Barrage","Sweeping Beam","Panic Button+1"],"picked":"SKIP","floor":19},{"not_picked":["Barrage","Undo","Scrape+1"],"picked":"SKIP","floor":21},{"not_picked":["hubris:Ukulele","Rip and Tear+1","Chill"],"picked":"SKIP","floor":23},{"not_picked":["ReplayTheSpireMod:Reroute Power+1","Leap","Steam"],"picked":"SKIP","floor":24},{"not_picked":["Turbo","Scrape","hubris:SpecializedCircuitry"],"picked":"SKIP","floor":27},{"not_picked":["FTL","Reprogram","Barrage"],"picked":"SKIP","floor":30},{"not_picked":["Conserve Battery","FTL+1","Turbo"],"picked":"SKIP","floor":31},{"not_picked":["Mirror Shield","Hyperbeam"],"picked":"ReplayTheSpireMod:Omega Cannon","floor":33},{"not_picked":["Turbo+1","Capacitor+1","Reprogram+1"],"picked":"SKIP","floor":35},{"not_picked":["Steam","Sweeping Beam","Ball Lightning+1"],"picked":"SKIP","floor":37},{"not_picked":["Ball Lightning","Rainbow","ReplayTheSpireMod:Repulse"],"picked":"SKIP","floor":38},{"not_picked":["Rebound","Skim+1","Compile Driver+1"],"picked":"SKIP","floor":39},{"not_picked":["Static Discharge+1","Redo","hubris:PowerSurge"],"picked":"SKIP","floor":45},{"not_picked":["Streamline+1","RefreshScreen+1"],"picked":"Double Energy+1","floor":47},{"not_picked":["Stack+1","Sunder","Go for the Eyes"],"picked":"SKIP","floor":54}],"player_experience":935164,"relics_obtained":[{"floor":6,"key":"Regal Pillow"},{"floor":9,"key":"DataDisk"},{"floor":10,"key":"Lizard Tail"},{"floor":23,"key":"Dream Catcher"},{"floor":43,"key":"Bottled Flame"},{"floor":49,"key":"hubris:Teleporter"},{"floor":54,"key":"ReplayTheSpireMod:Lightbulb"}],"event_choices":[{"damage_healed":74,"gold_gain":0,"player_choice":"Embrace Burn","damage_taken":0,"max_hp_gain":0,"max_hp_loss":75,"event_name":"betterThird:BetterShining","floor":3,"gold_loss":0},{"damage_healed":0,"gold_gain":0,"player_choice":"Bought 0 Potions","damage_taken":0,"max_hp_gain":0,"max_hp_loss":0,"event_name":"The Woman in Blue","floor":13,"gold_loss":0},{"damage_healed":0,"gold_gain":0,"player_choice":"Simplicity","damage_taken":0,"max_hp_gain":0,"max_hp_loss":8,"event_name":"betterThird:BetterWriting","floor":28,"gold_loss":0},{"damage_healed":0,"gold_gain":0,"player_choice":"Ignored","damage_taken":0,"max_hp_gain":0,"max_hp_loss":0,"event_name":"Ghosts","floor":29,"gold_loss":0},{"damage_healed":0,"gold_gain":0,"player_choice":"Forge","damage_taken":0,"max_hp_gain":0,"max_hp_loss":0,"event_name":"Accursed Blacksmith","floor":36,"gold_loss":0,"cards_upgraded":["Echo Form"]},{"damage_healed":0,"gold_gain":0,"player_choice":"Fight","damage_taken":0,"max_hp_gain":0,"max_hp_loss":0,"event_name":"MindBloom","floor":49,"gold_loss":0}],"is_beta":false,"boss_relics":[{"not_picked":["SlaversCollar","Replay:Grab Bag"],"picked":"AncientExoskeleton"},{"not_picked":["Fusion Hammer","Pandora\u0027s Box"],"picked":"halation:PinkAlligatorPlush"}],"items_purged_floors":[],"is_endless":false,"potions_floor_spawned":[4,6,10,16,19,23,31,33,35,39,45,49],"ascension_level":0}}