{"host":"2wp95sdfrgw3k439","time":1611782639,"event":{"mods":["BaseMod","Better Altar","Better Skull","Better Third Choice","Curses Come First","Minty Spire (QoL Compilation)","Permanent Neow","Reliquary","StSLib"],"gold_per_floor":[114,114,126,76,22,22,50,50],"floor_reached":7,"language":"ENG","playtime":311,"items_purged":[],"score":69,"play_id":"3f6ec3c3-4207-413c-b19f-a469888ed010","local_time":"20210127142359","is_ascension_mode":true,"campfire_choices":[{"data":"Heavy Blade","floor":6,"key":"SMITH"}],"circlet_count":0,"master_deck":["Strike_R","Strike_R","Strike_R","Defend_R","Defend_R","Defend_R","Defend_R","Bash","Shockwave","Shrug It Off","Iron Wave","Heavy Blade+1"],"relics":["Burning Blood","Shuriken","Frozen Egg 2"],"acts_visited":["Exordium"],"potions_floor_usage":[],"damage_taken":[{"damage":6,"enemies":"Small Slimes","floor":1,"turns":5},{"damage":2,"enemies":"Cultist","floor":3,"turns":4},{"damage":70,"enemies":"3 Sentries","floor":7,"turns":15}],"seed_played":"1478978679795267597","potions_obtained":[{"floor":3,"key":"ElixirPotion"},{"floor":7,"key":"Dexterity Potion"}],"is_trial":false,"path_per_floor":["M","?","M","?","$","R","E"],"character_chosen":"IRONCLAD","items_purchased":["Heavy Blade"],"campfire_rested":0,"item_purchase_floors":[5],"current_hp_per_floor":[72,72,76,76,76,76,12,12],"gold":50,"neow_bonus":"TRANSFORM_CARD","is_daily":false,"chose_seed":false,"campfire_upgraded":1,"win_rate":0.0,"timestamp":1611782639,"path_taken":["M","?","?","?","?","R","E"],"items_purchased_type":["Card"],"build_version":"2020-12-22","purchased_purges":0,"victory":false,"max_hp_per_floor":[80,80,80,80,80,80,80,80],"card_choices":[{"not_picked":["Headbutt","Clothesline"],"picked":"Shrug It Off","floor":1},{"not_picked":["Fire Breathing","Flex"],"picked":"Iron Wave","floor":3},{"not_picked":["Warcry","Sever Soul","Headbutt"],"picked":"SKIP","floor":7}],"player_experience":483991,"relics_obtained":[{"floor":2,"key":"Shuriken"},{"floor":7,"key":"Frozen Egg 2"}],"event_choices":[{"damage_healed":0,"gold_gain":0,"player_choice":"Relic","damage_taken":0,"max_hp_gain":0,"max_hp_loss":0,"event_name":"Wheel of Change","floor":2,"gold_loss":0},{"cards_removed":["Strike_R"],"damage_healed":0,"gold_gain":0,"player_choice":"Card Removal","damage_taken":0,"max_hp_gain":0,"max_hp_loss":0,"event_name":"The Cleric","floor":4,"gold_loss":50}],"is_beta":false,"boss_relics":[],"items_purged_floors":[],"is_endless":false,"potions_floor_spawned":[3,7],"killed_by":"3 Sentries","ascension_level":8}}