{"host":"c3lc60y5x60jlt1y","time":1611743099,"event":{"mods":["AchievementEnabler","BaseMod","Bestiary","Colored Map","Minty Spire (QoL Compilation)","Quick Restart","StSLib","ojb\u0027s Info Mod"],"gold_per_floor":[119,65,81,81,0,0,34,51,51,63,63,92,92,92,92],"floor_reached":14,"language":"ENG","playtime":759,"items_purged":[],"score":246,"play_id":"3fd23277-8035-480e-91ae-dfbc730693ec","local_time":"20210127122459","is_ascension_mode":true,"campfire_choices":[{"data":"Armaments","floor":6.0,"key":"SMITH"},{"data":"Bash","floor":11,"key":"SMITH"}],"circlet_count":0,"master_deck":["AscendersBane","Strike_R","Strike_R","Strike_R+1","Strike_R","Strike_R","Defend_R","Defend_R","Defend_R","Defend_R","Bash+1","Blood for Blood+1","Armaments+1","Spot Weakness","Dark Embrace","Exhume","Shrug It Off","Sword Boomerang","Immolate"],"relics":["Burning Blood","NeowsBlessing","Paper Frog","InkBottle","Matryoshka","Singing Bowl","Darkstone Periapt"],"acts_visited":["Exordium"],"potions_floor_usage":[12,14],"damage_taken":[{"damage":0.0,"enemies":"Cultist","floor":1.0,"turns":1.0},{"damage":1.0,"enemies":"Small Slimes","floor":3.0,"turns":2.0},{"damage":0.0,"enemies":"Lagavulin","floor":7.0,"turns":1.0},{"damage":9.0,"enemies":"Jaw Worm","floor":8.0,"turns":3.0},{"damage":16,"enemies":"Blue Slaver","floor":10,"turns":5},{"damage":27,"enemies":"3 Sentries","floor":12,"turns":8},{"damage":7,"enemies":"Lagavulin","floor":14,"turns":6}],"seed_played":"-3209639384458534745","potions_obtained":[{"floor":3.0,"key":"Swift Potion"},{"floor":7.0,"key":"SkillPotion"},{"floor":12,"key":"BlessingOfTheForge"}],"is_trial":false,"path_per_floor":["M","$","M","?","$","R","E","M","T","M","R","E","T","E"],"character_chosen":"IRONCLAD","items_purchased":["Armaments","Dark Embrace"],"campfire_rested":0,"item_purchase_floors":[2,5],"current_hp_per_floor":[74,74,75,52,52,52,58,55,55,45,45,24,24,17,17],"gold":92,"neow_bonus":"THREE_ENEMY_KILL","is_daily":false,"chose_seed":false,"campfire_upgraded":2,"win_rate":0.0,"timestamp":1611743099,"path_taken":["M","?","M","?","$","R","E","M","T","M","R","E","?","E"],"items_purchased_type":["Card","Card"],"build_version":"2020-12-22","purchased_purges":0,"victory":false,"max_hp_per_floor":[75,75,75,75,75,75,75,75,75,75,75,75,75,75,75],"card_choices":[{"not_picked":["Wild Strike","Iron Wave"],"picked":"Blood for Blood","floor":1.0},{"not_picked":["Twin Strike","Flex"],"picked":"Spot Weakness","floor":3.0},{"not_picked":["Headbutt","Burning Pact"],"picked":"Exhume","floor":7.0},{"not_picked":["Clothesline","Rage"],"picked":"Shrug It Off","floor":8.0},{"not_picked":["Headbutt","Twin Strike"],"picked":"Sword Boomerang","floor":10},{"not_picked":["Bloodletting","Flex"],"picked":"Immolate","floor":12}],"player_experience":8648970,"relics_obtained":[{"floor":7.0,"key":"Paper Frog"},{"floor":9.0,"key":"InkBottle"},{"floor":12,"key":"Matryoshka"},{"floor":13,"key":"Singing Bowl"},{"floor":13,"key":"Darkstone Periapt"}],"event_choices":[{"damage_healed":0.0,"max_hp_gain":0.0,"max_hp_loss":0.0,"gold_gain":0.0,"event_name":"Shining Light","player_choice":"Entered Light","floor":4.0,"gold_loss":0.0,"damage_taken":23.0,"cards_upgraded":["Strike_R","Blood for Blood"]}],"is_beta":false,"boss_relics":[],"items_purged_floors":[],"is_endless":false,"potions_floor_spawned":[3,7,12],"killed_by":"Lagavulin","ascension_level":20}}