{"host":"ctlqibkg0sskiu65","time":1611730388,"event":{"mods":["AchievementEnabler","Aspiration","BaseMod","BetterRewards","Colored Map","Colored Powertips","Conspire","Fiend Mod","Infinite Spire","Minty Spire (QoL Compilation)","Quick Restart","Replay The Spire","Shop Mod","StSLib","The Bladedancer","The Cursed","The Hierophant","The Jungle","The Kombatant","The Servant 0.9.4","TheBandit"],"gold_per_floor":[115,57,74,87,101,101,115,127,127,127,146,31,48,65,65,65,65],"floor_reached":16,"language":"ENG","playtime":529,"items_purged":["Strike_G"],"score":281,"play_id":"38be6ae5-f936-4e4a-b22a-fe1a8b7c231d","local_time":"20210127005308","is_ascension_mode":true,"campfire_choices":[{"data":"Poison Darts","floor":6,"key":"SMITH"},{"data":"Catalyst","floor":10,"key":"SMITH"},{"floor":15,"key":"REST"}],"circlet_count":0,"master_deck":["AscendersBane","Strike_G","Strike_G","Strike_G","Strike_G","Defend_G","Defend_G","Defend_G","Defend_G","Defend_G","Survivor","Neutralize","Poison Darts+1","PiercingWail","Crippling Poison","Poisoned Stab","Sucker Punch","Dagger Spray","Toxin Wave","Catalyst+1","Deflect","Deflect"],"relics":["Ring of the Snake","aspiration:Nostalgia","blademaster:DancersAmulet","aspiration:FetidBarrel"],"acts_visited":["Exordium"],"potions_floor_usage":[7,14,16],"damage_taken":[{"damage":0,"enemies":"Cultist","floor":1,"turns":3},{"damage":0,"enemies":"Small Slimes","floor":3,"turns":2},{"damage":1,"enemies":"Jaw Worm","floor":4,"turns":3},{"damage":3,"enemies":"Looter","floor":5,"turns":3},{"damage":6,"enemies":"Blue Slaver","floor":7,"turns":3},{"damage":10,"enemies":"Exordium Thugs","floor":8,"turns":4},{"damage":26,"enemies":"Exordium Wildlife","floor":11,"turns":6},{"damage":5,"enemies":"2 Fungi Beasts","floor":13,"turns":3},{"damage":1,"enemies":"Gremlin Gang","floor":14,"turns":3},{"damage":37,"enemies":"Slime Boss","floor":16,"turns":7}],"seed_played":"8402605758390462272","potions_obtained":[{"floor":1,"key":"LiquidMemories"},{"floor":4,"key":"SteroidPotion"},{"floor":11,"key":"conspire:TimeTravelPotion"},{"floor":13,"key":"Adrenaline Potion"}],"is_trial":false,"path_per_floor":["M","$","M","M","M","R","M","M","T","R","M","$","M","M","R","B"],"character_chosen":"THE_SILENT","items_purchased":["Poison Darts","aspiration:Nostalgia","PiercingWail","Poisoned Stab","Deflect"],"campfire_rested":1,"item_purchase_floors":[0,0,0,2,12],"current_hp_per_floor":[59,59,59,58,55,55,49,39,39,39,13,13,8,7,26,0,0],"gold":65,"neow_bonus":"","is_daily":false,"chose_seed":false,"campfire_upgraded":2,"win_rate":0.0,"timestamp":1611730388,"path_taken":["M","$","M","M","M","R","M","M","T","R","M","$","M","?","R","BOSS"],"items_purchased_type":["Card","Relic","Card","Card","Card"],"build_version":"2020-12-22","purchased_purges":1,"victory":false,"max_hp_per_floor":[66,66,66,66,66,66,66,66,66,66,66,66,66,66,66,66,66],"card_choices":[{"not_picked":["Sucker Punch","Acrobatics"],"picked":"Crippling Poison","floor":1},{"not_picked":["PiercingWail","Flechettes"],"picked":"Sucker Punch","floor":3},{"not_picked":["Slice","conspire:DoublingDagger"],"picked":"Dagger Spray","floor":4},{"not_picked":["Predator","Acrobatics"],"picked":"Toxin Wave","floor":5},{"not_picked":["Backflip","Dagger Throw","A Thousand Cuts"],"picked":"SKIP","floor":7},{"not_picked":["Bane","Dagger Spray"],"picked":"Catalyst","floor":8},{"not_picked":["Cloak And Dagger","Distraction","Acrobatics"],"picked":"SKIP","floor":11},{"not_picked":["All Out Attack","Sucker Punch","Caltrops"],"picked":"SKIP","floor":13},{"not_picked":["Hidden Blade","Masterful Stab","Reflex"],"picked":"SKIP","floor":14}],"player_experience":251749,"relics_obtained":[{"floor":9,"key":"aspiration:FetidBarrel"}],"event_choices":[],"is_beta":false,"boss_relics":[],"items_purged_floors":[12],"is_endless":false,"potions_floor_spawned":[1,4,11,13],"killed_by":"Slime Boss","ascension_level":18}}