{"host":"13o02hya6v6rzuva","time":1611760484,"event":{"mods":["BaseMod","Minty Spire (QoL Compilation)","Relic Stats"],"gold_per_floor":[114,114,64,64,82,113,133,149,172,172,172,185,360,635,635,635,635],"floor_reached":16,"language":"ENG","playtime":1602,"items_purged":[],"score":150,"play_id":"2f366bdb-fd28-4b72-bf85-f84d005a61d0","local_time":"20210127161444","is_ascension_mode":true,"campfire_choices":[{"data":"PathToVictory","floor":11,"key":"SMITH"},{"data":"Evaluate","floor":15,"key":"SMITH"}],"circlet_count":0,"master_deck":["Strike_P","Strike_P","Strike_P","Strike_P+1","Defend_P+1","Defend_P","Defend_P","Eruption","Vigilance","PathToVictory+1","EmptyBody","PathToVictory+1","Sanctity","Parasite","Evaluate+1","Doubt","Regret"],"relics":["PureWater","NeowsBlessing","Potion Belt"],"acts_visited":["Exordium"],"potions_floor_usage":[16],"damage_taken":[{"damage":0,"enemies":"Jaw Worm","floor":1,"turns":1},{"damage":0,"enemies":"2 Louse","floor":5,"turns":1},{"damage":0,"enemies":"Gremlin Nob","floor":6,"turns":1},{"damage":0,"enemies":"Small Slimes","floor":7,"turns":4},{"damage":0,"enemies":"Exordium Thugs","floor":8,"turns":4},{"damage":9,"enemies":"2 Fungi Beasts","floor":12,"turns":3},{"damage":59,"enemies":"Slime Boss","floor":16,"turns":13}],"seed_played":"-3632309700189876333","potions_obtained":[{"floor":6,"key":"LiquidMemories"},{"floor":7,"key":"SmokeBomb"}],"is_trial":false,"path_per_floor":["M","?","?","?","M","E","M","M","T","?","R","M","?","?","R","B"],"character_chosen":"WATCHER","items_purchased":[],"campfire_rested":0,"item_purchase_floors":[],"current_hp_per_floor":[72,72,72,58,58,58,58,58,58,72,72,63,63,63,63,4,4],"gold":635,"neow_bonus":"THREE_ENEMY_KILL","is_daily":false,"chose_seed":false,"campfire_upgraded":2,"win_rate":0.0,"timestamp":1611760484,"path_taken":["M","?","?","?","M","E","M","M","T","?","R","?","?","?","R","BOSS"],"items_purchased_type":[],"build_version":"2020-12-22","purchased_purges":0,"victory":false,"max_hp_per_floor":[72,72,72,72,72,72,72,72,72,72,72,72,72,72,72,72,72],"relic_stats":{"counters":[7,27],"obtain_stats":[{"Potion Belt":6,"NeowsBlessing":0,"PureWater":0},{"Potion Belt":3,"NeowsBlessing":0,"PureWater":0},{"Potion Belt":3,"NeowsBlessing":0,"PureWater":0}]},"card_choices":[{"not_picked":["SignatureMove","SashWhip"],"picked":"PathToVictory","floor":1},{"not_picked":["CrushJoints","Collect"],"picked":"EmptyBody","floor":5},{"not_picked":["SpiritShield","EmptyBody"],"picked":"PathToVictory","floor":6},{"not_picked":["Crescendo","EmptyFist"],"picked":"Sanctity","floor":7},{"not_picked":["Crescendo","Fasting2","Wallop"],"picked":"SKIP","floor":8},{"not_picked":["Halt","EmptyBody"],"picked":"Evaluate","floor":12}],"player_experience":1155546,"relics_obtained":[{"floor":6,"key":"Potion Belt"}],"event_choices":[{"damage_healed":0,"gold_gain":0,"player_choice":"Grow","damage_taken":0,"max_hp_gain":0,"max_hp_loss":0,"event_name":"Living Wall","floor":2,"gold_loss":0,"cards_upgraded":["PathToVictory"]},{"cards_removed":["Defend_P"],"damage_healed":0,"gold_gain":0,"player_choice":"Card Removal","damage_taken":0,"max_hp_gain":0,"max_hp_loss":0,"event_name":"The Cleric","floor":3,"gold_loss":50},{"damage_healed":0,"gold_gain":0,"player_choice":"Entered Light","damage_taken":14,"max_hp_gain":0,"max_hp_loss":0,"event_name":"Shining Light","floor":4,"gold_loss":0,"cards_upgraded":["Defend_P","Strike_P"]},{"damage_healed":18,"gold_gain":0,"player_choice":"Healed and dodged fight","damage_taken":0,"max_hp_gain":0,"max_hp_loss":0,"event_name":"Mushrooms","floor":10,"gold_loss":0,"cards_obtained":["Parasite"]},{"damage_healed":0,"gold_gain":175,"player_choice":"AGREE","damage_taken":0,"max_hp_gain":0,"max_hp_loss":0,"event_name":"Liars Game","floor":13,"gold_loss":0,"cards_obtained":["Doubt"]},{"damage_healed":0,"gold_gain":275,"player_choice":"Desecrate","damage_taken":0,"max_hp_gain":0,"max_hp_loss":0,"event_name":"Golden Shrine","floor":14,"gold_loss":0,"cards_obtained":["Regret"]}],"is_beta":false,"boss_relics":[],"items_purged_floors":[],"is_endless":false,"potions_floor_spawned":[6,7],"killed_by":"Slime Boss","ascension_level":4}}