{"host":"zk71suw73lg2r165","time":1611720423,"event":{"mods":["BaseMod","Colored Map","Minty Spire (QoL Compilation)","Permanent Neow","Relic Stats","StSLib"],"gold_per_floor":[116,129,142,162,177,177,204,223,223,223,257,277,305,316,316,387,387,403,419,419,419,269,269,14,41,41,71,82,111,127,140,140,214,214,231,231,181,197,197,197,231,231,231,258,258,258,258],"floor_reached":46,"language":"ENG","playtime":1435,"items_purged":["Strike_R","Strike_R"],"score":1119,"play_id":"5832df44-b48f-49c3-ade0-38ccfb2b4cd1","local_time":"20210126230703","is_ascension_mode":true,"campfire_choices":[{"data":"Body Slam","floor":6.0,"key":"SMITH"},{"data":"Immolate","floor":10.0,"key":"SMITH"},{"floor":15.0,"key":"REST"},{"data":"True Grit","floor":23,"key":"SMITH"},{"data":"Double Tap","floor":32,"key":"SMITH"},{"data":"True Grit","floor":40,"key":"SMITH"},{"data":"Juggernaut","floor":42,"key":"SMITH"},{"floor":45,"key":"RECALL"}],"circlet_count":0,"master_deck":["AscendersBane","Strike_R","Strike_R","Strike_R","Defend_R","Defend_R","Defend_R","Defend_R","Bash","Immolate+1","Flame Barrier","Pommel Strike","Shrug It Off","Body Slam+1","Perfected Strike","Inflame","Hemokinesis","Reaper+1","Twin Strike+1","Heavy Blade+1","True Grit+1","Offering+1","Power Through","Fire Breathing","Spot Weakness","Evolve","Infernal Blade","True Grit+1","Double Tap+1","Juggernaut+1","Battle Trance+1","Madness","Madness","Feel No Pain"],"relics":["Burning Blood","Incense Burner","Molten Egg 2","Pear","Self Forming Clay","Busted Crown","Spirit Poop","Kunai","Mummified Hand","Bottled Lightning","Shuriken","Coffee Dripper","Dream Catcher","Paper Frog","Meat on the Bone"],"acts_visited":["Exordium","TheCity","TheBeyond"],"potions_floor_usage":[28,33,33,41,41,44,46],"damage_taken":[{"damage":3.0,"enemies":"Cultist","floor":1.0,"turns":3.0},{"damage":0.0,"enemies":"2 Louse","floor":2.0,"turns":3.0},{"damage":7.0,"enemies":"Jaw Worm","floor":3.0,"turns":3.0},{"damage":0.0,"enemies":"Lots of Slimes","floor":4.0,"turns":1.0},{"damage":18.0,"enemies":"Blue Slaver","floor":5.0,"turns":4.0},{"damage":28.0,"enemies":"Gremlin Nob","floor":7.0,"turns":4.0},{"damage":6.0,"enemies":"Looter","floor":8.0,"turns":2.0},{"damage":32.0,"enemies":"Lagavulin","floor":11.0,"turns":5.0},{"damage":10.0,"enemies":"Exordium Thugs","floor":12.0,"turns":4.0},{"damage":11.0,"enemies":"3 Sentries","floor":13.0,"turns":4.0},{"damage":17.0,"enemies":"Blue Slaver","floor":14.0,"turns":3.0},{"damage":44.0,"enemies":"The Guardian","floor":16.0,"turns":11.0},{"damage":6.0,"enemies":"Spheric Guardian","floor":18.0,"turns":3.0},{"damage":2.0,"enemies":"3 Byrds","floor":19.0,"turns":3.0},{"damage":11,"enemies":"Slavers","floor":25,"turns":5},{"damage":35,"enemies":"Book of Stabbing","floor":27,"turns":5},{"damage":8,"enemies":"Snake Plant","floor":28,"turns":2},{"damage":26,"enemies":"Slavers","floor":29,"turns":5},{"damage":6,"enemies":"Sentry and Sphere","floor":30,"turns":1},{"damage":16,"enemies":"Chosen and Byrds","floor":31,"turns":5},{"damage":49,"enemies":"Automaton","floor":33,"turns":9},{"damage":23,"enemies":"3 Shapes","floor":35,"turns":3},{"damage":6,"enemies":"Orb Walker","floor":38,"turns":2},{"damage":28,"enemies":"Reptomancer","floor":41,"turns":5},{"damage":27,"enemies":"Giant Head","floor":44,"turns":6},{"damage":1,"enemies":"Jaw Worm Horde","floor":46,"turns":2}],"seed_played":"5119591373757826830","potions_obtained":[{"floor":2.0,"key":"SkillPotion"},{"floor":5.0,"key":"Weak Potion"},{"floor":7.0,"key":"Regen Potion"},{"floor":16.0,"key":"BloodPotion"},{"floor":27,"key":"LiquidMemories"},{"floor":28,"key":"ColorlessPotion"},{"floor":33,"key":"EntropicBrew"},{"floor":41,"key":"PowerPotion"}],"is_trial":false,"path_per_floor":["M","M","M","M","M","R","E","M","T","R","E","M","E","M","R","B",null,"M","M","?","?","$","R","$","E","T","E","M","E","M","M","R","B",null,"M","?","?","M","?","R","E","R","T","E","R","M"],"character_chosen":"IRONCLAD","items_purchased":["Fire Breathing","Spot Weakness","Evolve"],"campfire_rested":1,"item_purchase_floors":[22,24,24],"current_hp_per_floor":[71,75,74,75,63,63,41,41,41,41,39,35,33,27,52,24,70,75,85,85,85,85,85,85,80,80,51,66,58,58,68,68,25,70,70,55,55,55,55,55,61,61,61,61,61,60,60],"gold":258,"neow_bonus":"THREE_RARE_CARDS","is_daily":false,"chose_seed":false,"campfire_upgraded":6,"win_rate":0.0,"timestamp":1611720423,"path_taken":["M","?","M","M","?","R","E","M","T","R","E","M","E","M","R","BOSS","M","M","?","?","$","R","$","E","T","E","?","E","M","M","R","BOSS","M","?","?","?","?","R","E","R","T","E","R","M"],"items_purchased_type":["Card","Card","Card"],"build_version":"2020-12-22","purchased_purges":2,"victory":false,"max_hp_per_floor":[75,75,75,75,75,75,75,75,75,75,85,85,85,85,85,85,85,85,85,85,85,85,85,85,85,85,85,85,85,85,85,85,85,85,85,85,85,85,85,85,85,85,85,85,85,85,85],"relic_stats":{"Dream Catcher":0,"Busted Crown":26,"counters":[26,103],"Self Forming Clay":[180],"Mummified Hand":[39],"Shuriken":[16],"Kunai":[20],"obtain_stats":[{"Pear":11,"Self Forming Clay":13,"Spirit Poop":21,"Incense Burner":7,"Burning Blood":0,"Dream Catcher":41,"Busted Crown":17,"Mummified Hand":26,"Shuriken":29,"Molten Egg 2":9,"Coffee Dripper":34,"Kunai":25,"Bottled Lightning":27,"Paper Frog":43,"Meat on the Bone":44},{"Pear":8,"Self Forming Clay":10,"Spirit Poop":14,"Incense Burner":6,"Burning Blood":0,"Dream Catcher":24,"Busted Crown":12,"Mummified Hand":15,"Shuriken":18,"Molten Egg 2":7,"Coffee Dripper":21,"Kunai":15,"Bottled Lightning":16,"Paper Frog":24,"Meat on the Bone":25},{"Pear":25,"Self Forming Clay":33,"Spirit Poop":53,"Incense Burner":18,"Burning Blood":0,"Dream Catcher":95,"Busted Crown":47,"Mummified Hand":58,"Shuriken":70,"Molten Egg 2":20,"Coffee Dripper":85,"Kunai":58,"Bottled Lightning":63,"Paper Frog":95,"Meat on the Bone":101}],"Burning Blood":140,"Meat on the Bone":0},"card_choices":[{"not_picked":["Exhume","Double Tap"],"picked":"Immolate","floor":0.0},{"not_picked":["Searing Blow","Iron Wave"],"picked":"Flame Barrier","floor":1.0},{"not_picked":["Heavy Blade","Disarm"],"picked":"Pommel Strike","floor":2.0},{"not_picked":["Cleave","Exhume"],"picked":"Shrug It Off","floor":3.0},{"not_picked":["Pommel Strike","Cleave"],"picked":"Body Slam","floor":4.0},{"not_picked":["Sword Boomerang","Armaments"],"picked":"Perfected Strike","floor":5.0},{"not_picked":["Dark Embrace","Thunderclap"],"picked":"Inflame","floor":7.0},{"not_picked":["Headbutt","Evolve"],"picked":"Hemokinesis","floor":8.0},{"not_picked":["Inflame","Rupture"],"picked":"Reaper+1","floor":11.0},{"not_picked":["Warcry","Entrench"],"picked":"Twin Strike+1","floor":12.0},{"not_picked":["Pommel Strike+1","Clash+1"],"picked":"Heavy Blade+1","floor":13.0},{"not_picked":["Anger+1","Rampage+1"],"picked":"True Grit","floor":14.0},{"not_picked":["Juggernaut","Exhume"],"picked":"Offering","floor":16.0},{"not_picked":["Armaments"],"picked":"SKIP","floor":18.0},{"not_picked":["Twin Strike+1"],"picked":"SKIP","floor":19.0},{"not_picked":["Armaments"],"picked":"SKIP","floor":25},{"not_picked":[],"picked":"Infernal Blade","floor":27},{"not_picked":[],"picked":"True Grit","floor":28},{"not_picked":[],"picked":"Double Tap","floor":29},{"not_picked":["Warcry"],"picked":"SKIP","floor":30},{"not_picked":["Anger+1"],"picked":"SKIP","floor":31},{"not_picked":[],"picked":"Juggernaut","floor":33},{"not_picked":[],"picked":"Battle Trance+1","floor":35},{"not_picked":[],"picked":"Feel No Pain","floor":38},{"not_picked":["Body Slam+1"],"picked":"SKIP","floor":41},{"not_picked":["Iron Wave+1"],"picked":"SKIP","floor":44}],"player_experience":1385373,"relics_obtained":[{"floor":7.0,"key":"Incense Burner"},{"floor":9.0,"key":"Molten Egg 2"},{"floor":11.0,"key":"Pear"},{"floor":13.0,"key":"Self Forming Clay"},{"floor":25,"key":"Kunai"},{"floor":26,"key":"Mummified Hand"},{"floor":27,"key":"Bottled Lightning"},{"floor":29,"key":"Shuriken"},{"floor":41,"key":"Dream Catcher"},{"floor":43,"key":"Paper Frog"},{"floor":44,"key":"Meat on the Bone"}],"event_choices":[{"damage_healed":0.0,"max_hp_gain":0.0,"max_hp_loss":0.0,"gold_gain":0.0,"event_name":"The Library","player_choice":"Read","floor":20.0,"gold_loss":0.0,"damage_taken":0.0,"cards_obtained":["Power Through"]},{"cards_removed":["Shame"],"damage_healed":0.0,"max_hp_gain":0.0,"max_hp_loss":0.0,"gold_gain":0.0,"event_name":"Bonfire Elementals","player_choice":"Offered Curse","floor":21.0,"gold_loss":0.0,"damage_taken":0.0,"relics_obtained":["Spirit Poop"]},{"damage_healed":0,"gold_gain":0,"player_choice":"Embrace Madness","damage_taken":15,"max_hp_gain":0,"max_hp_loss":0,"event_name":"Winding Halls","floor":36,"gold_loss":0,"cards_obtained":["Madness","Madness"]},{"damage_healed":0,"gold_gain":0,"player_choice":"Upgrade","damage_taken":0,"max_hp_gain":0,"max_hp_loss":0,"event_name":"Designer","floor":37,"gold_loss":50,"cards_upgraded":["Offering"]},{"damage_healed":0,"gold_gain":0,"player_choice":"Ignored","damage_taken":0,"max_hp_gain":0,"max_hp_loss":0,"event_name":"Tomb of Lord Red Mask","floor":39,"gold_loss":0}],"is_beta":false,"boss_relics":[{"not_picked":["Black Star","Velvet Choker"],"picked":"Busted Crown"},{"not_picked":["Fusion Hammer","SacredBark"],"picked":"Coffee Dripper"}],"items_purged_floors":[22,24],"is_endless":false,"potions_floor_spawned":[2,5,7,16,27,28,30,33,41],"killed_by":"Jaw Worm Horde","ascension_level":20}}