{"host":"928gv66myv2vlnsd","time":1611789790,"event":{"mods":["BaseMod","Minty Spire (QoL Compilation)","StSLib"],"gold_per_floor":[111,111,111,35,55,83,100,132,155,181,29,29,47,47,47,123,123,104,121,121,133,153,153,153,181,181,199,231,231,31,31,31],"floor_reached":31,"language":"ENG","playtime":1443,"items_purged":["Strike_G"],"score":557,"play_id":"13e7421b-7465-4a99-90e3-e1107b9790b0","local_time":"20210127182310","is_ascension_mode":true,"campfire_choices":[{"floor":15,"key":"REST"},{"floor":23,"key":"REST"}],"circlet_count":0,"master_deck":["AscendersBane","Strike_G+1","Strike_G+1","Strike_G+1","Defend_G+1","Defend_G+1","Defend_G+1","Defend_G+1","Defend_G+1","Survivor","Neutralize+1","Blade Dance","Infinite Blades","Leg Sweep","Die Die Die","PiercingWail","Escape Plan","Caltrops","A Thousand Cuts+1","Tactician+1","Tools of the Trade","Predator"],"relics":["Ring of the Snake","NeowsBlessing","Potion Belt","Happy Flower","Ice Cream","Lantern","Black Star","Nunchaku","Vajra","Frozen Egg 2","Letter Opener","Regal Pillow","Blood Vial"],"acts_visited":["Exordium","TheCity"],"potions_floor_usage":[10,16,22,27],"damage_taken":[{"damage":0,"enemies":"Small Slimes","floor":1,"turns":1},{"damage":0,"enemies":"Jaw Worm","floor":5,"turns":1},{"damage":0,"enemies":"Gremlin Nob","floor":6,"turns":1},{"damage":0,"enemies":"2 Louse","floor":7,"turns":2},{"damage":13,"enemies":"3 Sentries","floor":8,"turns":10},{"damage":21,"enemies":"Gremlin Nob","floor":10,"turns":5},{"damage":0,"enemies":"Lots of Slimes","floor":13,"turns":2},{"damage":1,"enemies":"The Guardian","floor":16,"turns":16},{"damage":9,"enemies":"2 Thieves","floor":18,"turns":4},{"damage":14,"enemies":"3 Byrds","floor":19,"turns":5},{"damage":24,"enemies":"Cultist and Chosen","floor":21,"turns":7},{"damage":21,"enemies":"Snake Plant","floor":22,"turns":5},{"damage":1,"enemies":"Gremlin Leader","floor":25,"turns":7},{"damage":16,"enemies":"Centurion and Healer","floor":27,"turns":5},{"damage":26,"enemies":"Slavers","floor":28,"turns":4},{"damage":18,"enemies":"Cultist and Chosen","floor":31,"turns":4}],"seed_played":"-6814266256559538783","potions_obtained":[{"floor":5,"key":"LiquidBronze"},{"floor":10,"key":"CunningPotion"},{"floor":19,"key":"Strength Potion"},{"floor":25,"key":"Regen Potion"}],"is_trial":false,"path_per_floor":["M","?","?","$","M","E","M","E","T","E","$","T","M","?","R","B",null,"M","M","?","M","M","R","?","E","T","M","E","?","$","M"],"character_chosen":"THE_SILENT","items_purchased":["Infinite Blades","Regen Potion","Blood Vial","SpeedPotion"],"campfire_rested":2,"item_purchase_floors":[4,11,30,30],"current_hp_per_floor":[59,59,64,64,64,64,64,51,51,30,30,30,30,30,51,50,66,57,43,43,19,12,33,33,32,32,30,4,4,4,0,0],"gold":31,"neow_bonus":"THREE_ENEMY_KILL","is_daily":false,"chose_seed":false,"campfire_upgraded":0,"win_rate":0.0,"timestamp":1611789790,"path_taken":["M","?","?","$","M","E","M","E","T","E","$","?","?","?","R","BOSS","M","?","?","?","M","R","?","E","T","M","E","?","$","M"],"items_purchased_type":["Card","Potion","Relic","Potion"],"build_version":"2020-12-22","purchased_purges":1,"victory":false,"max_hp_per_floor":[66,66,71,71,71,71,71,71,71,71,71,71,71,71,71,71,71,71,71,71,71,71,71,71,71,71,71,71,71,71,71,71],"card_choices":[{"not_picked":["Poisoned Stab","Acrobatics"],"picked":"Blade Dance","floor":1},{"not_picked":["Bane","Dodge and Roll"],"picked":"Leg Sweep","floor":5},{"not_picked":["Riddle With Holes","Malaise"],"picked":"Die Die Die","floor":6},{"not_picked":["Quick Slash","Flechettes"],"picked":"PiercingWail","floor":7},{"not_picked":["Storm of Steel","PiercingWail","Setup"],"picked":"SKIP","floor":8},{"not_picked":["Underhanded Strike","Flechettes"],"picked":"Escape Plan","floor":10},{"not_picked":["Sucker Punch","Dagger Spray"],"picked":"Caltrops","floor":13},{"not_picked":["Die Die Die","Adrenaline"],"picked":"A Thousand Cuts","floor":16},{"not_picked":["Underhanded Strike","Quick Slash"],"picked":"Tactician+1","floor":18},{"not_picked":["Deflect","Predator+1","Acrobatics"],"picked":"SKIP","floor":19},{"not_picked":["Underhanded Strike","Bane","Deadly Poison+1"],"picked":"SKIP","floor":21},{"not_picked":["Reflex","Dagger Spray+1"],"picked":"Tools of the Trade","floor":22},{"not_picked":["Blade Dance","Tactician"],"picked":"Predator","floor":25},{"not_picked":["Caltrops+1","Expertise","All Out Attack"],"picked":"SKIP","floor":27},{"not_picked":["Riddle With Holes","Bane","Poisoned Stab"],"picked":"SKIP","floor":28}],"player_experience":1367516,"relics_obtained":[{"floor":6,"key":"Potion Belt"},{"floor":8,"key":"Happy Flower"},{"floor":10,"key":"Ice Cream"},{"floor":12,"key":"Lantern"},{"floor":25,"key":"Nunchaku"},{"floor":25,"key":"Vajra"},{"floor":26,"key":"Frozen Egg 2"},{"floor":28,"key":"Letter Opener"},{"floor":28,"key":"Regal Pillow"}],"event_choices":[{"cards_removed":["Strike_G"],"damage_healed":0,"gold_gain":0,"player_choice":"Forget","damage_taken":0,"max_hp_gain":0,"max_hp_loss":0,"event_name":"Living Wall","floor":2,"gold_loss":0},{"damage_healed":0,"gold_gain":0,"player_choice":"Donut","damage_taken":0,"max_hp_gain":5,"max_hp_loss":0,"event_name":"Big Fish","floor":3,"gold_loss":0},{"damage_healed":0,"gold_gain":0,"player_choice":"Forge","damage_taken":0,"max_hp_gain":0,"max_hp_loss":0,"event_name":"Accursed Blacksmith","floor":14,"gold_loss":0,"cards_upgraded":["Neutralize"]},{"damage_healed":0,"gold_gain":0,"player_choice":"Upgraded","damage_taken":0,"max_hp_gain":0,"max_hp_loss":0,"event_name":"Upgrade Shrine","floor":20,"gold_loss":0,"cards_upgraded":["A Thousand Cuts"]},{"damage_healed":0,"gold_gain":0,"player_choice":"Simplicity","damage_taken":0,"max_hp_gain":0,"max_hp_loss":0,"event_name":"Back to Basics","floor":24,"gold_loss":0,"cards_upgraded":["Strike_G","Strike_G","Strike_G","Defend_G","Defend_G","Defend_G","Defend_G","Defend_G"]},{"damage_healed":0,"gold_gain":0,"player_choice":"0 cards matched","damage_taken":0,"max_hp_gain":0,"max_hp_loss":0,"event_name":"Match and Keep!","floor":29,"gold_loss":0,"cards_obtained":[]}],"is_beta":false,"boss_relics":[{"not_picked":["Fusion Hammer","Velvet Choker"],"picked":"Black Star"}],"items_purged_floors":[11],"is_endless":false,"potions_floor_spawned":[5,10,19,25],"killed_by":"Cultist and Chosen","ascension_level":15}}