{"host":"3498uni0c31c9bdm","time":1611747999,"event":{"mods":["BaseMod","Better Third Choice","Minty Spire (QoL Compilation)","Replay The Spire","StSLib"],"gold_per_floor":[360,360,376,376,350,376,376,376,376,391,391,403,403,437,437,537,537,552,232,246,246,111,138,138,138,138,138,138,66,99,111,111],"floor_reached":31,"language":"ENG","playtime":1298,"items_purged":[],"score":350,"play_id":"6218127d-68b2-4898-8653-333a7ca802e8","local_time":"20210127224639","is_ascension_mode":true,"campfire_choices":[{"floor":7,"key":"REST"},{"floor":11,"key":"REST"},{"data":"ForeignInfluence","floor":13,"key":"SMITH"},{"floor":15,"key":"REST"},{"floor":24,"key":"REST"}],"circlet_count":0,"master_deck":["Strike_P","Strike_P","Strike_P","Defend_P","Defend_P","Defend_P+1","Eruption+1","Vigilance+1","CutThroughFate","ForeignInfluence+1","Steam","PathToVictory","Alpha","DeceiveReality","Collect","EmptyFist","MasterReality","CurseOfTheBell","PathToVictory+1","Replay:LoomingThreat","Replay:ManipulateFuture","Judgement","DevaForm","Hallucinations","Decay","FlurryOfBlows","PathToVictory","FollowUp"],"relics":["PureWater","betterThird:SlimedRelic","Snack Pack","Regal Pillow","Boot","Calling Bell","War Paint","Question Card","Calipers","ReplayTheSpireMod:Ninjato","Replay:Bandana","Ring of Panic","Ring of Peace","Frozen Egg 2"],"acts_visited":["Exordium","TheCity"],"potions_floor_usage":[14,16,23,23,23],"damage_taken":[{"damage":3,"enemies":"2 Louse","floor":1,"turns":2},{"damage":1,"enemies":"Jaw Worm","floor":3,"turns":2},{"damage":44,"enemies":"3 Sentries","floor":6,"turns":12},{"damage":0,"enemies":"Cultist","floor":10,"turns":4},{"damage":0,"enemies":"Large Slime","floor":12,"turns":4},{"damage":48,"enemies":"Gremlin Nob","floor":14,"turns":4},{"damage":33,"enemies":"The Guardian","floor":16,"turns":9},{"damage":4,"enemies":"Shell Parasite","floor":18,"turns":4},{"damage":23,"enemies":"2 Thieves","floor":20,"turns":4},{"damage":26,"enemies":"Book of Stabbing","floor":23,"turns":8},{"damage":43,"enemies":"Cultist and Chosen","floor":30,"turns":7},{"damage":25,"enemies":"Shelled Parasite and Fungi","floor":31,"turns":5}],"seed_played":"9184819412745482999","potions_obtained":[{"floor":6,"key":"ColorlessPotion"},{"floor":12,"key":"FearPotion"},{"floor":14,"key":"Cursed Concoction"},{"floor":18,"key":"Dexterity Potion"},{"floor":20,"key":"Fire Potion"}],"is_trial":false,"path_per_floor":["M","?","M","?","?","E","R","?","T","M","R","M","R","E","R","B",null,"M","$","M","?","$","E","R","?","T","?","?","$","M","M"],"character_chosen":"WATCHER","items_purchased":["Replay:LoomingThreat","ReplayTheSpireMod:Ninjato","Judgement","FlurryOfBlows","PathToVictory"],"campfire_rested":4,"item_purchase_floors":[19,19,22,29,29],"current_hp_per_floor":[62,62,61,61,50,6,25,25,25,27,61,65,65,19,53,20,54,50,50,27,27,27,1,35,35,35,35,56,56,17,0,0],"gold":111,"neow_bonus":"TWO_FIFTY_GOLD","is_daily":false,"chose_seed":false,"campfire_upgraded":1,"win_rate":0.0,"timestamp":1611747999,"path_taken":["M","?","M","?","?","E","R","?","T","?","R","M","R","E","R","BOSS","M","$","M","?","$","E","R","?","T","?","?","?","?","M"],"items_purchased_type":["Card","Relic","Card","Card","Card"],"build_version":"2020-12-22","purchased_purges":0,"victory":false,"max_hp_per_floor":[65,65,65,65,65,65,65,65,65,65,65,65,65,65,65,65,65,65,65,65,65,65,65,65,65,65,65,65,65,65,65,65],"card_choices":[{"not_picked":["Replay:AtTheReady","FearNoEvil"],"picked":"CutThroughFate","floor":1},{"not_picked":["Replay:BluntJabs","SashWhip"],"picked":"PathToVictory","floor":3},{"not_picked":["BowlingBash","Protect"],"picked":"Alpha","floor":6},{"not_picked":["Halt","FlyingSleeves"],"picked":"DeceiveReality","floor":10},{"not_picked":["Replay:Anticipation","InnerPeace"],"picked":"Collect","floor":12},{"not_picked":["ThirdEye","FollowUp"],"picked":"EmptyFist","floor":14},{"not_picked":["ConjureBlade","Devotion"],"picked":"MasterReality","floor":16},{"not_picked":["LikeWater","FlyingSleeves","ForeignInfluence"],"picked":"PathToVictory+1","floor":18},{"not_picked":["FollowUp","Evaluate","Fasting2"],"picked":"Replay:ManipulateFuture","floor":20},{"not_picked":["FlyingSleeves","Collect","SignatureMove+1"],"picked":"DevaForm","floor":23},{"not_picked":["Evaluate","PathToVictory","Protect"],"picked":"FollowUp","floor":30}],"player_experience":739511,"relics_obtained":[{"floor":6,"key":"Snack Pack"},{"floor":9,"key":"Regal Pillow"},{"floor":14,"key":"Boot"},{"floor":17,"key":"War Paint"},{"floor":17,"key":"Question Card"},{"floor":17,"key":"Calipers"},{"floor":23,"key":"Replay:Bandana"},{"floor":25,"key":"Ring of Panic"},{"floor":25,"key":"Ring of Peace"},{"floor":26,"key":"Frozen Egg 2"}],"event_choices":[{"damage_healed":0,"gold_gain":0,"player_choice":"Slimed","damage_taken":11,"max_hp_gain":0,"max_hp_loss":0,"event_name":"betterThird:BetterGoop","floor":5,"gold_loss":26},{"damage_healed":0,"gold_gain":0,"player_choice":"Bought 0 Potions","damage_taken":0,"max_hp_gain":0,"max_hp_loss":0,"event_name":"The Woman in Blue","floor":8,"gold_loss":0},{"damage_healed":0,"gold_gain":0,"player_choice":"Smashed Altar","damage_taken":0,"max_hp_gain":0,"max_hp_loss":0,"event_name":"Forgotten Altar","floor":27,"gold_loss":0,"cards_obtained":["Decay"]},{"damage_healed":21,"gold_gain":0,"player_choice":"Heal","damage_taken":0,"max_hp_gain":0,"max_hp_loss":0,"event_name":"The Library","floor":28,"gold_loss":0}],"is_beta":false,"boss_relics":[{"not_picked":["SlaversCollar","Tiny House"],"picked":"Calling Bell"}],"items_purged_floors":[],"is_endless":false,"potions_floor_spawned":[6,12,14,18,20],"killed_by":"Shelled Parasite and Fungi","ascension_level":7}}