{"host":"ooe12lh8pgcirntb","time":1611790952,"event":{"mods":["AchievementEnabler","Act Like it!","BaseMod","Beaked The Cultist","Better Note","ChefMod","Colored Map","Colored Powertips","Downfall","Hallownest","Minty Spire (QoL Compilation)","StSLib","The Animator","The Bug Knight","The Disciple","The Hierophant","The Problem Sleuth"],"gold_per_floor":[109,129,129,129,129,162,162,181,181,194,222,15,58,87,87,87,87],"floor_reached":16,"language":"ENG","playtime":8790,"items_purged":[],"score":141,"play_id":"5a1b47c7-c5c6-4cb1-bdb3-663c14a2ee84","local_time":"20210127184232","is_ascension_mode":false,"campfire_choices":[{"data":"HollowMod:CycloneSlash","floor":7,"key":"SMITH"},{"floor":15,"key":"REST"}],"circlet_count":1,"master_deck":["HollowMod:NailStrikeStart","HollowMod:NailStrikeStart","HollowMod:NailStrikeStart","HollowMod:NailStrikeStart","HollowMod:QuickDashStart","HollowMod:QuickDashStart","HollowMod:QuickDashStart","HollowMod:QuickDashStart","HollowMod:FocusHealStart","HollowMod:PogoStrike","HollowMod:CycloneSlash+1","HollowMod:SharpenedShadows","HollowMod:CrystalDash","HollowMod:DashSlash","Enlightenment","HollowMod:SiblingsShadow","HollowMod:ShadowDash","HollowMod:MawleksShell"],"relics":["HollowMod:VesselMask","NeowsBlessing","Hallownest:DreamNailRelic","Circlet","beaked:ShinyBauble","White Beast Statue","Mango","Pocketwatch"],"acts_visited":["Exordium"],"potions_floor_usage":[],"damage_taken":[{"damage":0,"enemies":"Hallownest:2_Baldur","floor":1,"turns":1},{"damage":0,"enemies":"Hallownest:eliteCrystalGuardian","floor":6,"turns":1},{"damage":0,"enemies":"Hallownest:monsterHuskGuard","floor":8,"turns":1},{"damage":6,"enemies":"2_ Uuma","floor":10,"turns":3},{"damage":33,"enemies":"Hallownest:eliteMossKnight","floor":11,"turns":9},{"damage":61,"enemies":"Hallownest:eliteCrystalGuardian","floor":14,"turns":11},{"damage":27,"enemies":"Hallownest:BossFalseKnight","floor":16,"turns":3}],"seed_played":"4047914952494707061","potions_obtained":[{"floor":6,"key":"Explosive Potion"},{"floor":8,"key":"EssenceOfSteel"},{"floor":10,"key":"SkillPotion"}],"is_trial":false,"path_per_floor":["M","?","?","$","?","E","R","M","T","M","E","$","?","E","R","B"],"character_chosen":"THE_BUGKNIGHT","items_purchased":["Enlightenment","HollowMod:SiblingsShadow","HollowMod:ShadowDash"],"campfire_rested":1,"item_purchase_floors":[12,12,12],"current_hp_per_floor":[75,75,75,75,75,75,75,75,75,75,56,56,56,1,27,0,0],"gold":87,"neow_bonus":"THREE_ENEMY_KILL","is_daily":false,"chose_seed":false,"campfire_upgraded":1,"win_rate":0.0,"timestamp":1611790952,"path_taken":["M","?","?","$","?","E","R","?","T","M","E","$","?","E","R","BOSS"],"items_purchased_type":["Card","Card","Card"],"build_version":"2020-12-22","purchased_purges":0,"victory":false,"max_hp_per_floor":[75,75,75,75,75,75,75,75,75,75,89,89,89,89,89,89,89],"card_choices":[{"not_picked":["HollowMod:DescendingDark","HollowMod:HowlingWraiths"],"picked":"HollowMod:CycloneSlash","floor":1},{"not_picked":["HollowMod:VoidDash","HollowMod:PureNailStrike","HollowMod:NewJinnsSoul"],"picked":"SKIP","floor":6},{"not_picked":["HollowMod:InfectedAttack","HollowMod:FallenFury"],"picked":"HollowMod:SharpenedShadows","floor":8},{"not_picked":["HollowMod:SoulVessel","HollowMod:DreamGate"],"picked":"HollowMod:CrystalDash","floor":10},{"not_picked":["HollowMod:DreamGate","HollowMod:DescendingDark"],"picked":"HollowMod:DashSlash","floor":11},{"not_picked":["HollowMod:CoiledNail","HollowMod:DungDefenderAura"],"picked":"HollowMod:MawleksShell","floor":14}],"player_experience":775201,"relics_obtained":[{"floor":6,"key":"beaked:ShinyBauble"},{"floor":9,"key":"White Beast Statue"},{"floor":11,"key":"Mango"},{"floor":14,"key":"Pocketwatch"}],"event_choices":[],"is_beta":false,"boss_relics":[],"items_purged_floors":[],"is_endless":false,"potions_floor_spawned":[6,8,10,11,14],"killed_by":"Hallownest:BossFalseKnight","ascension_level":0}}