{"host":"pgm1p3lvdjflie30","time":1611759245,"event":{"mods":["100% Spire Juice","ATMod(阿瑾Mod)","AchievementEnabler","Act Like it!","Aspiration","Astrologer","Bard","BaseMod","Chen","Colored Map","Colored Powertips","Conspire","Dark Map","Decade(王小明)","Dota2Spire","Downfall","Energized Spire","Gensokyo","Gremlin Mod","Hallownest","Hermit","HololiveMod","KinomotoSakuraMod(木之本?)","LagranYue(拉格朗·月)","Luminous","Mari Mod (Legacy)","Mari\u0027s V1 Patch","Minty Spire (QoL Compilation)","MostiFishMod","Nova Terra(?娃·泰拉)","Pale of the Ancients","Quarter Circle Forward PUNCH!","Reimu（博???）","Replay The Spire","Robot Space Explorer","SOS（斯巴?之子）","StSLib","TestMod","The Administrix","The Blackbeard","The Bug Knight","The Construct","The Cursed","The Dragon Tamer","The Gatherer","The Hierophant","The IronCluck","The Jungle","The Mystic","The Poker Player","The Runesmith","The Saiyan","The Senshi","The Servant 0.9.4","The Showman","TheHeartMod","TheWitcher","Waifu the Spire","Warlord Emblem","Yakumo Yukari mod","Yuri Mod","Yuyuko","【功能Mod】混沌之?修复?丁","【?物卡牌】REMEMod","?留之物","篝火指南"],"gold_per_floor":[116,133,133,133,156,187,206,220,247,266,276,289,289,305,305,408,408,420,437,362,380,380,380,280,155,223,241,91,145,164,182,7,104,104,122,122,138,157,1156,956,983,758,758,783,815,830,847,419,144,144,144,144,92,124,124],"floor_reached":56,"language":"ZHS","playtime":3176,"items_purged":["AT_FamilyPortrait","hermit:Defend_Hermit","hermit:Defend_Hermit","hermit:Strike_Hermit","hermit:Strike_Hermit","hermit:Covet","hermit:Snapshot","hermit:Coalescence","hermit:Defend_Hermit"],"score":1640,"play_id":"0bb7d4af-1f6f-4c40-ba5e-64b282f1abae","local_time":"20210127225405","is_ascension_mode":false,"campfire_choices":[{"floor":13,"key":"RECALL"},{"data":"hermit:Strike_Hermit","floor":15,"key":"SMITH"},{"data":"hermit:Strike_Hermit","floor":23,"key":"SMITH"},{"data":"PokerPlayerMod:Fold","floor":52,"key":"SMITH"}],"circlet_count":0,"master_deck":["hermit:Strike_Hermit","hermit:Strike_Hermit","hermit:Defend_Hermit","PokerPlayerMod:Fold+1"],"relics":["hermit:Momento","AT_ATBox","DaveBox","testmod-TestBox","REME_ComplimentaryCards","LagranYue:RandomDrawCardRelic","BirthdayGift-Tetrahedron","testmod-Justice","aspiration:Nostalgia","m_ChordRing","SynthV:TestCard","Blue Candle","qcfpunch:Black_Training_Shirt","Simple Rune","qcfpunch:Red_Gi","PlaceholderMod:SoulofChaos","WarlordEmblem:BadgeBless","Potion Belt","Chameleon Ring","ReplayTheSpireMod:TigerMarble","qcfpunch:White_Boots"],"acts_visited":["Exordium","TheCity","TheBeyond","TheEnding"],"potions_floor_usage":[16,18,21,27,30,33,37,41,50,54,55,55,55,55,55],"damage_taken":[{"damage":2,"enemies":"Cultist","floor":1,"turns":2},{"damage":2,"enemies":"2 Louse","floor":2,"turns":2},{"damage":27,"enemies":"Replay:BlueRogue","floor":6,"turns":14},{"damage":2,"enemies":"Jaw Worm","floor":7,"turns":2},{"damage":5,"enemies":"Large Slime","floor":8,"turns":3},{"damage":3,"enemies":"Exordium Thugs","floor":10,"turns":2},{"damage":2,"enemies":"Exordium Wildlife","floor":11,"turns":2},{"damage":0,"enemies":"Looter","floor":12,"turns":1},{"damage":0,"enemies":"3 Louse","floor":14,"turns":1},{"damage":9,"enemies":"The Guardian","floor":16,"turns":5},{"damage":5,"enemies":"2 Thieves","floor":18,"turns":3},{"damage":4,"enemies":"conspire:FuzzyDice","floor":19,"turns":3},{"damage":4,"enemies":"Centurion and Healer","floor":21,"turns":3},{"damage":2,"enemies":"Shelled Parasite and Fungi","floor":27,"turns":2},{"damage":4,"enemies":"3 Cultists","floor":30,"turns":3},{"damage":2,"enemies":"Snake Plant","floor":31,"turns":2},{"damage":12,"enemies":"Champ","floor":33,"turns":6},{"damage":4,"enemies":"3 Darklings","floor":35,"turns":3},{"damage":4,"enemies":"3 Shapes","floor":37,"turns":3},{"damage":3,"enemies":"Spire Growth","floor":38,"turns":2},{"damage":5,"enemies":"HollowMod:StalkingDevout","floor":41,"turns":3},{"damage":16,"enemies":"Giant Head","floor":44,"turns":9},{"damage":4,"enemies":"Sphere and 2 Shapes","floor":45,"turns":3},{"damage":8,"enemies":"Writhing Mass","floor":46,"turns":5},{"damage":4,"enemies":"4 Shapes","floor":47,"turns":3},{"damage":14,"enemies":"Time Eater","floor":50,"turns":8},{"damage":27,"enemies":"Shield and Spear","floor":54,"turns":6},{"damage":14,"enemies":"The Heart","floor":55,"turns":7}],"seed_played":"4239543421498110821","potions_obtained":[{"floor":1,"key":"Block Potion"},{"floor":8,"key":"hermit:Tonic"},{"floor":10,"key":"Explosive Potion"},{"floor":16,"key":"Guardian:BlockOnCardUsePotion"},{"floor":19,"key":"LiquidMemories"},{"floor":21,"key":"PowerPotion"},{"floor":27,"key":"Reflective Coating"},{"floor":33,"key":"Fire Potion"},{"floor":37,"key":"Doom Potion"},{"floor":38,"key":"Fire Potion"},{"floor":47,"key":"ZuzhouPotion:ReiMu"},{"floor":54,"key":"Languid Potion"}],"is_trial":false,"path_per_floor":["M","M","?","?","T","E","M","M","T","M","M","M","R","M","R","B",null,"M","M","$","M","?","R","$","R","T","M","R","?","M","M","R","B",null,"M","$","M","M","?","R","E","R","T","E","M","M","M","$","R_BF","B",null,"R","$","E","B",null],"character_chosen":"HERMIT","items_purchased":["Fire Potion","DistilledChaos","AttackPotion","Energy Potion"],"campfire_rested":0,"item_purchase_floors":[48,48,48,53],"current_hp_per_floor":[73,71,66,66,66,39,37,32,32,29,27,27,27,27,27,18,75,74,74,74,74,74,74,74,74,74,75,75,57,57,59,59,51,75,75,75,75,75,78,78,73,73,73,57,53,45,41,41,41,27,78,78,78,51,37],"gold":124,"neow_bonus":"NOSTALGIA","is_daily":false,"chose_seed":false,"campfire_upgraded":3,"win_rate":0.0,"timestamp":1611759245,"path_taken":["M","?","?","?","?","E","M","M","T","?","M","M","R","M","R","BOSS","M","M","$","M","?","R","$","R","T","M","R","?","M","M","R","BOSS","M","$","M","M","?","R","E","R","T","E","M","M","M","$","R_BF","BOSS","R","$","E","BOSS"],"items_purchased_type":["Potion","Potion","Potion","Potion"],"build_version":"2020-12-22","purchased_purges":9,"victory":true,"max_hp_per_floor":[75,75,75,75,75,75,75,75,75,75,75,75,75,75,75,75,75,75,75,75,75,75,75,75,75,75,75,75,75,75,75,75,75,75,75,75,75,75,78,78,78,78,78,78,78,78,78,78,78,78,78,78,78,78,78],"card_choices":[{"not_picked":["hermit:Malice","hermit:Gestalt"],"picked":"hermit:Coalescence","floor":1},{"not_picked":["hermit:Desperado","hermit:Dive","bard:ViciousMockery","hermit:LowProfile","hermit:Vantage"],"picked":"SKIP","floor":2},{"not_picked":["bard:ViciousMockery","hermit:Quickdraw","hermit:TrackingShot","hermit:Grudge","hermit:Ricochet"],"picked":"SKIP","floor":6},{"not_picked":["hermit:Gestalt","hermit:FullyLoaded","bard:PhantasmalForce","hermit:EyeOfTheStorm","hermit:Showdown"],"picked":"SKIP","floor":7},{"not_picked":["hermit:Virtue","hermit:FatalDesire","hermit:NoHoldsBarred","hermit:HighCaliber","hermit:PistolWhip"],"picked":"SKIP","floor":8},{"not_picked":["hermit:Determination","hermit:Dive","bard:StudiedStrike","hermit:Coalescence","bard:ViciousMockery"],"picked":"SKIP","floor":10},{"not_picked":["hermit:Dive","hermit:Snipe","hermit:Malice","hermit:Misfire","hermit:Roulette"],"picked":"SKIP","floor":11},{"not_picked":["bard:ViciousMockery","hermit:Headshot","Malaise","hermit:Coalescence","hermit:Manifest"],"picked":"SKIP","floor":12},{"not_picked":["bard:ViciousMockery","hermit:Headshot","Malaise","hermit:Coalescence","hermit:Manifest"],"picked":"SKIP","floor":12},{"not_picked":["hermit:BodyArmor","hermit:Coalescence","hermit:BigShot","hermit:Virtue","hermit:ShadowCloak"],"picked":"SKIP","floor":14},{"not_picked":["hermit:HoleUp","hermit:LuckOfTheDraw","hermit:Glare","hermit:Scavenge+1","hermit:GoldenBullet","hermit:Coalescence"],"picked":"SKIP","floor":18},{"not_picked":["hermit:Desperado","hermit:Glare","hermit:BodyArmor","hermit:ItchyTrigger+1","hermit:TakeCover+1","hermit:Brawl"],"picked":"SKIP","floor":19},{"not_picked":["hermit:BigShot","hermit:Gestalt","hermit:HighCaliber","hermit:WideOpen","hermit:Coalescence+1","hermit:Snipe+1"],"picked":"SKIP","floor":21},{"not_picked":["hermit:Desperado","hermit:LowProfile","hermit:Glare","hermit:Vantage","hermit:Roulette+1","hermit:FatalDesire"],"picked":"SKIP","floor":27},{"not_picked":["hermit:GhostlyPresence+1","hermit:ItchyTrigger","hermit:Vantage+1","hermit:Shortfuse","hermit:Grudge","hermit:RoundhouseKick"],"picked":"SKIP","floor":30},{"not_picked":["hermit:Feint","hermit:Malice","hermit:LowProfile","hermit:FlashPowder+1","hermit:Vantage","hermit:CursedWeapon"],"picked":"SKIP","floor":31},{"not_picked":["hermit:Midnight+1","hermit:ItchyTrigger+1","hermit:Manifest","hermit:BigShot+1","hermit:Glare+1","hermit:HighCaliber+1"],"picked":"SKIP","floor":35},{"not_picked":["hermit:Spite","hermit:GhostlyPresence+1","hermit:Headshot+1","hermit:Virtue+1","hermit:Quickdraw","hermit:Cheat+1"],"picked":"SKIP","floor":37},{"not_picked":["hermit:Ricochet","hermit:Malice+1","hermit:Misfire+1","hermit:Roulette+1","hermit:Quickdraw","hermit:SprayPray"],"picked":"SKIP","floor":38},{"not_picked":["hermit:WideOpen","hermit:Dissolve","hermit:BigShot","hermit:BodyArmor","hermit:Feint"],"picked":"SKIP","floor":41},{"not_picked":["hermit:HighCaliber","hermit:Determination","hermit:LuckOfTheDraw+1","hermit:Feint","hermit:ItchyTrigger+1"],"picked":"SKIP","floor":44},{"not_picked":["hermit:BodyArmor","hermit:CalledShot+1","hermit:Misfire+1","hermit:HoleUp","hermit:ShadowCloak+1"],"picked":"SKIP","floor":45},{"not_picked":["hermit:CalledShot","hermit:Horror+1","hermit:HighCaliber+1","hermit:Desperado+1","hermit:Ricochet+1"],"picked":"SKIP","floor":46},{"not_picked":["hermit:BlackWind","hermit:TakeCover","hermit:LuckOfTheDraw+1","hermit:Grudge","hermit:CalledShot"],"picked":"SKIP","floor":47},{"not_picked":["hermit:Cheat+1","hermit:Determination","hermit:CursedWeapon","hermit:Dive","hermit:SprayPray+1"],"picked":"SKIP","floor":54}],"player_experience":323643,"relics_obtained":[{"floor":1,"key":"SynthV:TestCard"},{"floor":6,"key":"qcfpunch:Black_Training_Shirt"},{"floor":9,"key":"Simple Rune"},{"floor":26,"key":"qcfpunch:Red_Gi"},{"floor":29,"key":"PlaceholderMod:SoulofChaos"},{"floor":41,"key":"Potion Belt"},{"floor":43,"key":"Chameleon Ring"},{"floor":44,"key":"ReplayTheSpireMod:TigerMarble"},{"floor":54,"key":"qcfpunch:White_Boots"}],"event_choices":[{"damage_healed":0,"gold_gain":0,"player_choice":"Ignored","damage_taken":0,"max_hp_gain":0,"max_hp_loss":0,"event_name":"Liars Game","floor":4,"gold_loss":0},{"damage_healed":0,"gold_gain":0,"player_choice":"Ignored","damage_taken":0,"max_hp_gain":0,"max_hp_loss":0,"event_name":"Vampires","floor":22,"gold_loss":0},{"damage_healed":0,"gold_gain":999,"player_choice":"Sell","damage_taken":0,"max_hp_gain":0,"max_hp_loss":0,"event_name":"恩洛斯的?子","floor":39,"relics_lost":["aspiration:IroncladSkillbook"],"gold_loss":0}],"is_beta":false,"boss_relics":[{"not_picked":["ChewingGum","NightmareShop"],"picked":"aspiration:IroncladSkillbook"},{"not_picked":["LagranYue:SoulBurningRelic","EE1DDrone"],"picked":"WarlordEmblem:BadgeBless"}],"items_purged_floors":[20,24,25,28,32,40,42,48,49],"is_endless":false,"potions_floor_spawned":[1,8,10,11,14,16,19,21,27,33,35,37,38,47,54],"ascension_level":0}}