{"host":"x3xr1fzypq6qqz5s","time":1611753353,"event":{"mods":["BaseMod","Better Vampires","Colored Powertips","DeckTracker","Highlight Path","Minty Spire (QoL Compilation)","Quick Restart","Rare Cards Sparkle","Relic Stats"],"gold_per_floor":[110,110,123,93,105,105,135,135,135,135,135,150,0,28,28,128,128,142,67,16,26,26,58,58,58,58,77,77,93,93,105,105,204,204,217,217,117,136,150,185,195,195,195,195,209,7,21,32,32,32,32,32,32,63,63],"floor_reached":56,"language":"ZHS","playtime":6473,"items_purged":["Defend_G","Defend_G","Eviscerate"],"score":1537,"play_id":"1ed3d08c-4fc7-4646-a094-db958b0d7d6e","local_time":"20210127211553","is_ascension_mode":false,"campfire_choices":[{"data":"Tactician","floor":6.0,"key":"SMITH"},{"data":"Predator","floor":10.0,"key":"SMITH"},{"floor":15.0,"key":"REST"},{"data":"Concentrate","floor":32.0,"key":"SMITH"},{"data":"Acrobatics","floor":42.0,"key":"SMITH"},{"data":"Reflex","floor":44.0,"key":"SMITH"},{"floor":49,"key":"RECALL"},{"data":"After Image","floor":52,"key":"SMITH"}],"circlet_count":0,"master_deck":["Survivor","Tactician+1","Predator+1","Reflex+1","Acrobatics+1","Eviscerate+1","Calculated Gamble+1","Endless Agony+1","Backflip","Adrenaline","Leg Sweep","Concentrate+1","After Image+1","Prepared+1","Skewer+1","Well Laid Plans","Night Terror+1","Phantasmal Killer+1","Masterful Stab+1"],"relics":["Ring of the Snake","StrikeDummy","FossilizedHelix","Odd Mushroom","Astrolabe","Bird Faced Urn","Meat on the Bone","Empty Cage","Toxic Egg 2","Art of War","Tough Bandages","Oddly Smooth Stone"],"acts_visited":["Exordium","TheCity","TheBeyond","TheEnding"],"potions_floor_usage":[55,55,55],"damage_taken":[{"damage":1.0,"enemies":"2 Louse","floor":1.0,"turns":3.0},{"damage":0.0,"enemies":"Cultist","floor":3.0,"turns":3.0},{"damage":0.0,"enemies":"Small Slimes","floor":5.0,"turns":2.0},{"damage":0.0,"enemies":"Looter","floor":12.0,"turns":2.0},{"damage":9.0,"enemies":"The Mushroom Lair","floor":14.0,"turns":3.0},{"damage":9.0,"enemies":"Slime Boss","floor":16.0,"turns":9.0},{"damage":6.0,"enemies":"Shell Parasite","floor":18.0,"turns":3.0},{"damage":0.0,"enemies":"Chosen","floor":21.0,"turns":2.0},{"damage":0.0,"enemies":"Gremlin Leader","floor":23.0,"turns":5.0},{"damage":0.0,"enemies":"3 Cultists","floor":27.0,"turns":3.0},{"damage":0.0,"enemies":"Centurion and Healer","floor":29.0,"turns":2.0},{"damage":0.0,"enemies":"Snake Plant","floor":31.0,"turns":3.0},{"damage":0.0,"enemies":"Collector","floor":33.0,"turns":5.0},{"damage":0.0,"enemies":"3 Shapes","floor":35.0,"turns":1.0},{"damage":0.0,"enemies":"Orb Walker","floor":38.0,"turns":1.0},{"damage":0.0,"enemies":"Jaw Worm Horde","floor":39.0,"turns":2.0},{"damage":0.0,"enemies":"Reptomancer","floor":40.0,"turns":3.0},{"damage":0.0,"enemies":"Writhing Mass","floor":41.0,"turns":2.0},{"damage":0.0,"enemies":"Transient","floor":45.0,"turns":5.0},{"damage":0.0,"enemies":"Jaw Worm Horde","floor":47.0,"turns":2.0},{"damage":0,"enemies":"Sphere and 2 Shapes","floor":48,"turns":2},{"damage":0,"enemies":"Awakened One","floor":50,"turns":4},{"damage":0,"enemies":"Shield and Spear","floor":54,"turns":3},{"damage":0,"enemies":"The Heart","floor":55,"turns":5}],"seed_played":"-5369922498060853799","potions_obtained":[{"floor":1.0,"key":"SmokeBomb"},{"floor":4.0,"key":"Strength Potion"},{"floor":4.0,"key":"CultistPotion"},{"floor":21.0,"key":"Ancient Potion"},{"floor":41.0,"key":"SmokeBomb"},{"floor":48,"key":"GhostInAJar"}],"is_trial":false,"path_per_floor":["M","?","M","?","M","R","?","?","T","R","T","M","$","?","R","B",null,"M","?","$","M","?","E","?","?","T","M","T","M","?","M","R","B",null,"M","?","$","M","M","E","M","R","T","R","M","$","M","M","R","B",null,"R","$","E","B",null],"character_chosen":"THE_SILENT","items_purchased":["Eviscerate","Backflip","Phantasmal Killer+1"],"campfire_rested":1,"item_purchase_floors":[13,20,46],"current_hp_per_floor":[62,55,55,55,55,55,55,48,48,48,48,48,48,39,57,48,63,57,57,57,57,57,57,57,57,57,57,57,57,57,57,57,57,63,63,63,63,63,63,63,63,63,63,63,63,63,63,63,63,63,63,63,63,63,63],"gold":63,"neow_bonus":"REMOVE_TWO","is_daily":false,"chose_seed":false,"campfire_upgraded":6,"win_rate":0.0,"timestamp":1611753353,"path_taken":["M","?","M","?","?","R","?","?","T","R","?","M","?","?","R","BOSS","M","?","$","M","?","E","?","?","T","M","?","M","?","M","R","BOSS","M","?","$","M","M","E","M","R","T","R","M","$","M","?","R","BOSS","R","$","E","BOSS"],"items_purchased_type":["Card","Card","Card"],"build_version":"2020-12-22","purchased_purges":3,"victory":true,"max_hp_per_floor":[63,63,63,63,63,63,63,63,63,63,63,63,63,63,63,63,63,63,63,63,63,63,63,63,63,63,63,63,63,63,63,63,63,63,63,63,63,63,63,63,63,63,63,63,63,63,63,63,63,63,63,63,63,63,63],"relic_stats":{"Tough Bandages":[750],"counters":[24,75],"Astrolabe":["Eviscerate","Calculated Gamble","Endless Agony"],"Bird Faced Urn":[0],"Art of War":[1],"obtain_stats":[{"Tough Bandages":43,"Astrolabe":17,"Bird Faced Urn":23,"Oddly Smooth Stone":54,"Art of War":40,"Odd Mushroom":14,"Toxic Egg 2":36,"StrikeDummy":2,"Empty Cage":34,"FossilizedHelix":9,"Ring of the Snake":0,"Meat on the Bone":26},{"Tough Bandages":18,"Astrolabe":6,"Bird Faced Urn":9,"Oddly Smooth Stone":23,"Art of War":17,"Odd Mushroom":5,"Toxic Egg 2":14,"StrikeDummy":1,"Empty Cage":13,"FossilizedHelix":3,"Ring of the Snake":0,"Meat on the Bone":9},{"Tough Bandages":54,"Astrolabe":22,"Bird Faced Urn":32,"Oddly Smooth Stone":70,"Art of War":52,"Odd Mushroom":13,"Toxic Egg 2":46,"StrikeDummy":3,"Empty Cage":45,"FossilizedHelix":8,"Ring of the Snake":0,"Meat on the Bone":32}],"Ring of the Snake":[50],"Meat on the Bone":0},"card_choices":[{"not_picked":["Dodge and Roll","PiercingWail"],"picked":"Tactician","floor":1.0},{"not_picked":["Footwork","Slice"],"picked":"Predator","floor":3.0},{"not_picked":["Endless Agony","Underhanded Strike","Poisoned Stab"],"picked":"SKIP","floor":5.0},{"not_picked":["Accuracy","Underhanded Strike"],"picked":"Reflex","floor":12.0},{"not_picked":["Corpse Explosion","Blade Dance"],"picked":"Acrobatics","floor":14.0},{"not_picked":["Acrobatics","Footwork+1","Heel Hook"],"picked":"SKIP","floor":18.0},{"not_picked":["Dodge and Roll+1","Calculated Gamble","Flechettes+1"],"picked":"SKIP","floor":21.0},{"not_picked":["Deadly Poison","Backstab"],"picked":"Adrenaline","floor":23.0},{"not_picked":["Dagger Spray","Blade Dance","Distraction"],"picked":"SKIP","floor":27.0},{"not_picked":["Dodge and Roll","Prepared"],"picked":"Concentrate","floor":29.0},{"not_picked":["Backflip+1","Blade Dance","Heel Hook+1"],"picked":"SKIP","floor":31.0},{"not_picked":["Glass Knife","Storm of Steel"],"picked":"After Image","floor":33.0},{"not_picked":["Dagger Spray","Masterful Stab+1"],"picked":"Prepared+1","floor":35.0},{"not_picked":["Prepared+1","Deflect+1","Dagger Spray"],"picked":"SKIP","floor":38.0},{"not_picked":["Predator","Deadly Poison+1"],"picked":"Skewer+1","floor":39.0},{"not_picked":["Cloak And Dagger+1","Backstab+1","Dagger Spray"],"picked":"SKIP","floor":40.0},{"not_picked":["Acrobatics+1","Dagger Spray"],"picked":"Well Laid Plans","floor":41.0},{"not_picked":["Flying Knee","Backflip+1"],"picked":"Night Terror+1","floor":45.0},{"not_picked":["Underhanded Strike","Dagger Throw","Deflect+1"],"picked":"SKIP","floor":47.0},{"not_picked":["Cloak And Dagger+1","Calculated Gamble+1","Skewer"],"picked":"SKIP","floor":48},{"not_picked":["PiercingWail+1","Prepared+1"],"picked":"Masterful Stab+1","floor":54}],"player_experience":654297,"relics_obtained":[{"floor":9.0,"key":"FossilizedHelix"},{"floor":14.0,"key":"Odd Mushroom"},{"floor":23.0,"key":"Bird Faced Urn"},{"floor":26.0,"key":"Meat on the Bone"},{"floor":40.0,"key":"Art of War"},{"floor":43.0,"key":"Tough Bandages"},{"floor":54,"key":"Oddly Smooth Stone"}],"event_choices":[{"damage_healed":0.0,"max_hp_gain":0.0,"max_hp_loss":0.0,"gold_gain":0.0,"event_name":"Scrap Ooze","player_choice":"Success","floor":2.0,"gold_loss":0.0,"damage_taken":7.0,"relics_obtained":["StrikeDummy"]},{"damage_healed":0.0,"max_hp_gain":0.0,"max_hp_loss":0.0,"gold_gain":0.0,"event_name":"The Woman in Blue","player_choice":"Bought 2 Potions","floor":4.0,"gold_loss":0.0,"damage_taken":0.0},{"damage_healed":0.0,"max_hp_gain":0.0,"max_hp_loss":0.0,"gold_gain":30.0,"event_name":"Dead Adventurer","player_choice":"Searched \u00271\u0027 times","floor":7.0,"gold_loss":0.0,"damage_taken":0.0},{"cards_removed":["Strike_G"],"damage_healed":0.0,"max_hp_gain":0.0,"max_hp_loss":0.0,"gold_gain":0.0,"event_name":"Golden Wing","player_choice":"Card Removal","floor":8.0,"gold_loss":0.0,"damage_taken":7.0},{"damage_healed":0.0,"max_hp_gain":0.0,"max_hp_loss":0.0,"gold_gain":0.0,"event_name":"Mushrooms","player_choice":"Fought Mushrooms","floor":14.0,"gold_loss":0.0,"damage_taken":0.0},{"cards_removed":["Strike_G"],"damage_healed":0.0,"max_hp_gain":0.0,"max_hp_loss":0.0,"gold_gain":0.0,"event_name":"Beggar","player_choice":"Gave Gold","floor":19.0,"gold_loss":75.0,"damage_taken":0.0},{"damage_healed":0.0,"max_hp_gain":0.0,"max_hp_loss":0.0,"gold_gain":0.0,"event_name":"Vampires","player_choice":"Ignored","floor":22.0,"gold_loss":0.0,"damage_taken":0.0},{"damage_healed":0.0,"max_hp_gain":0.0,"max_hp_loss":0.0,"gold_gain":0.0,"event_name":"The Library","player_choice":"Read","floor":25.0,"gold_loss":0.0,"damage_taken":0.0,"cards_obtained":["Leg Sweep"]},{"damage_healed":0.0,"max_hp_gain":0.0,"max_hp_loss":0.0,"gold_gain":0.0,"event_name":"The Mausoleum","player_choice":"Ignored","floor":30.0,"gold_loss":0.0,"damage_taken":0.0},{"damage_healed":0.0,"max_hp_gain":0.0,"max_hp_loss":0.0,"gold_gain":0.0,"event_name":"WeMeetAgain","player_choice":"Gave Potion","floor":36.0,"gold_loss":0.0,"damage_taken":0.0,"relics_obtained":["Toxic Egg 2"]}],"is_beta":false,"boss_relics":[{"not_picked":["Calling Bell","Snecko Eye"],"picked":"Astrolabe"},{"not_picked":["Runic Pyramid","Busted Crown"],"picked":"Empty Cage"}],"items_purged_floors":[13,37,46],"is_endless":false,"potions_floor_spawned":[1,12,14,21,23,27,33,41,45,48],"ascension_level":0}}