{"host":"refsn2q8at3dn95k","time":1611714466,"event":{"mods":["BaseMod","Hubris","Infinite Spire","Minty Spire (QoL Compilation)","Replay The Spire","StSLib","The Jungle"],"gold_per_floor":[109,124,134,148,73,104,104,118,145,172,184,184,184,184,184,184,184],"floor_reached":16,"language":"ENG","playtime":2936,"items_purged":["Defend_R"],"score":190,"play_id":"c2484d92-40d2-48cd-811f-de16b062a87b","local_time":"20210126202746","is_ascension_mode":true,"campfire_choices":[{"data":"Heavy Blade","floor":7,"key":"SMITH"},{"floor":13,"key":"REST"},{"data":"Bash","floor":15,"key":"SMITH"}],"circlet_count":0,"master_deck":["AscendersBane","Strike_R","Strike_R","Strike_R","Strike_R","Strike_R","Defend_R","Defend_R","Defend_R","Bash+1","Clash+1","Metallicize","Heavy Blade+1"],"relics":["Burning Blood","NeowsBlessing","Mummified Hand","Art of War","ReplayTheSpireMod:Shallot"],"acts_visited":["Exordium"],"potions_floor_usage":[6,8],"damage_taken":[{"damage":0,"enemies":"Cultist","floor":1,"turns":1},{"damage":0,"enemies":"Small Slimes","floor":2,"turns":1},{"damage":0,"enemies":"2 Louse","floor":3,"turns":1},{"damage":2,"enemies":"2 Fungi Beasts","floor":4,"turns":5},{"damage":18,"enemies":"Gremlin Nob","floor":6,"turns":4},{"damage":2,"enemies":"Exordium Thugs","floor":8,"turns":4},{"damage":43,"enemies":"3 Sentries","floor":10,"turns":12},{"damage":13,"enemies":"Red Slaver","floor":11,"turns":4},{"damage":59,"enemies":"The Guardian","floor":16,"turns":8}],"seed_played":"-9098887427457799632","potions_obtained":[{"floor":1,"key":"AttackPotion"},{"floor":4,"key":"Block Potion"},{"floor":10,"key":"LiquidMemories"}],"is_trial":false,"path_per_floor":["M","M","M","M","$","E","R","M","T","E","M","?","R","?","R","B"],"character_chosen":"IRONCLAD","items_purchased":[],"campfire_rested":1,"item_purchase_floors":[],"current_hp_per_floor":[74,75,75,75,75,63,63,67,67,30,23,23,45,70,70,11,11],"gold":184,"neow_bonus":"THREE_ENEMY_KILL","is_daily":false,"chose_seed":false,"campfire_upgraded":2,"win_rate":0.0,"timestamp":1611714466,"path_taken":["M","M","M","M","?","E","R","M","T","E","M","?","R","?","R","BOSS"],"items_purchased_type":[],"build_version":"2020-12-22","purchased_purges":1,"victory":false,"max_hp_per_floor":[75,75,75,75,75,75,75,75,75,75,75,75,75,75,75,75,75],"card_choices":[{"not_picked":["Shrug It Off","hubris:ReadiedAction"],"picked":"Clash","floor":1},{"not_picked":["Flex","Blood for Blood"],"picked":"Metallicize","floor":2},{"not_picked":["Armaments","True Grit","ReplayTheSpireMod:Strike From Hell"],"picked":"SKIP","floor":3},{"not_picked":["ReplayTheSpireMod:Corrosion Curse","Shockwave"],"picked":"Heavy Blade","floor":4},{"not_picked":["Reckless Charge","Wild Strike","Defy Death"],"picked":"SKIP","floor":6},{"not_picked":["True Grit","Combust","Bloodletting"],"picked":"SKIP","floor":8},{"not_picked":["infinitespire:OneForAll","Battle Trance","Demonic Infusion"],"picked":"SKIP","floor":10},{"not_picked":["ReplayTheSpireMod:LeadingStrike","Run Through","Anger"],"picked":"SKIP","floor":11}],"player_experience":1725793,"relics_obtained":[{"floor":6,"key":"Mummified Hand"},{"floor":9,"key":"Art of War"},{"floor":10,"key":"ReplayTheSpireMod:Shallot"}],"event_choices":[{"damage_healed":25,"gold_gain":0,"player_choice":"Banana","damage_taken":0,"max_hp_gain":0,"max_hp_loss":0,"event_name":"Big Fish","floor":14,"gold_loss":0}],"is_beta":false,"boss_relics":[],"items_purged_floors":[5],"is_endless":false,"potions_floor_spawned":[1,4,10],"killed_by":"The Guardian","ascension_level":14}}