{"host":"01gbg40krdpein5y","time":1611725886,"event":{"mods":["BaseMod","BetterRewards","Minty Spire (QoL Compilation)","Permanent Neow","Remove Card Discount Mod","SuperFastMode","Transform Curses"],"gold_per_floor":[114,114,133,133,308,333,333,5,5,23,35,49,14,14,30,30,155,155,166,166,192,192,203,203,81,101,152,162,188,220,232,255,267,376,438,470,482,504,566,597,609,638,683,695,707,719,751,763,786,798,810],"floor_reached":52,"language":"ENG","playtime":4075,"items_purged":["Regret","Doubt","Writhe"],"score":956,"play_id":"778a38c0-1ff1-4505-9120-dd8737b0e4d9","local_time":"20210126213806","is_ascension_mode":false,"campfire_choices":[{"floor":7,"key":"REST"},{"data":"Storm","floor":16,"key":"SMITH"},{"data":"Creative AI","floor":24,"key":"SMITH"},{"floor":33,"key":"REST"},{"data":"Loop","floor":41,"key":"SMITH"},{"data":"Mayhem","floor":46,"key":"SMITH"},{"floor":50,"key":"REST"}],"circlet_count":0,"master_deck":["Strike_B","Strike_B","Strike_B","Defend_B+1","Defend_B","Defend_B","Zap","Dualcast","Heatsinks","Sadistic Nature","Genetic Algorithm+1","BootSequence","Static Discharge","Storm+1","Mayhem+1","White Noise+1","Creative AI+1","Steam+1","Electrodynamics","Conserve Battery+1","Turbo+1","Loop+1","Rebound+1","Double Energy+1","Thunder Strike","Static Discharge+1","Barrage+1","Electrodynamics","Turbo+1","Heatsinks+1","Parasite","Turbo+1","Writhe","Heatsinks+1","Iron Wave","BootSequence+1"],"relics":["Cracked Core","Question Card","Runic Capacitor","Meat on the Bone","DataDisk","Toxic Egg 2","Black Star","Smiling Mask","Bag of Preparation","Ancient Tea Set","White Beast Statue","MawBank","Tiny House","StoneCalendar","Toy Ornithopter","Vajra","Potion Belt"],"acts_visited":["Exordium","TheCity","TheBeyond"],"potions_floor_usage":[6,17,23,26,28,29,29,30,34,34,34,36,36,38,40,40,51,51,51,51,51],"damage_taken":[{"damage":8,"enemies":"Jaw Worm","floor":1,"turns":3},{"damage":11,"enemies":"2 Louse","floor":3,"turns":2},{"damage":41,"enemies":"Lagavulin","floor":6,"turns":9},{"damage":0,"enemies":"Cultist","floor":10,"turns":3},{"damage":10,"enemies":"2 Fungi Beasts","floor":11,"turns":3},{"damage":20,"enemies":"Exordium Thugs","floor":12,"turns":3},{"damage":2,"enemies":"Large Slime","floor":15,"turns":5},{"damage":10,"enemies":"Slime Boss","floor":17,"turns":6},{"damage":11,"enemies":"Spheric Guardian","floor":19,"turns":4},{"damage":0,"enemies":"Shell Parasite","floor":23,"turns":3},{"damage":28,"enemies":"Snake Plant","floor":26,"turns":5},{"damage":0,"enemies":"Sentry and Sphere","floor":28,"turns":3},{"damage":0,"enemies":"Gremlin Leader","floor":29,"turns":3},{"damage":0,"enemies":"Centurion and Healer","floor":30,"turns":2},{"damage":1,"enemies":"Snake Plant","floor":32,"turns":4},{"damage":11,"enemies":"Automaton","floor":34,"turns":4},{"damage":20,"enemies":"3 Darklings","floor":36,"turns":4},{"damage":0,"enemies":"3 Shapes","floor":38,"turns":2},{"damage":27,"enemies":"Mind Bloom Boss Battle","floor":39,"turns":4},{"damage":17,"enemies":"3 Darklings","floor":40,"turns":3},{"damage":2,"enemies":"Writhing Mass","floor":42,"turns":4},{"damage":41,"enemies":"Nemesis","floor":43,"turns":5},{"damage":0,"enemies":"Transient","floor":47,"turns":5},{"damage":17,"enemies":"3 Darklings","floor":49,"turns":2},{"damage":44,"enemies":"Awakened One","floor":51,"turns":8}],"seed_played":"1585956450632215587","potions_obtained":[{"floor":3,"key":"SpeedPotion"},{"floor":11,"key":"FocusPotion"},{"floor":15,"key":"ColorlessPotion"},{"floor":22,"key":"PowerPotion"},{"floor":26,"key":"GamblersBrew"},{"floor":28,"key":"BlessingOfTheForge"},{"floor":29,"key":"PowerPotion"},{"floor":30,"key":"Explosive Potion"},{"floor":32,"key":"FocusPotion"},{"floor":34,"key":"Weak Potion"},{"floor":35,"key":"EssenceOfSteel"},{"floor":36,"key":"EssenceOfDarkness"},{"floor":38,"key":"Weak Potion"},{"floor":39,"key":"Weak Potion"},{"floor":40,"key":"Explosive Potion"},{"floor":42,"key":"SpeedPotion"},{"floor":43,"key":"BlessingOfTheForge"},{"floor":47,"key":"Regen Potion"},{"floor":49,"key":"LiquidMemories"}],"is_trial":false,"path_per_floor":["M","?","M","?","?","E","R","$","T","M","M","M","?","?","M","R","B",null,"M","?","T","?","M","R","$","M","T","M","E","M","?","M","R","B",null,"M","?","M","?","M","R","M","E","T","?","R","M","?","M","R","B",null],"character_chosen":"DEFECT","items_purchased":["Question Card","Runic Capacitor","Heatsinks","Sadistic Nature","Storm","Mayhem","EssenceOfSteel","Loop","SkillPotion"],"campfire_rested":3,"item_purchase_floors":[0,0,0,0,8,8,8,25,25],"current_hp_per_floor":[67,67,56,56,56,27,49,49,49,49,39,31,49,75,73,73,63,75,64,64,64,64,64,64,64,48,48,48,48,48,48,47,69,58,80,60,60,60,45,40,40,50,21,21,41,41,41,41,36,60,52],"gold":822,"neow_bonus":"","is_daily":false,"chose_seed":false,"campfire_upgraded":4,"win_rate":0.0,"timestamp":1611725886,"path_taken":["M","?","M","?","?","E","R","$","T","M","M","?","?","?","?","R","BOSS","M","?","?","?","?","R","?","M","T","M","E","M","?","M","R","BOSS","M","?","?","?","M","R","M","E","T","?","R","M","?","?","R","BOSS"],"items_purchased_type":["Relic","Relic","Card","Card","Card","Card","Potion","Card","Potion"],"build_version":"2020-12-22","purchased_purges":3,"victory":true,"max_hp_per_floor":[75,75,75,75,75,75,75,75,75,75,75,75,75,75,75,75,75,75,75,75,75,75,75,75,75,75,75,75,75,75,75,75,75,75,80,80,80,80,80,80,80,80,80,80,80,80,80,80,80,80,80],"card_choices":[{"not_picked":["Sweeping Beam","Turbo","Gash"],"picked":"Genetic Algorithm","floor":1},{"not_picked":["Steam","Stack","Chaos"],"picked":"BootSequence","floor":3},{"not_picked":["Rip and Tear","Gash","Turbo"],"picked":"Static Discharge","floor":6},{"not_picked":["Reprogram+1","Cold Snap","Coolheaded+1"],"picked":"White Noise+1","floor":10},{"not_picked":["Defragment","Skim+1","Go for the Eyes"],"picked":"Creative AI","floor":11},{"not_picked":["Stack+1","Streamline","Rebound"],"picked":"Steam+1","floor":12},{"not_picked":["Stack+1","Rebound","Genetic Algorithm+1","Beam Cell"],"picked":"SKIP","floor":15},{"not_picked":["Hyperbeam","Machine Learning","Meteor Strike"],"picked":"Electrodynamics","floor":17},{"not_picked":["Redo+1","Cold Snap","Rebound+1"],"picked":"Conserve Battery+1","floor":19},{"not_picked":["Hologram+1","Coolheaded+1","Chaos+1"],"picked":"Turbo+1","floor":23},{"not_picked":["Chaos+1","Leap+1","Cold Snap"],"picked":"Rebound+1","floor":26},{"not_picked":["Auto Shields+1","Conserve Battery+1","Compile Driver"],"picked":"Double Energy+1","floor":28},{"not_picked":["Coolheaded+1","Redo+1","Steam+1"],"picked":"Thunder Strike","floor":29},{"not_picked":["Rebound","Stack+1","Compile Driver"],"picked":"Static Discharge+1","floor":30},{"not_picked":["Hologram+1","Streamline+1","Conserve Battery+1"],"picked":"Barrage+1","floor":32},{"not_picked":["Creative AI","Multi-Cast+1","Seek+1"],"picked":"Electrodynamics","floor":34},{"not_picked":["Chaos+1","Redo+1","Lockon"],"picked":"Turbo+1","floor":35},{"not_picked":["FTL","Steam+1","Ball Lightning+1","Beam Cell+1"],"picked":"SKIP","floor":36},{"not_picked":["Leap+1","Go for the Eyes","Stack+1","Streamline"],"picked":"SKIP","floor":38},{"not_picked":["Coolheaded+1","Cold Snap","Compile Driver"],"picked":"Heatsinks+1","floor":40},{"not_picked":["Stack+1","Streamline","All For One","Go for the Eyes+1"],"picked":"SKIP","floor":42},{"not_picked":["Scrape","Rebound+1","Sweeping Beam"],"picked":"Turbo+1","floor":43},{"not_picked":["Compile Driver","BootSequence+1","Meteor Strike"],"picked":"Heatsinks+1","floor":47},{"not_picked":["Glacier+1","Coolheaded+1","Chill+1"],"picked":"BootSequence+1","floor":49}],"player_experience":429654,"relics_obtained":[{"floor":6,"key":"DataDisk"},{"floor":9,"key":"Toxic Egg 2"},{"floor":21,"key":"Bag of Preparation"},{"floor":27,"key":"Ancient Tea Set"},{"floor":29,"key":"White Beast Statue"},{"floor":29,"key":"MawBank"},{"floor":39,"key":"StoneCalendar"},{"floor":43,"key":"Toy Ornithopter"},{"floor":43,"key":"Vajra"},{"floor":44,"key":"Potion Belt"}],"event_choices":[{"damage_healed":0,"gold_gain":0,"player_choice":"Grow","damage_taken":0,"max_hp_gain":0,"max_hp_loss":0,"event_name":"Living Wall","floor":2,"gold_loss":0,"cards_upgraded":["Genetic Algorithm"]},{"damage_healed":0,"gold_gain":0,"player_choice":"Box","damage_taken":0,"relics_obtained":["Meat on the Bone"],"max_hp_gain":0,"max_hp_loss":0,"event_name":"Big Fish","floor":4,"gold_loss":0,"cards_obtained":["Regret"]},{"damage_healed":0,"gold_gain":175,"player_choice":"AGREE","damage_taken":0,"max_hp_gain":0,"max_hp_loss":0,"event_name":"Liars Game","floor":5,"gold_loss":0,"cards_obtained":["Doubt"]},{"damage_healed":18,"gold_gain":0,"player_choice":"Healed","damage_taken":0,"max_hp_gain":0,"max_hp_loss":0,"event_name":"The Cleric","floor":13,"gold_loss":35},{"damage_healed":26,"gold_gain":0,"player_choice":"Full Heal","damage_taken":0,"max_hp_gain":0,"max_hp_loss":0,"event_name":"Wheel of Change","floor":14,"gold_loss":0},{"damage_healed":0,"gold_gain":0,"player_choice":"Opened","damage_taken":0,"relics_obtained":["Smiling Mask"],"max_hp_gain":0,"max_hp_loss":0,"event_name":"The Mausoleum","floor":20,"gold_loss":0,"cards_obtained":["Writhe"]},{"damage_healed":0,"gold_gain":0,"player_choice":"Got Potions","damage_taken":0,"max_hp_gain":0,"max_hp_loss":0,"event_name":"Lab","floor":22,"gold_loss":0},{"damage_healed":0,"gold_gain":0,"player_choice":"Ignored","damage_taken":0,"max_hp_gain":0,"max_hp_loss":0,"event_name":"Ghosts","floor":31,"gold_loss":0},{"cards_removed":["Defend_B"],"damage_healed":0,"gold_gain":0,"player_choice":"Purged","damage_taken":0,"max_hp_gain":0,"max_hp_loss":0,"event_name":"Purifier","floor":37,"gold_loss":0},{"damage_healed":0,"gold_gain":0,"player_choice":"Fight","damage_taken":0,"max_hp_gain":0,"max_hp_loss":0,"event_name":"MindBloom","floor":39,"gold_loss":0},{"damage_healed":20,"gold_gain":0,"player_choice":"Writhe","damage_taken":0,"max_hp_gain":0,"max_hp_loss":0,"event_name":"Winding Halls","floor":45,"gold_loss":0,"cards_obtained":["Writhe"]},{"cards_removed":["Strike_B"],"damage_healed":0,"gold_gain":0,"player_choice":"Took Card","damage_taken":0,"max_hp_gain":0,"max_hp_loss":0,"event_name":"NoteForYourself","floor":48,"gold_loss":0,"cards_obtained":["Iron Wave"]}],"is_beta":false,"boss_relics":[{"not_picked":["Inserter","Busted Crown"],"picked":"Black Star"},{"not_picked":["Nuclear Battery","Velvet Choker"],"picked":"Tiny House"}],"items_purged_floors":[8,8,25],"is_endless":false,"potions_floor_spawned":[3,11,15,26,28,29,30,32,34,36,38,39,40,42,43,47,49],"ascension_level":0}}