{"host":"9slw7l0ws16384qq","time":1611746495,"event":{"mods":["A Penny For Your Troubles","BaseMod","Clockwork Mod","Colored Map","Evolution","Hermit","Hubris","Minty Spire (QoL Compilation)","Railgun Mod","Replay The Spire","Shedinja","StS++","StSLib","The Dragon Tamer"],"gold_per_floor":[112,112,129,141,152,184,184,203,227,227,227,8,40,40,40,40,40],"floor_reached":16,"language":"FRA","playtime":332,"items_purged":["Pain"],"score":210,"play_id":"962bbcce-0bc1-4875-bab1-27a309b447da","local_time":"20210127122135","is_ascension_mode":false,"campfire_choices":[{"data":"TheRailgun:Heroinism","floor":11.0,"key":"SMITH"},{"data":"TheRailgun:Heroinism","floor":15.0,"key":"SMITH"}],"circlet_count":0,"master_deck":["TheRailgun:Electrical_Fire+1","TheRailgun:Electrical_Fire","TheRailgun:Electrical_Fire+1","TheRailgun:Electrical_Fire","TheRailgun:Defend","TheRailgun:Defend","TheRailgun:Defend","TheRailgun:Defend","TheRailgun:Discharge","TheRailgun:Static","TheRailgun:Zip","TheRailgun:Mental_Out+1","TheRailgun:Heroinism+1","TheRailgun:Heroinism+1"],"relics":["TheRailgun:CoinRelic","EVO:Axolotl","Replay:Bottled Steam","Shedinja:ExtraMaxHp","Vajra","Ring of Hypnosis","ReplayTheSpireMod:Ring of Exchange","Whetstone","ReplayFunnel"],"acts_visited":["Exordium"],"potions_floor_usage":[],"damage_taken":[{"damage":1.0,"enemies":"Jaw Worm","floor":1.0,"turns":3.0},{"damage":0.0,"enemies":"Cultist","floor":3.0,"turns":3.0},{"damage":0.0,"enemies":"2 Louse","floor":4.0,"turns":3.0},{"damage":8.0,"enemies":"Exordium Wildlife","floor":5.0,"turns":3.0},{"damage":12.0,"enemies":"Lagavulin","floor":6.0,"turns":6.0},{"damage":8.0,"enemies":"Blue Slaver","floor":8.0,"turns":5.0},{"damage":0.0,"enemies":"3 Sentries","floor":13.0,"turns":2.0},{"damage":0,"enemies":"Fading Forest","floor":16,"turns":1}],"seed_played":"1638626423713762458","potions_obtained":[{"floor":1.0,"key":"Fire Potion"},{"floor":5.0,"key":"Swift Potion"},{"floor":8.0,"key":"Elixir"},{"floor":13.0,"key":"Strength Potion"}],"is_trial":false,"path_per_floor":["M","?","M","M","M","E","?","M","T","?","R","$","E","$","R","B"],"character_chosen":"THE_DEFAULT","items_purchased":["Whetstone"],"campfire_rested":0,"item_purchase_floors":[12],"current_hp_per_floor":[87,87,87,87,79,67,67,59,59,59,59,59,59,59,59,59,59],"gold":40,"neow_bonus":"TEN_PERCENT_HP_BONUS","is_daily":false,"chose_seed":false,"campfire_upgraded":2,"win_rate":0.0,"timestamp":1611746495,"path_taken":["M","?","M","M","?","E","?","M","T","?","R","$","E","?","R","BOSS"],"items_purchased_type":["Relic"],"build_version":"2020-12-22","purchased_purges":1,"victory":false,"max_hp_per_floor":[88,88,88,88,88,88,88,88,88,88,88,88,88,88,88,88,88],"card_choices":[{"not_picked":["TheRailgun:Negative_Field","TheRailgun:Taser"],"picked":"TheRailgun:Mental_Out","floor":1.0},{"not_picked":["TheRailgun:Spark","TheRailgun:Lightning_Speed","TheRailgun:Recharge"],"picked":"SKIP","floor":3.0},{"not_picked":["TheRailgun:Electric_Fence","TheRailgun:Recharge","TheRailgun:Spark"],"picked":"SKIP","floor":4.0},{"not_picked":["TheRailgun:Lightning_Speed","TheRailgun:Gekota_Phone"],"picked":"TheRailgun:Heroinism","floor":5.0},{"not_picked":["TheRailgun:Lightningbolt","TheRailgun:Battery_Pack"],"picked":"TheRailgun:Heroinism","floor":6.0},{"not_picked":["TheRailgun:Circuit_Breaker","TheRailgun:Iron_Dust_Vial","TheRailgun:Spark"],"picked":"SKIP","floor":8.0},{"not_picked":["TheRailgun:Iron_Dust_Field","TheRailgun:Rewiring","TheRailgun:Electric_Fence"],"picked":"SKIP","floor":13.0}],"player_experience":1857162,"relics_obtained":[{"floor":6.0,"key":"Replay:Bottled Steam"},{"floor":9.0,"key":"Vajra"},{"floor":10.0,"key":"Ring of Hypnosis"},{"floor":10.0,"key":"ReplayTheSpireMod:Ring of Exchange"},{"floor":13.0,"key":"ReplayFunnel"}],"event_choices":[{"damage_healed":0.0,"max_hp_gain":0.0,"max_hp_loss":0.0,"gold_gain":0.0,"event_name":"Upgrade Shrine","player_choice":"Upgraded","floor":2.0,"gold_loss":0.0,"damage_taken":0.0,"cards_upgraded":["TheRailgun:Mental_Out"]}],"is_beta":false,"boss_relics":[],"items_purged_floors":[12],"is_endless":false,"potions_floor_spawned":[1,5,8,13],"killed_by":"Fading Forest","ascension_level":0}}