{"host":"q3s8ewiy6v9taln3","time":1611708393,"event":{"mods":["BaseMod","Minty Spire (QoL Compilation)"],"gold_per_floor":[212,212,287,1,17,49,49,65,92,92,92,106,136,36,36,36,36],"floor_reached":16,"language":"ENG","playtime":446,"items_purged":["Strike_R","Strike_R"],"score":135,"play_id":"b887de84-a9c1-4716-9951-f67d0f537ce5","local_time":"20210126194633","is_ascension_mode":true,"campfire_choices":[{"data":"Bash","floor":7,"key":"SMITH"},{"data":"Spot Weakness","floor":11,"key":"SMITH"},{"floor":15,"key":"REST"}],"circlet_count":0,"master_deck":["Strike_R","Strike_R","Defend_R","Defend_R","Defend_R","Defend_R","Bash+1","Clothesline","Spot Weakness+1","Shrug It Off","Spot Weakness"],"relics":["Burning Blood","ClockworkSouvenir","Blood Vial","Art of War","Juzu Bracelet"],"acts_visited":["Exordium"],"potions_floor_usage":[],"damage_taken":[{"damage":4,"enemies":"Small Slimes","floor":1,"turns":4},{"damage":6,"enemies":"Jaw Worm","floor":5,"turns":5},{"damage":37,"enemies":"Gremlin Nob","floor":6,"turns":5},{"damage":0,"enemies":"2 Louse","floor":8,"turns":2},{"damage":26,"enemies":"Lots of Slimes","floor":12,"turns":4},{"damage":22,"enemies":"Lagavulin","floor":13,"turns":6},{"damage":61,"enemies":"Slime Boss","floor":16,"turns":12}],"seed_played":"478127806425464596","potions_obtained":[{"floor":1,"key":"BlessingOfTheForge"}],"is_trial":false,"path_per_floor":["M","?","?","$","M","E","R","M","T","?","R","M","E","$","R","B"],"character_chosen":"IRONCLAD","items_purchased":["ClockworkSouvenir","Spot Weakness"],"campfire_rested":1,"item_purchase_floors":[4,4],"current_hp_per_floor":[80,80,69,69,69,38,38,46,46,80,80,60,46,46,70,11,11],"gold":36,"neow_bonus":"HUNDRED_GOLD","is_daily":false,"chose_seed":false,"campfire_upgraded":2,"win_rate":0.0,"timestamp":1611708393,"path_taken":["M","?","?","$","M","E","R","M","T","?","R","M","E","$","R","BOSS"],"items_purchased_type":["Relic","Card"],"build_version":"2020-12-22","purchased_purges":2,"victory":false,"max_hp_per_floor":[80,80,80,80,80,80,80,80,80,80,80,80,80,80,80,80,80],"card_choices":[{"not_picked":["Rage","Clash","Anger"],"picked":"SKIP","floor":1},{"not_picked":["Carnage","True Grit"],"picked":"Shrug It Off","floor":5},{"not_picked":["Berserk","Wild Strike"],"picked":"Spot Weakness","floor":6},{"not_picked":["Entrench","Thunderclap","Uppercut"],"picked":"SKIP","floor":8},{"not_picked":["Battle Trance","Clash","Shrug It Off"],"picked":"SKIP","floor":12},{"not_picked":["Anger","True Grit","Body Slam"],"picked":"SKIP","floor":13}],"player_experience":141958,"relics_obtained":[{"floor":6,"key":"Blood Vial"},{"floor":9,"key":"Art of War"},{"floor":13,"key":"Juzu Bracelet"}],"event_choices":[{"damage_healed":0,"gold_gain":0,"cards_transformed":["Strike_R"],"player_choice":"Change","damage_taken":0,"max_hp_gain":0,"max_hp_loss":0,"event_name":"Living Wall","floor":2,"gold_loss":0,"cards_obtained":["Clothesline"]},{"damage_healed":0,"gold_gain":75,"player_choice":"Gather Gold","damage_taken":11,"max_hp_gain":0,"max_hp_loss":0,"event_name":"World of Goop","floor":3,"gold_loss":0},{"damage_healed":34,"gold_gain":0,"player_choice":"Full Heal","damage_taken":0,"max_hp_gain":0,"max_hp_loss":0,"event_name":"Wheel of Change","floor":10,"gold_loss":0}],"is_beta":false,"boss_relics":[],"items_purged_floors":[4,14],"is_endless":false,"potions_floor_spawned":[1],"killed_by":"Slime Boss","ascension_level":5}}