{"host":"1dhlu4qzehvrzpot","time":1611768982,"event":{"mods":["2.2 Compatiblity","AchievementEnabler","BaseMod","Block Reminder","Minty Spire (QoL Compilation)","Permanent Neow","Quick Restart","Rare Cards Sparkle","Relic Stats","Say the Spire","Slay-I","StSLib","SuperFastMode"],"gold_per_floor":[114,289,239,254,21,21,51,51,126,126,156,171,201,216,216,316,316,331,346,361,361,376,376,406,421,421,451,224,224,224,239,254,254,354,354,369,384,384,434,449,479,479,321,321,371,401,416,446,461,461,461,461],"floor_reached":51,"language":"ENG","playtime":1566,"items_purged":["Writhe"],"score":872,"play_id":"dadb3b9a-6aa6-4c9c-b9a1-35aa43a2dd0c","local_time":"20210127183622","daily_mods":["Draft","Colorless Cards","Terminal"],"is_ascension_mode":false,"campfire_choices":[{"data":"Accuracy","floor":6.0,"key":"SMITH"},{"data":"Mind Blast","floor":8.0,"key":"SMITH"},{"data":"Slice","floor":10.0,"key":"SMITH"},{"data":"Finisher","floor":15.0,"key":"SMITH"},{"data":"Panacea","floor":23,"key":"SMITH"},{"data":"Footwork","floor":29,"key":"SMITH"},{"data":"Cloak And Dagger","floor":33,"key":"SMITH"},{"data":"Panache","floor":42,"key":"SMITH"},{"floor":50,"key":"REST"}],"circlet_count":0,"master_deck":["Slice+1","Quick Slash+1","Underhanded Strike","Trip","Finesse","Finisher+1","PiercingWail","PiercingWail","Cloak And Dagger","Cloak And Dagger","Backflip","Cloak And Dagger+1","Dodge and Roll","Mind Blast+1","Cloak And Dagger","Dark Shackles","Sucker Punch","Accuracy+1","Cloak And Dagger","Sucker Punch","Dark Shackles","Panacea+1","Secret Technique","Unload","Escape Plan+1","Skewer","Eviscerate+1","Footwork+1","Predator+1","Panache","Dramatic Entrance","Secret Weapon","Trip","Panache+1","Prepared+1","Blade Dance","Panache","Night Terror"],"relics":["Ring of the Snake","Membership Card","Bottled Flame","Mercury Hourglass","Oddly Smooth Stone","Bag of Marbles","Philosopher\u0027s Stone","Boot","Darkstone Periapt","Blue Candle","Nunchaku","Turnip","WristBlade","Torii","Bag of Preparation","Vajra","Pantograph","TungstenRod","Whetstone","Anchor"],"acts_visited":["Exordium","TheCity","TheBeyond"],"potions_floor_usage":[27,34,34,48,49,51,51],"damage_taken":[{"damage":0.0,"enemies":"Small Slimes","floor":1.0,"turns":2.0},{"damage":0.0,"enemies":"2 Louse","floor":4.0,"turns":2.0},{"damage":0.0,"enemies":"Lagavulin","floor":7.0,"turns":6.0},{"damage":0.0,"enemies":"3 Sentries","floor":11.0,"turns":4.0},{"damage":0.0,"enemies":"Jaw Worm","floor":12.0,"turns":2.0},{"damage":0.0,"enemies":"Gremlin Nob","floor":13.0,"turns":2.0},{"damage":0.0,"enemies":"Lots of Slimes","floor":14.0,"turns":2.0},{"damage":1.0,"enemies":"The Guardian","floor":16.0,"turns":6.0},{"damage":0.0,"enemies":"3 Byrds","floor":18.0,"turns":3.0},{"damage":0.0,"enemies":"Spheric Guardian","floor":19.0,"turns":3.0},{"damage":0.0,"enemies":"Centurion and Healer","floor":20.0,"turns":4.0},{"damage":0,"enemies":"Snake Plant","floor":22,"turns":1},{"damage":0,"enemies":"Book of Stabbing","floor":24,"turns":3},{"damage":2,"enemies":"3 Cultists","floor":25,"turns":3},{"damage":0,"enemies":"Gremlin Leader","floor":27,"turns":4},{"damage":0,"enemies":"Snecko","floor":31,"turns":2},{"damage":0,"enemies":"Shelled Parasite and Fungi","floor":32,"turns":2},{"damage":3,"enemies":"Collector","floor":34,"turns":5},{"damage":1,"enemies":"3 Shapes","floor":36,"turns":1},{"damage":0,"enemies":"3 Darklings","floor":37,"turns":1},{"damage":0,"enemies":"2 Orb Walkers","floor":39,"turns":3},{"damage":0,"enemies":"Writhing Mass","floor":40,"turns":3},{"damage":0,"enemies":"Reptomancer","floor":41,"turns":2},{"damage":6,"enemies":"Mind Bloom Boss Battle","floor":45,"turns":2},{"damage":0,"enemies":"Giant Head","floor":46,"turns":4},{"damage":0,"enemies":"4 Shapes","floor":47,"turns":2},{"damage":0,"enemies":"Nemesis","floor":48,"turns":3},{"damage":11,"enemies":"Transient","floor":49,"turns":5},{"damage":48,"enemies":"Awakened One","floor":51,"turns":6}],"seed_played":"-992185634128019100","potions_obtained":[{"floor":4.0,"key":"GamblersBrew"},{"floor":7.0,"key":"LiquidMemories"},{"floor":16.0,"key":"Swift Potion"},{"floor":18.0,"key":"Energy Potion"},{"floor":20,"key":"Explosive Potion"},{"floor":27,"key":"DistilledChaos"},{"floor":32,"key":"AttackPotion"},{"floor":39,"key":"Fire Potion"},{"floor":41,"key":"Strength Potion"},{"floor":49,"key":"Dexterity Potion"}],"is_trial":false,"path_per_floor":["M","?","?","M","$","R","E","R","T","R","E","M","E","M","R","B",null,"M","M","M","?","M","R","E","M","T","E","$","R","?","M","M","R","B",null,"M","M","?","?","M","E","R","$","T","?","E","M","E","M","R","B"],"character_chosen":"THE_SILENT","items_purchased":["Membership Card","Accuracy","Cloak And Dagger","ColorlessPotion","Turnip","Footwork","Vajra","Panache"],"campfire_rested":1,"item_purchase_floors":[5,5,5,5,28,28,43,43],"current_hp_per_floor":[68,67,66,65,64,63,62,61,60,59,58,57,56,55,54,53,52,51,50,49,48,47,46,45,43,43,42,41,40,39,38,37,36,33,34,33,32,22,22,22,22,22,22,22,19,19,19,19,8,14,0,0],"gold":461,"neow_bonus":"","is_daily":true,"chose_seed":false,"campfire_upgraded":8,"win_rate":0.0,"timestamp":1611768982,"path_taken":["M","?","?","M","?","R","E","R","T","R","E","M","E","?","R","BOSS","M","?","M","?","M","R","E","M","T","E","$","R","?","?","M","R","BOSS","M","M","?","?","M","E","R","$","T","?","E","M","E","M","R","BOSS"],"items_purchased_type":["Relic","Card","Card","Potion","Relic","Card","Relic","Card"],"build_version":"2020-12-22","purchased_purges":1,"victory":false,"max_hp_per_floor":[68,67,66,65,64,63,62,61,60,59,58,57,56,55,54,53,52,51,50,49,48,47,46,45,44,43,42,41,40,39,38,37,36,35,34,33,32,31,30,29,28,27,26,25,24,23,22,21,20,19,19,19],"relic_stats":{"Darkstone Periapt":0,"Torii":6,"counters":[29,87],"Blue Candle":[0],"Bag of Preparation":[12],"Whetstone":["Predator","Quick Slash"],"Boot":[35],"Mercury Hourglass":[368],"Nunchaku":[12],"Pantograph":8,"Turnip":[3],"obtain_stats":[{"Darkstone Periapt":24,"Torii":39,"Blue Candle":26,"Oddly Smooth Stone":11,"Vajra":43,"Bag of Preparation":41,"Whetstone":46,"Boot":21,"Mercury Hourglass":9,"Bottled Flame":7,"Nunchaku":27,"Anchor":48,"WristBlade":35,"Pantograph":44,"Philosopher\u0027s Stone":17,"Turnip":28,"Bag of Marbles":13,"Membership Card":5,"TungstenRod":45,"Ring of the Snake":0},{"Darkstone Periapt":13,"Torii":21,"Blue Candle":14,"Oddly Smooth Stone":4,"Vajra":23,"Bag of Preparation":23,"Whetstone":25,"Boot":11,"Mercury Hourglass":3,"Bottled Flame":3,"Nunchaku":15,"Anchor":27,"WristBlade":18,"Pantograph":23,"Philosopher\u0027s Stone":8,"Turnip":15,"Bag of Marbles":6,"Membership Card":2,"TungstenRod":24,"Ring of the Snake":0},{"Darkstone Periapt":40,"Torii":60,"Blue Candle":43,"Oddly Smooth Stone":14,"Vajra":65,"Bag of Preparation":65,"Whetstone":71,"Boot":36,"Mercury Hourglass":10,"Bottled Flame":10,"Nunchaku":47,"Anchor":76,"WristBlade":56,"Pantograph":65,"Philosopher\u0027s Stone":26,"Turnip":47,"Bag of Marbles":18,"Membership Card":4,"TungstenRod":67,"Ring of the Snake":0}],"TungstenRod":6,"Ring of the Snake":[58]},"card_choices":[{"not_picked":["Backflip","Acrobatics"],"picked":"Slice","floor":0.0},{"not_picked":["Prepared","Cloak And Dagger"],"picked":"Quick Slash","floor":0.0},{"not_picked":["PanicButton","Enlightenment"],"picked":"Underhanded Strike","floor":0.0},{"not_picked":["Flying Knee","Impatience"],"picked":"Trip","floor":0.0},{"not_picked":["Endless Agony","Catalyst"],"picked":"Finesse","floor":0.0},{"not_picked":["Acrobatics","PiercingWail"],"picked":"Finisher","floor":0.0},{"not_picked":["Dagger Spray","Bane"],"picked":"PiercingWail","floor":0.0},{"not_picked":["Prepared","Deadly Poison"],"picked":"PiercingWail","floor":0.0},{"not_picked":["Quick Slash","Expertise"],"picked":"Cloak And Dagger","floor":0.0},{"not_picked":["Quick Slash","Mind Blast"],"picked":"Cloak And Dagger","floor":0.0},{"not_picked":["Deadly Poison","Poisoned Stab"],"picked":"Backflip","floor":0.0},{"not_picked":["Dodge and Roll","Flying Knee"],"picked":"Cloak And Dagger","floor":0.0},{"not_picked":["Underhanded Strike","Acrobatics"],"picked":"Dodge and Roll","floor":0.0},{"not_picked":["Predator","Escape Plan"],"picked":"Mind Blast","floor":0.0},{"not_picked":["Caltrops","Flying Knee"],"picked":"Cloak And Dagger","floor":0.0},{"not_picked":["Bane","Poisoned Stab"],"picked":"Dark Shackles","floor":1.0},{"not_picked":["Outmaneuver","Bandage Up"],"picked":"Sucker Punch","floor":4.0},{"not_picked":["Crippling Poison","Bandage Up"],"picked":"Sucker Punch","floor":7.0},{"not_picked":["Acrobatics","Deadly Poison"],"picked":"Dark Shackles","floor":11.0},{"not_picked":["Prepared","Madness"],"picked":"Panacea","floor":12.0},{"not_picked":["Deep Breath","Catalyst","Outmaneuver"],"picked":"SKIP","floor":13.0},{"not_picked":["Poisoned Stab","Crippling Poison"],"picked":"Secret Technique","floor":14.0},{"not_picked":["Secret Technique","Grand Finale"],"picked":"Unload","floor":16.0},{"not_picked":["Bouncing Flask","Deflect"],"picked":"Escape Plan+1","floor":18.0},{"not_picked":["Sucker Punch","Quick Slash+1","Distraction"],"picked":"SKIP","floor":19.0},{"not_picked":["Deadly Poison+1","Deflect"],"picked":"Skewer","floor":20},{"not_picked":["Poisoned Stab+1","Dagger Spray","Sucker Punch+1"],"picked":"SKIP","floor":22},{"not_picked":["Bullet Time","Expertise"],"picked":"Eviscerate+1","floor":24},{"not_picked":["Setup","Slice"],"picked":"PiercingWail","floor":25},{"not_picked":["Crippling Poison","Storm of Steel","Blind"],"picked":"SKIP","floor":27},{"not_picked":["Prepared+1","Cloak And Dagger","Catalyst+1"],"picked":"SKIP","floor":31},{"not_picked":["Prepared","Flying Knee"],"picked":"Predator","floor":32},{"not_picked":["Apotheosis","Master of Strategy"],"picked":"Panache","floor":34},{"not_picked":["Caltrops","Underhanded Strike"],"picked":"Dramatic Entrance","floor":36},{"not_picked":["Poisoned Stab","Deep Breath+1","Caltrops"],"picked":"SKIP","floor":37},{"not_picked":["Transmutation","Apotheosis"],"picked":"Secret Weapon","floor":38},{"not_picked":["Apotheosis","Mind Blast"],"picked":"Trip","floor":38},{"not_picked":["Master of Strategy","Thinking Ahead"],"picked":"Panache","floor":38},{"not_picked":["Acrobatics+1","Underhanded Strike"],"picked":"Prepared+1","floor":40},{"not_picked":["Crippling Poison","Cloak And Dagger"],"picked":"Blade Dance","floor":41},{"not_picked":["Outmaneuver+1","Cloak And Dagger+1"],"picked":"Night Terror","floor":46},{"not_picked":["Deep Breath+1","Dodge and Roll","Dagger Spray+1"],"picked":"SKIP","floor":47},{"not_picked":["Flying Knee+1","Terror+1","Forethought"],"picked":"SKIP","floor":48},{"not_picked":["Prepared","Secret Weapon","Dagger Spray"],"picked":"SKIP","floor":49}],"player_experience":534868,"relics_obtained":[{"floor":7.0,"key":"Bottled Flame"},{"floor":9.0,"key":"Mercury Hourglass"},{"floor":11.0,"key":"Oddly Smooth Stone"},{"floor":13.0,"key":"Bag of Marbles"},{"floor":24,"key":"Darkstone Periapt"},{"floor":26,"key":"Blue Candle"},{"floor":27,"key":"Nunchaku"},{"floor":39,"key":"Torii"},{"floor":41,"key":"Bag of Preparation"},{"floor":44,"key":"Pantograph"},{"floor":45,"key":"TungstenRod"},{"floor":46,"key":"Whetstone"},{"floor":48,"key":"Anchor"}],"event_choices":[{"damage_healed":0.0,"max_hp_gain":0.0,"max_hp_loss":0.0,"gold_gain":175.0,"event_name":"Liars Game","player_choice":"AGREE","floor":2.0,"gold_loss":0.0,"damage_taken":0.0,"cards_obtained":["Doubt"]},{"cards_removed":["Doubt"],"damage_healed":0.0,"max_hp_gain":0.0,"max_hp_loss":0.0,"gold_gain":0.0,"event_name":"The Cleric","player_choice":"Card Removal","floor":3.0,"gold_loss":50.0,"damage_taken":0.0},{"damage_healed":0,"gold_gain":0,"player_choice":"Opened","damage_taken":0,"relics_obtained":["Boot"],"max_hp_gain":0,"max_hp_loss":0,"event_name":"The Mausoleum","floor":21,"gold_loss":0,"cards_obtained":["Writhe"]},{"cards_removed":["PiercingWail"],"damage_healed":0,"gold_gain":0,"player_choice":"Purged","damage_taken":0,"max_hp_gain":0,"max_hp_loss":0,"event_name":"Purifier","floor":30,"gold_loss":0},{"damage_healed":0,"gold_gain":0,"player_choice":"Memory 3","damage_taken":10,"max_hp_gain":0,"max_hp_loss":0,"event_name":"SensoryStone","floor":38,"gold_loss":0},{"damage_healed":0,"gold_gain":0,"player_choice":"Fight","damage_taken":0,"max_hp_gain":0,"max_hp_loss":0,"event_name":"Mysterious Sphere","floor":39,"gold_loss":0},{"damage_healed":0,"gold_gain":0,"player_choice":"Fight","damage_taken":0,"max_hp_gain":0,"max_hp_loss":0,"event_name":"MindBloom","floor":45,"gold_loss":0}],"is_beta":false,"boss_relics":[{"not_picked":["Ring of the Serpent","Tiny House"],"picked":"Philosopher\u0027s Stone"},{"not_picked":["Cursed Key","Busted Crown"],"picked":"WristBlade"}],"items_purged_floors":[28],"is_endless":false,"potions_floor_spawned":[4,7,16,18,20,27,32,39,41,47,49],"killed_by":"Awakened One","ascension_level":0}}