{"host":"sav7uxregyirlf69","time":1611739520,"event":{"mods":["AchievementEnabler","BaseMod","Colored Map","DeckTracker","Keyboard Shortcuts","Minty Spire (QoL Compilation)","READ ME - Guardian Mod","StSLib","SuperFastMode"],"gold_per_floor":[17,17,17,67,87,87,121,135,135,212,212,232,246,262,262,371,371,384,397,122,122,172,172,211,232,232,248,248,248],"floor_reached":28,"language":"KOR","playtime":539,"items_purged":["Strike_G"],"score":480,"play_id":"dc693ef6-b6ba-43c1-aad8-1a41ed2675f6","local_time":"20210127182520","is_ascension_mode":true,"campfire_choices":[{"data":"Apotheosis","floor":6,"key":"SMITH"},{"floor":11,"key":"REST"},{"floor":15,"key":"REST"},{"floor":23,"key":"REST"}],"circlet_count":0,"master_deck":["AscendersBane","Strike_G","Strike_G","Defend_G","Defend_G","Defend_G","Defend_G","Defend_G","Survivor","Neutralize","Apotheosis+1","Masterful Stab","Blade Dance","Finisher","Well Laid Plans+1","Leg Sweep","Glass Knife","Envenom+1","Heel Hook","Noxious Fumes+1","Grand Finale","Die Die Die","Prepared","Backflip"],"relics":["Ring of the Snake","Golden Idol","Frozen Egg 2","Potion Belt","SacredBark","Peace Pipe","Strawberry"],"acts_visited":["Exordium","TheCity"],"potions_floor_usage":[13,16,19,24,25,25,28],"damage_taken":[{"damage":2,"enemies":"Jaw Worm","floor":1,"turns":4},{"damage":3,"enemies":"Cultist","floor":5,"turns":5},{"damage":29,"enemies":"Gremlin Nob","floor":7,"turns":4},{"damage":0,"enemies":"2 Louse","floor":8,"turns":2},{"damage":6,"enemies":"Lots of Slimes","floor":12,"turns":4},{"damage":14,"enemies":"3 Louse","floor":13,"turns":4},{"damage":0,"enemies":"Large Slime","floor":14,"turns":4},{"damage":12,"enemies":"Hexaghost","floor":16,"turns":8},{"damage":17,"enemies":"2 Thieves","floor":18,"turns":4},{"damage":13,"enemies":"Chosen","floor":19,"turns":5},{"damage":13,"enemies":"Slavers","floor":24,"turns":3},{"damage":20,"enemies":"Snake Plant","floor":25,"turns":4},{"damage":8,"enemies":"Centurion and Healer","floor":27,"turns":4},{"damage":12,"enemies":"Sentry and Sphere","floor":28,"turns":7}],"seed_played":"5445961258773308332","potions_obtained":[{"floor":7,"key":"EssenceOfSteel"},{"floor":13,"key":"Weak Potion"},{"floor":14,"key":"ColorlessPotion"},{"floor":16,"key":"DistilledChaos"},{"floor":19,"key":"CunningPotion"},{"floor":24,"key":"Explosive Potion"},{"floor":25,"key":"FearPotion"}],"is_trial":false,"path_per_floor":["M","?","$","?","M","R","E","M","T","T","R","M","M","M","R","B",null,"M","M","$","?","?","R","E","M","T","M","M"],"character_chosen":"THE_SILENT","items_purchased":["Noxious Fumes+1","PowerPotion","Fire Potion"],"campfire_rested":3,"item_purchase_floors":[20,20,20],"current_hp_per_floor":[57,34,34,34,31,31,2,2,2,2,21,15,1,1,20,8,52,35,22,22,22,22,41,28,8,15,7,0,0],"gold":248,"neow_bonus":"RANDOM_COLORLESS_2","is_daily":false,"chose_seed":false,"campfire_upgraded":1,"win_rate":0.0,"timestamp":1611739520,"path_taken":["M","?","$","?","?","R","E","M","T","?","R","M","M","M","R","BOSS","M","M","$","?","?","R","E","?","T","M","M"],"items_purchased_type":["Card","Potion","Potion"],"build_version":"2020-12-22","purchased_purges":1,"victory":false,"max_hp_per_floor":[66,66,66,66,66,66,66,66,66,66,66,66,66,66,66,66,66,66,66,66,66,66,66,66,66,73,73,73,73],"card_choices":[{"not_picked":["Chrysalis","Transmutation"],"picked":"Apotheosis","floor":0},{"not_picked":["Dodge and Roll","Reflex"],"picked":"Masterful Stab","floor":1},{"not_picked":["Eviscerate","Well Laid Plans"],"picked":"Blade Dance","floor":5},{"not_picked":["Prepared","Underhanded Strike","Leg Sweep"],"picked":"SKIP","floor":7},{"not_picked":["Quick Slash","Blade Dance"],"picked":"Finisher","floor":8},{"not_picked":["Slice","Flying Knee"],"picked":"Well Laid Plans+1","floor":12},{"not_picked":["Bane","Backflip"],"picked":"Leg Sweep","floor":13},{"not_picked":["Dagger Spray","Reflex"],"picked":"Glass Knife","floor":14},{"not_picked":["Phantasmal Killer","Unload"],"picked":"Envenom+1","floor":16},{"not_picked":["Calculated Gamble","Masterful Stab+1"],"picked":"Heel Hook","floor":18},{"not_picked":["Blade Dance","Caltrops+1","Endless Agony"],"picked":"SKIP","floor":19},{"not_picked":["Caltrops+1","Slice","Choke"],"picked":"SKIP","floor":24},{"not_picked":["Concentrate","Blade Dance"],"picked":"Prepared","floor":25},{"not_picked":["Quick Slash","Dagger Spray"],"picked":"Backflip","floor":27}],"player_experience":1394164,"relics_obtained":[{"floor":7,"key":"Frozen Egg 2"},{"floor":9,"key":"Potion Belt"},{"floor":24,"key":"Peace Pipe"},{"floor":26,"key":"Strawberry"}],"event_choices":[{"damage_healed":0,"gold_gain":0,"player_choice":"Take Damage","damage_taken":23,"relics_obtained":["Golden Idol"],"max_hp_gain":0,"max_hp_loss":0,"event_name":"Golden Idol","floor":2,"gold_loss":0},{"damage_healed":0,"gold_gain":50,"player_choice":"Pray","damage_taken":0,"max_hp_gain":0,"max_hp_loss":0,"event_name":"Golden Shrine","floor":4,"gold_loss":0},{"damage_healed":0,"gold_gain":0,"cards_transformed":["Strike_G","Strike_G"],"player_choice":"Became Test Subject","damage_taken":0,"max_hp_gain":0,"max_hp_loss":0,"event_name":"Drug Dealer","floor":21,"gold_loss":0,"cards_obtained":["Grand Finale","Die Die Die"]},{"damage_healed":0,"gold_gain":50,"player_choice":"Pray","damage_taken":0,"max_hp_gain":0,"max_hp_loss":0,"event_name":"Golden Shrine","floor":22,"gold_loss":0}],"is_beta":false,"boss_relics":[{"not_picked":["WristBlade","Tiny House"],"picked":"SacredBark"}],"items_purged_floors":[20],"is_endless":false,"potions_floor_spawned":[7,13,14,16,19,24,25],"killed_by":"Sentry and Sphere","ascension_level":20}}