{"host":"vpcwwncyo54nsck6","time":1611707797,"event":{"mods":["BaseMod","Downfall","Minty Spire (QoL Compilation)","StSLib"],"gold_per_floor":[99,9,9,0,48,62,62,109,21,47,76,105,142,139,167,282,294,206,230,242,272,296,179,206,233,248,248,275,127,140,158,170,269,269,269,288,288,288,306,306,306,306,206,237,252,268,268,291,304,304,304,337,14,14,14,14,14,14],"floor_reached":56,"language":"ENG","playtime":6283,"items_purged":["bronze:Strike"],"score":904,"play_id":"3bd4b6ed-be2f-4b95-aac3-00f806bbe1d4","local_time":"20210126163637","is_ascension_mode":false,"campfire_choices":[{"floor":1,"key":"RECALL"},{"data":"bronze:DigitalCarnage","floor":9,"key":"SMITH"},{"data":"bronze:ShipIt","floor":18,"key":"SMITH"},{"data":"bronze:Assembly","floor":35,"key":"SMITH"},{"data":"1","floor":43,"key":"LIFT"},{"data":"2","floor":47,"key":"LIFT"},{"floor":54,"key":"REST"}],"circlet_count":0,"master_deck":["bronze:Strike","bronze:Strike","bronze:Strike","bronze:Defend","bronze:Defend","bronze:Defend","bronze:Replicate","bronze:Goto","bronze:DelayedSlice","bronze:WhirlingStrike","bronze:Turbo","bronze:DigitalCarnage+1","bronze:BugBarrage","bronze:Safeguard","bronze:InfiniteBeams","bronze:Assembly+1","bronze:DigitalCarnage+1","bronze:BugBarrage","bronze:ShipIt+1","bronze:Repair","bronze:DigitalCarnage+1","bronze:ShipIt","bronze:ShipIt+1","bronze:BugBarrage","bronze:Shield","bronze:Deprecate+1","bronze:OilSpill","downfall:Bewildered","bronze:CutThrough+1","bronze:OilSpill+1","bronze:ShipIt","bronze:WildBeam","bronze:Shield+1","bronze:ClassDefault+1","bronze:MaxOutput+1","bronze:OilSpill","bronze:Optimize+1","bronze:Library","bronze:MaxOutput"],"relics":["bronze:BronzeCore","downfall:ShatteredFragment","Orichalcum","MawBank","hexamod:CandleOfCauterizing","downfall:HeartBlessingRed","Happy Flower","bronze:MakeshiftBattery","downfall:HeartBlessingGreen","Nilry\u0027s Codex","DollysMirror","Shuriken","Girya","sneckomod:BabySnecko","bronze:SilverBullet","Anchor","Runic Pyramid","bronze:BottledCode","Sundial","downfall:HeartBlessingBlue","Slimebound:PreparedRelic","Lantern","bronze:BronzeIdol","Ornamental Fan"],"acts_visited":["Exordium","TheCity","TheBeyond","TheEnding"],"potions_floor_usage":[13,16,50,52,56],"damage_taken":[{"damage":0,"enemies":"downfall:FleeingMerchant","floor":2,"turns":4},{"damage":5,"enemies":"downfall:FleeingMerchant","floor":4,"turns":4},{"damage":0,"enemies":"Cultist","floor":6,"turns":2},{"damage":36,"enemies":"Lagavulin","floor":8,"turns":8},{"damage":1,"enemies":"2 Louse","floor":10,"turns":2},{"damage":1,"enemies":"Jaw Worm","floor":11,"turns":2},{"damage":2,"enemies":"Gremlin Gang","floor":12,"turns":3},{"damage":0,"enemies":"3 Sentries","floor":13,"turns":3},{"damage":0,"enemies":"downfall:FleeingMerchant","floor":14,"turns":4},{"damage":0,"enemies":"2 Fungi Beasts","floor":15,"turns":2},{"damage":0,"enemies":"IC_STATUS_ARCHETYPE","floor":16,"turns":4},{"damage":6,"enemies":"Shell Parasite","floor":19,"turns":2},{"damage":0,"enemies":"3 Byrds","floor":21,"turns":3},{"damage":9,"enemies":"Snake Plant","floor":22,"turns":2},{"damage":0,"enemies":"downfall:FleeingMerchant","floor":23,"turns":2},{"damage":8,"enemies":"Book of Stabbing","floor":25,"turns":3},{"damage":14,"enemies":"Centurion and Healer","floor":26,"turns":2},{"damage":6,"enemies":"Gremlin Leader","floor":28,"turns":3},{"damage":0,"enemies":"3 Cultists","floor":30,"turns":3},{"damage":5,"enemies":"Chosen and Byrds","floor":31,"turns":3},{"damage":0,"enemies":"Cultist and Chosen","floor":32,"turns":3},{"damage":7,"enemies":"WA_ARCHETYPE_CALM","floor":33,"turns":5},{"damage":0,"enemies":"Orb Walker","floor":36,"turns":2},{"damage":0,"enemies":"3 Darklings","floor":39,"turns":2},{"damage":20,"enemies":"Reptomancer","floor":44,"turns":3},{"damage":0,"enemies":"Sphere and 2 Shapes","floor":45,"turns":3},{"damage":0,"enemies":"Transient","floor":46,"turns":5},{"damage":23,"enemies":"Spire Growth","floor":49,"turns":3},{"damage":48,"enemies":"SI_POISON_ARCHETYPE","floor":50,"turns":5},{"damage":37,"enemies":"downfall:CharBossMerchant","floor":52,"turns":5},{"damage":11,"enemies":"downfall:NeowBoss","floor":55,"turns":9},{"damage":69,"enemies":"downfall:NeowBossFinal","floor":56,"turns":5}],"seed_played":"8667960110714487160","potions_obtained":[{"floor":8,"key":"EssenceOfSteel"},{"floor":10,"key":"bronze:CleanCodePotion"},{"floor":12,"key":"hexamod:SoulburnPotion"},{"floor":15,"key":"bronze:FreeFunctionsPotion"},{"floor":19,"key":"LiquidMemories"},{"floor":22,"key":"Fire Potion"},{"floor":25,"key":"hexamod:SoulburnPotion"}],"is_trial":false,"path_per_floor":["R","$","?","$","T","M","T","E","R","M","M","M","E","$","M","B",null,"R","M","?","M","M","$","T","E","M","?","E","$","M","M","M","B",null,"R","M","?","?","M","?","T","$","R","E","M","M","R","?","M","B",null,"E","$","R","B","B"],"character_chosen":"THE_AUTOMATON","items_purchased":["DollysMirror","Shuriken","bronze:BugBarrage","bronze:Shield","Anchor","Ornamental Fan","bronze:MaxOutput"],"campfire_rested":1,"item_purchase_floors":[23,23,23,23,29,53,53],"current_hp_per_floor":[77,77,56,51,51,51,51,15,15,14,13,11,11,11,11,11,77,77,71,55,55,46,46,46,45,31,31,32,32,32,27,34,34,77,77,77,67,67,67,59,59,59,69,56,56,63,63,63,61,13,77,50,50,73,62,0,0,0],"gold":14,"neow_bonus":"TEN_PERCENT_HP_BONUS","is_daily":false,"chose_seed":false,"campfire_upgraded":3,"win_rate":0.0,"timestamp":1611707797,"path_taken":["R","?","?","$","?","M","T","E","R","M","M","?","E","$","M","BOSS","R","M","?","M","M","$","T","E","M","?","E","?","M","M","M","BOSS","R","M","?","?","?","?","T","?","R","E","?","M","R","?","M","BOSS","E","$","R","BOSS","BOSS"],"items_purchased_type":["Relic","Relic","Card","Card","Relic","Relic","Card"],"build_version":"2020-12-22","purchased_purges":1,"victory":false,"max_hp_per_floor":[77,77,77,77,77,77,77,77,77,77,77,77,77,77,77,77,77,77,77,77,77,77,77,77,77,77,77,77,77,77,77,77,77,77,77,77,67,67,67,67,67,67,77,77,77,77,77,77,77,77,77,77,77,77,77,77,77,77],"card_choices":[{"not_picked":["bronze:DelayedGuard","bronze:Allocate"],"picked":"bronze:DelayedSlice","floor":2},{"not_picked":["bronze:ItsAFeature","bronze:ForceShield"],"picked":"bronze:WhirlingStrike","floor":4},{"not_picked":["bronze:FineTuning","bronze:Invalidate"],"picked":"bronze:Turbo","floor":6},{"not_picked":["bronze:InfiniteBeams","bronze:HyperBeam"],"picked":"bronze:DigitalCarnage","floor":8},{"not_picked":["bronze:WhirlingStrike","bronze:Separator"],"picked":"bronze:BugBarrage","floor":10},{"not_picked":["bronze:Invalidate","bronze:WildBeam"],"picked":"bronze:Safeguard","floor":11},{"not_picked":["bronze:GetLatest","bronze:Invalidate"],"picked":"bronze:InfiniteBeams","floor":12},{"not_picked":["bronze:Frontload","bronze:WildBeam"],"picked":"bronze:Assembly","floor":13},{"not_picked":["bronze:Break","bronze:ForceShield"],"picked":"bronze:DigitalCarnage","floor":14},{"not_picked":["bronze:BuggyMess","bronze:Deprecate"],"picked":"bronze:BugBarrage","floor":15},{"not_picked":["bronze:HyperBeam","bronze:TinkerersToolbox"],"picked":"bronze:ShipIt","floor":16},{"not_picked":["bronze:Turbo","bronze:GetLatest","bronze:ForceShield"],"picked":"SKIP","floor":19},{"not_picked":["bronze:Iterate","bronze:Terminator"],"picked":"bronze:Repair","floor":21},{"not_picked":["bronze:BuggyMess","bronze:Constructor"],"picked":"bronze:DigitalCarnage+1","floor":22},{"not_picked":["bronze:GetLatest","bronze:DelayedSlice"],"picked":"bronze:ShipIt","floor":23},{"not_picked":["bronze:Optimize","bronze:ForLoop+1"],"picked":"bronze:Deprecate+1","floor":25},{"not_picked":["bronze:BitShift+1","bronze:DelayedSlice+1"],"picked":"bronze:OilSpill","floor":26},{"not_picked":["bronze:WildBeam","bronze:NullPointer"],"picked":"bronze:CutThrough+1","floor":28},{"not_picked":["bronze:Philosophize","bronze:BuggyMess","bronze:Iterate"],"picked":"SKIP","floor":30},{"not_picked":["bronze:FollowUp","bronze:Shield","bronze:Branch"],"picked":"SKIP","floor":31},{"not_picked":["bronze:Frontload","bronze:WildBeam"],"picked":"bronze:OilSpill+1","floor":32},{"not_picked":["bronze:HyperBeam","bronze:Format"],"picked":"bronze:ShipIt","floor":33},{"not_picked":["bronze:DelayedGuard+1","bronze:ForceShield+1"],"picked":"bronze:WildBeam","floor":36},{"not_picked":["bronze:Fortify","bronze:CutThrough"],"picked":"bronze:Shield+1","floor":39},{"not_picked":["bronze:DelayedSlice","bronze:Deprecate+1"],"picked":"bronze:ClassDefault+1","floor":44},{"not_picked":["bronze:Constructor+1","bronze:BugBarrage"],"picked":"bronze:MaxOutput+1","floor":45},{"not_picked":["bronze:Overload","bronze:Separator"],"picked":"bronze:OilSpill","floor":46},{"not_picked":["bronze:ChosenStrike","bronze:Overload"],"picked":"bronze:Optimize+1","floor":49},{"not_picked":["bronze:Flail","bronze:Overheat"],"picked":"bronze:Library","floor":52}],"player_experience":2479257,"relics_obtained":[{"floor":5,"key":"Orichalcum"},{"floor":7,"key":"MawBank"},{"floor":8,"key":"hexamod:CandleOfCauterizing"},{"floor":13,"key":"Happy Flower"},{"floor":20,"key":"Nilry\u0027s Codex"},{"floor":25,"key":"Girya"},{"floor":28,"key":"bronze:SilverBullet"},{"floor":41,"key":"Sundial"},{"floor":44,"key":"Slimebound:PreparedRelic"},{"floor":48,"key":"Lantern"},{"floor":52,"key":"bronze:BronzeIdol"}],"event_choices":[],"is_beta":false,"boss_relics":[{"not_picked":["Empty Cage","bronze:PlatinumCore"],"picked":"bronze:MakeshiftBattery"},{"not_picked":["Sozu","SlaversCollar"],"picked":"Runic Pyramid"}],"items_purged_floors":[2],"is_endless":false,"potions_floor_spawned":[8,10,12,15,19,22,25,31,32,45,46],"killed_by":"downfall:NeowBossFinal","ascension_level":0}}