{"host":"jwvz9sqego1wo43x","time":1611762807,"event":{"mods":["AchievementEnabler","BaseMod","Colored Map","Downfall","GifTheSpireLib","Minty Spire (QoL Compilation)","StSLib"],"gold_per_floor":[99,34,53,38,438,91,91,91,126,126,139,171,171,202,212,212,212,212],"floor_reached":16,"language":"ENG","playtime":795,"items_purged":["Normality"],"score":116,"play_id":"d69de324-b75d-4a15-8754-33c6dd0220e8","local_time":"20210127155327","is_ascension_mode":false,"campfire_choices":[{"data":"sneckomod:SnekBite","floor":1,"key":"SMITH"},{"data":"sneckomod:DiceBoulder","floor":8,"key":"SMITH"},{"data":"sneckomod:DiceBoulder+1","floor":13,"key":"SMITH"}],"circlet_count":0,"master_deck":["sneckomod:Strike","sneckomod:Strike","sneckomod:Strike","sneckomod:Defend","sneckomod:Defend","sneckomod:Defend","sneckomod:SnekBite+1","sneckomod:Unknown","sneckomod:Unknown","sneckomod:DiceCrush","sneckomod:WideSting","sneckomod:SnekBeam","sneckomod:Unknown1Cost","CurseOfTheBell","CurseOfTheBell","sneckomod:UnlimitedRolls+1","downfall:Malfunctioning","sneckomod:Cheat","sneckomod:UnknownUncommonPower+1","sneckomod:DiceBoulder+2","sneckomod:Unknown3Cost","sneckomod:UnknownUncommonPower+1","sneckomod:Nope","sneckomod:UnknownCommonSkill","sneckomod:Unknown1Cost"],"relics":["sneckomod:SneckoSoul","downfall:ExtraCursedBell","Orichalcum","Frozen Egg 2","Old Coin","Omamori","Bronze Scales","Ginger","Art of War","Vajra"],"acts_visited":["Exordium"],"potions_floor_usage":[12,12,12,14,15,15],"damage_taken":[{"damage":15,"enemies":"downfall:FleeingMerchant","floor":2,"turns":4},{"damage":6,"enemies":"Cultist","floor":3,"turns":3},{"damage":5,"enemies":"downfall:FleeingMerchant","floor":4,"turns":4},{"damage":10,"enemies":"downfall:FleeingMerchant","floor":6,"turns":4},{"damage":25,"enemies":"Lagavulin","floor":9,"turns":5},{"damage":6,"enemies":"2 Louse","floor":11,"turns":2},{"damage":15,"enemies":"Gremlin Nob","floor":12,"turns":5},{"damage":10,"enemies":"3 Sentries","floor":14,"turns":5},{"damage":3,"enemies":"Jaw Worm","floor":15,"turns":2},{"damage":18,"enemies":"DF_ARCHETYPE_STREAMLINE","floor":16,"turns":3}],"seed_played":"3350617097248495435","potions_obtained":[{"floor":3,"key":"GamblersBrew"},{"floor":9,"key":"EntropicBrew"},{"floor":11,"key":"LiquidBronze"}],"is_trial":false,"path_per_floor":["R","$","M","$","?","$","T","R","E","?","M","E","R","E","M","B"],"character_chosen":"THE_SNECKO","items_purchased":["sneckomod:WideSting","sneckomod:UnknownUncommonPower+1","sneckomod:DiceBoulder","Omamori"],"campfire_rested":0,"item_purchase_floors":[2,6,6,6],"current_hp_per_floor":[99,89,83,78,78,68,68,68,43,43,37,22,22,12,9,0,0,0],"gold":212,"neow_bonus":"TEN_PERCENT_HP_BONUS","is_daily":false,"chose_seed":false,"campfire_upgraded":3,"win_rate":0.0,"timestamp":1611762807,"path_taken":["R","$","M","?","?","$","T","R","E","?","?","E","R","E","M","BOSS"],"items_purchased_type":["Card","Card","Card","Relic"],"build_version":"2020-12-22","purchased_purges":1,"victory":false,"max_hp_per_floor":[99,99,99,99,99,99,99,99,99,99,99,99,99,99,99,99,99,99],"card_choices":[{"not_picked":["sneckomod:UnknownStrike","sneckomod:UnknownBlock"],"picked":"sneckomod:DiceCrush","floor":2},{"not_picked":["sneckomod:UnknownCommonSkill","sneckomod:SnakeSap"],"picked":"sneckomod:SnekBeam","floor":3},{"not_picked":["sneckomod:SoulDraw","sneckomod:UnknownDraw"],"picked":"sneckomod:Unknown1Cost","floor":4},{"not_picked":["sneckomod:WideSting","sneckomod:UnknownBlock"],"picked":"sneckomod:Cheat","floor":6},{"not_picked":["sneckomod:SoulDraw","sneckomod:QuickBite","sneckomod:UnknownUncommonAttack"],"picked":"SKIP","floor":9},{"not_picked":["sneckomod:SerpentIdol","sneckomod:SoulDraw"],"picked":"sneckomod:UnknownUncommonPower+1","floor":11},{"not_picked":["sneckomod:SerpentIdol","sneckomod:UnendingSupply+1"],"picked":"sneckomod:Nope","floor":12},{"not_picked":["sneckomod:DiceBlock","sneckomod:RainOfDice"],"picked":"sneckomod:UnknownCommonSkill","floor":14},{"not_picked":["sneckomod:SnekBeam","sneckomod:SerpentIdol"],"picked":"sneckomod:Unknown1Cost","floor":15}],"player_experience":502665,"relics_obtained":[{"floor":5,"key":"Orichalcum"},{"floor":5,"key":"Frozen Egg 2"},{"floor":5,"key":"Old Coin"},{"floor":7,"key":"Bronze Scales"},{"floor":9,"key":"Ginger"},{"floor":12,"key":"Art of War"},{"floor":14,"key":"Vajra"}],"event_choices":[],"is_beta":false,"boss_relics":[],"items_purged_floors":[6],"is_endless":false,"potions_floor_spawned":[3,9,11,12],"killed_by":"DF_ARCHETYPE_STREAMLINE","ascension_level":0}}