{"host":"7iv10lxbxedtd0qh","time":1611769134,"event":{"mods":["BaseMod","Colored Map","Colored Powertips","Downfall","Minty Spire (QoL Compilation)","StSLib"],"gold_per_floor":[99,99,99,99,99,99,153,53,64,64,84,84,99,133,147,245,245,145,159,159,176,86,117,166,177,177,177,177],"floor_reached":26,"language":"ENG","playtime":941,"items_purged":["bronze:Strike"],"score":274,"play_id":"0c983667-dd02-4bc7-89dd-a7f8c13a682b","local_time":"20210127183854","is_ascension_mode":true,"campfire_choices":[{"floor":1.0,"key":"RECALL"},{"data":"bronze:Constructor","floor":8.0,"key":"SMITH"},{"data":"bronze:CloningBeam","floor":12.0,"key":"SMITH"},{"data":"bronze:HardenedForm","floor":18.0,"key":"SMITH"}],"circlet_count":0,"master_deck":["bronze:Strike","bronze:Strike","bronze:Defend","bronze:Defend","bronze:Defend","bronze:Defend","bronze:Replicate","bronze:Goto","bronze:Flail","bronze:Constructor+1","bronze:CloningBeam+1","bronze:ClassDefault","bronze:DelayedGuard","bronze:Boost","bronze:InfiniteBeams+1","bronze:HardenedForm+1","bronze:ForceShield+1","bronze:Repulsor"],"relics":["bronze:BronzeCore","downfall:HeartsMalice","Letter Opener","downfall:HeartBlessingRed","Potion Belt","bronze:MakeshiftBattery","downfall:HeartBlessingBlue","Centennial Puzzle","MealTicket"],"acts_visited":["Exordium","TheCity"],"potions_floor_usage":[25,25],"damage_taken":[{"damage":0.0,"enemies":"Jaw Worm","floor":2.0,"turns":1.0},{"damage":0.0,"enemies":"Small Slimes","floor":3.0,"turns":1.0},{"damage":0.0,"enemies":"Cultist","floor":6.0,"turns":1.0},{"damage":0.0,"enemies":"Exordium Thugs","floor":9.0,"turns":2.0},{"damage":11.0,"enemies":"Lots of Slimes","floor":11.0,"turns":2.0},{"damage":15.0,"enemies":"Exordium Wildlife","floor":13.0,"turns":4.0},{"damage":0.0,"enemies":"Lagavulin","floor":14.0,"turns":4.0},{"damage":13.0,"enemies":"Blue Slaver","floor":15.0,"turns":3.0},{"damage":13.0,"enemies":"IC_STATUS_ARCHETYPE","floor":16.0,"turns":7.0},{"damage":6.0,"enemies":"Spheric Guardian","floor":19.0,"turns":4.0},{"damage":16.0,"enemies":"Shell Parasite","floor":21.0,"turns":4.0},{"damage":0.0,"enemies":"downfall:FleeingMerchant","floor":22.0,"turns":4.0},{"damage":53,"enemies":"Book of Stabbing","floor":23,"turns":8},{"damage":0,"enemies":"Snake Plant","floor":25,"turns":5},{"damage":7,"enemies":"Shelled Parasite and Fungi","floor":26,"turns":1}],"seed_played":"5173801184589744896","potions_obtained":[{"floor":9.0,"key":"BlessingOfTheForge"},{"floor":10.0,"key":"PowerPotion"},{"floor":10.0,"key":"Energy Potion"},{"floor":15.0,"key":"Guardian:BlockOnCardUsePotion"},{"floor":19.0,"key":"Guardian:BlockOnCardUsePotion"}],"is_trial":false,"path_per_floor":["R","M","M","?","?","M","T","R","M","?","M","R","M","E","M","B",null,"R","M","?","M","$","E","T","M","M"],"character_chosen":"THE_AUTOMATON","items_purchased":[],"campfire_rested":0,"item_purchase_floors":[],"current_hp_per_floor":[70,70,70,70,63,63,63,63,63,63,52,52,37,37,24,11,70,80,74,74,58,58,5,5,5,0,0,0],"gold":177,"neow_bonus":"THREE_ENEMY_KILL","is_daily":false,"chose_seed":false,"campfire_upgraded":3,"win_rate":0.0,"timestamp":1611769134,"path_taken":["R","M","M","?","?","M","T","R","M","?","M","R","M","E","M","BOSS","R","M","?","M","?","E","T","?","M"],"items_purchased_type":[],"build_version":"2020-12-22","purchased_purges":1,"victory":false,"max_hp_per_floor":[70,70,70,70,70,70,70,70,70,70,70,70,70,70,70,70,70,80,80,80,80,80,80,80,80,80,80,80],"card_choices":[{"not_picked":["bronze:CutThrough","bronze:Frontload"],"picked":"bronze:Flail","floor":2.0},{"not_picked":["bronze:Branch","bronze:NullPointer"],"picked":"bronze:Constructor","floor":3.0},{"not_picked":["bronze:Repair","bronze:Shield"],"picked":"bronze:CloningBeam","floor":6.0},{"not_picked":["bronze:Constructor","bronze:Allocate"],"picked":"bronze:ClassDefault","floor":9.0},{"not_picked":["bronze:Shield","bronze:WhirlingStrike"],"picked":"bronze:DelayedGuard","floor":11.0},{"not_picked":["bronze:CloningBeam","bronze:WildBeam"],"picked":"bronze:Boost","floor":13.0},{"not_picked":["bronze:Turbo","bronze:BuggyMess"],"picked":"bronze:InfiniteBeams","floor":14.0},{"not_picked":["bronze:Return","bronze:FineTuning","bronze:NullPointer"],"picked":"SKIP","floor":15.0},{"not_picked":["bronze:Verify","bronze:AlphaBuild"],"picked":"bronze:HardenedForm","floor":16.0},{"not_picked":["bronze:BitShift","bronze:DelayedSlice"],"picked":"bronze:ForceShield+1","floor":19.0},{"not_picked":["bronze:WildBeam","bronze:DelayedSlice"],"picked":"bronze:Repulsor","floor":21.0},{"not_picked":["bronze:Overload","bronze:BugBarrage+1","bronze:NullPointer"],"picked":"SKIP","floor":22.0},{"not_picked":["bronze:ClassDefault","bronze:Return","bronze:ShipIt"],"picked":"SKIP","floor":23},{"not_picked":["bronze:BuggyMess+1","bronze:WildBeam","bronze:BugBarrage+1"],"picked":"SKIP","floor":25}],"player_experience":737948,"relics_obtained":[{"floor":14.0,"key":"Potion Belt"},{"floor":23,"key":"Centennial Puzzle"},{"floor":24,"key":"MealTicket"}],"event_choices":[{"cards_removed":["bronze:Strike"],"damage_healed":0.0,"max_hp_gain":0.0,"max_hp_loss":0.0,"gold_gain":0.0,"event_name":"The Cleric","player_choice":"Card Removal","floor":4.0,"gold_loss":0.0,"damage_taken":0.0},{"damage_healed":0.0,"max_hp_gain":0.0,"max_hp_loss":0.0,"gold_gain":0.0,"event_name":"Scrap Ooze","player_choice":"Success","floor":5.0,"gold_loss":0.0,"damage_taken":7.0,"relics_obtained":["Letter Opener"]},{"damage_healed":0.0,"max_hp_gain":0.0,"max_hp_loss":0.0,"gold_gain":0.0,"event_name":"Lab","player_choice":"Got Potions","floor":10.0,"gold_loss":0.0,"damage_taken":0.0}],"is_beta":false,"boss_relics":[{"not_picked":["Calling Bell","SacredBark"],"picked":"bronze:MakeshiftBattery"}],"items_purged_floors":[22],"is_endless":false,"potions_floor_spawned":[9,13,15,19],"killed_by":"Shelled Parasite and Fungi","ascension_level":2}}