{"host":"agbyy69nq62afhwx","time":1611718392,"event":{"mods":["BaseMod","Colored Map","DeckTracker","Highlight Path","Keyboard Shortcuts","Minty Spire (QoL Compilation)","Quick Restart","StSLib","SuperFastMode","everything is the same but u backflip on backflip"],"gold_per_floor":[112,122,139,214,232,257,257,268,268,282,282,292,34,34,34,110,110,126,139,37,37,57,57,71,71,71,87,105,105,124,49,49,121,121,137,137,150,150,163,163,178,194,194,194,194,194,204,48,48,48],"floor_reached":51,"language":"KOR","playtime":1342,"items_purged":["Defend_P"],"score":1234,"play_id":"63dfe985-9742-429e-9398-39b7f3466177","local_time":"20210127123312","is_ascension_mode":true,"campfire_choices":[{"floor":7.0,"key":"REST"},{"data":"Eruption","floor":11.0,"key":"SMITH"},{"floor":15.0,"key":"REST"},{"floor":23.0,"key":"REST"},{"data":"MasterReality","floor":25.0,"key":"SMITH"},{"floor":32.0,"key":"REST"},{"data":"Tantrum","floor":40.0,"key":"SMITH"},{"floor":44.0,"key":"REST"},{"floor":49,"key":"REST"}],"circlet_count":0,"master_deck":["AscendersBane","Strike_P","Strike_P","Strike_P","Defend_P","Defend_P","Defend_P","Eruption+1","Vigilance","Tantrum+1","FollowUp","Evaluate","InnerPeace","MasterReality+1","CurseOfTheBell","Wallop","Adaptation","Halt","TalkToTheHand+1","EmptyMind+1","Master of Strategy"],"relics":["PureWater","Potion Belt","Regal Pillow","Juzu Bracelet","Pear","Calling Bell","Centennial Puzzle","InkBottle","Du-Vu Doll","FaceOfCleric","Akabeko","Velvet Choker","TeardropLocket"],"acts_visited":["Exordium","TheCity","TheBeyond"],"potions_floor_usage":[50,50,50,50],"damage_taken":[{"damage":0.0,"enemies":"Jaw Worm","floor":1.0,"turns":3.0},{"damage":0.0,"enemies":"Cultist","floor":2.0,"turns":2.0},{"damage":12.0,"enemies":"Small Slimes","floor":3.0,"turns":3.0},{"damage":16.0,"enemies":"3 Louse","floor":5.0,"turns":3.0},{"damage":20.0,"enemies":"3 Sentries","floor":6.0,"turns":4.0},{"damage":0.0,"enemies":"Looter","floor":8.0,"turns":2.0},{"damage":15.0,"enemies":"Exordium Thugs","floor":10.0,"turns":4.0},{"damage":8.0,"enemies":"Blue Slaver","floor":12.0,"turns":3.0},{"damage":43.0,"enemies":"The Guardian","floor":16.0,"turns":12.0},{"damage":30.0,"enemies":"2 Thieves","floor":18.0,"turns":4.0},{"damage":2.0,"enemies":"Chosen","floor":19.0,"turns":3.0},{"damage":9.0,"enemies":"Centurion and Healer","floor":22.0,"turns":4.0},{"damage":13.0,"enemies":"3 Cultists","floor":24.0,"turns":3.0},{"damage":10.0,"enemies":"Shelled Parasite and Fungi","floor":27.0,"turns":3.0},{"damage":3.0,"enemies":"Snecko","floor":28.0,"turns":4.0},{"damage":2.0,"enemies":"Chosen and Byrds","floor":30.0,"turns":2.0},{"damage":39.0,"enemies":"Champ","floor":33.0,"turns":9.0},{"damage":6.0,"enemies":"3 Shapes","floor":35.0,"turns":5.0},{"damage":12.0,"enemies":"Orb Walker","floor":37.0,"turns":3.0},{"damage":0.0,"enemies":"4 Shapes","floor":39.0,"turns":5.0},{"damage":24.0,"enemies":"Spire Growth","floor":41.0,"turns":6.0},{"damage":18.0,"enemies":"Sphere and 2 Shapes","floor":42.0,"turns":7.0},{"damage":2,"enemies":"Writhing Mass","floor":47,"turns":5},{"damage":82,"enemies":"Time Eater","floor":50,"turns":11}],"seed_played":"6405697028820797485","potions_obtained":[{"floor":1.0,"key":"Fire Potion"},{"floor":5.0,"key":"ColorlessPotion"},{"floor":10.0,"key":"Weak Potion"},{"floor":16.0,"key":"Ancient Potion"},{"floor":28.0,"key":"Ambrosia"},{"floor":39.0,"key":"PowerPotion"},{"floor":42.0,"key":"FearPotion"}],"is_trial":false,"path_per_floor":["M","M","M","?","M","E","R","M","T","M","R","M","$","?","R","B",null,"M","M","$","?","M","R","M","R","T","M","M","?","M","$","R","B",null,"M","?","M","?","M","R","M","M","T","R","?","?","M","$","R","B",null],"character_chosen":"WATCHER","items_purchased":["Pear","Adaptation","Halt","DistilledChaos","EssenceOfSteel"],"campfire_rested":6,"item_purchase_floors":[13,20,20,48,48],"current_hp_per_floor":[61,61,49,38,22,2,37,37,37,22,22,14,24,17,55,12,62,32,30,30,30,22,60,48,48,48,39,37,37,36,36,75,37,72,67,67,56,56,57,57,34,17,17,58,58,48,47,47,89,8],"gold":48,"neow_bonus":"RANDOM_COMMON_RELIC","is_daily":false,"chose_seed":false,"campfire_upgraded":3,"win_rate":0.0,"timestamp":1611718392,"path_taken":["M","M","M","?","M","E","R","M","T","M","R","M","?","?","R","BOSS","M","M","$","?","M","R","M","R","T","M","M","?","M","?","R","BOSS","M","?","M","?","M","R","M","M","T","R","?","?","M","?","R","BOSS"],"items_purchased_type":["Relic","Card","Card","Potion","Potion"],"build_version":"2020-12-22","purchased_purges":1,"victory":true,"max_hp_per_floor":[68,68,68,68,68,68,68,68,68,68,68,68,78,78,78,78,78,78,78,78,78,79,79,80,80,80,81,82,82,83,83,83,84,84,85,85,86,86,87,87,88,89,89,89,89,89,90,90,90,91],"card_choices":[{"not_picked":["Indignation","Consecrate"],"picked":"Tantrum","floor":1.0},{"not_picked":["ForeignInfluence","Prostrate"],"picked":"FollowUp","floor":2.0},{"not_picked":["CutThroughFate","BowlingBash","FlyingSleeves"],"picked":"SKIP","floor":3.0},{"not_picked":["Collect","EmptyMind"],"picked":"Evaluate","floor":5.0},{"not_picked":["DevaForm","Evaluate"],"picked":"InnerPeace","floor":6.0},{"not_picked":["ThirdEye","Prostrate","JustLucky"],"picked":"SKIP","floor":8.0},{"not_picked":["Pray","CutThroughFate","InnerPeace"],"picked":"SKIP","floor":10.0},{"not_picked":["Crescendo","Evaluate","SashWhip"],"picked":"SKIP","floor":12.0},{"not_picked":["Omniscience","Establishment"],"picked":"MasterReality","floor":16.0},{"not_picked":["PathToVictory","Wireheading","SashWhip+1"],"picked":"SKIP","floor":18.0},{"not_picked":["WaveOfTheHand","Prostrate+1"],"picked":"Wallop","floor":19.0},{"not_picked":["Vengeance","Crescendo+1","BattleHymn"],"picked":"SKIP","floor":22.0},{"not_picked":["SashWhip","JustLucky+1","Consecrate"],"picked":"SKIP","floor":24.0},{"not_picked":["BattleHymn","Study"],"picked":"TalkToTheHand","floor":27.0},{"not_picked":["FlurryOfBlows","Nirvana","Halt"],"picked":"SKIP","floor":28.0},{"not_picked":["FlurryOfBlows","InnerPeace","LikeWater"],"picked":"SKIP","floor":30.0},{"not_picked":["Devotion","DevaForm"],"picked":"DeusExMachina","floor":33.0},{"not_picked":["CrushJoints","CutThroughFate+1","Evaluate"],"picked":"SKIP","floor":35.0},{"not_picked":["Evaluate","CutThroughFate+1"],"picked":"EmptyMind+1","floor":37.0},{"not_picked":["PathToVictory","CutThroughFate","Evaluate"],"picked":"SKIP","floor":39.0},{"not_picked":["Weave+1","SignatureMove+1","Study+1"],"picked":"SKIP","floor":41.0},{"not_picked":["Halt","ClearTheMind","ThirdEye"],"picked":"SKIP","floor":42.0},{"not_picked":["PanicButton","Discovery"],"picked":"Master of Strategy","floor":46.0},{"not_picked":["BattleHymn","Halt","EmptyFist"],"picked":"SKIP","floor":47}],"player_experience":485678,"relics_obtained":[{"floor":6.0,"key":"Regal Pillow"},{"floor":9.0,"key":"Juzu Bracelet"},{"floor":17.0,"key":"Centennial Puzzle"},{"floor":17.0,"key":"InkBottle"},{"floor":17.0,"key":"Du-Vu Doll"},{"floor":26.0,"key":"Akabeko"},{"floor":43.0,"key":"TeardropLocket"}],"event_choices":[{"damage_healed":0.0,"max_hp_gain":0.0,"max_hp_loss":0.0,"gold_gain":75.0,"event_name":"World of Goop","player_choice":"Gather Gold","floor":4.0,"gold_loss":0.0,"damage_taken":11.0},{"cards_removed":["Strike_P"],"damage_healed":0.0,"max_hp_gain":0.0,"max_hp_loss":0.0,"gold_gain":0.0,"event_name":"Golden Wing","player_choice":"Card Removal","floor":14.0,"gold_loss":0.0,"damage_taken":7.0},{"damage_healed":0.0,"max_hp_gain":0.0,"max_hp_loss":0.0,"gold_gain":0.0,"event_name":"FaceTrader","player_choice":"Trade","floor":21.0,"gold_loss":0.0,"damage_taken":0.0,"relics_obtained":["FaceOfCleric"]},{"damage_healed":0.0,"max_hp_gain":0.0,"max_hp_loss":0.0,"gold_gain":0.0,"event_name":"Upgrade Shrine","player_choice":"Upgraded","floor":29.0,"gold_loss":0.0,"damage_taken":0.0,"cards_upgraded":["TalkToTheHand"]},{"cards_removed":["DeusExMachina"],"damage_healed":0.0,"max_hp_gain":0.0,"max_hp_loss":0.0,"gold_gain":0.0,"event_name":"Falling","player_choice":"Removed Skill","floor":36.0,"gold_loss":0.0,"damage_taken":0.0},{"damage_healed":0.0,"max_hp_gain":0.0,"max_hp_loss":0.0,"gold_gain":0.0,"event_name":"Tomb of Lord Red Mask","player_choice":"Ignored","floor":38.0,"gold_loss":0.0,"damage_taken":0.0},{"damage_healed":0.0,"max_hp_gain":0.0,"max_hp_loss":0.0,"gold_gain":0.0,"event_name":"Mysterious Sphere","player_choice":"Ignored","floor":45.0,"gold_loss":0.0,"damage_taken":0.0},{"damage_healed":0.0,"max_hp_gain":0.0,"max_hp_loss":0.0,"gold_gain":0.0,"event_name":"SensoryStone","player_choice":"Memory 3","floor":46.0,"gold_loss":0.0,"damage_taken":10.0}],"is_beta":false,"boss_relics":[{"not_picked":["Ectoplasm","Black Star"],"picked":"Calling Bell"},{"not_picked":["Busted Crown","Coffee Dripper"],"picked":"Velvet Choker"}],"items_purged_floors":[31],"is_endless":false,"potions_floor_spawned":[1,5,10,16,18,28,39,42],"ascension_level":15}}