{"host":"mg3e76uznu9x14du","time":1611788170,"event":{"mods":["BaseMod","Colored Map","Downfall","Minty Spire (QoL Compilation)","Permanent Neow","Relic Stats","StSLib","Waifu the Spire","everything is the same but u backflip on backflip"],"gold_per_floor":[99,99,99,157,168,199,199,231,59,72,72,172,72,107,119,224,224,124,141,153,238,238,250,250,61,61,61,79,79,112,126,137,137,137,137],"floor_reached":33,"language":"ENG","playtime":2185,"items_purged":[],"score":336,"play_id":"337d1239-db65-4104-9f5a-5fc47297c02c","local_time":"20210127175610","is_ascension_mode":true,"campfire_choices":[{"floor":1.0,"key":"RECALL"},{"floor":13.0,"key":"REST"},{"data":"Guardian:Orbwalk","floor":18.0,"key":"SMITH"},{"floor":26.0,"key":"REST"}],"circlet_count":0,"master_deck":["Guardian:CurlUp","Guardian:TwinSlam","Guardian:Incinerate","Guardian:TemporalStrike","Guardian:RollAttack","Guardian:WalkerClaw","Guardian:DecasProtection","Guardian:PiercingHide","Guardian:Reroute","Guardian:Suspension","Guardian:PolyBeam","Guardian:TemporalShield","Guardian:ExploitGems","Guardian:StasisStrike","Guardian:FierceBash","Guardian:ChargeCore","Guardian:ExploitGems","Guardian:Suspension","Guardian:Orbwalk+1","Guardian:TimeBomb","Guardian:DecasProtection","Guardian:SphericShield","Guardian:ArmoredProtocol","Guardian:TemporalStrike+1","Guardian:PiercingHide+1","Guardian:DonusPower+1"],"relics":["Guardian:ModeShifter","downfall:HeartsMalice","Happy Flower","Pear","Mercury Hourglass","Ornamental Fan","downfall:HeartBlessingRed","InkBottle","Pandora\u0027s Box","downfall:HeartBlessingBlue","Gremlin Horn","Smiling Mask"],"acts_visited":["Exordium","TheCity"],"potions_floor_usage":[],"damage_taken":[{"damage":0.0,"enemies":"Cultist","floor":2.0,"turns":1.0},{"damage":0.0,"enemies":"Jaw Worm","floor":3.0,"turns":1.0},{"damage":0.0,"enemies":"3 Sentries","floor":4.0,"turns":1.0},{"damage":0.0,"enemies":"Small Slimes","floor":5.0,"turns":3.0},{"damage":16.0,"enemies":"3 Sentries","floor":6.0,"turns":7.0},{"damage":10.0,"enemies":"Gremlin Nob","floor":8.0,"turns":5.0},{"damage":10.0,"enemies":"downfall:FleeingMerchant","floor":9.0,"turns":4.0},{"damage":6.0,"enemies":"Blue Slaver","floor":10.0,"turns":2.0},{"damage":11.0,"enemies":"Lagavulin","floor":14.0,"turns":5.0},{"damage":1.0,"enemies":"Gremlin Gang","floor":15.0,"turns":3.0},{"damage":28.0,"enemies":"DF_ARCHETYPE_STREAMLINE","floor":16.0,"turns":11.0},{"damage":1.0,"enemies":"Spheric Guardian","floor":19.0,"turns":3.0},{"damage":4.0,"enemies":"3 Byrds","floor":20.0,"turns":3.0},{"damage":37.0,"enemies":"Cultist and Chosen","floor":23.0,"turns":6.0},{"damage":0.0,"enemies":"downfall:FleeingMerchant","floor":25.0,"turns":4.0},{"damage":8.0,"enemies":"Snake Plant","floor":28.0,"turns":3.0},{"damage":32.0,"enemies":"Gremlin Leader","floor":30.0,"turns":4.0},{"damage":10,"enemies":"Snecko","floor":31,"turns":4},{"damage":18,"enemies":"Chosen and Byrds","floor":32,"turns":4},{"damage":9,"enemies":"IC_MUSHROOM_ARCHETYPE","floor":33,"turns":1}],"seed_played":"-9038829928547818499","potions_obtained":[{"floor":6.0,"key":"hexamod:SoulburnPotion"},{"floor":8.0,"key":"SpeedPotion"},{"floor":15.0,"key":"DuplicationPotion"},{"floor":28.0,"key":"GamblersBrew"},{"floor":32,"key":"GamblersBrew"}],"is_trial":false,"path_per_floor":["R","M","M","?","M","E","T","E","$","M","T","?","R","E","M","B",null,"R","M","M","?","?","M","T","$","R","?","M","?","E","M","M","B"],"character_chosen":"GUARDIAN","items_purchased":["Guardian:Suspension","Guardian:PolyBeam","EssenceOfSteel","Guardian:Gem_Red","DistilledChaos","champ:CounterPotion"],"campfire_rested":2,"item_purchase_floors":[9,9,9,25,25,25],"current_hp_per_floor":[80,80,80,80,80,74,74,64,54,48,48,48,75,64,63,35,90,100,99,95,79,79,42,42,42,72,72,64,64,32,22,4,0,0,0],"gold":137,"neow_bonus":"THREE_ENEMY_KILL","is_daily":false,"chose_seed":false,"campfire_upgraded":1,"win_rate":0.0,"timestamp":1611788170,"path_taken":["R","M","M","?","M","E","T","E","$","M","?","?","R","E","M","BOSS","R","M","M","?","?","?","T","$","R","?","M","?","E","M","M","BOSS"],"items_purchased_type":["Card","Card","Potion","Card","Potion","Potion"],"build_version":"2020-12-22","purchased_purges":0,"victory":false,"max_hp_per_floor":[80,80,80,80,80,90,90,90,90,90,90,90,90,90,90,90,90,100,100,100,100,100,100,100,100,100,100,100,100,100,100,100,100,100,100],"relic_stats":{"Happy Flower":[24],"Gremlin Horn":[5,5],"counters":[20,72],"Ornamental Fan":[56],"Pandora\u0027s Box":["Guardian:FierceBash","Guardian:ChargeCore","Guardian:ExploitGems","Guardian:Suspension","Guardian:Orbwalk","Guardian:TimeBomb","Guardian:DecasProtection","Guardian:ExploitGems"],"Smiling Mask":0,"obtain_stats":[{"Pear":6,"Happy Flower":4,"downfall:HeartBlessingRed":13,"Gremlin Horn":24,"Ornamental Fan":11,"downfall:HeartBlessingBlue":18,"Guardian:ModeShifter":0,"downfall:HeartsMalice":0,"Pandora\u0027s Box":17,"Smiling Mask":30,"InkBottle":14,"Mercury Hourglass":8},{"Pear":5,"Happy Flower":3,"downfall:HeartBlessingRed":8,"Gremlin Horn":14,"Ornamental Fan":8,"downfall:HeartBlessingBlue":11,"Guardian:ModeShifter":0,"downfall:HeartsMalice":0,"Pandora\u0027s Box":11,"Smiling Mask":17,"InkBottle":9,"Mercury Hourglass":6},{"Pear":10,"Happy Flower":0,"downfall:HeartBlessingRed":21,"Gremlin Horn":52,"Ornamental Fan":21,"downfall:HeartBlessingBlue":40,"Guardian:ModeShifter":0,"downfall:HeartsMalice":0,"Pandora\u0027s Box":40,"Smiling Mask":63,"InkBottle":26,"Mercury Hourglass":15}],"InkBottle":[19],"Mercury Hourglass":[172]},"card_choices":[{"not_picked":["Guardian:EvasiveProtocol","Guardian:Gem_Green"],"picked":"Guardian:Incinerate","floor":2.0},{"not_picked":["Guardian:Harden","Guardian:PrimingBeam"],"picked":"Guardian:TemporalStrike","floor":3.0},{"not_picked":["Guardian:Gem_Red","Guardian:WalkerClaw"],"picked":"Guardian:RollAttack","floor":4.0},{"not_picked":["Guardian:Incinerate","Guardian:PrismaticBarrier"],"picked":"Guardian:WalkerClaw","floor":5.0},{"not_picked":["Guardian:TemporalShield","Guardian:Gem_Green"],"picked":"Guardian:DecasProtection","floor":6.0},{"not_picked":["Guardian:Gem_Lightblue","Guardian:ConstructionForm"],"picked":"Guardian:PiercingHide","floor":8.0},{"not_picked":["Guardian:StasisEngine","Guardian:PiercingHide"],"picked":"Guardian:Reroute","floor":9.0},{"not_picked":["Guardian:Planning","Guardian:PiercingHide"],"picked":"Guardian:TemporalShield","floor":10.0},{"not_picked":["Guardian:DonusPower","Guardian:TemporalShield"],"picked":"Guardian:ExploitGems","floor":14.0},{"not_picked":["Guardian:Gem_Crimson","Guardian:Planning"],"picked":"Guardian:Gem_White","floor":15.0},{"not_picked":["Guardian:AncientConstruct","Guardian:ConstructionForm"],"picked":"Guardian:StasisStrike","floor":16.0},{"not_picked":["Guardian:ShieldSpikes","Guardian:Gem_Yellow"],"picked":"Guardian:Gem_Blue","floor":19.0},{"not_picked":["Guardian:Gem_Green","Guardian:ChargeUp+1"],"picked":"Guardian:Gem_Cyan","floor":20.0},{"not_picked":["Guardian:Gem_Cyan","Guardian:PrimingBeam"],"picked":"Guardian:ArmoredProtocol","floor":23.0},{"not_picked":["Guardian:TimeBomb","Guardian:DecasProtection"],"picked":"Guardian:Gem_Blue","floor":25.0},{"not_picked":["Guardian:Incinerate","Guardian:Planning+1","Guardian:Suspension"],"picked":"SKIP","floor":28.0},{"not_picked":["Guardian:Gem_Lightblue","Guardian:Planning"],"picked":"Guardian:TemporalStrike+1","floor":30.0},{"not_picked":["Guardian:StasisEngine","Guardian:CrystalBeam"],"picked":"Guardian:PiercingHide+1","floor":31},{"not_picked":["Guardian:Suspension","Guardian:PrimingBeam"],"picked":"Guardian:DonusPower+1","floor":32}],"player_experience":501640,"relics_obtained":[{"floor":4.0,"key":"Happy Flower"},{"floor":6.0,"key":"Pear"},{"floor":8.0,"key":"Mercury Hourglass"},{"floor":11.0,"key":"Ornamental Fan"},{"floor":14.0,"key":"InkBottle"},{"floor":24.0,"key":"Gremlin Horn"},{"floor":30.0,"key":"Smiling Mask"}],"event_choices":[],"is_beta":false,"boss_relics":[{"not_picked":["Fusion Hammer","Tiny House"],"picked":"Pandora\u0027s Box"}],"items_purged_floors":[],"is_endless":false,"potions_floor_spawned":[6,8,15,16,28,32],"killed_by":"IC_MUSHROOM_ARCHETYPE","ascension_level":2}}