{"host":"zwezhz46a5cjkxff","time":1611747300,"event":{"mods":["AchievementEnabler","BaseMod","Colored Map","Colored Powertips","DeckTracker","Hermit","Marisa????????","Minty Spire (QoL Compilation)","Permanent Neow","Quick Restart","Rare Cards Sparkle","Relic Stats","Robot Space Explorer","StSLib","SuperFastMode","The Hierophant","The Servant 0.9.4","Weighted Paths","slay the spire mod where everything is the same but ironclad has a cowboy hat"],"gold_per_floor":[369,389,401,401,192,192,227,227,227,227,227,227,45,59,59,183,183,198,213,228,249,265,265,301,301,301,344,344,97,97,12,12,131,131,152,215,215,229,243,287,302,345,372,372,424,424,424],"floor_reached":46,"language":"ENG","playtime":1942,"items_purged":["Strike_B","Strike_B","Defend_B"],"score":567,"play_id":"ea5bad68-e3c7-4f17-9060-55076d822082","local_time":"20210127053459","is_ascension_mode":true,"campfire_choices":[{"floor":6,"key":"REST"},{"floor":8,"key":"RECALL"},{"data":"Zap","floor":10,"key":"SMITH"},{"data":"Dualcast","floor":12,"key":"SMITH"},{"floor":15,"key":"REST"},{"floor":23,"key":"REST"},{"floor":25,"key":"REST"},{"floor":28,"key":"REST"},{"floor":32,"key":"REST"},{"floor":44,"key":"REST"}],"circlet_count":0,"master_deck":["Strike_B","Strike_B","Defend_B","Defend_B","Zap+1","Dualcast+1","FTL","Go for the Eyes","Turbo","Steam","FTL","Capacitor+1","Hologram","Electrodynamics+1","Cold Snap+1","Hologram","Capacitor+1","Coolheaded","Static Discharge+1","Machine Learning+1","CurseOfTheBell","Consume","Static Discharge+1","Parasite","Barrage","Fusion"],"relics":["FrozenCore","Golden Idol","Frozen Egg 2","Pantograph","Question Card","Matryoshka","Unceasing Top","Calling Bell","Tiny Chest","Gremlin Horn","CaptainsWheel","Girya","Gambling Chip","Blood Vial","Darkstone Periapt","Potion Belt","Bottled Tornado","Dream Catcher"],"acts_visited":["Exordium","TheCity","TheBeyond"],"potions_floor_usage":[7,18,27,27,33,35,38,41,42,46],"damage_taken":[{"damage":6,"enemies":"Small Slimes","floor":1,"turns":3},{"damage":1,"enemies":"2 Louse","floor":2,"turns":2},{"damage":1,"enemies":"Jaw Worm","floor":3,"turns":3},{"damage":8,"enemies":"Lagavulin","floor":7,"turns":7},{"damage":9,"enemies":"3 Louse","floor":14,"turns":2},{"damage":60,"enemies":"Slime Boss","floor":16,"turns":14},{"damage":5,"enemies":"Shell Parasite","floor":18,"turns":6},{"damage":10,"enemies":"2 Thieves","floor":19,"turns":2},{"damage":22,"enemies":"Cultist and Chosen","floor":20,"turns":5},{"damage":10,"enemies":"Snecko","floor":21,"turns":7},{"damage":7,"enemies":"3 Cultists","floor":22,"turns":5},{"damage":16,"enemies":"Book of Stabbing","floor":24,"turns":7},{"damage":44,"enemies":"Slavers","floor":27,"turns":6},{"damage":71,"enemies":"Automaton","floor":33,"turns":10},{"damage":2,"enemies":"3 Shapes","floor":35,"turns":5},{"damage":0,"enemies":"Mind Bloom Boss Battle","floor":36,"turns":6},{"damage":7,"enemies":"Orb Walker","floor":38,"turns":6},{"damage":21,"enemies":"Writhing Mass","floor":39,"turns":6},{"damage":12,"enemies":"Reptomancer","floor":40,"turns":6},{"damage":16,"enemies":"Maw","floor":41,"turns":8},{"damage":21,"enemies":"Nemesis","floor":42,"turns":5},{"damage":43,"enemies":"Reptomancer","floor":46,"turns":2}],"seed_played":"-320146225312346656","potions_obtained":[{"floor":1,"key":"PowerPotion"},{"floor":16,"key":"LiquidMemories"},{"floor":18,"key":"SpeedPotion"},{"floor":22,"key":"PotionOfCapacity"},{"floor":24,"key":"Strength Potion"},{"floor":27,"key":"AttackPotion"},{"floor":33,"key":"SkillPotion"},{"floor":38,"key":"Fruit Juice"},{"floor":40,"key":"Weak Potion"},{"floor":41,"key":"PotionOfCapacity"}],"is_trial":false,"path_per_floor":["M","M","M","?","$","R","E","R","T","R","?","R","$","M","R","B",null,"M","M","M","M","M","R","E","R","T","E","R","$","?","?","R","B",null,"M","?","?","M","M","E","M","E","T","R","T","E"],"character_chosen":"DEFECT","items_purchased":["Steam","FTL","Capacitor+1","Coolheaded","Static Discharge+1"],"campfire_rested":7,"item_purchase_floors":[5,5,13,29,29],"current_hp_per_floor":[48,47,46,28,28,50,42,42,42,42,35,35,35,26,48,13,75,70,60,38,28,21,43,27,49,49,5,27,27,27,27,49,3,75,73,75,75,73,52,40,24,3,3,27,27,0,0],"gold":424,"neow_bonus":"TWO_FIFTY_GOLD","is_daily":false,"chose_seed":false,"campfire_upgraded":2,"win_rate":0.0,"timestamp":1611747299,"path_taken":["M","M","M","?","$","R","E","R","T","R","?","R","$","M","R","BOSS","M","M","M","M","M","R","E","R","T","E","R","$","?","?","R","BOSS","M","?","?","M","?","E","M","E","T","R","?","E"],"items_purchased_type":["Card","Card","Card","Card","Card"],"build_version":"2020-12-22","purchased_purges":3,"victory":false,"max_hp_per_floor":[75,75,75,75,75,75,75,75,75,75,75,75,75,75,75,75,75,75,75,75,75,75,75,75,75,75,75,75,75,75,75,75,75,75,75,75,75,80,80,80,80,80,80,80,80,80,80],"relic_stats":{"Darkstone Periapt":0,"Gremlin Horn":[10,10],"counters":[22,123],"Golden Idol":135,"Question Card":10,"FrozenCore":[50],"Blood Vial":2,"Dream Catcher":0,"Pantograph":52,"Gambling Chip":[9],"Tiny Chest":1,"obtain_stats":[{"Darkstone Periapt":43,"Potion Belt":43,"Girya":36,"Gremlin Horn":34,"Golden Idol":4,"Frozen Egg 2":7,"Bottled Tornado":45,"Question Card":24,"FrozenCore":17,"Calling Bell":34,"Blood Vial":42,"CaptainsWheel":34,"Dream Catcher":45,"Matryoshka":27,"Pantograph":9,"Gambling Chip":40,"Tiny Chest":34,"Cracked Core":0,"Unceasing Top":31},{"Darkstone Periapt":21,"Potion Belt":21,"Girya":16,"Gremlin Horn":14,"Golden Idol":3,"Frozen Egg 2":4,"Bottled Tornado":21,"Question Card":12,"FrozenCore":6,"Calling Bell":14,"Blood Vial":21,"CaptainsWheel":14,"Dream Catcher":21,"Matryoshka":13,"Pantograph":4,"Gambling Chip":19,"Tiny Chest":14,"Cracked Core":0,"Unceasing Top":13},{"Darkstone Periapt":121,"Potion Belt":121,"Girya":90,"Gremlin Horn":79,"Golden Idol":8,"Frozen Egg 2":15,"Bottled Tornado":121,"Question Card":63,"FrozenCore":31,"Calling Bell":79,"Blood Vial":121,"CaptainsWheel":79,"Dream Catcher":121,"Matryoshka":69,"Pantograph":15,"Gambling Chip":108,"Tiny Chest":79,"Cracked Core":0,"Unceasing Top":69}],"Unceasing Top":[3]},"card_choices":[{"not_picked":["Sunder","Streamline"],"picked":"FTL","floor":1},{"not_picked":["Stack","Storm"],"picked":"Go for the Eyes","floor":2},{"not_picked":["Compile Driver","Aggregate"],"picked":"Turbo","floor":3},{"not_picked":["Conserve Battery","Force Field","Aggregate"],"picked":"SKIP","floor":7},{"not_picked":["Go for the Eyes","Static Discharge+1"],"picked":"Hologram","floor":14},{"not_picked":["Reboot","Creative AI+1"],"picked":"Electrodynamics+1","floor":16},{"not_picked":["Rebound","Fusion"],"picked":"Cold Snap+1","floor":18},{"not_picked":["Genetic Algorithm","Stack","Redo"],"picked":"SKIP","floor":19},{"not_picked":["Consume+1","Ball Lightning","Steam+1"],"picked":"SKIP","floor":20},{"not_picked":["Streamline","Stack"],"picked":"Hologram","floor":21},{"not_picked":["Force Field","Redo"],"picked":"Capacitor+1","floor":22},{"not_picked":["Stack","Force Field","Reinforced Body"],"picked":"SKIP","floor":24},{"not_picked":["Conserve Battery","Fission","Reinforced Body","Ball Lightning"],"picked":"SKIP","floor":27},{"not_picked":["Electrodynamics+1","Amplify","Reboot"],"picked":"Machine Learning+1","floor":33},{"not_picked":["Force Field+1","Stack+1","Leap+1"],"picked":"Consume","floor":35},{"not_picked":["Hologram","Turbo+1","Reprogram"],"picked":"Static Discharge+1","floor":36},{"not_picked":["Multi-Cast","Go for the Eyes+1","Heatsinks+1","Darkness+1"],"picked":"SKIP","floor":38},{"not_picked":["Gash","Steam","Leap+1"],"picked":"Barrage","floor":39},{"not_picked":["Rip and Tear","Redo","Force Field+1","Sweeping Beam"],"picked":"SKIP","floor":40},{"not_picked":["Steam","Hello World+1","Go for the Eyes"],"picked":"Fusion","floor":41},{"not_picked":["Compile Driver+1","Sweeping Beam","Machine Learning+1","Ball Lightning"],"picked":"SKIP","floor":42}],"player_experience":30985,"relics_obtained":[{"floor":7,"key":"Frozen Egg 2"},{"floor":9,"key":"Pantograph"},{"floor":24,"key":"Question Card"},{"floor":27,"key":"Matryoshka"},{"floor":34,"key":"Tiny Chest"},{"floor":34,"key":"Gremlin Horn"},{"floor":34,"key":"CaptainsWheel"},{"floor":36,"key":"Girya"},{"floor":40,"key":"Gambling Chip"},{"floor":42,"key":"Blood Vial"},{"floor":43,"key":"Darkstone Periapt"},{"floor":43,"key":"Potion Belt"},{"floor":45,"key":"Bottled Tornado"},{"floor":45,"key":"Dream Catcher"}],"event_choices":[{"damage_healed":0,"gold_gain":0,"player_choice":"Take Damage","damage_taken":18,"relics_obtained":["Golden Idol"],"max_hp_gain":0,"max_hp_loss":0,"event_name":"Golden Idol","floor":4,"gold_loss":0},{"cards_removed":["Defend_B"],"damage_healed":0,"gold_gain":0,"player_choice":"Card Removal","damage_taken":7,"max_hp_gain":0,"max_hp_loss":0,"event_name":"Golden Wing","floor":11,"gold_loss":0},{"damage_healed":0,"gold_gain":0,"player_choice":"Ignored","damage_taken":0,"max_hp_gain":0,"max_hp_loss":0,"event_name":"Vampires","floor":30,"gold_loss":0},{"damage_healed":0,"gold_gain":0,"player_choice":"Obtained Relic","damage_taken":0,"relics_obtained":["Unceasing Top"],"max_hp_gain":0,"max_hp_loss":0,"event_name":"Addict","floor":31,"gold_loss":85},{"damage_healed":0,"gold_gain":0,"player_choice":"Fight","damage_taken":0,"max_hp_gain":0,"max_hp_loss":0,"event_name":"MindBloom","floor":36,"gold_loss":0},{"damage_healed":0,"gold_gain":0,"player_choice":"Ignored","damage_taken":0,"max_hp_gain":0,"max_hp_loss":0,"event_name":"SecretPortal","floor":37,"gold_loss":0}],"is_beta":false,"boss_relics":[{"not_picked":["Sozu","Runic Dome"],"picked":"FrozenCore"},{"not_picked":["Nuclear Battery","Coffee Dripper"],"picked":"Calling Bell"}],"items_purged_floors":[5,13,29],"is_endless":false,"potions_floor_spawned":[1,16,18,22,24,27,33,38,40,41],"killed_by":"Reptomancer","ascension_level":1}}