{"host":"m4pe905ae9bldoe7","time":1611748610,"event":{"mods":["BaseMod","Bestiary","Block Reminder","Downfall","Minty Spire (QoL Compilation)","StSLib"],"gold_per_floor":[99,99,4,454,472,34,61,61,89,89,24,38,38,38,38,38],"floor_reached":14,"language":"ENG","playtime":846,"items_purged":["downfall:Icky","downfall:Icky"],"score":84,"play_id":"41df0730-a215-448d-9b62-39199d0020c1","local_time":"20210127125650","is_ascension_mode":false,"campfire_choices":[{"data":"sneckomod:QuickMove","floor":8,"key":"SMITH"},{"floor":13,"key":"REST"}],"circlet_count":0,"master_deck":["sneckomod:Strike","sneckomod:Strike","sneckomod:Strike","sneckomod:Defend","sneckomod:Defend","sneckomod:Defend","sneckomod:TailWhip","sneckomod:SnekBite","sneckomod:Unknown","A Thousand Cuts","sneckomod:UnknownDraw","sneckomod:SnakeSap","sneckomod:QuickMove+1","sneckomod:Unknown2Cost","sneckomod:UnendingSupply","sneckomod:UnknownVulnerable","sneckomod:UnknownRareSkill","sneckomod:SerpentIdol","sneckomod:SoulRoll"],"relics":["sneckomod:SneckoSoul","Art of War","Frozen Egg 2","Smiling Mask","Pen Nib"],"acts_visited":["Exordium"],"potions_floor_usage":[14],"damage_taken":[{"damage":5,"enemies":"downfall:FleeingMerchant","floor":3,"turns":4},{"damage":9,"enemies":"Small Slimes","floor":5,"turns":5},{"damage":7,"enemies":"downfall:FleeingMerchant","floor":6,"turns":4},{"damage":40,"enemies":"3 Sentries","floor":9,"turns":8},{"damage":13,"enemies":"downfall:FleeingMerchant","floor":11,"turns":4},{"damage":3,"enemies":"2 Louse","floor":12,"turns":3},{"damage":80,"enemies":"Gremlin Nob","floor":14,"turns":5}],"seed_played":"4245442365208978529","potions_obtained":[{"floor":5,"key":"FairyPotion"},{"floor":9,"key":"EssenceOfSteel"}],"is_trial":false,"path_per_floor":["R","?","$","?","M","$","T","R","E","?","$","M","R","E"],"character_chosen":"THE_SNECKO","items_purchased":["sneckomod:SnakeSap","sneckomod:UnendingSupply","sneckomod:UnknownVulnerable","Frozen Egg 2"],"campfire_rested":1,"item_purchase_floors":[3,6,6,6],"current_hp_per_floor":[99,92,87,87,78,71,71,71,31,31,18,15,44,0,0,0],"gold":38,"neow_bonus":"TEN_PERCENT_HP_BONUS","is_daily":false,"chose_seed":false,"campfire_upgraded":1,"win_rate":0.0,"timestamp":1611748610,"path_taken":["R","?","$","?","M","?","T","R","E","?","$","M","R","E"],"items_purchased_type":["Card","Card","Card","Relic"],"build_version":"2020-12-22","purchased_purges":2,"victory":false,"max_hp_per_floor":[99,99,99,99,99,99,99,99,99,99,99,99,99,99,99,99],"card_choices":[{"not_picked":["sneckomod:CheapStock","sneckomod:DiceBlock"],"picked":"sneckomod:UnknownDraw","floor":3},{"not_picked":["sneckomod:DefensiveFlair","sneckomod:SoulDraw"],"picked":"sneckomod:QuickMove","floor":5},{"not_picked":["sneckomod:Unknown1Cost","sneckomod:SoulDraw"],"picked":"sneckomod:Unknown2Cost","floor":6},{"not_picked":["sneckomod:ImprovisedAttack","sneckomod:SerpentIdol"],"picked":"sneckomod:UnknownRareSkill","floor":9},{"not_picked":["sneckomod:UnknownCommonSkill","sneckomod:SlitherStrike"],"picked":"sneckomod:SerpentIdol","floor":11},{"not_picked":["sneckomod:UnknownBlock","sneckomod:UnknownCommonAttack"],"picked":"sneckomod:SoulRoll","floor":12}],"player_experience":496015,"relics_obtained":[{"floor":7,"key":"Smiling Mask"},{"floor":9,"key":"Pen Nib"}],"event_choices":[{"damage_healed":0,"gold_gain":0,"player_choice":"Success","damage_taken":7,"relics_obtained":["Art of War"],"max_hp_gain":0,"max_hp_loss":0,"event_name":"Scrap Ooze","floor":2,"gold_loss":0},{"cards_removed":["downfall:Icky"],"damage_healed":0,"gold_gain":0,"player_choice":"Forget","damage_taken":0,"max_hp_gain":0,"max_hp_loss":0,"event_name":"Living Wall","floor":10,"gold_loss":0}],"is_beta":false,"boss_relics":[],"items_purged_floors":[6,11],"is_endless":false,"potions_floor_spawned":[5,9],"killed_by":"Gremlin Nob","ascension_level":0}}