{"host":"z16h96csw6gsetxl","time":1611732389,"event":{"mods":["BaseMod","Minty Spire (QoL Compilation)"],"gold_per_floor":[116,66,66,84,84,84,117,132,132,143,163,88,88,102,102,198,198,198,198],"floor_reached":18,"language":"ZHS","playtime":611,"items_purged":["Defend_G"],"score":187,"play_id":"2b1f3931-6e64-4592-95ec-eb557cce7b94","local_time":"20210127152629","is_ascension_mode":false,"campfire_choices":[{"data":"Bouncing Flask","floor":6,"key":"SMITH"},{"data":"Quick Slash","floor":13,"key":"SMITH"},{"data":"Sucker Punch","floor":15,"key":"SMITH"}],"circlet_count":0,"master_deck":["Strike_G","Strike_G","Strike_G","Strike_G","Defend_G","Defend_G","Survivor","Neutralize","Quick Slash+1","Quick Slash","Neutralize","Bouncing Flask+1","Dagger Throw","Dagger Throw","Sucker Punch+1","After Image"],"relics":["Ring of the Snake","NeowsBlessing","Shuriken","Letter Opener","Empty Cage"],"acts_visited":["Exordium","TheCity"],"potions_floor_usage":[16,16],"damage_taken":[{"damage":0,"enemies":"Jaw Worm","floor":1,"turns":1},{"damage":0,"enemies":"Small Slimes","floor":4,"turns":1},{"damage":0,"enemies":"Gremlin Nob","floor":7,"turns":1},{"damage":0,"enemies":"Cultist","floor":8,"turns":2},{"damage":5,"enemies":"Lots of Slimes","floor":10,"turns":3},{"damage":4,"enemies":"Red Slaver","floor":11,"turns":3},{"damage":0,"enemies":"Exordium Wildlife","floor":14,"turns":3},{"damage":60,"enemies":"The Guardian","floor":16,"turns":8},{"damage":0,"enemies":"3 Byrds","floor":18,"turns":1}],"seed_played":"-5861317843527396748","potions_obtained":[{"floor":4,"key":"BlessingOfTheForge"},{"floor":10,"key":"Weak Potion"},{"floor":11,"key":"SkillPotion"}],"is_trial":false,"path_per_floor":["M","?","$","M","?","R","E","M","T","M","M","$","R","M","R","B",null,"M"],"character_chosen":"THE_SILENT","items_purchased":[],"campfire_rested":0,"item_purchase_floors":[],"current_hp_per_floor":[70,70,70,70,70,70,70,70,70,65,61,61,61,61,61,1,70,70,70],"gold":198,"neow_bonus":"THREE_ENEMY_KILL","is_daily":false,"chose_seed":false,"campfire_upgraded":3,"win_rate":0.0,"timestamp":1611732389,"path_taken":["M","?","$","M","?","R","E","?","T","M","M","$","R","M","R","BOSS","M"],"items_purchased_type":[],"build_version":"2020-12-22","purchased_purges":1,"victory":false,"max_hp_per_floor":[70,70,70,70,70,70,70,70,70,70,70,70,70,70,70,70,70,70,70],"card_choices":[{"not_picked":["Dagger Throw","Bane"],"picked":"Quick Slash","floor":1},{"not_picked":["Masterful Stab","Predator"],"picked":"Quick Slash","floor":4},{"not_picked":["Noxious Fumes","Catalyst"],"picked":"Dagger Throw","floor":7},{"not_picked":["Reflex","Bane","Poisoned Stab"],"picked":"SKIP","floor":8},{"not_picked":["Deflect","Burst","Heel Hook"],"picked":"SKIP","floor":10},{"not_picked":["Outmaneuver","Leg Sweep"],"picked":"Dagger Throw","floor":11},{"not_picked":["Bouncing Flask","PiercingWail"],"picked":"Sucker Punch","floor":14},{"not_picked":["Envenom","Venomology"],"picked":"After Image","floor":16}],"player_experience":55403,"relics_obtained":[{"floor":7,"key":"Shuriken"},{"floor":9,"key":"Letter Opener"}],"event_choices":[{"cards_removed":["Strike_G"],"damage_healed":0,"gold_gain":0,"player_choice":"Card Removal","damage_taken":0,"max_hp_gain":0,"max_hp_loss":0,"event_name":"The Cleric","floor":2,"gold_loss":50},{"damage_healed":0,"gold_gain":0,"player_choice":"2 cards matched","damage_taken":0,"max_hp_gain":0,"max_hp_loss":0,"event_name":"Match and Keep!","floor":5,"gold_loss":0,"cards_obtained":["Neutralize","Bouncing Flask"]}],"is_beta":false,"boss_relics":[{"not_picked":["SacredBark","Ectoplasm"],"picked":"Empty Cage"}],"items_purged_floors":[12],"is_endless":false,"potions_floor_spawned":[4,10,11,14],"killed_by":"3 Byrds","ascension_level":0}}