{"host":"kydqlojjt9mno5rv","time":1611726199,"event":{"mods":["AchievementEnabler","BaseMod","Colored Powertips","Minty Spire (QoL Compilation)","Spire Arcade","SuperFastMode","Weighted Paths"],"gold_per_floor":[99,113,113,38,38,71,71,97,97,97,97],"floor_reached":10,"language":"ENG","playtime":311,"items_purged":["Defend_R"],"score":74,"play_id":"ce42c791-7dcb-44b2-a31d-b183de342a78","local_time":"20210127004319","is_ascension_mode":false,"campfire_choices":[{"floor":7,"key":"REST"}],"circlet_count":0,"master_deck":["Strike_R","Strike_R","Strike_R","Strike_R","Strike_R","Defend_R","Defend_R","Bash","Violence","Flex","Rage","Headbutt+1","Pommel Strike+1"],"relics":["Burning Blood","Molten Egg 2","Lantern","MealTicket"],"acts_visited":["Exordium"],"potions_floor_usage":[8],"damage_taken":[{"damage":5,"enemies":"Small Slimes","floor":1,"turns":4},{"damage":13,"enemies":"2 Louse","floor":2,"turns":3},{"damage":37,"enemies":"Gremlin Nob","floor":6,"turns":5},{"damage":54,"enemies":"3 Sentries","floor":8,"turns":10},{"damage":28,"enemies":"Lagavulin","floor":10,"turns":3}],"seed_played":"-6916872020276592975","potions_obtained":[{"floor":2,"key":"Swift Potion"}],"is_trial":false,"path_per_floor":["M","M","?","$","?","E","R","E","T","E"],"character_chosen":"IRONCLAD","items_purchased":[],"campfire_rested":1,"item_purchase_floors":[],"current_hp_per_floor":[80,73,73,73,66,35,59,11,11,0,0],"gold":97,"neow_bonus":"RANDOM_COLORLESS_2","is_daily":false,"chose_seed":false,"campfire_upgraded":0,"win_rate":0.0,"timestamp":1611726199,"path_taken":["M","M","?","$","?","E","R","E","T","E"],"items_purchased_type":[],"build_version":"2020-12-22","purchased_purges":1,"victory":false,"max_hp_per_floor":[80,80,80,80,80,80,80,80,80,80,80],"card_choices":[{"not_picked":["Chrysalis","Secret Technique"],"picked":"Violence","floor":0},{"not_picked":["Havoc","Pummel","Anger"],"picked":"SKIP","floor":1},{"not_picked":["Clash","Headbutt"],"picked":"Flex","floor":2},{"not_picked":["Iron Wave+1","Fire Breathing"],"picked":"Headbutt+1","floor":6},{"not_picked":["Armaments","Body Slam+1"],"picked":"Pommel Strike+1","floor":8}],"player_experience":122695,"relics_obtained":[{"floor":6,"key":"Molten Egg 2"},{"floor":8,"key":"Lantern"},{"floor":9,"key":"MealTicket"}],"event_choices":[{"damage_healed":0,"gold_gain":0,"cards_transformed":["Defend_R"],"player_choice":"Change","damage_taken":0,"max_hp_gain":0,"max_hp_loss":0,"event_name":"Living Wall","floor":3,"gold_loss":0,"cards_obtained":["Rage"]},{"cards_removed":["Doubt"],"damage_healed":0,"gold_gain":0,"player_choice":"Card Removal","damage_taken":7,"max_hp_gain":0,"max_hp_loss":0,"event_name":"Golden Wing","floor":5,"gold_loss":0}],"is_beta":false,"boss_relics":[],"items_purged_floors":[4],"is_endless":false,"potions_floor_spawned":[1,2],"killed_by":"Lagavulin","ascension_level":0}}