{"host":"msmkw03x1o7nq45i","time":1611775954,"event":{"mods":["AchievementEnabler","BaseMod","Bestiary","Colored Powertips","GifTheSpireLib","Highlight Path","Minty Spire (QoL Compilation)","Random Character Button","StSLib","everything is the same but u backflip on backflip"],"gold_per_floor":[119,133,149,167,177,208,208,243,267,267,267,302,302,317,317,394,394,409,459,409,423,423,451,451,451,451],"floor_reached":25,"language":"ENG","playtime":1954,"items_purged":[],"score":422,"play_id":"3cdbfde1-64e8-40fc-92c5-d5e53268baf7","local_time":"20210127213234","is_ascension_mode":true,"campfire_choices":[{"data":"All Out Attack","floor":7,"key":"SMITH"},{"data":"Blade Dance","floor":13,"key":"SMITH"},{"data":"Sucker Punch","floor":15,"key":"SMITH"},{"data":"Cloak And Dagger","floor":24,"key":"SMITH"}],"circlet_count":0,"master_deck":["AscendersBane","Survivor","Neutralize","Heel Hook","Deadly Poison","Sucker Punch+1","Blade Dance+1","All Out Attack+1","Backflip","Poisoned Stab","Malaise+1","Phantasmal Killer","Phantasmal Killer","Burst","All Out Attack","Bane","Unload","Deadly Poison+1","Masterful Stab","Unload","Bullet Time","Cloak And Dagger+1","Dodge and Roll"],"relics":["Coffee Dripper","Ornamental Fan","Juzu Bracelet","Strawberry","MealTicket","Pandora\u0027s Box","Blood Vial"],"acts_visited":["Exordium","TheCity"],"potions_floor_usage":[4,6,12,16],"damage_taken":[{"damage":0,"enemies":"Cultist","floor":1,"turns":5},{"damage":0,"enemies":"2 Louse","floor":2,"turns":5},{"damage":5,"enemies":"Small Slimes","floor":3,"turns":4},{"damage":5,"enemies":"Blue Slaver","floor":4,"turns":4},{"damage":5,"enemies":"Gremlin Gang","floor":5,"turns":5},{"damage":27,"enemies":"Lagavulin","floor":6,"turns":7},{"damage":1,"enemies":"3 Sentries","floor":8,"turns":5},{"damage":2,"enemies":"Gremlin Nob","floor":12,"turns":4},{"damage":6,"enemies":"3 Louse","floor":14,"turns":2},{"damage":16,"enemies":"The Guardian","floor":16,"turns":13},{"damage":12,"enemies":"Chosen","floor":18,"turns":2},{"damage":0,"enemies":"3 Byrds","floor":21,"turns":4},{"damage":22,"enemies":"Slavers","floor":23,"turns":6},{"damage":29,"enemies":"Gremlin Leader","floor":25,"turns":4}],"seed_played":"8032699558904705963","potions_obtained":[{"floor":2,"key":"LiquidBronze"},{"floor":3,"key":"Weak Potion"},{"floor":6,"key":"Block Potion"},{"floor":12,"key":"Weak Potion"},{"floor":16,"key":"CultistPotion"},{"floor":21,"key":"Dexterity Potion"}],"is_trial":false,"path_per_floor":["M","M","M","M","M","E","R","E","T","?","?","E","R","M","R","B",null,"M","?","?","M","?","E","R","E"],"character_chosen":"THE_SILENT","items_purchased":[],"campfire_rested":0,"item_purchase_floors":[],"current_hp_per_floor":[59,59,54,49,44,17,17,16,23,23,28,26,26,20,20,4,60,48,48,48,48,48,26,26,0,0],"gold":451,"neow_bonus":"BOSS_RELIC","is_daily":false,"chose_seed":false,"campfire_upgraded":4,"win_rate":0.0,"timestamp":1611775954,"path_taken":["M","M","?","M","M","E","R","E","T","?","?","E","R","M","R","BOSS","M","?","?","M","?","E","R","E"],"items_purchased_type":[],"build_version":"2020-12-22","purchased_purges":0,"victory":false,"max_hp_per_floor":[66,66,66,66,66,66,66,66,73,73,78,78,78,78,78,78,78,78,78,78,78,78,78,78,78,78],"card_choices":[{"not_picked":["Outmaneuver","Prepared"],"picked":"Heel Hook","floor":1},{"not_picked":["Prepared","Tactician"],"picked":"Deadly Poison","floor":2},{"not_picked":["Leg Sweep","Finisher"],"picked":"Sucker Punch","floor":3},{"not_picked":["After Image","Masterful Stab"],"picked":"Blade Dance","floor":4},{"not_picked":["PiercingWail","Endless Agony"],"picked":"All Out Attack","floor":5},{"not_picked":["Expertise","Dagger Spray"],"picked":"Backflip","floor":6},{"not_picked":["Outmaneuver","Prepared"],"picked":"Poisoned Stab","floor":8},{"not_picked":["Concentrate","Skewer","Deadly Poison"],"picked":"SKIP","floor":12},{"not_picked":["Backflip","Quick Slash"],"picked":"Malaise","floor":14},{"not_picked":["Grand Finale","A Thousand Cuts"],"picked":"Phantasmal Killer","floor":16},{"not_picked":["Flechettes","Setup+1"],"picked":"Dodge and Roll","floor":18},{"not_picked":["Skewer","Quick Slash","Flying Knee"],"picked":"SKIP","floor":21},{"not_picked":["Finisher","Outmaneuver","Dagger Spray+1"],"picked":"SKIP","floor":23}],"player_experience":421129,"relics_obtained":[{"floor":6,"key":"Ornamental Fan"},{"floor":8,"key":"Juzu Bracelet"},{"floor":9,"key":"Strawberry"},{"floor":12,"key":"MealTicket"},{"floor":23,"key":"Blood Vial"}],"event_choices":[{"damage_healed":0,"gold_gain":0,"player_choice":"Leave","damage_taken":0,"max_hp_gain":0,"max_hp_loss":0,"event_name":"FaceTrader","floor":10,"gold_loss":0},{"damage_healed":0,"gold_gain":0,"player_choice":"Donut","damage_taken":0,"max_hp_gain":5,"max_hp_loss":0,"event_name":"Big Fish","floor":11,"gold_loss":0},{"damage_healed":0,"gold_gain":50,"player_choice":"Stole From Cult","damage_taken":0,"max_hp_gain":0,"max_hp_loss":0,"event_name":"Nest","floor":19,"gold_loss":0},{"damage_healed":0,"gold_gain":0,"player_choice":"Upgraded Two","damage_taken":0,"max_hp_gain":0,"max_hp_loss":0,"event_name":"Designer","floor":20,"gold_loss":50,"cards_upgraded":["Malaise","Deadly Poison"]},{"damage_healed":0,"gold_gain":0,"player_choice":"Ignored","damage_taken":0,"max_hp_gain":0,"max_hp_loss":0,"event_name":"The Mausoleum","floor":22,"gold_loss":0}],"is_beta":false,"boss_relics":[{"not_picked":["HoveringKite","Snecko Eye"],"picked":"Pandora\u0027s Box"}],"items_purged_floors":[],"is_endless":false,"potions_floor_spawned":[2,3,6,12,16,21],"killed_by":"Gremlin Leader","ascension_level":15}}