{"host":"i29s15dsg0c43zmx","time":1611778591,"event":{"mods":["AchievementEnabler","BaseMod","Colored Map","Minty Spire (QoL Compilation)","StSLib","The Death Knight"],"gold_per_floor":[364,364,377,377,552,552,577,595,595,595,612,501,501,501,501,601,601,612,631,631,647,647,647,666,693,717,717,717,729,729,761,761,761,761],"floor_reached":33,"language":"ENG","playtime":1588,"items_purged":["Regret"],"score":298,"play_id":"04747445-96d6-4853-a8f5-4ece3842fb4c","local_time":"20210127211631","is_ascension_mode":false,"campfire_choices":[{"data":"Eruption","floor":6,"key":"SMITH"},{"floor":13,"key":"REST"},{"data":"ReachHeaven","floor":15,"key":"SMITH"},{"data":"Judgement","floor":23,"key":"SMITH"},{"floor":27,"key":"REST"},{"floor":30,"key":"REST"},{"floor":32,"key":"REST"}],"circlet_count":0,"master_deck":["Defend_P","Defend_P","Defend_P","Defend_P","Eruption+1","Vigilance","Pray","Doubt","Prostrate","Tantrum","BattleHymn+1","ReachHeaven+1","MasterReality+1","Crescendo+1","EmptyFist","Wallop","Crescendo","Judgement+1","Blasphemy","Prostrate","FollowUp+1","Vault"],"relics":["PureWater","Regal Pillow","Pear","Astrolabe","Boot","Pen Nib","FossilizedHelix"],"acts_visited":["Exordium","TheCity"],"potions_floor_usage":[33,33,33],"damage_taken":[{"damage":1,"enemies":"Jaw Worm","floor":1,"turns":3},{"damage":10,"enemies":"Cultist","floor":3,"turns":5},{"damage":8,"enemies":"2 Louse","floor":8,"turns":3},{"damage":11,"enemies":"Blue Slaver","floor":11,"turns":5},{"damage":61,"enemies":"The Guardian","floor":16,"turns":6},{"damage":36,"enemies":"3 Byrds","floor":18,"turns":6},{"damage":0,"enemies":"Spheric Guardian","floor":19,"turns":2},{"damage":6,"enemies":"Chosen and Byrds","floor":21,"turns":4},{"damage":2,"enemies":"Cultist and Chosen","floor":24,"turns":4},{"damage":0,"enemies":"Gremlin Leader","floor":25,"turns":5},{"damage":18,"enemies":"Centurion and Healer","floor":29,"turns":4},{"damage":75,"enemies":"Book of Stabbing","floor":31,"turns":6},{"damage":59,"enemies":"Automaton","floor":33,"turns":7}],"seed_played":"-4960779246072892335","potions_obtained":[{"floor":3,"key":"BlessingOfTheForge"},{"floor":8,"key":"StancePotion"},{"floor":18,"key":"BlessingOfTheForge"},{"floor":21,"key":"Regen Potion"},{"floor":28,"key":"EntropicBrew"}],"is_trial":false,"path_per_floor":["M","?","M","?","?","R","T","M","T","?","M","$","R","?","R","B",null,"M","M","?","M","?","R","M","E","T","R","?","M","R","E","R","B"],"character_chosen":"WATCHER","items_purchased":["ReachHeaven"],"campfire_rested":4,"item_purchase_floors":[12],"current_hp_per_floor":[50,50,40,40,40,40,40,32,42,42,31,31,70,70,70,9,82,46,46,46,40,40,40,38,38,38,77,77,59,82,7,46,0,0],"gold":761,"neow_bonus":"TWO_FIFTY_GOLD","is_daily":false,"chose_seed":false,"campfire_upgraded":3,"win_rate":0.0,"timestamp":1611778591,"path_taken":["M","?","?","?","?","R","?","M","T","?","M","?","R","?","R","BOSS","M","M","?","?","?","R","M","E","T","R","?","?","R","E","R","BOSS"],"items_purchased_type":["Card"],"build_version":"2020-12-22","purchased_purges":1,"victory":false,"max_hp_per_floor":[72,72,72,72,72,72,72,72,82,82,82,82,82,82,82,82,82,82,82,82,82,82,82,82,82,82,82,82,82,82,82,82,82,82],"card_choices":[{"not_picked":["JustLucky","WreathOfFlame","TalkToTheHand"],"picked":"SKIP","floor":1},{"not_picked":["JustLucky","WreathOfFlame","TalkToTheHand"],"picked":"SKIP","floor":1},{"not_picked":["JustLucky","WreathOfFlame","TalkToTheHand"],"picked":"SKIP","floor":1},{"not_picked":["JustLucky","WreathOfFlame","TalkToTheHand"],"picked":"SKIP","floor":1},{"not_picked":["Vengeance","Halt"],"picked":"Pray","floor":3},{"not_picked":["TalkToTheHand","CrushJoints"],"picked":"Prostrate","floor":8},{"not_picked":["ThirdEye","Prostrate"],"picked":"BattleHymn","floor":11},{"not_picked":["Blasphemy","Vault"],"picked":"MasterReality","floor":16},{"not_picked":["InnerPeace","EmptyBody"],"picked":"EmptyFist","floor":18},{"not_picked":["FlyingSleeves","EmptyMind"],"picked":"Wallop","floor":19},{"not_picked":["WindmillStrike+1","BowlingBash+1"],"picked":"Crescendo","floor":21},{"not_picked":["Vengeance","SignatureMove"],"picked":"Prostrate","floor":24},{"not_picked":["Collect+1","WreathOfFlame"],"picked":"FollowUp+1","floor":25},{"not_picked":["Collect","PathToVictory","SignatureMove"],"picked":"SKIP","floor":29},{"not_picked":["Fasting2","Pray"],"picked":"Vault","floor":31}],"player_experience":86977,"relics_obtained":[{"floor":9,"key":"Pear"},{"floor":25,"key":"Boot"},{"floor":26,"key":"Pen Nib"},{"floor":31,"key":"FossilizedHelix"}],"event_choices":[{"cards_removed":["Strike_P"],"damage_healed":0,"gold_gain":0,"player_choice":"Took Card","damage_taken":0,"max_hp_gain":0,"max_hp_loss":0,"event_name":"NoteForYourself","floor":2,"gold_loss":0,"cards_obtained":["Strike_R"]},{"damage_healed":0,"gold_gain":0,"player_choice":"Box","damage_taken":0,"relics_obtained":["Regal Pillow"],"max_hp_gain":0,"max_hp_loss":0,"event_name":"Big Fish","floor":4,"gold_loss":0,"cards_obtained":["Regret"]},{"damage_healed":0,"gold_gain":175,"player_choice":"AGREE","damage_taken":0,"max_hp_gain":0,"max_hp_loss":0,"event_name":"Liars Game","floor":5,"gold_loss":0,"cards_obtained":["Doubt"]},{"damage_healed":0,"gold_gain":0,"cards_transformed":["Strike_P"],"player_choice":"Change","damage_taken":0,"max_hp_gain":0,"max_hp_loss":0,"event_name":"Living Wall","floor":10,"gold_loss":0,"cards_obtained":["Tantrum"]},{"damage_healed":0,"gold_gain":0,"player_choice":"Upgraded","damage_taken":0,"max_hp_gain":0,"max_hp_loss":0,"event_name":"Upgrade Shrine","floor":14,"gold_loss":0,"cards_upgraded":["BattleHymn"]},{"damage_healed":0,"gold_gain":0,"player_choice":"Upgraded","damage_taken":0,"max_hp_gain":0,"max_hp_loss":0,"event_name":"Upgrade Shrine","floor":20,"gold_loss":0,"cards_upgraded":["MasterReality"]},{"damage_healed":0,"gold_gain":0,"cards_transformed":["WindmillStrike","Fasting2"],"player_choice":"Became Test Subject","damage_taken":0,"max_hp_gain":0,"max_hp_loss":0,"event_name":"Drug Dealer","floor":22,"gold_loss":0,"cards_obtained":["Judgement","Blasphemy"]},{"damage_healed":0,"gold_gain":0,"player_choice":"Got Potions","damage_taken":0,"max_hp_gain":0,"max_hp_loss":0,"event_name":"Lab","floor":28,"gold_loss":0}],"is_beta":false,"boss_relics":[{"not_picked":["Velvet Choker","SlaversCollar"],"picked":"Astrolabe"}],"items_purged_floors":[12],"is_endless":false,"potions_floor_spawned":[3,8,18,21,31],"killed_by":"Automaton","ascension_level":0}}