{"host":"hfxahm4y1ssattqc","time":1611784448,"event":{"mods":["2.2 Compatiblity","Act Like it!","Aspiration","BaseMod","Beaked The Cultist","Better Third Choice","BetterRewards","Colored Map","Colored Powertips","Custom Start","Googly Eyes","Halation","Hallownest","Hermit","Highlight Path","Hubris","Mimic Mod","Minty Spire (QoL Compilation)","Reorder Act Four","Replay The Spire","Shop Mod","Spikes Relics","StSLib","The Bug Knight","The IronCluck","The Jungle","Unknown Chances","slay the spire mod where everything is the same but ironclad has a cowboy hat"],"gold_per_floor":[113,113,113,127,227,280,280,314,314,70,83,83,108,119,119,214,214,228,228,153,153,169,204,204,204,234,234,234,248,248,268,268,370,370,383,383,9,24,36,36,52,52,104,104,104,120,95,107,107,107],"floor_reached":51,"language":"ENG","playtime":1984,"items_purged":[],"score":708,"play_id":"18503e28-b960-4fd9-8259-e3a21f7bfc6d","local_time":"20210127135408","is_ascension_mode":false,"campfire_choices":[{"floor":7.0,"key":"REST"},{"floor":12.0,"key":"REST"},{"floor":15.0,"key":"REST"},{"data":"Turbo","floor":24.0,"key":"SMITH"},{"data":"Hologram","floor":28.0,"key":"SMITH"},{"data":"Creative AI","floor":30,"key":"SMITH"},{"floor":32,"key":"REST"},{"floor":40,"key":"RECALL"},{"data":"Defragment","floor":42,"key":"SMITH"},{"floor":45,"key":"REST"},{"data":"Hologram","floor":49,"key":"SMITH"}],"circlet_count":0,"master_deck":["Strike_B","Strike_B","Strike_B","Strike_B","Defend_B","Defend_B","Defend_B","Defend_B","Zap+1","Dualcast","hubris:DoWhile+1","Turbo+1","Hologram+1","ReplayTheSpireMod:Calculation Training+1","Creative AI+1","Writhe","Cold Snap","Fission+1","Electrodynamics","Defragment+1","Skim+1","Hologram+1"],"relics":["Cracked Core","aspiration:DSix","GiantMaggot","Quantum Egg","Pantograph","Rawhide","AncientExoskeleton","Toy Ornithopter","Pondfish Scales","Carrot","Replay:Grab Bag","Sozu","hubris:CrackedHourglass","Nuclear Battery","Gremlin Horn","hubris:BallOfYels","halation:PinkSoulGem"],"acts_visited":["Exordium","TheCity","TheBeyond"],"potions_floor_usage":[31,35],"damage_taken":[{"damage":0.0,"enemies":"Cultist","floor":1.0,"turns":3.0},{"damage":7.0,"enemies":"Small Slimes","floor":4.0,"turns":3.0},{"damage":24.0,"enemies":"Gremlin Nob","floor":6.0,"turns":3.0},{"damage":43.0,"enemies":"Lagavulin","floor":8.0,"turns":7.0},{"damage":2.0,"enemies":"2 Louse","floor":11.0,"turns":2.0},{"damage":22.0,"enemies":"Gremlin Nob","floor":13.0,"turns":4.0},{"damage":1.0,"enemies":"Exordium Wildlife","floor":14.0,"turns":3.0},{"damage":42.0,"enemies":"Hexaghost","floor":16.0,"turns":8.0},{"damage":10.0,"enemies":"3 Byrds","floor":18.0,"turns":4.0},{"damage":4.0,"enemies":"2 Thieves","floor":20.0,"turns":5.0},{"damage":9.0,"enemies":"Cultist and Chosen","floor":22.0,"turns":5.0},{"damage":0.0,"enemies":"HollowMod:Nosk","floor":23.0,"turns":7.0},{"damage":1.0,"enemies":"Shelled Parasite and Fungi","floor":26.0,"turns":5.0},{"damage":2,"enemies":"Shelled Parasite and Fungi","floor":29,"turns":6},{"damage":28,"enemies":"3 Cultists","floor":31,"turns":7},{"damage":21,"enemies":"Automaton","floor":33,"turns":10},{"damage":1,"enemies":"Orb Walker","floor":35,"turns":6},{"damage":16,"enemies":"3 Darklings","floor":38,"turns":5},{"damage":9,"enemies":"Sphere and 2 Shapes","floor":39,"turns":5},{"damage":0,"enemies":"4 Shapes","floor":41,"turns":3},{"damage":0,"enemies":"Maw","floor":46,"turns":5},{"damage":0,"enemies":"Jaw Worm Horde","floor":48,"turns":1},{"damage":7,"enemies":"Donu and Deca","floor":50,"turns":10}],"seed_played":"6367381215484163871","potions_obtained":[{"floor":4.0,"key":"ColorlessPotion"},{"floor":6.0,"key":"Milkshake"},{"floor":11.0,"key":"Block Potion"},{"floor":13.0,"key":"Swift Potion"},{"floor":14.0,"key":"Block Potion"},{"floor":16.0,"key":"GamblersBrew"},{"floor":23.0,"key":"DuplicationPotion"},{"floor":31,"key":"Fire Potion"}],"is_trial":false,"path_per_floor":["M","?","?","M","?","E","R","E","T","$","M","R","E","M","R","B",null,"M","?","M","?","M","E","R","?","MIM","$","R","M","R","M","R","B",null,"M","?","$","M","M","R","M","R","T","?","R","M","$","M","R","B",null],"character_chosen":"DEFECT","items_purchased":["Pantograph","Electrodynamics","Gremlin Horn","Hologram"],"campfire_rested":5,"item_purchase_floors":[10,37,37,47],"current_hp_per_floor":[75,75,75,68,68,44,66,23,23,23,21,43,21,20,42,25,75,65,65,61,61,52,52,52,85,84,84,84,82,82,59,84,64,85,85,85,85,69,60,60,60,60,60,60,85,85,85,85,85,78],"gold":107,"neow_bonus":"DSIX","is_daily":false,"chose_seed":false,"campfire_upgraded":5,"win_rate":0.0,"timestamp":1611784448,"path_taken":["M","?","?","M","?","E","R","E","T","$","M","R","E","M","R","BOSS","M","?","M","?","?","E","R","?","MIM","?","R","M","R","M","R","BOSS","M","?","?","?","M","R","M","R","T","?","R","M","$","M","R","BOSS"],"items_purchased_type":["Relic","Card","Relic","Card"],"build_version":"2020-12-22","purchased_purges":0,"victory":true,"max_hp_per_floor":[75,75,75,75,75,75,75,75,75,75,75,75,75,75,75,75,75,75,75,75,75,75,75,75,85,85,85,85,85,85,85,85,85,85,85,85,85,85,85,85,85,85,85,85,85,85,85,85,85,85],"card_choices":[{"not_picked":["Barrage","Darkness"],"picked":"Hologram","floor":1.0},{"not_picked":["Sweeping Beam","Consume"],"picked":"Turbo","floor":4.0},{"not_picked":["Streamline","FTL","Blizzard"],"picked":"SKIP","floor":6.0},{"not_picked":["FTL","ReplayTheSpireMod:Reroute Power"],"picked":"Hologram","floor":8.0},{"not_picked":["Force Field","Redo","Rebound"],"picked":"SKIP","floor":11.0},{"not_picked":["Cold Snap","Leap"],"picked":"Biased Cognition","floor":13.0},{"not_picked":["Ball Lightning","FIFO Queue"],"picked":"ReplayTheSpireMod:Calculation Training","floor":14.0},{"not_picked":["Fission","Reboot"],"picked":"Creative AI","floor":16.0},{"not_picked":["Streamline","Compile Driver","Sweeping Beam"],"picked":"SKIP","floor":18.0},{"not_picked":["Ball Lightning","Compile Driver"],"picked":"Cold Snap","floor":20.0},{"not_picked":["Cold Snap","Heatsinks","Recycle"],"picked":"SKIP","floor":22.0},{"not_picked":["Barrage","Beam Cell","Stack"],"picked":"SKIP","floor":23.0},{"not_picked":["Fusion","BasicCrystalCard","Barrage"],"picked":"SKIP","floor":29},{"not_picked":["ReplayRNGCard","Scrape+1","BasicCrystalCard"],"picked":"SKIP","floor":31},{"not_picked":["Rainbow","ReplayTheSpireMod:Fabricate Wheel"],"picked":"Fission","floor":33},{"not_picked":["Steam Power","FTL+1","Redo+1"],"picked":"SKIP","floor":35},{"not_picked":["Steam Power","Hologram+1"],"picked":"Defragment","floor":38},{"not_picked":["Go for the Eyes+1","ReplaySolidLightProjector"],"picked":"Skim+1","floor":39},{"not_picked":["Conserve Battery","Tempest+1","Aggregate"],"picked":"SKIP","floor":41},{"not_picked":["Beam Cell","Consume+1","Stack"],"picked":"SKIP","floor":46},{"not_picked":["Darkness","BasicCrystalCard","Barrage"],"picked":"SKIP","floor":48}],"player_experience":933180,"relics_obtained":[{"floor":6.0,"key":"GiantMaggot"},{"floor":8.0,"key":"Quantum Egg"},{"floor":13.0,"key":"Rawhide"},{"floor":23.0,"key":"Pondfish Scales"},{"floor":26.0,"key":"Carrot"},{"floor":43,"key":"hubris:BallOfYels"}],"event_choices":[{"damage_healed":0.0,"max_hp_gain":0.0,"max_hp_loss":0.0,"gold_gain":100.0,"event_name":"Golden Shrine","player_choice":"Pray","floor":5.0,"gold_loss":0.0,"damage_taken":0.0},{"damage_healed":0.0,"max_hp_gain":0.0,"max_hp_loss":0.0,"gold_gain":0.0,"event_name":"The Mausoleum","player_choice":"Opened","floor":19.0,"gold_loss":0.0,"damage_taken":0.0,"relics_obtained":["Toy Ornithopter"],"cards_obtained":["Writhe"]},{"damage_healed":0.0,"max_hp_gain":0.0,"max_hp_loss":0.0,"gold_gain":0.0,"event_name":"Upgrade Shrine","player_choice":"Upgraded","floor":21.0,"gold_loss":0.0,"damage_taken":0.0,"cards_upgraded":["ReplayTheSpireMod:Calculation Training"]},{"cards_removed":["Biased Cognition"],"damage_healed":23.0,"max_hp_gain":10.0,"max_hp_loss":0.0,"gold_gain":0.0,"event_name":"Bonfire Elementals","player_choice":"Offered Rare","floor":25.0,"gold_loss":0.0,"damage_taken":0.0},{"damage_healed":0,"gold_gain":0,"player_choice":"Forge","damage_taken":0,"max_hp_gain":0,"max_hp_loss":0,"event_name":"Accursed Blacksmith","floor":36,"gold_loss":0,"cards_upgraded":["Fission"]}],"is_beta":false,"boss_relics":[{"not_picked":["hubris:ScarierMask","aspiration:IroncladSkillbook"],"picked":"AncientExoskeleton"},{"not_picked":["halation:MonkeysPaw","Philosopher\u0027s Stone"],"picked":"Replay:Grab Bag"},{"not_picked":["Cursed Key","Replay:Bronze Core"],"picked":"Sozu"},{"not_picked":["hubris:RunicObelisk","ReplayTheSpireMod:Onyx Gauntlets"],"picked":"hubris:CrackedHourglass"},{"not_picked":["aspiration:BursterCore","aspiration:RitualDagger"],"picked":"Nuclear Battery"}],"items_purged_floors":[],"is_endless":false,"potions_floor_spawned":[4,6,11,13,14,16,23,29,31,33,39,48],"ascension_level":0}}