{"host":"x6165drukuu8ns9f","time":1611724243,"event":{"mods":["2.2 Compatiblity","Act Like it!","Aspiration","BaseMod","CapriCore","Colored Map","Colored Powertips","Conspire","Duelist Mod","GifTheSpireLib","Hubris","Minty Spire (QoL Compilation)","Pale of the Ancients","Spicy Shops","Spire Birthday Party","StSLib","SuperFastMode","The Blue Laboratory","??????REMEMod"],"gold_per_floor":[167,197,251,281,329,422,476,476,528,561,40,127,136,211,211,211,211],"floor_reached":16,"language":"ENG","playtime":704,"items_purged":[],"score":114,"play_id":"041620d1-5db0-4233-a350-87172f167fe5","local_time":"20210127061043","daily_mods":["Vintage","Flight","Midas"],"is_ascension_mode":false,"campfire_choices":[{"floor":8,"key":"REST"},{"floor":15,"key":"REST"}],"circlet_count":0,"master_deck":["theDuelist:BeaverWarrior","theDuelist:BeaverWarrior","theDuelist:CastleWalls","theDuelist:CastleWalls","theDuelist:FinalFlame","theDuelist:GiantSoldier","theDuelist:GiantSoldier","theDuelist:ScrapFactory","theDuelist:Sparks","theDuelist:Sparks","Die Die Die","theDuelist:CelticGuardian","theDuelist:CyberValley","theDuelist:DoubleTool","theDuelist:PowerGiant","theDuelist:VampireCurse"],"relics":["theDuelist:MillenniumPuzzle","theDuelist:CardPoolRelic","theDuelist:CardPoolBasicRelic","theDuelist:BoosterPackPoolRelic","theDuelist:CardPoolAddRelic","theDuelist:CardPoolMinusRelic","theDuelist:CardPoolSaveRelic","theDuelist:CardPoolOptionsRelic","REME_ComplimentaryCards","Regal Pillow","theDuelist:DuelistOrichalcum","conspire:DeflatedDodgeball","Anchor","Lantern","Oddly Smooth Stone","hubris:DeckOfHolding","Snake Skull","hubris:OldNail","CeramicFish","Toxic Egg 2","Juzu Bracelet"],"acts_visited":["Exordium"],"potions_floor_usage":[6,16,16,16],"damage_taken":[{"damage":0,"enemies":"conspire:RoseBush","floor":1,"turns":2},{"damage":0,"enemies":"Jaw Worm","floor":2,"turns":2},{"damage":0,"enemies":"Small Slimes","floor":3,"turns":3},{"damage":2,"enemies":"Red Slaver","floor":4,"turns":3},{"damage":2,"enemies":"conspire:2 RoseBushes","floor":5,"turns":4},{"damage":41,"enemies":"Lagavulin","floor":6,"turns":9},{"damage":0,"enemies":"Blue Slaver","floor":7,"turns":4},{"damage":0,"enemies":"3 Louse","floor":10,"turns":2},{"damage":3,"enemies":"3 Sentries","floor":12,"turns":6},{"damage":80,"enemies":"Slime Boss","floor":16,"turns":14}],"seed_played":"-996154894521559851","potions_obtained":[{"floor":1,"key":"blueLaboratory:NullPotion"},{"floor":5,"key":"theDuelist:SealedPackC"},{"floor":7,"key":"Swift Potion"},{"floor":10,"key":"theDuelist:CoolBottle"},{"floor":12,"key":"theDuelist:SealedPackE"}],"is_trial":true,"path_per_floor":["M","M","M","M","M","E","M","R","T","M","$","E","?","?","R","B"],"character_chosen":"THE_DUELIST","items_purchased":["CeramicFish","Toxic Egg 2","theDuelist:CyberValley","theDuelist:DoubleTool"],"campfire_rested":2,"item_purchase_floors":[11,11,11,11],"current_hp_per_floor":[80,80,80,78,76,35,35,74,74,74,74,71,71,63,80,0,0],"gold":211,"neow_bonus":"","is_daily":false,"chose_seed":false,"campfire_upgraded":0,"win_rate":0.0,"timestamp":1611724243,"path_taken":["M","M","M","M","M","E","M","R","T","M","$","E","?","?","R","BOSS"],"items_purchased_type":["Relic","Relic","Card","Card"],"build_version":"2020-12-22","purchased_purges":0,"victory":false,"max_hp_per_floor":[80,80,80,80,80,80,80,80,80,80,80,80,80,80,80,80,80],"card_choices":[{"not_picked":["theDuelist:GoyoChaser","theDuelist:SuperheavySoulhorns","theDuelist:HardArmor","theDuelist:ViceDragon"],"picked":"theDuelist:CelticGuardian","floor":6},{"not_picked":["theDuelist:MirrorForce+1","theDuelist:Mathematician","theDuelist:RainbowJar","theDuelist:WingedKuribohLv10+1"],"picked":"theDuelist:PowerGiant","floor":12}],"player_experience":86494,"relics_obtained":[{"floor":1,"key":"Regal Pillow"},{"floor":2,"key":"theDuelist:DuelistOrichalcum"},{"floor":3,"key":"conspire:DeflatedDodgeball"},{"floor":4,"key":"Anchor"},{"floor":5,"key":"Lantern"},{"floor":6,"key":"Oddly Smooth Stone"},{"floor":7,"key":"hubris:DeckOfHolding"},{"floor":9,"key":"Snake Skull"},{"floor":10,"key":"hubris:OldNail"},{"floor":12,"key":"Juzu Bracelet"}],"event_choices":[{"damage_healed":0,"gold_gain":0,"player_choice":"Worship - 20% roll at +12 Max HP","duelist":true,"damage_taken":0,"max_hp_gain":0,"max_hp_loss":0,"event_name":"Tomb of the Nameless","floor":13,"gold_loss":0},{"damage_healed":0,"gold_gain":75,"player_choice":"Touch","damage_taken":8,"max_hp_gain":0,"max_hp_loss":0,"event_name":"FaceTrader","floor":14,"gold_loss":0}],"is_beta":false,"boss_relics":[],"items_purged_floors":[],"is_endless":false,"potions_floor_spawned":[1,5,7,10,12],"killed_by":"Slime Boss","ascension_level":0}}