{"host":"e1pm3b7xpcm97e5w","time":1611763815,"event":{"mods":["BaseMod","Better Skull","Googly Eyes","Minty Spire (QoL Compilation)","Relic Stats","Shop Mod","Spicy Shops","StSLib"],"gold_per_floor":[113,188,188,188,48,89,89,108,108,108,108],"floor_reached":10,"language":"ENG","playtime":189,"items_purged":[],"score":169,"play_id":"51486a93-03a1-4469-8880-7e8f8765878f","local_time":"20210127111015","is_ascension_mode":true,"campfire_choices":[],"circlet_count":0,"master_deck":["AscendersBane","Strike_G","Strike_G","Strike_G","Strike_G","Strike_G","Defend_G","Defend_G","Defend_G","Defend_G","Defend_G+1","Survivor+1","Neutralize","Backflip","Noxious Fumes","Cloak And Dagger","Dodge and Roll","Deadly Poison"],"relics":["Ring of the Snake","NeowsBlessing","Golden Idol","Molten Egg 2","Darkstone Periapt"],"acts_visited":["Exordium"],"potions_floor_usage":[10],"damage_taken":[{"damage":0.0,"enemies":"2 Louse","floor":1.0,"turns":1.0},{"damage":0.0,"enemies":"Gremlin Nob","floor":6.0,"turns":1.0},{"damage":0,"enemies":"Small Slimes","floor":8,"turns":1},{"damage":20,"enemies":"Lagavulin","floor":10,"turns":7}],"seed_played":"-9025144839314917174","potions_obtained":[{"floor":8,"key":"LiquidMemories"}],"is_trial":false,"path_per_floor":["M","?","?","?","$","E","?","M","T","E"],"character_chosen":"THE_SILENT","items_purchased":["Noxious Fumes","Cloak And Dagger"],"campfire_rested":0,"item_purchase_floors":[5,5],"current_hp_per_floor":[59,48,28,28,28,28,28,28,28,8,8],"gold":108,"neow_bonus":"THREE_ENEMY_KILL","is_daily":false,"chose_seed":false,"campfire_upgraded":0,"win_rate":0.0,"timestamp":1611763815,"path_taken":["M","?","?","?","?","E","?","M","T","E"],"items_purchased_type":["Card","Card"],"build_version":"2020-12-22","purchased_purges":0,"victory":false,"max_hp_per_floor":[66,66,66,60,60,60,60,60,60,60,60],"relic_stats":{"Darkstone Periapt":0,"counters":[4,10],"Golden Idol":12,"obtain_stats":[{"Darkstone Periapt":9,"NeowsBlessing":0,"Golden Idol":4,"Molten Egg 2":6,"Ring of the Snake":0},{"Darkstone Periapt":3,"NeowsBlessing":0,"Golden Idol":1,"Molten Egg 2":2,"Ring of the Snake":0},{"Darkstone Periapt":3,"NeowsBlessing":0,"Golden Idol":1,"Molten Egg 2":2,"Ring of the Snake":0}],"Ring of the Snake":[8]},"card_choices":[{"not_picked":["Cloak And Dagger","Underhanded Strike"],"picked":"Backflip","floor":1.0},{"not_picked":["Dagger Throw+1","A Thousand Cuts"],"picked":"Dodge and Roll","floor":6.0},{"not_picked":["Quick Slash+1","Setup"],"picked":"Deadly Poison","floor":8}],"player_experience":596685,"relics_obtained":[{"floor":6.0,"key":"Molten Egg 2"},{"floor":9,"key":"Darkstone Periapt"}],"event_choices":[{"damage_healed":0.0,"max_hp_gain":0.0,"max_hp_loss":0.0,"gold_gain":75.0,"event_name":"World of Goop","player_choice":"Gather Gold","floor":2.0,"gold_loss":0.0,"damage_taken":11.0},{"damage_healed":0.0,"max_hp_gain":0.0,"max_hp_loss":0.0,"gold_gain":0.0,"event_name":"Shining Light","player_choice":"Entered Light","floor":3.0,"gold_loss":0.0,"damage_taken":20.0,"cards_upgraded":["Survivor","Defend_G"]},{"damage_healed":0.0,"max_hp_gain":0.0,"max_hp_loss":6.0,"gold_gain":0.0,"event_name":"Golden Idol","player_choice":"Lose Max HP","floor":4.0,"gold_loss":0.0,"damage_taken":0.0,"relics_obtained":["Golden Idol"]},{"damage_healed":0,"gold_gain":0,"player_choice":"Fled","damage_taken":0,"max_hp_gain":0,"max_hp_loss":0,"event_name":"Scrap Ooze","floor":7,"gold_loss":0}],"is_beta":false,"boss_relics":[],"items_purged_floors":[],"is_endless":false,"potions_floor_spawned":[8],"killed_by":"Lagavulin","ascension_level":18}}