{"host":"iy54rgx5egu9t31x","time":1611726621,"event":{"mods":["2.2 Compatiblity","Act Like it!","Always Whale","BaseMod","Gensokyo","Jorbs\u0027s Wanderer Trilogy","Marisa£®ÏF”Í°°ƒß¿Ì…≥£©","Minty Spire (QoL Compilation)","Quick Restart","StSLib","SuperFastMode"],"gold_per_floor":[109,124,124,136,150,165,175,205,258,585,585,585,1,36,36,110,110,129,418,633,633,633,633,633,633,633,633,24,24,40,0,0,77,77,94,94,69,87,105,173,173,208,208,208,274,9,24,34,34,34,34,34,34,5,40,40],"floor_reached":57,"language":"ZHS","playtime":1955,"items_purged":[],"score":3100,"play_id":"3fc42630-7183-401c-8326-7d3afa866e9e","local_time":"20210127135021","is_ascension_mode":true,"campfire_choices":[{"data":"MysteriousBeam","floor":11.0,"key":"SMITH"},{"data":"MysteriousBeam","floor":15.0,"key":"SMITH"},{"data":"MagicChant","floor":23.0,"key":"SMITH"},{"data":"6A","floor":25.0,"key":"SMITH"},{"data":"EarthLightRay","floor":32.0,"key":"SMITH"},{"data":"MillisecondPulsars","floor":41,"key":"SMITH"},{"data":"CollectingQuirk","floor":44,"key":"SMITH"},{"floor":49,"key":"RECALL"},{"data":"CasketOfStar","floor":53,"key":"SMITH"}],"circlet_count":0,"master_deck":["AscendersBane","Strike_MRS","Strike_MRS","Strike_MRS","Defend_MRS","Defend_MRS","Defend_MRS+1","Defend_MRS","MasterSpark","UpSweep","Panache","MysteriousBeam+1","RefractionSpark","OrrerysSun","MysteriousBeam+1","RefractionSpark","MeteoricShower+1","WitchLeyline+1","Gensokyo:LockedMedkit","CollectingQuirk+1","CasketOfStar+1","DoubleSpark+1","OrrerysSun+1","TreasureHunter","6A+1","MagicChant+1","Shame","Gensokyo:Kunekune+1","EarthLightRay+1","MillisecondPulsars+1","MysteriousBeam+1","IllusionStar+1","Robbery","MilkyWay+1","SporeBomb+1","CollectingQuirk+1","MaximisePower","Gensokyo:Shovel","MagicChant+1","6A+1","EventHorizon","IllusionStar","GalacticHalo"],"relics":["MiniHakkero","Mummified Hand","Akabeko","Old Coin","Gensokyo:OccultBall","ClockworkSouvenir","Sling","MealTicket","Coffee Dripper","Gensokyo:DirgeOfMelancholy","Nunchaku","SimpleLauncher","Toolbox","Chemical X","Vajra","SlaversCollar","Gensokyo:DualWield","Happy Flower","Bag of Preparation","HornCleat","Juzu Bracelet","Gambling Chip","Orichalcum","Smiling Mask","BreadOfAWashokuLover","DollysMirror","Torii","War Paint","Shuriken"],"acts_visited":["Gensokyo:Gensokyo","Gensokyo:Gensokyoer","Gensokyo:Gensokyoest","TheEnding"],"potions_floor_usage":[40,56,56],"damage_taken":[{"damage":4.0,"enemies":"Gensokyo:Python","floor":1.0,"turns":4.0},{"damage":3.0,"enemies":"Gensokyo:Gryphon","floor":2.0,"turns":3.0},{"damage":5.0,"enemies":"Gensokyo:2_Kodama","floor":4.0,"turns":3.0},{"damage":6.0,"enemies":"Gensokyo:Gryphon_and_Rabbit","floor":5.0,"turns":4.0},{"damage":1.0,"enemies":"Gensokyo:CorruptedTreant","floor":6.0,"turns":2.0},{"damage":7.0,"enemies":"Gensokyo:Kitsune","floor":7.0,"turns":2.0},{"damage":2.0,"enemies":"Gensokyo:Mamizou","floor":8.0,"turns":5.0},{"damage":4.0,"enemies":"Gensokyo:Cirno","floor":10.0,"turns":5.0},{"damage":0.0,"enemies":"Gensokyo:Aya","floor":14.0,"turns":3.0},{"damage":9.0,"enemies":"Gensokyo:Reimu","floor":16.0,"turns":6.0},{"damage":12.0,"enemies":"Gensokyo:3_Dogs","floor":18.0,"turns":4.0},{"damage":31.0,"enemies":"Gensokyo:CosmicMonolith","floor":19.0,"turns":2.0},{"damage":22.0,"enemies":"Gensokyo:Wraith","floor":20.0,"turns":4.0},{"damage":0.0,"enemies":"Gensokyo:Chomper_and_Gloop","floor":30.0,"turns":3.0},{"damage":11.0,"enemies":"Gensokyo:Eternal_Rivals","floor":33.0,"turns":5.0},{"damage":0.0,"enemies":"Gensokyo:AncientGuardian","floor":35.0,"turns":2.0},{"damage":0.0,"enemies":"Gensokyo:3_Bats","floor":38.0,"turns":1.0},{"damage":0,"enemies":"Gensokyo:AtlasGolem","floor":39,"turns":2},{"damage":0,"enemies":"Gensokyo:Kasen","floor":40,"turns":4},{"damage":0,"enemies":"Gensokyo:Doremy","floor":42,"turns":3},{"damage":0,"enemies":"Gensokyo:Kasen","floor":45,"turns":3},{"damage":0,"enemies":"Gensokyo:SeedOfUnknown","floor":47,"turns":1},{"damage":0,"enemies":"Gensokyo:3_Boulders","floor":48,"turns":1},{"damage":0,"enemies":"Gensokyo:Yuyuko","floor":50,"turns":3},{"damage":0,"enemies":"Gensokyo:Shinki","floor":51,"turns":3},{"damage":0,"enemies":"Shield and Spear","floor":55,"turns":1},{"damage":40,"enemies":"The Heart","floor":56,"turns":5}],"seed_played":"-2337155681072854682","potions_obtained":[{"floor":5.0,"key":"StarNLove"},{"floor":6.0,"key":"DuplicationPotion"},{"floor":7.0,"key":"Block Potion"},{"floor":10.0,"key":"Energy Potion"},{"floor":14.0,"key":"SkillPotion"},{"floor":16.0,"key":"Regen Potion"},{"floor":30.0,"key":"GamblersBrew"},{"floor":33.0,"key":"ColorlessPotion"},{"floor":38.0,"key":"SneckoOil"},{"floor":40,"key":"Fire Potion"},{"floor":42,"key":"Swift Potion"},{"floor":55,"key":"Strength Potion"}],"is_trial":false,"path_per_floor":["M","M","?","M","M","M","M","E","T","E","R","?","COS","E","R","B",null,"M","M","M","?","?","R","?","R","T","?","COS","$","M","?","R","B",null,"M","?","$","M","M","E","R","E","T","R","E","COS","M","M","R","B","B",null,"R","$","E","B",null],"character_chosen":"MARISA","items_purchased":["IllusionStar","IllusionStar"],"campfire_rested":0,"item_purchase_floors":[37,54],"current_hp_per_floor":[41,38,38,33,27,26,19,17,17,13,13,13,13,13,13,4,54,54,23,1,1,1,1,1,1,1,1,1,16,16,16,16,11,49,55,55,62,62,62,62,62,62,62,62,62,62,62,62,62,62,62,62,62,62,62,26],"gold":40,"neow_bonus":"RANDOM_COLORLESS_2","is_daily":false,"chose_seed":false,"campfire_upgraded":8,"win_rate":0.0,"timestamp":1611726621,"path_taken":["M","M","?","M","?","M","M","E","T","E","R","?","COS","E","R","BOSS","M","M","M","?","?","R","?","R","T","?","COS","?","?","?","R","BOSS","M","?","?","M","?","E","R","E","T","R","E","COS","M","M","R","BOSS","BOSS","R","$","E","BOSS"],"items_purchased_type":["Card","Card"],"build_version":"2020-12-22","purchased_purges":0,"victory":true,"max_hp_per_floor":[70,70,70,70,70,70,70,70,70,70,70,70,70,70,70,70,70,70,70,70,70,70,70,70,70,70,62,62,62,62,62,62,62,62,62,62,62,62,62,62,62,62,62,62,62,62,62,62,62,62,62,62,62,62,62,62],"card_choices":[{"not_picked":["Mayhem","Violence"],"picked":"Panache","floor":0.0},{"not_picked":["Acceleration","ShootingEcho"],"picked":"MysteriousBeam","floor":1.0},{"not_picked":["OrrerysSun","DC"],"picked":"RefractionSpark","floor":2.0},{"not_picked":["DarkMatter","BlazeAway"],"picked":"OrrerysSun","floor":4.0},{"not_picked":["GravityBeat","ShootingEcho"],"picked":"MysteriousBeam","floor":5.0},{"not_picked":["DC","DoubleSpark"],"picked":"RefractionSpark","floor":6.0},{"not_picked":["DragonMeteor","GrandCross"],"picked":"MeteoricShower","floor":7.0},{"not_picked":["FairyDestructionRay","Occultation"],"picked":"WitchLeyline","floor":8.0},{"not_picked":["DC","FairyDestructionRay"],"picked":"MaximisePower","floor":10.0},{"not_picked":["OneTimeOff","ChargeUpSpray"],"picked":"CollectingQuirk","floor":14.0},{"not_picked":["SatelliteIllusion","CollectingQuirk"],"picked":"CasketOfStar","floor":16.0},{"not_picked":["DarkMatter","GasGiant"],"picked":"DoubleSpark+1","floor":18.0},{"not_picked":["LuminesStrike","MysteriousBeam"],"picked":"OrrerysSun+1","floor":19.0},{"not_picked":["ManaRampage","BlazingStar"],"picked":"TreasureHunter","floor":20.0},{"not_picked":["DC","BlazingStar"],"picked":"6A","floor":20.0},{"not_picked":["Gensokyo:Apocalypse","Gensokyo:MonkeysPaw"],"picked":"Gensokyo:Kunekune","floor":27.0},{"not_picked":["ChargeUpSpray","DoubleSpark"],"picked":"EarthLightRay","floor":30.0},{"not_picked":["BigCrunch","BlazingStar"],"picked":"MillisecondPulsars","floor":33.0},{"not_picked":["UnstableBomb+1","SporeBomb+1"],"picked":"MysteriousBeam+1","floor":35.0},{"not_picked":["MilkyWay","OrrerysSun"],"picked":"Robbery","floor":38.0},{"not_picked":["WitchLeyline","DC"],"picked":"MilkyWay+1","floor":39},{"not_picked":["UltimateShortwave","StarlightTyphoon"],"picked":"SporeBomb+1","floor":40},{"not_picked":["GalacticHalo","MysteriousBeam"],"picked":"CollectingQuirk","floor":42},{"not_picked":["OortCloud","OrrerysSun"],"picked":"MaximisePower","floor":45},{"not_picked":["Acceleration","FairyDestructionRay"],"picked":"6A+1","floor":47},{"not_picked":["GravityBeat","Robbery"],"picked":"EventHorizon","floor":48},{"not_picked":["ShootTheMoon","DoubleSpark"],"picked":"GalacticHalo","floor":55}],"player_experience":1121153,"relics_obtained":[{"floor":8.0,"key":"Mummified Hand"},{"floor":9.0,"key":"Akabeko"},{"floor":10.0,"key":"Old Coin"},{"floor":14.0,"key":"MealTicket"},{"floor":16.0,"key":"Gensokyo:OccultBall"},{"floor":20.0,"key":"Gensokyo:OccultBall"},{"floor":26.0,"key":"Nunchaku"},{"floor":33.0,"key":"Gensokyo:OccultBall"},{"floor":40,"key":"HornCleat"},{"floor":40,"key":"Juzu Bracelet"},{"floor":42,"key":"Orichalcum"},{"floor":42,"key":"Smiling Mask"},{"floor":45,"key":"BreadOfAWashokuLover"},{"floor":55,"key":"Shuriken"}],"event_choices":[],"is_beta":false,"boss_relics":[{"not_picked":["BewitchedHakkero","Tiny House"],"picked":"Coffee Dripper"},{"not_picked":["Fusion Hammer","SacredBark"],"picked":"SlaversCollar"}],"items_purged_floors":[],"is_endless":false,"potions_floor_spawned":[5,6,7,10,14,16,30,33,38,40,42,45,47,55],"ascension_level":20}}