{"host":"farxtl2u8hmkbdo2","time":1611713967,"event":{"mods":["A Magickal Journey","BaseMod","Better Altar","Better Note","Better Sensory Stone","Better Skull","Better Third Choice","Challenge The Spire","Colored Map","Colored Powertips","Current Relic Mod","Energized Spire","Fox Events","Gremlin Mod","Hermit","Hubris","Mimic Mod","Minty Spire (QoL Compilation)","Quick Restart","READ ME - Guardian Mod","READ ME - Snecko Mod","Rare Cards Sparkle","StSLib","The Bladedancer","The Bug Knight","The Cursed","The Disciple","The Elementalist","The Hierophant","The Marked","The Necromancer","The Runesmith","Transform Curses"],"gold_per_floor":[109,120,120,120,70,70,105,125,178,178,213,213,10,28,28,131,131,148,159,159,171,171,171,203,219,219,219,219,219,255,267,267,267,267],"floor_reached":33,"language":"SPA","playtime":1708,"items_purged":[],"score":318,"play_id":"2a06f5c8-fb7e-4503-bd67-c04c69b81d7d","local_time":"20210126231927","is_ascension_mode":false,"campfire_choices":[{"data":"hermit:Magnum","floor":6,"key":"SMITH"},{"data":"theMarked:SoldierOfQuellstein","floor":10,"key":"SMITH"},{"data":"hermit:Covet","floor":12,"key":"SMITH"},{"data":"hermit:Glare","floor":15,"key":"SMITH"},{"data":"hermit:Maintenance","floor":23,"key":"SMITH"},{"data":"hermit:EternalForm","floor":29,"key":"SMITH"},{"data":"hermit:Cheat","floor":32,"key":"SMITH"}],"circlet_count":0,"master_deck":["hermit:Strike_Hermit","hermit:Strike_Hermit+1","hermit:Strike_Hermit","hermit:Strike_Hermit","hermit:Defend_Hermit","hermit:Defend_Hermit","hermit:Snapshot+1","hermit:Covet+1","hermit:Magnum+1","hermit:Desperado","hermit:Manifest+1","theMarked:SoldierOfQuellstein+1","hermit:Cheat+1","hermit:Ricochet","hermit:LuckOfTheDraw","hermit:Glare+1","hermit:EternalForm+1","hermit:Deadeye","hermit:Scavenge+1","hermit:Maintenance+1","hermit:CalledShot+1","hermit:Snipe","hermit:Quickdraw+1","hermit:ShadowCloak"],"relics":["hermit:Momento","Whetstone","Potion Belt","Orichalcum","hubris:EmptyBottle","Cursed Key","hubris:FunFungus","Peace Pipe","Boot"],"acts_visited":["Exordium","TheCity"],"potions_floor_usage":[7,14,21,21,24,24,24,25,30,33,33,33],"damage_taken":[{"damage":0,"enemies":"Small Slimes","floor":1,"turns":2},{"damage":2,"enemies":"2 Louse","floor":2,"turns":2},{"damage":0,"enemies":"3 Sentries","floor":7,"turns":7},{"damage":6,"enemies":"Jaw Worm","floor":8,"turns":2},{"damage":7,"enemies":"Gremlin Nob","floor":11,"turns":3},{"damage":0,"enemies":"Blue Slaver","floor":14,"turns":1},{"damage":18,"enemies":"The Guardian","floor":16,"turns":6},{"damage":0,"enemies":"Shell Parasite","floor":18,"turns":2},{"damage":1,"enemies":"Chosen","floor":19,"turns":4},{"damage":3,"enemies":"Centurion and Healer","floor":21,"turns":5},{"damage":20,"enemies":"Gremlin Leader","floor":24,"turns":4},{"damage":0,"enemies":"Chosen and Byrds","floor":25,"turns":3},{"damage":10,"enemies":"Book of Stabbing","floor":30,"turns":3},{"damage":1,"enemies":"Snecko","floor":31,"turns":3},{"damage":47,"enemies":"Automaton","floor":33,"turns":6}],"seed_played":"-4622594460120641217","potions_obtained":[{"floor":1,"key":"Explosive Potion"},{"floor":2,"key":"EssenceOfSteel"},{"floor":14,"key":"BlessingOfTheForge"},{"floor":16,"key":"Swift Potion"},{"floor":21,"key":"FearPotion"},{"floor":22,"key":"CultistPotion"},{"floor":22,"key":"AttackPotion"},{"floor":25,"key":"Dexterity Potion"},{"floor":30,"key":"SkillPotion"}],"is_trial":false,"path_per_floor":["M","M","?","?","?","R","E","M","T","R","E","R","$","M","R","B",null,"M","M","?","M","?","R","E","M","T","?","?","R","E","M","R","B"],"character_chosen":"HERMIT","items_purchased":["hubris:EmptyBottle","PowerPotion"],"campfire_rested":0,"item_purchase_floors":[13,13],"current_hp_per_floor":[75,73,73,73,73,73,73,67,67,67,60,60,60,60,60,42,75,75,74,75,72,72,72,52,52,52,52,52,52,43,42,42,0,0],"gold":267,"neow_bonus":"TRANSFORM_CARD","is_daily":false,"chose_seed":false,"campfire_upgraded":7,"win_rate":0.0,"timestamp":1611713967,"path_taken":["M","M","?","?","?","R","E","M","T","R","E","R","?","M","R","BOSS","M","M","?","M","?","R","E","M","T","?","?","R","E","M","R","BOSS"],"items_purchased_type":["Relic","Potion"],"build_version":"2020-12-22","purchased_purges":0,"victory":false,"max_hp_per_floor":[75,75,75,75,75,75,75,75,75,75,75,75,75,75,75,75,75,75,75,75,75,75,75,75,75,75,75,75,75,75,75,75,75,75],"card_choices":[{"not_picked":["hermit:Gestalt","hermit:BodyArmor"],"picked":"hermit:Desperado","floor":1},{"not_picked":["hermit:Misfire","hermit:CalledShot"],"picked":"hermit:Manifest","floor":2},{"not_picked":["hermit:HoleUp","hermit:Malice"],"picked":"hermit:Cheat","floor":7},{"not_picked":["hermit:TrackingShot","hermit:HoleUp"],"picked":"hermit:Ricochet","floor":8},{"not_picked":["hermit:OverwhelmingPower","hermit:BodyArmor"],"picked":"hermit:LuckOfTheDraw","floor":11},{"not_picked":["hermit:Dive","hermit:Misfire"],"picked":"hermit:Glare","floor":14},{"not_picked":["hermit:HighNoon","hermit:Dissolve"],"picked":"hermit:EternalForm","floor":16},{"not_picked":["hermit:BodyArmor","hermit:Roulette"],"picked":"hermit:Deadeye","floor":18},{"not_picked":["hermit:Feint+1","hermit:CalledShot"],"picked":"hermit:Scavenge+1","floor":19},{"not_picked":["hermit:Desperado","hermit:CalledShot"],"picked":"hermit:Maintenance","floor":21},{"not_picked":["hermit:TrackingShot","hermit:Determination"],"picked":"hermit:CalledShot+1","floor":24},{"not_picked":["hermit:FinalCanter","hermit:Deadeye"],"picked":"hermit:Snipe","floor":25},{"not_picked":["hermit:ItchyTrigger","hermit:GhostlyPresence"],"picked":"hermit:Quickdraw+1","floor":30},{"not_picked":["hermit:Grudge","hermit:Ricochet"],"picked":"hermit:ShadowCloak","floor":31}],"player_experience":1891691,"relics_obtained":[{"floor":7,"key":"Whetstone"},{"floor":9,"key":"Potion Belt"},{"floor":11,"key":"Orichalcum"},{"floor":24,"key":"hubris:FunFungus"},{"floor":26,"key":"Peace Pipe"},{"floor":30,"key":"Boot"}],"event_choices":[{"damage_healed":0,"gold_gain":1,"player_choice":"4","damage_taken":0,"max_hp_gain":0,"max_hp_loss":0,"event_name":"betterStone:BetterStone","floor":4,"gold_loss":0,"cards_obtained":["theMarked:SoldierOfQuellstein"]},{"cards_removed":["hermit:Defend_Hermit"],"damage_healed":0,"gold_gain":0,"player_choice":"Card Removal","damage_taken":0,"max_hp_gain":0,"max_hp_loss":0,"event_name":"The Cleric","floor":5,"gold_loss":50},{"damage_healed":1,"gold_gain":0,"player_choice":"Full Heal","damage_taken":0,"max_hp_gain":0,"max_hp_loss":0,"event_name":"Wheel of Change","floor":20,"gold_loss":0},{"damage_healed":0,"gold_gain":0,"player_choice":"Got Potions","damage_taken":0,"max_hp_gain":0,"max_hp_loss":0,"event_name":"Lab","floor":22,"gold_loss":0},{"cards_removed":["Clumsy"],"damage_healed":0,"gold_gain":0,"player_choice":"Removed Curses","damage_taken":0,"max_hp_gain":0,"max_hp_loss":0,"event_name":"Fountain of Cleansing","floor":27,"gold_loss":0},{"cards_removed":["hermit:Magnum"],"damage_healed":0,"gold_gain":0,"player_choice":"Give","damage_taken":0,"max_hp_gain":0,"max_hp_loss":0,"event_name":"betterNote:BetterNote","floor":28,"gold_loss":0,"cards_obtained":["None"]}],"is_beta":false,"boss_relics":[{"not_picked":["Ectoplasm","hubris:CrackedHourglass"],"picked":"Cursed Key"}],"items_purged_floors":[],"is_endless":false,"potions_floor_spawned":[1,2,14,16,21,25,30],"killed_by":"Automaton","ascension_level":0}}