{"host":"uld0x1f6or5rl385","time":1611768267,"event":{"mods":["BaseMod","Minty Spire (QoL Compilation)","Quick Restart","StSLib","Unceasing Turn Reminder"],"gold_per_floor":[109,123,123,198,28,38,48,65,65,7,18,18,18,29,29,29,29],"floor_reached":16,"language":"ZHS","playtime":484,"items_purged":[],"score":94,"play_id":"3bf84476-10bd-441c-80de-e2cd64c1d48f","local_time":"20210128012427","is_ascension_mode":false,"campfire_choices":[{"floor":12,"key":"REST"},{"floor":15,"key":"REST"}],"circlet_count":0,"master_deck":["Strike_G","Strike_G","Strike_G","Strike_G","Strike_G","Defend_G","Defend_G","Defend_G","Defend_G","Defend_G","Survivor","Neutralize","Metamorphosis","Prepared","Blade Dance","Noxious Fumes","Footwork","Infinite Blades"],"relics":["Ring of the Snake","The Courier","Snake Skull","Mummified Hand"],"acts_visited":["Exordium"],"potions_floor_usage":[8],"damage_taken":[{"damage":6,"enemies":"Jaw Worm","floor":1,"turns":3},{"damage":0,"enemies":"Small Slimes","floor":2,"turns":3},{"damage":1,"enemies":"Cultist","floor":6,"turns":4},{"damage":18,"enemies":"Exordium Thugs","floor":7,"turns":5},{"damage":8,"enemies":"3 Louse","floor":8,"turns":4},{"damage":6,"enemies":"Exordium Wildlife","floor":11,"turns":6},{"damage":10,"enemies":"Lots of Slimes","floor":14,"turns":6},{"damage":35,"enemies":"The Guardian","floor":16,"turns":9}],"seed_played":"1176628213855877647","potions_obtained":[{"floor":2,"key":"Poison Potion"},{"floor":8,"key":"Dexterity Potion"}],"is_trial":false,"path_per_floor":["M","M","?","?","$","M","M","M","T","$","M","R","$","M","R","B"],"character_chosen":"THE_SILENT","items_purchased":["Snake Skull","Noxious Fumes","Infinite Blades"],"campfire_rested":2,"item_purchase_floors":[5,5,10],"current_hp_per_floor":[57,57,50,39,39,38,20,12,12,12,6,24,24,14,32,0,0],"gold":29,"neow_bonus":"RANDOM_COLORLESS_2","is_daily":false,"chose_seed":false,"campfire_upgraded":0,"win_rate":0.0,"timestamp":1611768267,"path_taken":["M","M","?","?","$","M","M","M","T","?","?","R","?","M","R","BOSS"],"items_purchased_type":["Relic","Card","Card"],"build_version":"2020-12-22","purchased_purges":0,"victory":false,"max_hp_per_floor":[63,63,63,63,63,63,63,63,63,63,63,63,63,63,63,63,63],"card_choices":[{"not_picked":["Violence","Chrysalis"],"picked":"Metamorphosis","floor":0},{"not_picked":["Deadly Poison","Dagger Spray"],"picked":"Prepared","floor":1},{"not_picked":["Dodge and Roll","Dagger Spray"],"picked":"Blade Dance","floor":2},{"not_picked":["Deadly Poison","Bane","Backflip"],"picked":"SKIP","floor":6},{"not_picked":["Blade Dance","Tactician"],"picked":"Footwork","floor":7},{"not_picked":["PiercingWail","Quick Slash","Flying Knee"],"picked":"SKIP","floor":8},{"not_picked":["Tactician","Blade Dance","Acrobatics"],"picked":"SKIP","floor":11},{"not_picked":["Grand Finale","Dodge and Roll","Deadly Poison"],"picked":"SKIP","floor":14}],"player_experience":345823,"relics_obtained":[{"floor":9,"key":"Mummified Hand"}],"event_choices":[{"damage_healed":0,"gold_gain":0,"player_choice":"Success","damage_taken":7,"relics_obtained":["The Courier"],"max_hp_gain":0,"max_hp_loss":0,"event_name":"Scrap Ooze","floor":3,"gold_loss":0},{"damage_healed":0,"gold_gain":75,"player_choice":"Gather Gold","damage_taken":11,"max_hp_gain":0,"max_hp_loss":0,"event_name":"World of Goop","floor":4,"gold_loss":0}],"is_beta":false,"boss_relics":[],"items_purged_floors":[],"is_endless":false,"potions_floor_spawned":[2,8],"killed_by":"The Guardian","ascension_level":0}}