{"host":"Troy","time":1611783221,"event":{"mods":["BaseMod","Colored Map","Highlight Path","Minty Spire (QoL Compilation)","Permanent Neow"],"gold_per_floor":[218,218,229,136,136,136,164,164,164,164,0,0,15,15,15],"floor_reached":14,"language":"ENG","playtime":651,"items_purged":[],"score":172,"play_id":"f121bc1f-cac4-4808-9e4b-7e91bbecda0e","local_time":"20210127163341","is_ascension_mode":true,"campfire_choices":[{"data":"Footwork","floor":6,"key":"SMITH"},{"data":"Catalyst","floor":8,"key":"SMITH"},{"data":"Concentrate","floor":10,"key":"SMITH"}],"circlet_count":0,"master_deck":["AscendersBane","Strike_G","Strike_G","Strike_G","Strike_G","Defend_G","Defend_G","Defend_G+1","Defend_G","Defend_G","Survivor","Neutralize","Backflip","Concentrate+1","Deadly Poison+1","Footwork+1","Catalyst+1","Dagger Spray","PiercingWail"],"relics":["Ring of the Snake","Bronze Scales","Prayer Wheel","OrangePellets"],"acts_visited":["Exordium"],"potions_floor_usage":[14],"damage_taken":[{"damage":0,"enemies":"Jaw Worm","floor":1,"turns":6},{"damage":4,"enemies":"Cultist","floor":3,"turns":6},{"damage":19,"enemies":"Lagavulin","floor":7,"turns":8},{"damage":0,"enemies":"2 Louse","floor":13,"turns":2},{"damage":17,"enemies":"3 Sentries","floor":14,"turns":5}],"seed_played":"-3209674713379354116","potions_obtained":[{"floor":3,"key":"Ancient Potion"},{"floor":7,"key":"Block Potion"}],"is_trial":false,"path_per_floor":["M","?","M","$","?","R","E","R","T","R","$","?","M","E"],"character_chosen":"THE_SILENT","items_purchased":["Deadly Poison","Footwork","OrangePellets"],"campfire_rested":0,"item_purchase_floors":[4,4,11],"current_hp_per_floor":[59,59,55,55,35,35,16,16,16,16,16,16,16,0,0],"gold":15,"neow_bonus":"HUNDRED_GOLD","is_daily":false,"chose_seed":false,"campfire_upgraded":3,"win_rate":0.0,"timestamp":1611783221,"path_taken":["M","?","M","$","?","R","E","R","T","R","$","?","?","E"],"items_purchased_type":["Card","Card","Relic"],"build_version":"2020-12-18","purchased_purges":0,"victory":false,"max_hp_per_floor":[66,66,66,66,66,66,66,66,66,66,66,66,66,66,66],"card_choices":[{"not_picked":["Prepared","Dodge and Roll"],"picked":"Backflip","floor":1},{"not_picked":["Accuracy","Outmaneuver"],"picked":"Concentrate","floor":3},{"not_picked":["Finisher","Cloak And Dagger"],"picked":"Catalyst","floor":7},{"not_picked":["Backflip","Predator"],"picked":"Dagger Spray","floor":13},{"not_picked":["Dodge and Roll","Envenom"],"picked":"PiercingWail","floor":13}],"player_experience":4081009,"relics_obtained":[{"floor":7,"key":"Bronze Scales"},{"floor":9,"key":"Prayer Wheel"}],"event_choices":[{"damage_healed":0,"gold_gain":0,"player_choice":"Leave","damage_taken":0,"max_hp_gain":0,"max_hp_loss":0,"event_name":"The Cleric","floor":2,"gold_loss":0},{"damage_healed":0,"gold_gain":0,"player_choice":"Entered Light","damage_taken":20,"max_hp_gain":0,"max_hp_loss":0,"event_name":"Shining Light","floor":5,"gold_loss":0,"cards_upgraded":["Deadly Poison","Defend_G"]},{"cards_removed":["Strike_G"],"damage_healed":0,"gold_gain":0,"player_choice":"Offered Basic","damage_taken":0,"max_hp_gain":0,"max_hp_loss":0,"event_name":"Bonfire Elementals","floor":12,"gold_loss":0}],"is_beta":true,"boss_relics":[],"items_purged_floors":[],"is_endless":false,"potions_floor_spawned":[3,7],"killed_by":"3 Sentries","ascension_level":20}}