{"host":"p9t7qd83igtcp2bh","time":1611723650,"event":{"mods":["2.2 Compatiblity","AchievementEnabler","BaseMod","Colored Map","Colored Powertips","Custom Start","DeckTracker","Keyboard Shortcuts","Minty Spire (QoL Compilation)","Permanent Neow","StSLib","SuperFastMode","everything is the same but u backflip on backflip"],"gold_per_floor":[111,111,121,121,136,136,36,70,70,97,97,113,138,154,154,226,226,238,238,99,111,121,121,121,121,121],"floor_reached":25,"language":"KOR","playtime":747,"items_purged":["Strike_G"],"score":442,"play_id":"f0ada688-b835-4ac6-b192-8bb0dbac96cc","local_time":"20210127140050","is_ascension_mode":true,"campfire_choices":[{"data":"Skewer","floor":6.0,"key":"SMITH"},{"floor":11.0,"key":"REST"},{"data":"Well Laid Plans","floor":15.0,"key":"SMITH"},{"floor":23,"key":"REST"}],"circlet_count":0,"master_deck":["AscendersBane","Strike_G+1","Strike_G","Strike_G","Strike_G+1","Defend_G","Defend_G","Defend_G","Defend_G","Defend_G+1","Survivor","Neutralize","Skewer+1","Crippling Poison","Slice","All Out Attack","Acrobatics","Dagger Spray+1","After Image","Well Laid Plans+1","Infinite Blades","A Thousand Cuts","CurseOfTheBell","After Image","Noxious Fumes","Dodge and Roll","Quick Slash+1","Cloak And Dagger"],"relics":["Ring of the Snake","Shuriken","Vajra","Whetstone","Orichalcum","Calling Bell","MealTicket","Ornamental Fan","Calipers"],"acts_visited":["Exordium","TheCity"],"potions_floor_usage":[22],"damage_taken":[{"damage":11.0,"enemies":"Small Slimes","floor":1.0,"turns":4.0},{"damage":1.0,"enemies":"Jaw Worm","floor":3.0,"turns":5.0},{"damage":0.0,"enemies":"Cultist","floor":5.0,"turns":4.0},{"damage":25.0,"enemies":"3 Sentries","floor":8.0,"turns":8.0},{"damage":3.0,"enemies":"Gremlin Nob","floor":10.0,"turns":3.0},{"damage":5.0,"enemies":"Blue Slaver","floor":12.0,"turns":3.0},{"damage":6.0,"enemies":"Lagavulin","floor":13.0,"turns":6.0},{"damage":0.0,"enemies":"2 Fungi Beasts","floor":14.0,"turns":2.0},{"damage":3,"enemies":"Hexaghost","floor":16,"turns":9},{"damage":24,"enemies":"2 Thieves","floor":18,"turns":4},{"damage":29,"enemies":"Shell Parasite","floor":21,"turns":7},{"damage":17,"enemies":"Shelled Parasite and Fungi","floor":22,"turns":8},{"damage":13,"enemies":"Snake Plant","floor":25,"turns":4}],"seed_played":"6197614837052723368","potions_obtained":[{"floor":1.0,"key":"FearPotion"},{"floor":3.0,"key":"FearPotion"},{"floor":14.0,"key":"Ancient Potion"},{"floor":16,"key":"Energy Potion"},{"floor":22,"key":"Ancient Potion"}],"is_trial":false,"path_per_floor":["M","?","M","?","M","R","$","E","T","E","R","M","E","M","R","B",null,"M","?","$","M","M","R","?","M"],"character_chosen":"THE_SILENT","items_purchased":["Acrobatics","Noxious Fumes","Dodge and Roll"],"campfire_rested":2,"item_purchase_floors":[7,20,20],"current_hp_per_floor":[48,53,52,31,31,31,31,6,6,3,24,19,13,13,13,10,56,32,32,47,18,1,22,22,9,9],"gold":121,"neow_bonus":"THREE_CARDS","is_daily":false,"chose_seed":false,"campfire_upgraded":2,"win_rate":0.0,"timestamp":1611723650,"path_taken":["M","?","M","?","M","R","$","E","T","E","R","M","E","M","R","BOSS","M","?","$","?","M","R","?","M"],"items_purchased_type":["Card","Card","Card"],"build_version":"2020-12-22","purchased_purges":1,"victory":false,"max_hp_per_floor":[66,71,71,71,71,71,71,71,71,71,71,71,71,71,71,71,71,71,71,71,71,71,71,71,71,71],"card_choices":[{"not_picked":["Flying Knee","Catalyst"],"picked":"Skewer","floor":0.0},{"not_picked":["Deflect","Bane"],"picked":"Crippling Poison","floor":1.0},{"not_picked":["Catalyst","Flying Knee","Slice"],"picked":"SKIP","floor":3.0},{"not_picked":["Catalyst","Flying Knee"],"picked":"Slice","floor":3.0},{"not_picked":["Bane","Cloak And Dagger"],"picked":"All Out Attack","floor":5.0},{"not_picked":["Outmaneuver","Poisoned Stab"],"picked":"Dagger Spray","floor":8.0},{"not_picked":["Setup","Poisoned Stab"],"picked":"After Image","floor":10.0},{"not_picked":["Dagger Spray","Sucker Punch"],"picked":"Well Laid Plans","floor":12.0},{"not_picked":["Bane","Dagger Spray"],"picked":"Infinite Blades","floor":13.0},{"not_picked":["Dagger Throw","Underhanded Strike","Prepared"],"picked":"SKIP","floor":14.0},{"not_picked":["Night Terror","Glass Knife"],"picked":"A Thousand Cuts","floor":16},{"not_picked":["Prepared","Acrobatics+1","Dagger Spray"],"picked":"SKIP","floor":18},{"not_picked":["Flying Knee","Endless Agony"],"picked":"Quick Slash+1","floor":21},{"not_picked":["Blur","Bouncing Flask"],"picked":"Cloak And Dagger","floor":22}],"player_experience":690517,"relics_obtained":[{"floor":8.0,"key":"Shuriken"},{"floor":9.0,"key":"Vajra"},{"floor":10.0,"key":"Whetstone"},{"floor":13.0,"key":"Orichalcum"},{"floor":17,"key":"MealTicket"},{"floor":17,"key":"Ornamental Fan"},{"floor":17,"key":"Calipers"}],"event_choices":[{"damage_healed":0.0,"max_hp_gain":5.0,"max_hp_loss":0.0,"gold_gain":0.0,"event_name":"Big Fish","player_choice":"Donut","floor":2.0,"gold_loss":0.0,"damage_taken":0.0},{"damage_healed":0.0,"max_hp_gain":0.0,"max_hp_loss":0.0,"gold_gain":0.0,"event_name":"Shining Light","player_choice":"Entered Light","floor":4.0,"gold_loss":0.0,"damage_taken":21.0,"cards_upgraded":["Defend_G","Strike_G"]},{"damage_healed":0,"gold_gain":0,"player_choice":"Copied","damage_taken":0,"max_hp_gain":0,"max_hp_loss":0,"event_name":"Duplicator","floor":19,"gold_loss":0,"cards_obtained":["After Image"]},{"damage_healed":0,"gold_gain":0,"player_choice":"Ignored","damage_taken":0,"max_hp_gain":0,"max_hp_loss":0,"event_name":"Cursed Tome","floor":24,"gold_loss":0}],"is_beta":false,"boss_relics":[{"not_picked":["HoveringKite","Runic Pyramid"],"picked":"Calling Bell"}],"items_purged_floors":[7],"is_endless":false,"potions_floor_spawned":[1,3,14,16,22],"killed_by":"Snake Plant","ascension_level":20}}