{"host":"ws1rigs6jhqnf67d","time":1611735838,"event":{"mods":["BaseMod","Downfall","Friendly Minions","KinomotoSakuraMod(ƒæ÷Æ±æ”£)","Kiyohime£®«Âºß£©","Lobotomy","LobotomyExtend","Marisa£®ÏF”Í°°ƒß¿Ì…≥£©","Minty Spire (QoL Compilation)","Remilia£®¿Ÿ√◊¿Ú—«£©","StSLib","The Bug Knight","The Senshi","Youmu£®ªÍ∆«—˝√Œ£©","[IsaacMod]“‘»ˆº‚À˛"],"gold_per_floor":[112,122,132,147,147,147,182,182,182,216,216,216,216,231,231,231,231],"floor_reached":16,"language":"ZHS","playtime":690,"items_purged":[],"score":121,"play_id":"dbd13613-22b6-45b9-b389-b599bc9c8a05","local_time":"20210127162358","is_ascension_mode":true,"campfire_choices":[{"data":"theSenshi:SilverCrystal","floor":6,"key":"SMITH"},{"data":"theSenshi:MoonPrismPowerMakeUp","floor":8,"key":"SMITH"},{"data":"theSenshi:RainbowMoonHeartAche","floor":12,"key":"SMITH"},{"data":"theSenshi:SailorJupiterAssists","floor":15,"key":"SMITH"}],"circlet_count":0,"master_deck":["theSenshi:SailorKick","theSenshi:SailorKick","theSenshi:SailorKick","theSenshi:SailorKick","theSenshi:SailorBlock","theSenshi:SailorBlock","theSenshi:SailorBlock","theSenshi:SailorBlock","theSenshi:RoseThrow","theSenshi:MoonPrismPowerMakeUp+1","theSenshi:ChibiMoonsLove","theSenshi:SilverCrystal+1","theSenshi:SailorJupiterAssists+1","theSenshi:RainbowMoonHeartAche+1"],"relics":["theSenshi:TransformationBroochRelic","HushsDoor","BookOfRevelations","LetterFromLob","BelialBook","Bag of Preparation","Dream Catcher","Golden Idol"],"acts_visited":["Exordium"],"potions_floor_usage":[16],"damage_taken":[{"damage":0,"enemies":"Jaw Worm","floor":1,"turns":4},{"damage":0,"enemies":"2 Louse","floor":2,"turns":1},{"damage":0,"enemies":"Cultist","floor":3,"turns":4},{"damage":15,"enemies":"Gremlin Gang","floor":4,"turns":2},{"damage":28,"enemies":"Lagavulin","floor":7,"turns":9},{"damage":15,"enemies":"3 Sentries","floor":10,"turns":7},{"damage":4,"enemies":"Looter","floor":14,"turns":4},{"damage":49,"enemies":"Hexaghost","floor":16,"turns":17}],"seed_played":"146937032020445413","potions_obtained":[{"floor":1,"key":"FearPotion"},{"floor":3,"key":"Swift Potion"}],"is_trial":false,"path_per_floor":["M","M","M","M","?","R","E","R","T","E","?","R","$","M","R","B"],"character_chosen":"THE_SENSHI","items_purchased":[],"campfire_rested":0,"item_purchase_floors":[],"current_hp_per_floor":[75,75,75,60,65,65,47,47,47,42,42,42,42,48,48,9,9],"gold":231,"neow_bonus":"ONE_RANDOM_RARE_CARD","is_daily":false,"chose_seed":false,"campfire_upgraded":4,"win_rate":0.0,"timestamp":1611735838,"path_taken":["M","M","M","M","?","R","E","R","T","E","?","R","$","M","R","BOSS"],"items_purchased_type":[],"build_version":"2020-12-22","purchased_purges":0,"victory":false,"max_hp_per_floor":[75,75,75,75,80,80,80,80,80,80,74,74,74,74,74,74,74],"card_choices":[{"not_picked":[],"picked":"Bomb","floor":0},{"not_picked":["theSenshi:SailorVenusAssists","theSenshi:TallSilhouette"],"picked":"Bomb","floor":1},{"not_picked":["theSenshi:SailorUranusAssists","theSenshi:SailorVenusAssists"],"picked":"Bomb","floor":2},{"not_picked":["theSenshi:MoonKick","theSenshi:SailorVenusAssists","theSenshi:LunasBite"],"picked":"SKIP","floor":3},{"not_picked":["theSenshi:KlutzyLuck","Bomb"],"picked":"theSenshi:SilverCrystal","floor":4},{"not_picked":["theSenshi:MoonKick","theSenshi:SailorMercuryAssists"],"picked":"theSenshi:SailorJupiterAssists","floor":7},{"not_picked":["theSenshi:MoonPrincessHalation","theSenshi:TallSilhouette"],"picked":"theSenshi:RainbowMoonHeartAche","floor":10},{"not_picked":["theSenshi:SailorPlanetAttack","theSenshi:SailorMercuryAssists","Bomb"],"picked":"SKIP","floor":14}],"player_experience":931492,"relics_obtained":[{"floor":1,"key":"LetterFromLob"},{"floor":7,"key":"BelialBook"},{"floor":9,"key":"Bag of Preparation"},{"floor":10,"key":"Dream Catcher"}],"event_choices":[{"damage_healed":0,"gold_gain":0,"player_choice":"Donut","damage_taken":0,"max_hp_gain":5,"max_hp_loss":0,"event_name":"Big Fish","floor":5,"gold_loss":0},{"damage_healed":0,"gold_gain":0,"player_choice":"Lose Max HP","damage_taken":0,"relics_obtained":["Golden Idol"],"max_hp_gain":0,"max_hp_loss":6,"event_name":"Golden Idol","floor":11,"gold_loss":0}],"is_beta":false,"boss_relics":[],"items_purged_floors":[],"is_endless":false,"potions_floor_spawned":[1,3],"killed_by":"Hexaghost","ascension_level":2}}