{"host":"r4aerl4ckfvw1dw3","time":1611707790,"event":{"mods":["BaseMod","BetterRewards","Minty Spire (QoL Compilation)","Quick Restart","StSLib"],"gold_per_floor":[110,126,138,156,156,184,194,209,232,197,197,210,244,261,261,366,366,380,380,295,295,100,100,125,141,195,226,226,242,255,3,3,3,3],"floor_reached":33,"language":"ENG","playtime":1448,"items_purged":[],"score":314,"play_id":"3233e824-7cf2-45f6-86c1-ebabe19355f4","local_time":"20210126163630","is_ascension_mode":true,"campfire_choices":[{"floor":11,"key":"RECALL"},{"floor":15,"key":"REST"},{"data":"Phantasmal Killer","floor":23,"key":"SMITH"},{"floor":32,"key":"REST"}],"circlet_count":0,"master_deck":["Strike_G","Strike_G","Strike_G","Strike_G","Strike_G","Defend_G","Defend_G","Defend_G","Defend_G","Defend_G","Survivor","Neutralize","Accuracy","Finisher","Slice","Dash","Prepared","Cloak And Dagger","Poisoned Stab","Cloak And Dagger","Bouncing Flask","Blade Dance","Phantasmal Killer+1","CurseOfTheBell","Deadly Poison","PiercingWail","Prepared","Accuracy+1","Caltrops+1","Tactician","Skewer+1"],"relics":["Ring of the Snake","NeowsBlessing","Centennial Puzzle","Snake Skull","Lantern","Calling Bell","Anchor","StrikeDummy","The Specimen","Regal Pillow","Boot","Strawberry","Bag of Marbles","Toxic Egg 2"],"acts_visited":["Exordium","TheCity"],"potions_floor_usage":[6,7,16,18,30,30],"damage_taken":[{"damage":0,"enemies":"Jaw Worm","floor":1,"turns":1},{"damage":0,"enemies":"2 Louse","floor":2,"turns":1},{"damage":0,"enemies":"Small Slimes","floor":3,"turns":1},{"damage":0,"enemies":"3 Louse","floor":4,"turns":3},{"damage":36,"enemies":"Lagavulin","floor":6,"turns":8},{"damage":0,"enemies":"2 Fungi Beasts","floor":7,"turns":2},{"damage":3,"enemies":"Looter","floor":8,"turns":4},{"damage":8,"enemies":"Lots of Slimes","floor":12,"turns":4},{"damage":16,"enemies":"Gremlin Nob","floor":13,"turns":4},{"damage":1,"enemies":"Exordium Wildlife","floor":14,"turns":3},{"damage":41,"enemies":"Slime Boss","floor":16,"turns":12},{"damage":13,"enemies":"Spheric Guardian","floor":18,"turns":4},{"damage":5,"enemies":"Gremlin Leader","floor":24,"turns":7},{"damage":9,"enemies":"2 Thieves","floor":25,"turns":4},{"damage":7,"enemies":"Book of Stabbing","floor":27,"turns":4},{"damage":14,"enemies":"Shelled Parasite and Fungi","floor":29,"turns":5},{"damage":13,"enemies":"Snake Plant","floor":30,"turns":3},{"damage":77,"enemies":"Automaton","floor":33,"turns":6}],"seed_played":"5457956211572945432","potions_obtained":[{"floor":1,"key":"Strength Potion"},{"floor":3,"key":"BlessingOfTheForge"},{"floor":6,"key":"Fire Potion"},{"floor":8,"key":"BlessingOfTheForge"},{"floor":14,"key":"Swift Potion"},{"floor":24,"key":"DistilledChaos"},{"floor":25,"key":"Regen Potion"}],"is_trial":false,"path_per_floor":["M","M","M","M","?","E","M","M","T","?","R","M","E","M","R","B",null,"M","?","?","?","$","R","E","M","T","E","?","M","M","$","R","B"],"character_chosen":"THE_SILENT","items_purchased":["Boot","PiercingWail","Toxic Egg 2"],"campfire_rested":2,"item_purchase_floors":[22,22,31],"current_hp_per_floor":[70,70,70,70,70,34,34,31,31,48,48,40,24,23,44,3,70,57,57,57,44,44,44,46,37,37,30,30,16,12,12,51,0,0],"gold":3,"neow_bonus":"THREE_ENEMY_KILL","is_daily":false,"chose_seed":false,"campfire_upgraded":1,"win_rate":0.0,"timestamp":1611707790,"path_taken":["M","M","M","M","?","E","M","M","T","?","R","M","E","M","R","BOSS","M","?","?","?","$","R","E","M","T","E","?","M","M","$","R","BOSS"],"items_purchased_type":["Relic","Card","Relic"],"build_version":"2020-12-22","purchased_purges":0,"victory":false,"max_hp_per_floor":[70,70,70,70,70,70,70,70,70,70,70,70,70,70,70,70,70,70,70,70,75,75,75,82,82,82,82,82,82,82,82,82,82,82],"card_choices":[{"not_picked":["Underhanded Strike","Deflect"],"picked":"Accuracy","floor":1},{"not_picked":["Blur","Prepared"],"picked":"Finisher","floor":2},{"not_picked":["Deflect","Endless Agony"],"picked":"Slice","floor":3},{"not_picked":["Flechettes","Bane"],"picked":"Dash","floor":4},{"not_picked":["Calculated Gamble","Riddle With Holes"],"picked":"Prepared","floor":6},{"not_picked":["Blade Dance","Reflex"],"picked":"Cloak And Dagger","floor":7},{"not_picked":["Deflect","Dodge and Roll"],"picked":"Poisoned Stab","floor":8},{"not_picked":["Sucker Punch","Caltrops"],"picked":"Cloak And Dagger","floor":12},{"not_picked":["Prepared","Quick Slash"],"picked":"Bouncing Flask","floor":13},{"not_picked":["Deadly Poison","Dagger Spray"],"picked":"Blade Dance","floor":14},{"not_picked":["Unload","Storm of Steel"],"picked":"Phantasmal Killer","floor":16},{"not_picked":["Acrobatics","Quick Slash"],"picked":"Deadly Poison","floor":18},{"not_picked":["Eviscerate","Backflip"],"picked":"Prepared","floor":24},{"not_picked":["Prepared","Underhanded Strike"],"picked":"Accuracy+1","floor":25},{"not_picked":["After Image","PiercingWail"],"picked":"Caltrops+1","floor":27},{"not_picked":["Distraction","Crippling Poison"],"picked":"Tactician","floor":29},{"not_picked":["Quick Slash+1","Poisoned Stab"],"picked":"Skewer+1","floor":30}],"player_experience":413593,"relics_obtained":[{"floor":6,"key":"Centennial Puzzle"},{"floor":9,"key":"Snake Skull"},{"floor":13,"key":"Lantern"},{"floor":17,"key":"Anchor"},{"floor":17,"key":"StrikeDummy"},{"floor":17,"key":"The Specimen"},{"floor":24,"key":"Strawberry"},{"floor":27,"key":"Bag of Marbles"}],"event_choices":[{"damage_healed":0,"gold_gain":0,"player_choice":"Ignored","damage_taken":0,"max_hp_gain":0,"max_hp_loss":0,"event_name":"Liars Game","floor":5,"gold_loss":0},{"damage_healed":17,"gold_gain":0,"player_choice":"Healed","damage_taken":0,"max_hp_gain":0,"max_hp_loss":0,"event_name":"The Cleric","floor":10,"gold_loss":35},{"damage_healed":0,"gold_gain":0,"player_choice":"Ignored","damage_taken":0,"max_hp_gain":0,"max_hp_loss":0,"event_name":"Ghosts","floor":19,"gold_loss":0},{"damage_healed":0,"gold_gain":0,"player_choice":"Obtained Relic","damage_taken":0,"relics_obtained":["Regal Pillow"],"max_hp_gain":0,"max_hp_loss":0,"event_name":"Addict","floor":20,"gold_loss":85},{"damage_healed":0,"gold_gain":0,"player_choice":"Shed Blood","damage_taken":18,"max_hp_gain":5,"max_hp_loss":0,"event_name":"Forgotten Altar","floor":21,"gold_loss":0},{"damage_healed":0,"gold_gain":0,"player_choice":"Ignored","damage_taken":0,"max_hp_gain":0,"max_hp_loss":0,"event_name":"Vampires","floor":28,"gold_loss":0}],"is_beta":false,"boss_relics":[{"not_picked":["Velvet Choker","Philosopher\u0027s Stone"],"picked":"Calling Bell"}],"items_purged_floors":[],"is_endless":false,"potions_floor_spawned":[1,3,6,8,14,24,25],"killed_by":"Automaton","ascension_level":1}}