{"host":"15dd7v8o90xso62x","time":1611746210,"event":{"mods":["BaseMod","Minty Spire (QoL Compilation)","Quick Restart","StSLib","SuperFastMode"],"gold_per_floor":[119,119,119,142,161,161,195,195,220,234,253,253,292,51,51,147,147,161,179,179,199,222,222,45,58,58,101,21,34,47,66,66,162,162,178,209,209,542,559,559,23,43,43,71,85,85,102,112,112,112,112],"floor_reached":52,"language":"KOR","playtime":2853,"items_purged":["Defend_G","Strike_G","Strike_G"],"score":1886,"play_id":"0ac16c45-0db2-43a7-917d-47e4e241afa5","local_time":"20210127201650","is_ascension_mode":true,"campfire_choices":[{"data":"Apotheosis","floor":6.0,"key":"SMITH"},{"floor":8.0,"key":"REST"},{"floor":15.0,"key":"REST"},{"floor":23.0,"key":"REST"},{"floor":32.0,"key":"REST"},{"floor":40.0,"key":"REST"},{"floor":49,"key":"REST"}],"circlet_count":0,"master_deck":["AscendersBane","Strike_G","Strike_G","Defend_G","Defend_G","Defend_G","Defend_G","Survivor","Neutralize","Apotheosis+1","Dagger Throw","Acrobatics","Dagger Spray","Backstab","Cloak And Dagger","Malaise","Backflip","PiercingWail","Adrenaline","Grand Finale","Prepared","Adrenaline","Acrobatics","Adrenaline+1","Escape Plan+1"],"relics":["Ring of the Snake","Bag of Preparation","Oddly Smooth Stone","Blood Vial","TheAbacus","Fusion Hammer","Sundial","White Beast Statue","WristBlade","Girya","Tingsha","Toxic Egg 2","Dream Catcher"],"acts_visited":["Exordium","TheCity","TheBeyond"],"potions_floor_usage":[44,48,50],"damage_taken":[{"damage":11.0,"enemies":"Small Slimes","floor":1.0,"turns":5.0},{"damage":4.0,"enemies":"Jaw Worm","floor":4.0,"turns":4.0},{"damage":0.0,"enemies":"2 Louse","floor":5.0,"turns":4.0},{"damage":26.0,"enemies":"3 Sentries","floor":7.0,"turns":7.0},{"damage":4.0,"enemies":"2 Fungi Beasts","floor":10.0,"turns":2.0},{"damage":1.0,"enemies":"Blue Slaver","floor":11.0,"turns":2.0},{"damage":5.0,"enemies":"Lagavulin","floor":13.0,"turns":10.0},{"damage":24.0,"enemies":"The Guardian","floor":16.0,"turns":15.0},{"damage":0.0,"enemies":"3 Byrds","floor":18.0,"turns":5.0},{"damage":1.0,"enemies":"2 Thieves","floor":19.0,"turns":4.0},{"damage":5.0,"enemies":"Snecko","floor":21.0,"turns":8.0},{"damage":0.0,"enemies":"Snake Plant","floor":22.0,"turns":7.0},{"damage":3.0,"enemies":"Chosen and Byrds","floor":25.0,"turns":7.0},{"damage":37.0,"enemies":"Gremlin Leader","floor":27.0,"turns":8.0},{"damage":2.0,"enemies":"3 Cultists","floor":29.0,"turns":5.0},{"damage":0.0,"enemies":"Centurion and Healer","floor":30.0,"turns":6.0},{"damage":1.0,"enemies":"Chosen and Byrds","floor":31.0,"turns":7.0},{"damage":41.0,"enemies":"Collector","floor":33.0,"turns":11.0},{"damage":0.0,"enemies":"Orb Walker","floor":35.0,"turns":4.0},{"damage":0.0,"enemies":"Mind Bloom Boss Battle","floor":36.0,"turns":9.0},{"damage":14.0,"enemies":"3 Darklings","floor":39.0,"turns":5.0},{"damage":4.0,"enemies":"Sphere and 2 Shapes","floor":42.0,"turns":7.0},{"damage":31,"enemies":"Nemesis","floor":44,"turns":11},{"damage":0,"enemies":"Maw","floor":45,"turns":3},{"damage":0,"enemies":"Spire Growth","floor":47,"turns":4},{"damage":0,"enemies":"4 Shapes","floor":48,"turns":1},{"damage":0,"enemies":"Donu and Deca","floor":50,"turns":7},{"damage":6,"enemies":"Awakened One","floor":51,"turns":9}],"seed_played":"-2578132019403692125","potions_obtained":[{"floor":7.0,"key":"SpeedPotion"},{"floor":10.0,"key":"Regen Potion"},{"floor":13.0,"key":"GamblersBrew"},{"floor":21.0,"key":"Regen Potion"},{"floor":27.0,"key":"LiquidMemories"},{"floor":31.0,"key":"Swift Potion"},{"floor":33.0,"key":"SkillPotion"},{"floor":35.0,"key":"Weak Potion"},{"floor":39.0,"key":"Poison Potion"},{"floor":44,"key":"Energy Potion"},{"floor":48,"key":"Fruit Juice"}],"is_trial":false,"path_per_floor":["M","?","?","M","M","R","E","R","T","M","M","?","E","$","R","B",null,"M","M","?","M","M","R","$","M","T","E","$","M","M","M","R","B",null,"M","?","?","?","M","R","$","M","T","E","M","$","M","M","R","B","B",null],"character_chosen":"THE_SILENT","items_purchased":["TheAbacus","Adrenaline","Grand Finale","Adrenaline","Tingsha"],"campfire_rested":6,"item_purchase_floors":[14,24,28,41,41],"current_hp_per_floor":[48,27,32,28,28,28,2,21,21,17,16,16,26,26,45,23,55,57,58,58,55,57,65,65,62,62,27,27,27,29,45,64,24,55,57,59,59,59,47,62,62,58,58,29,31,31,33,40,60,62,58],"gold":112,"neow_bonus":"RANDOM_COLORLESS_2","is_daily":false,"chose_seed":false,"campfire_upgraded":1,"win_rate":0.0,"timestamp":1611746210,"path_taken":["M","?","?","M","M","R","E","R","T","M","?","?","E","$","R","BOSS","M","M","?","M","M","R","$","M","T","E","$","M","M","M","R","BOSS","M","?","?","?","M","R","$","M","T","E","M","?","M","M","R","BOSS","BOSS"],"items_purchased_type":["Relic","Card","Card","Card","Relic"],"build_version":"2020-12-22","purchased_purges":3,"victory":true,"max_hp_per_floor":[60,60,65,65,65,65,65,65,65,65,65,65,65,65,65,65,65,65,65,65,65,65,65,65,65,65,65,65,65,65,65,65,65,65,65,65,62,62,62,62,62,62,62,62,62,62,62,67,67,67,67],"card_choices":[{"not_picked":["Chrysalis","Mayhem"],"picked":"Apotheosis","floor":0.0},{"not_picked":["Expertise","Eviscerate"],"picked":"Dagger Throw","floor":1.0},{"not_picked":["PiercingWail","Dodge and Roll"],"picked":"Acrobatics","floor":4.0},{"not_picked":["Blur","Blade Dance"],"picked":"Dagger Spray","floor":5.0},{"not_picked":["PiercingWail","Endless Agony"],"picked":"Backstab","floor":7.0},{"not_picked":["Deflect","Terror"],"picked":"Cloak And Dagger","floor":10.0},{"not_picked":["Flechettes","Dash"],"picked":"Malaise","floor":11.0},{"not_picked":["Sucker Punch","Night Terror","Dagger Spray"],"picked":"SKIP","floor":13.0},{"not_picked":["Underhanded Strike","Flying Knee","Bane"],"picked":"SKIP","floor":18.0},{"not_picked":["Outmaneuver","Deflect"],"picked":"Backflip","floor":19.0},{"not_picked":["Dagger Throw","Quick Slash+1","Predator"],"picked":"SKIP","floor":21.0},{"not_picked":["Deflect","Deadly Poison","Eviscerate"],"picked":"SKIP","floor":22.0},{"not_picked":["Sucker Punch","Slice","Eviscerate"],"picked":"SKIP","floor":25.0},{"not_picked":["Cloak And Dagger+1","Dodge and Roll","PiercingWail"],"picked":"SKIP","floor":27.0},{"not_picked":["Dash","PiercingWail"],"picked":"Prepared","floor":29.0},{"not_picked":["Sucker Punch","Heel Hook","Venomology"],"picked":"SKIP","floor":30.0},{"not_picked":["Sucker Punch+1","Blade Dance","Cloak And Dagger"],"picked":"SKIP","floor":31.0},{"not_picked":["Flying Knee","Cloak And Dagger","Blade Dance"],"picked":"SKIP","floor":35.0},{"not_picked":["Dodge and Roll","Terror","Footwork"],"picked":"SKIP","floor":39.0},{"not_picked":["Setup","Accuracy"],"picked":"Acrobatics","floor":42.0},{"not_picked":["Accuracy","Dagger Throw+1"],"picked":"Adrenaline+1","floor":44},{"not_picked":["Outmaneuver+1","Slice","Deadly Poison+1"],"picked":"SKIP","floor":45},{"not_picked":["Finisher","Riddle With Holes","Accuracy"],"picked":"SKIP","floor":47},{"not_picked":["Quick Slash","Dodge and Roll+1"],"picked":"Escape Plan+1","floor":48}],"player_experience":895104,"relics_obtained":[{"floor":7.0,"key":"Bag of Preparation"},{"floor":9.0,"key":"Oddly Smooth Stone"},{"floor":13.0,"key":"Blood Vial"},{"floor":26.0,"key":"Sundial"},{"floor":27.0,"key":"White Beast Statue"},{"floor":36.0,"key":"Girya"},{"floor":43.0,"key":"Toxic Egg 2"},{"floor":44,"key":"Dream Catcher"}],"event_choices":[{"damage_healed":0.0,"max_hp_gain":0.0,"max_hp_loss":0.0,"gold_gain":0.0,"event_name":"Golden Idol","player_choice":"Take Damage","floor":2.0,"gold_loss":0.0,"damage_taken":21.0,"relics_obtained":["Golden Idol"]},{"damage_healed":0.0,"max_hp_gain":5.0,"max_hp_loss":0.0,"gold_gain":0.0,"event_name":"Big Fish","player_choice":"Donut","floor":3.0,"gold_loss":0.0,"damage_taken":0.0},{"cards_removed":["Strike_G"],"damage_healed":0.0,"max_hp_gain":0.0,"max_hp_loss":0.0,"gold_gain":0.0,"event_name":"Living Wall","player_choice":"Forget","floor":12.0,"gold_loss":0.0,"damage_taken":0.0},{"damage_healed":0.0,"max_hp_gain":0.0,"max_hp_loss":0.0,"gold_gain":0.0,"event_name":"The Library","player_choice":"Read","floor":20.0,"gold_loss":0.0,"damage_taken":0.0,"cards_obtained":["PiercingWail"]},{"damage_healed":0.0,"max_hp_gain":0.0,"max_hp_loss":0.0,"gold_gain":0.0,"event_name":"MindBloom","player_choice":"Fight","floor":36.0,"gold_loss":0.0,"damage_taken":0.0},{"damage_healed":0.0,"max_hp_gain":0.0,"max_hp_loss":3.0,"gold_gain":0.0,"event_name":"Winding Halls","player_choice":"Max HP","floor":37.0,"gold_loss":0.0,"damage_taken":0.0},{"damage_healed":0.0,"max_hp_gain":0.0,"max_hp_loss":0.0,"gold_gain":333.0,"event_name":"The Moai Head","player_choice":"Gave Idol","floor":38.0,"relics_lost":["Golden Idol"],"gold_loss":0.0,"damage_taken":0.0}],"is_beta":false,"boss_relics":[{"not_picked":["Cursed Key","Astrolabe"],"picked":"Fusion Hammer"},{"not_picked":["Runic Dome","Sozu"],"picked":"WristBlade"}],"items_purged_floors":[14,24,41],"is_endless":false,"potions_floor_spawned":[7,10,13,16,19,21,22,27,29,30,31,33,35,36,39,42,44,45,47,48],"ascension_level":20}}