{"host":"o5lch9xvacbb0fa4","time":1611764864,"event":{"mods":["AchievementEnabler","Act Like it!","Aspiration","Bard","BaseMod","Better Altar","Better Match","Better Note","Better Sensory Stone","Better Skull","Better Third Choice","Better Vampires","BetterRewards","CCEM","Colored Map","Conspire","Downfall","GifTheSpireLib","Googly Eyes","GungeonMod","Halation","Hermit","Highlight Path","Hubris","Infinite Spire","Jedi Mod","Jorbs\u0027s Wanderer Trilogy","Marisa????????","Marked Mod","Mimic Mod","Minty Spire (QoL Compilation)","Permanent Neow","Relic Filter","Relic Sorter","Relic Stats","Replay The Spire","Shade Mod","Shop Mod","Small Relic Pack","StSLib","Stuff the Spire","The Administrix","The Blackbeard","The Runesmith","Unceasing Turn Reminder","everything is the same but u backflip on backflip","slay the spire mod where everything is the same but ironclad has a cowboy hat"],"gold_per_floor":[117,117,117,128,42,42,75,75,102,102,102,3,15,90,90,191,191,208,208,208,226,242,242,242,242,242,270,270,286,286,211,211,211,211],"floor_reached":33,"playtime":1703,"items_purged":["Strike_G"],"score":377,"play_id":"5770d09f-5bf6-4d17-8572-66ae6bc3768c","local_time":"20210128002744","is_ascension_mode":true,"campfire_choices":[{"floor":6,"key":"REST"},{"data":"expansioncontent:DonusPower","floor":8,"key":"SMITH"},{"floor":15,"key":"DIG"},{"floor":23,"key":"REST"},{"floor":25,"key":"DIG"}],"circlet_count":0,"master_deck":["Strike_G","Strike_G","Defend_G","Defend_G","Defend_G","Defend_G","Defend_G","Survivor","Neutralize","Masterful Stab","Leg Sweep+1","expansioncontent:DonusPower+1","Acrobatics+1","Dagger Spray","Caltrops+1","ReplayTheSpireMod:Speed Training","ReplayTheSpireMod:Haul","Masterful Stab+1","CarveReality+1","Ragnarok","CutThroughFate+1","infinitespire:NeuralNetwork","Consecrate","Poisoned Stab+1"],"relics":["Ring of the Snake","DemoMod:JetPack","hubris:Reverence","CCEMRelics:SpiritsEdge","Replay:Multitool","relicPack:OneForAll","Tough Bandages","infinitespire:PuzzleCube","CCEMRelics:OverlyComfyChair","aspiration:WatcherSkillbook","Vajra","CCEMRelics:OrganicArmor","halation:Diary","halation:HeavySnake"],"acts_visited":["Exordium","TheCity"],"potions_floor_usage":[16,16],"damage_taken":[{"damage":0,"enemies":"Cultist","floor":1,"turns":2},{"damage":0,"enemies":"Jaw Worm","floor":4,"turns":4},{"damage":11,"enemies":"3 Sentries","floor":7,"turns":14},{"damage":0,"enemies":"2 Louse","floor":13,"turns":1},{"damage":24,"enemies":"Fading Forest","floor":16,"turns":11},{"damage":3,"enemies":"Shell Parasite","floor":18,"turns":8},{"damage":0,"enemies":"Chosen","floor":21,"turns":5},{"damage":37,"enemies":"Centurion and Healer","floor":22,"turns":10},{"damage":1,"enemies":"Book of Stabbing","floor":27,"turns":5},{"damage":0,"enemies":"Chosen and Byrds","floor":29,"turns":4},{"damage":88,"enemies":"Collector","floor":33,"turns":6}],"seed_played":"-5635166178985341005","potions_obtained":[{"floor":4,"key":"Ancient Potion"},{"floor":7,"key":"GamblersBrew"},{"floor":13,"key":"Energy Potion"},{"floor":29,"key":"Guardian:BlockOnCardUsePotion"}],"is_trial":false,"path_per_floor":["M","?","?","M","$","R","E","R","T","R","?","$","M","?","R","B",null,"M","?","?","M","M","R","?","R","T","E","AVR","M","T","?","R","B"],"character_chosen":"THE_SILENT","items_purchased":["CCEMRelics:SpiritsEdge","Masterful Stab","Replay:Multitool","expansioncontent:DonusPower","Dagger Spray","Caltrops+1"],"campfire_rested":2,"item_purchase_floors":[0,0,0,5,12,12],"current_hp_per_floor":[49,49,49,49,49,70,59,59,59,70,70,70,70,59,59,46,70,67,50,50,54,18,39,39,39,39,40,40,41,41,41,62,0,0],"gold":211,"neow_bonus":"","is_daily":false,"chose_seed":false,"campfire_upgraded":1,"win_rate":0.0,"timestamp":1611764864,"path_taken":["M","?","?","?","$","R","E","R","T","R","?","$","M","?","R","BOSS","M","?","?","?","M","R","?","R","T","E","AVR","?","?","?","R","BOSS"],"items_purchased_type":["Relic","Card","Relic","Card","Card","Card"],"build_version":"2020-12-13","purchased_purges":1,"victory":false,"max_hp_per_floor":[70,70,70,70,70,70,70,70,70,70,70,70,70,70,70,70,70,70,70,70,70,70,70,70,70,70,70,70,70,70,70,70,70,70],"relic_stats":{"Tough Bandages":[108],"counters":[53,252],"obtain_stats":[{"halation:Diary":28,"Lantern":0,"Vajra":9,"DemoMod:GlassGuonStoneRelic":1,"Replay:Multitool":0,"PrismaticShard":24,"Boot":21,"halation:HeavySnake":28,"relicPack:OneForAll":2,"Replay:Wanted Poster":17,"Replay:Ringing Soul":26,"m_SlimeRing":0,"Tough Bandages":7,"DemoMod:Metronome":6,"CCEMRelics:OverlyComfyChair":15,"Pantograph":26,"DemoMod:JetPack":30,"Ring of the Snake":0,"CCEMRelics:OrganicArmor":27,"aspiration:Nostalgia":0,"PreservedInsect":37,"CCEMRelics:SpiritsEdge":9,"jedi:hotpepper":17,"hubris:Spice":23,"jedi:rubbersling":12,"aspiration:WatcherSkillbook":17,"Molten Egg 2":7,"Bag of Marbles":7,"Grinning Jar":20,"jedi:arcanewood":12,"infinitespire:PuzzleCube":9,"hubris:Reverence":25},{"halation:Diary":51,"Lantern":0,"Vajra":17,"DemoMod:GlassGuonStoneRelic":1,"Replay:Multitool":42,"PrismaticShard":10,"Boot":24,"halation:HeavySnake":51,"relicPack:OneForAll":1,"Replay:Wanted Poster":22,"Replay:Ringing Soul":11,"m_SlimeRing":14,"Tough Bandages":45,"DemoMod:Metronome":17,"CCEMRelics:OverlyComfyChair":46,"Pantograph":28,"DemoMod:JetPack":52,"Ring of the Snake":0,"CCEMRelics:OrganicArmor":51,"aspiration:Nostalgia":14,"PreservedInsect":33,"CCEMRelics:SpiritsEdge":4,"jedi:hotpepper":8,"hubris:Spice":26,"jedi:rubbersling":19,"aspiration:WatcherSkillbook":47,"Molten Egg 2":3,"Bag of Marbles":17,"Grinning Jar":9,"jedi:arcanewood":6,"infinitespire:PuzzleCube":45,"hubris:Reverence":50},{"halation:Diary":242,"Lantern":0,"Vajra":84,"DemoMod:GlassGuonStoneRelic":2,"Replay:Multitool":182,"PrismaticShard":46,"Boot":107,"halation:HeavySnake":242,"relicPack:OneForAll":2,"Replay:Wanted Poster":98,"Replay:Ringing Soul":52,"m_SlimeRing":65,"Tough Bandages":202,"DemoMod:Metronome":84,"CCEMRelics:OverlyComfyChair":203,"Pantograph":123,"DemoMod:JetPack":246,"Ring of the Snake":0,"CCEMRelics:OrganicArmor":242,"aspiration:Nostalgia":65,"PreservedInsect":148,"CCEMRelics:SpiritsEdge":18,"jedi:hotpepper":41,"hubris:Spice":116,"jedi:rubbersling":89,"aspiration:WatcherSkillbook":214,"Molten Egg 2":10,"Bag of Marbles":84,"Grinning Jar":45,"jedi:arcanewood":24,"infinitespire:PuzzleCube":202,"hubris:Reverence":237}],"Ring of the Snake":[106]},"card_choices":[{"not_picked":["StuffTheSpire:ClusterCrunch","Deflect","Hidden Blade"],"picked":"SKIP","floor":1},{"not_picked":["Bane","Atom Bomb"],"picked":"Leg Sweep","floor":4},{"not_picked":["Flying Knee","PiercingWail"],"picked":"Acrobatics","floor":7},{"not_picked":["Replay:Poison Smokescreen","Dodge and Roll"],"picked":"ReplayTheSpireMod:Speed Training","floor":13},{"not_picked":["StuffTheSpire:Python","Deadly Poison","Vengeance+1","Bane+1"],"picked":"SKIP","floor":18},{"not_picked":["infinitespire:Execution","infinitespire:Gouge"],"picked":"ReplayTheSpireMod:Haul","floor":19},{"not_picked":["PiercingWail+1","Sneak Up","Hidden Blade+1"],"picked":"CarveReality+1","floor":21},{"not_picked":["StuffTheSpire:Injection","Bane","Dagger Spray","CrushJoints"],"picked":"SKIP","floor":22},{"not_picked":["Dodge and Roll","Prostrate","FollowUp"],"picked":"CutThroughFate+1","floor":27},{"not_picked":["Flying Knee","Outmaneuver+1","Replay:ManipulateFuture+1"],"picked":"Consecrate","floor":29},{"not_picked":["CrushJoints+1","MarkedMod:GentlePulse+1","Quick Slash+1"],"picked":"Poisoned Stab+1","floor":31}],"player_experience":17110,"relics_obtained":[{"floor":7,"key":"Tough Bandages"},{"floor":9,"key":"infinitespire:PuzzleCube"},{"floor":15,"key":"CCEMRelics:OverlyComfyChair"},{"floor":25,"key":"hubris:Reverence"},{"floor":26,"key":"Vajra"},{"floor":27,"key":"CCEMRelics:OrganicArmor"},{"floor":30,"key":"DemoMod:JetPack"}],"event_choices":[{"damage_healed":0,"gold_gain":0,"player_choice":"Grow","damage_taken":0,"max_hp_gain":0,"max_hp_loss":0,"event_name":"Living Wall","floor":11,"gold_loss":0,"cards_upgraded":["Leg Sweep"]},{"damage_healed":0,"gold_gain":75,"player_choice":"Gold","damage_taken":11,"max_hp_gain":0,"max_hp_loss":0,"event_name":"betterThird:BetterGoop","floor":14,"gold_loss":0},{"damage_healed":0,"gold_gain":0,"player_choice":"Copied","damage_taken":0,"max_hp_gain":0,"max_hp_loss":0,"event_name":"Duplicator","floor":20,"gold_loss":0,"cards_obtained":["Masterful Stab"]},{"damage_healed":0,"gold_gain":0,"cards_transformed":["Strike_G"],"player_choice":"Transformed","damage_taken":0,"max_hp_gain":0,"max_hp_loss":0,"event_name":"Transmorgrifier","floor":24,"gold_loss":0,"cards_obtained":["Ragnarok"]},{"damage_healed":0,"gold_gain":0,"player_choice":"2","damage_taken":0,"max_hp_gain":0,"max_hp_loss":0,"event_name":"betterMatch:BetterMatch","floor":31,"gold_loss":0,"cards_obtained":["betterMatch:CommonCard"]}],"is_beta":false,"boss_relics":[{"not_picked":["hubris:ScarierMask","halation:SmartPhone"],"picked":"aspiration:WatcherSkillbook"}],"items_purged_floors":[28],"is_endless":false,"potions_floor_spawned":[4,7,13,29],"killed_by":"Collector","ascension_level":1}}