{"host":"nmjik3bzoelmmajy","time":1611770701,"event":{"mods":["BaseMod","Better Third Choice","Colored Map","DeckTracker","Minty Spire (QoL Compilation)","Quick Restart","Say the Spire","StSLib","SuperFastMode"],"gold_per_floor":[118,118,131,131,7,40,40,72,72,85,101,101,134,151,151,254,254,273,285,285,285,61,61,61,95,95,95,112,112,41,51,51,51,51],"floor_reached":33,"language":"KOR","playtime":1180,"items_purged":["Strike_G"],"score":311,"play_id":"8a9d13cc-ab79-445f-8261-611285ad8846","local_time":"20210128030501","is_ascension_mode":true,"campfire_choices":[{"data":"Dagger Spray","floor":7,"key":"SMITH"},{"data":"Acrobatics","floor":12,"key":"SMITH"},{"data":"Venomology","floor":15,"key":"SMITH"},{"data":"Night Terror","floor":23,"key":"SMITH"},{"data":"Leg Sweep","floor":27,"key":"SMITH"},{"data":"Cloak And Dagger","floor":29,"key":"SMITH"},{"data":"Catalyst","floor":32,"key":"SMITH"}],"circlet_count":0,"master_deck":["Strike_G","Strike_G","Strike_G","Defend_G","Defend_G","Defend_G","Defend_G","Defend_G","Survivor","Neutralize","CurseOfTheBell","Dagger Spray+1","Footwork","Venomology+1","Noxious Fumes","Acrobatics+1","All Out Attack","Crippling Poison","Infinite Blades","Night Terror+1","Leg Sweep+1","Catalyst+1","Venomology+1","Blade Dance+1","Cloak And Dagger+1","Accuracy","PiercingWail"],"relics":["Calling Bell","Anchor","Pear","Unceasing Top","Matryoshka","Bronze Scales","Bottled Flame","Omamori","FossilizedHelix","Toy Ornithopter","WristBlade","Necronomicon","HandDrill","Boot","Sundial","Bottled Lightning"],"acts_visited":["Exordium","TheCity"],"potions_floor_usage":[6,8,11,13,13,16,16,18,19,25,25,25,25,25,25,28,28,31,33],"damage_taken":[{"damage":2,"enemies":"Jaw Worm","floor":1,"turns":6},{"damage":0,"enemies":"2 Louse","floor":3,"turns":2},{"damage":15,"enemies":"3 Sentries","floor":6,"turns":9},{"damage":13,"enemies":"Lagavulin","floor":8,"turns":8},{"damage":0,"enemies":"Cultist","floor":10,"turns":4},{"damage":3,"enemies":"Large Slime","floor":11,"turns":5},{"damage":6,"enemies":"Gremlin Nob","floor":13,"turns":4},{"damage":0,"enemies":"3 Louse","floor":14,"turns":2},{"damage":4,"enemies":"Slime Boss","floor":16,"turns":9},{"damage":0,"enemies":"3 Byrds","floor":18,"turns":3},{"damage":0,"enemies":"Chosen","floor":19,"turns":5},{"damage":17,"enemies":"Book of Stabbing","floor":25,"turns":5},{"damage":4,"enemies":"Shelled Parasite and Fungi","floor":28,"turns":4},{"damage":0,"enemies":"3 Cultists","floor":31,"turns":2},{"damage":122,"enemies":"Collector","floor":33,"turns":5}],"seed_played":"5378651164532718542","potions_obtained":[{"floor":3,"key":"Poison Potion"},{"floor":10,"key":"Ancient Potion"},{"floor":11,"key":"FearPotion"},{"floor":13,"key":"SneckoOil"},{"floor":16,"key":"PowerPotion"}],"is_trial":false,"path_per_floor":["M","?","M","?","$","E","R","E","T","M","M","R","E","M","R","B",null,"M","M","?","?","$","R","?","E","T","R","M","R","$","M","R","B"],"character_chosen":"THE_SILENT","items_purchased":["Strength Potion","Catalyst","HandDrill","Accuracy"],"campfire_rested":0,"item_purchase_floors":[5,22,22,30],"current_hp_per_floor":[78,75,75,75,75,60,60,47,47,47,44,44,38,38,38,44,80,80,80,80,64,64,64,64,77,77,77,76,76,76,80,80,0,0],"gold":51,"neow_bonus":"BOSS_RELIC","is_daily":false,"chose_seed":false,"campfire_upgraded":7,"win_rate":0.0,"timestamp":1611770701,"path_taken":["M","?","M","?","$","E","R","E","T","?","M","R","E","M","R","BOSS","M","M","?","?","$","R","?","E","T","R","M","R","$","?","R","BOSS"],"items_purchased_type":["Potion","Card","Relic","Card"],"build_version":"2020-12-22","purchased_purges":1,"victory":false,"max_hp_per_floor":[80,80,80,80,80,80,80,80,80,80,80,80,80,80,80,80,80,80,80,80,80,80,80,80,80,80,80,80,80,80,80,80,80,80],"card_choices":[{"not_picked":["Heel Hook","Dodge and Roll"],"picked":"Dagger Spray","floor":1},{"not_picked":["Eviscerate","Acrobatics"],"picked":"Footwork","floor":3},{"not_picked":["Quick Slash","Underhanded Strike"],"picked":"Venomology","floor":6},{"not_picked":["Eviscerate","Acrobatics"],"picked":"Noxious Fumes","floor":8},{"not_picked":["Eviscerate","Dagger Throw"],"picked":"Acrobatics","floor":10},{"not_picked":["Sucker Punch","Concentrate"],"picked":"All Out Attack","floor":11},{"not_picked":["Dodge and Roll","Flechettes"],"picked":"Crippling Poison","floor":13},{"not_picked":["Calculated Gamble","Choke"],"picked":"Infinite Blades","floor":14},{"not_picked":["Storm of Steel","Unload"],"picked":"Night Terror","floor":16},{"not_picked":["Quick Slash","Prepared"],"picked":"Leg Sweep","floor":18},{"not_picked":["Skewer","Concentrate","Dash"],"picked":"SKIP","floor":19},{"not_picked":["Skewer","Flying Knee"],"picked":"Blade Dance+1","floor":25},{"not_picked":["Tactician","Skewer"],"picked":"Cloak And Dagger","floor":28},{"not_picked":["Sucker Punch","Quick Slash"],"picked":"PiercingWail","floor":31}],"player_experience":500861,"relics_obtained":[{"floor":0,"key":"Anchor"},{"floor":0,"key":"Pear"},{"floor":0,"key":"Unceasing Top"},{"floor":6,"key":"Bronze Scales"},{"floor":8,"key":"Bottled Flame"},{"floor":9,"key":"Omamori"},{"floor":9,"key":"FossilizedHelix"},{"floor":13,"key":"Toy Ornithopter"},{"floor":21,"key":"Necronomicon"},{"floor":25,"key":"Boot"},{"floor":26,"key":"Sundial"},{"floor":26,"key":"Bottled Lightning"}],"event_choices":[{"damage_healed":0,"gold_gain":0,"player_choice":"Relic ","damage_taken":3,"max_hp_gain":0,"max_hp_loss":0,"event_name":"betterThird:BetterScrap","floor":2,"gold_loss":0,"cards_obtained":["Electrodynamics"]},{"cards_removed":["Strike_G"],"damage_healed":0,"gold_gain":0,"player_choice":"Card Removal","damage_taken":0,"max_hp_gain":0,"max_hp_loss":0,"event_name":"Wheel of Change","floor":4,"gold_loss":0},{"damage_healed":0,"gold_gain":0,"player_choice":"Ignored","damage_taken":0,"max_hp_gain":0,"max_hp_loss":0,"event_name":"Vampires","floor":20,"gold_loss":0},{"damage_healed":0,"gold_gain":0,"player_choice":"Obtained Book","damage_taken":16,"max_hp_gain":0,"max_hp_loss":0,"event_name":"Cursed Tome","floor":21,"gold_loss":0},{"damage_healed":0,"gold_gain":0,"player_choice":"Copied","damage_taken":0,"max_hp_gain":0,"max_hp_loss":0,"event_name":"Duplicator","floor":24,"gold_loss":0,"cards_obtained":["Venomology"]}],"is_beta":false,"boss_relics":[{"not_picked":["Busted Crown","Snecko Eye"],"picked":"WristBlade"}],"items_purged_floors":[5],"is_endless":false,"potions_floor_spawned":[3,10,11,13,16,18],"killed_by":"Collector","ascension_level":2}}