{"host":"g01l53quoe6lrer0","time":1611715209,"event":{"mods":["2.2 Compatiblity","AchievementEnabler","BaseMod","Colored Map","Highlight Path","Keyboard Shortcuts","Minty Spire (QoL Compilation)","Permanent Neow","StSLib","SuperFastMode","everything is the same but u backflip on backflip"],"gold_per_floor":[115,133,150,150,46,46,46,56,56,56,76,76,76,92,92,166,166,180,152,77,77,88,88,122,122,191,202,202,202,217,233,233,304,304,322,336,336,336],"floor_reached":37,"language":"KOR","playtime":1111,"items_purged":["Strike_G"],"score":728,"play_id":"23535ba9-b6f6-4edb-91b6-a9637d580b26","local_time":"20210127114009","is_ascension_mode":true,"campfire_choices":[{"data":"Choke","floor":6.0,"key":"SMITH"},{"data":"Blade Dance","floor":10.0,"key":"SMITH"},{"data":"Accuracy","floor":13.0,"key":"SMITH"},{"data":"Infinite Blades","floor":15.0,"key":"SMITH"},{"data":"Neutralize","floor":23,"key":"SMITH"},{"data":"Phantasmal Killer","floor":25,"key":"SMITH"},{"floor":29,"key":"REST"},{"floor":32,"key":"REST"}],"circlet_count":0,"master_deck":["AscendersBane","Defend_G","Defend_G","Defend_G","Defend_G","Survivor","Neutralize+1","Choke+1","Backflip","PiercingWail","PiercingWail","Blade Dance+1","Accuracy+1","Infinite Blades+1","After Image","Underhanded Strike","Blur","Calculated Gamble","Phantasmal Killer+1","Footwork","Storm of Steel","After Image","All Out Attack+1","Masterful Stab+1","Endless Agony+1","Footwork","Dagger Throw"],"relics":["Ring of the Snake","Gambling Chip","Peace Pipe","Shuriken","SlaversCollar","Lizard Tail","Paper Crane","Astrolabe"],"acts_visited":["Exordium","TheCity","TheBeyond"],"potions_floor_usage":[31,33,33],"damage_taken":[{"damage":1.0,"enemies":"2 Louse","floor":1.0,"turns":3.0},{"damage":1.0,"enemies":"Cultist","floor":2.0,"turns":3.0},{"damage":3.0,"enemies":"Jaw Worm","floor":3.0,"turns":5.0},{"damage":1.0,"enemies":"3 Louse","floor":8.0,"turns":4.0},{"damage":2.0,"enemies":"Blue Slaver","floor":11.0,"turns":4.0},{"damage":0.0,"enemies":"2 Fungi Beasts","floor":14.0,"turns":2.0},{"damage":12.0,"enemies":"Hexaghost","floor":16.0,"turns":6.0},{"damage":3.0,"enemies":"3 Byrds","floor":18.0,"turns":5.0},{"damage":0,"enemies":"2 Thieves","floor":19,"turns":4},{"damage":0,"enemies":"Chosen and Byrds","floor":22,"turns":5},{"damage":20,"enemies":"Slavers","floor":24,"turns":6},{"damage":4,"enemies":"Centurion and Healer","floor":27,"turns":7},{"damage":16,"enemies":"Snecko","floor":30,"turns":5},{"damage":5,"enemies":"3 Cultists","floor":31,"turns":6},{"damage":18,"enemies":"Collector","floor":33,"turns":8},{"damage":16,"enemies":"3 Shapes","floor":35,"turns":7},{"damage":41,"enemies":"3 Darklings","floor":36,"turns":6},{"damage":0,"enemies":"3 Darklings","floor":37,"turns":1}],"seed_played":"-6545653072893380677","potions_obtained":[{"floor":3.0,"key":"Fruit Juice"},{"floor":11.0,"key":"Dexterity Potion"},{"floor":16.0,"key":"SteroidPotion"},{"floor":31,"key":"ColorlessPotion"},{"floor":36,"key":"AttackPotion"}],"is_trial":false,"path_per_floor":["M","M","M","?","$","R","T","M","T","R","M","?","R","M","R","B",null,"M","M","?","$","M","R","E","R","T","M","?","R","M","M","R","B",null,"M","M","?"],"character_chosen":"THE_SILENT","items_purchased":["PiercingWail"],"campfire_rested":2,"item_purchase_floors":[5],"current_hp_per_floor":[43,42,44,44,44,44,44,43,43,43,41,64,64,64,64,52,66,63,63,63,63,63,63,43,43,43,39,39,60,44,39,60,42,64,48,7,7,7],"gold":336,"neow_bonus":"ONE_RARE_RELIC","is_daily":false,"chose_seed":false,"campfire_upgraded":6,"win_rate":0.0,"timestamp":1611715209,"path_taken":["M","M","M","?","?","R","?","M","T","R","M","?","R","M","R","BOSS","M","M","?","$","M","R","E","R","T","M","?","R","M","M","R","BOSS","M","M","?"],"items_purchased_type":["Card"],"build_version":"2020-12-22","purchased_purges":1,"victory":false,"max_hp_per_floor":[66,66,71,71,71,71,71,71,71,71,71,71,71,71,71,71,71,71,71,71,71,71,71,71,71,71,71,71,71,71,71,71,71,71,71,71,71,71],"card_choices":[{"not_picked":["Outmaneuver","Quick Slash"],"picked":"Choke","floor":1.0},{"not_picked":["Expertise","Catalyst"],"picked":"Backflip","floor":2.0},{"not_picked":["Backflip","Expertise"],"picked":"PiercingWail","floor":3.0},{"not_picked":["Dash","Deadly Poison"],"picked":"Blade Dance","floor":8.0},{"not_picked":["Flying Knee","Skewer"],"picked":"Accuracy","floor":11.0},{"not_picked":["Catalyst","Footwork"],"picked":"Infinite Blades","floor":14.0},{"not_picked":["Wraith Form v2","Malaise"],"picked":"After Image","floor":16.0},{"not_picked":["Skewer+1","Infinite Blades"],"picked":"Underhanded Strike","floor":18.0},{"not_picked":["Expertise","Flechettes"],"picked":"Blur","floor":19},{"not_picked":["Underhanded Strike","Prepared"],"picked":"Calculated Gamble","floor":22},{"not_picked":["Cloak And Dagger","Acrobatics"],"picked":"Phantasmal Killer","floor":24},{"not_picked":["Finisher","Acrobatics"],"picked":"Footwork","floor":27},{"not_picked":["Dagger Spray","Distraction","Backflip"],"picked":"SKIP","floor":30},{"not_picked":["Underhanded Strike","Flying Knee"],"picked":"Storm of Steel","floor":31},{"not_picked":["Envenom","Die Die Die"],"picked":"After Image","floor":33},{"not_picked":["Prepared","Reflex"],"picked":"Footwork","floor":35},{"not_picked":["Backflip","Cloak And Dagger"],"picked":"Dagger Throw","floor":36}],"player_experience":307124,"relics_obtained":[{"floor":7.0,"key":"Peace Pipe"},{"floor":9.0,"key":"Shuriken"},{"floor":24,"key":"Lizard Tail"},{"floor":26,"key":"Paper Crane"}],"event_choices":[{"cards_removed":["Strike_G"],"damage_healed":0.0,"max_hp_gain":0.0,"max_hp_loss":0.0,"gold_gain":0.0,"event_name":"Purifier","player_choice":"Purged","floor":4.0,"gold_loss":0.0,"damage_taken":0.0},{"damage_healed":23.0,"max_hp_gain":0.0,"max_hp_loss":0.0,"gold_gain":0.0,"event_name":"Big Fish","player_choice":"Banana","floor":12.0,"gold_loss":0.0,"damage_taken":0.0},{"cards_removed":["Strike_G"],"damage_healed":0,"gold_gain":0,"player_choice":"Gave Gold","damage_taken":0,"max_hp_gain":0,"max_hp_loss":0,"event_name":"Beggar","floor":20,"gold_loss":75},{"damage_healed":0,"gold_gain":0,"player_choice":"Ignored","damage_taken":0,"max_hp_gain":0,"max_hp_loss":0,"event_name":"Vampires","floor":28,"gold_loss":0}],"is_beta":false,"boss_relics":[{"not_picked":["Ring of the Serpent","SacredBark"],"picked":"SlaversCollar"},{"not_picked":["Cursed Key","Empty Cage"],"picked":"Astrolabe"}],"items_purged_floors":[5],"is_endless":false,"potions_floor_spawned":[3,11,16,18,27,31,36],"killed_by":"3 Darklings","ascension_level":18}}