{"host":"y89x8uui45kcjy42","time":1611724005,"event":{"mods":["2.2 Compatiblity","BaseMod","CapriCore","Colored Map","Colored Powertips","Custom Start","Friendly Minions","Keyboard Shortcuts","Minty Spire (QoL Compilation)","Relic Stats","Slay the Relics Exporter","StSLib","SuperFastMode","Uncapped"],"gold_per_floor":[110,110,110,35,35,35,74,74,151,185,185,185,18,38,38,137,137,156,156,156,156,156,156,156,200,200,233,233,264,264,305,305,396,396,419,419,443,443,459,493,235,235,235,268,268,308,341,341,341,341,341,341,341,168,211,211],"floor_reached":57,"language":"KOR","playtime":1976,"items_purged":[],"score":3734,"play_id":"d0d0dc9d-e10f-4bd7-ac4d-d0ead1ae72df","local_time":"20210127140645","is_ascension_mode":true,"campfire_choices":[{"data":"Blade Dance","floor":6.0,"key":"SMITH"},{"data":"Neutralize","floor":8.0,"key":"SMITH"},{"data":"Dagger Spray","floor":11.0,"key":"SMITH"},{"data":"Quick Slash","floor":12.0,"key":"SMITH"},{"data":"Accuracy","floor":15.0,"key":"SMITH"},{"data":"Night Terror","floor":23.0,"key":"SMITH"},{"data":"Acrobatics","floor":24.0,"key":"SMITH"},{"floor":28.0,"key":"RECALL"},{"data":"Survivor","floor":30.0,"key":"SMITH"}],"circlet_count":0,"master_deck":["Survivor+1","Neutralize+1","Dagger Spray+1","Blade Dance+1","Quick Slash+1","Accuracy+1","Die Die Die+1","Finesse+1","Flash of Steel+1","Night Terror+1","Acrobatics+1","After Image+1","Backflip+1","Burst+1","Caltrops+1","After Image+1","After Image+1","Night Terror+1"],"relics":["Ring of the Snake","Oddly Smooth Stone","Vajra","Coffee Dripper","Golden Idol","Lizard Tail","Paper Crane","Mango","OrangePellets","TheAbacus","HoveringKite","MutagenicStrength","Omamori","FossilizedHelix","Singing Bowl","Toxic Egg 2","Eternal Feather","Letter Opener","White Beast Statue","ClockworkSouvenir","Darkstone Periapt","Kunai","Mummified Hand","Calipers","Happy Flower","WingedGreaves","DollysMirror","Medical Kit","Sundial"],"acts_visited":["Exordium","TheCity","TheBeyond","TheEnding"],"potions_floor_usage":[56,56],"damage_taken":[{"damage":0.0,"enemies":"Small Slimes","floor":1.0,"turns":2.0},{"damage":4.0,"enemies":"3 Sentries","floor":7.0,"turns":4.0},{"damage":6.0,"enemies":"Gremlin Nob","floor":10.0,"turns":3.0},{"damage":0.0,"enemies":"2 Louse","floor":14.0,"turns":1.0},{"damage":0.0,"enemies":"Slime Boss","floor":16.0,"turns":3.0},{"damage":1.0,"enemies":"2 Thieves","floor":18.0,"turns":2.0},{"damage":0.0,"enemies":"Book of Stabbing","floor":25.0,"turns":4.0},{"damage":8.0,"enemies":"Slavers","floor":27.0,"turns":2.0},{"damage":0.0,"enemies":"Gremlin Leader","floor":29.0,"turns":2.0},{"damage":0.0,"enemies":"Book of Stabbing","floor":31.0,"turns":2.0},{"damage":0.0,"enemies":"Automaton","floor":33.0,"turns":4.0},{"damage":0.0,"enemies":"3 Darklings","floor":35.0,"turns":2.0},{"damage":0.0,"enemies":"Orb Walker","floor":37.0,"turns":2.0},{"damage":0.0,"enemies":"4 Shapes","floor":39.0,"turns":3.0},{"damage":0.0,"enemies":"Giant Head","floor":40.0,"turns":5.0},{"damage":9.0,"enemies":"Reptomancer","floor":44.0,"turns":6.0},{"damage":0.0,"enemies":"Giant Head","floor":46.0,"turns":4.0},{"damage":0.0,"enemies":"Nemesis","floor":47.0,"turns":3.0},{"damage":0.0,"enemies":"Awakened One","floor":50.0,"turns":7.0},{"damage":12.0,"enemies":"Donu and Deca","floor":51.0,"turns":7.0},{"damage":0.0,"enemies":"Shield and Spear","floor":55.0,"turns":3.0},{"damage":35,"enemies":"The Heart","floor":56,"turns":9}],"seed_played":"2044271937884869794","potions_obtained":[{"floor":1.0,"key":"LiquidMemories"},{"floor":14.0,"key":"Fire Potion"},{"floor":16.0,"key":"Energy Potion"},{"floor":18.0,"key":"Poison Potion"},{"floor":27.0,"key":"PowerPotion"},{"floor":44.0,"key":"SmokeBomb"},{"floor":46.0,"key":"Swift Potion"},{"floor":55.0,"key":"PowerPotion"}],"is_trial":false,"path_per_floor":["M","?","?","?","?","R","E","R","T","E","R","R","$","M","R","B",null,"M","?","?","T","?","R","R","E","T","E","R","E","R","E","R","B",null,"M","$","M","?","M","E","$","R","T","E","?","E","E","?","R","B","B",null,"R","$","E","B",null],"character_chosen":"THE_SILENT","items_purchased":["OrangePellets","ClockworkSouvenir","Burst+1","DollysMirror"],"campfire_rested":0,"item_purchase_floors":[13,41,41,54],"current_hp_per_floor":[59,36,41,41,34,34,30,30,30,38,38,38,38,38,38,38,73,72,72,72,72,72,72,72,74,74,68,77,79,85,87,93,95,95,97,97,97,97,99,101,101,101,101,94,90,90,92,92,101,101,89,106,111,111,113,78],"gold":211,"neow_bonus":"THREE_CARDS","is_daily":false,"chose_seed":false,"campfire_upgraded":8,"win_rate":0.0,"timestamp":1611724005,"path_taken":["M","?","?","?","?","R","E","R","T","E","R","R","?","M","R","BOSS","M","?","?","?","?","R","R","E","T","E","R","E","R","E","R","BOSS","M","$","M","?","?","E","$","R","T","E","?","E","E","?","R","BOSS","BOSS","R","$","E","BOSS"],"items_purchased_type":["Relic","Relic","Card","Relic"],"build_version":"2020-12-22","purchased_purges":0,"victory":true,"max_hp_per_floor":[66,66,71,71,71,71,71,71,71,85,85,85,85,85,85,85,85,85,85,85,85,85,85,85,87,87,89,89,91,91,93,93,95,95,97,97,97,97,99,101,101,101,101,103,109,109,111,111,111,111,111,111,111,111,113,113],"relic_stats":{"Darkstone Periapt":0,"Singing Bowl":28,"Happy Flower":[9],"counters":[22,80],"Golden Idol":198,"HoveringKite":[32],"Eternal Feather":35,"Letter Opener":[332],"Medical Kit":[6],"OrangePellets":[12],"Lizard Tail":0,"TheAbacus":[426],"Mummified Hand":[47],"Sundial":[12],"Kunai":[58],"obtain_stats":[{"Darkstone Periapt":43,"Calipers":46,"Singing Bowl":21,"Vajra":0,"HoveringKite":17,"Mango":10,"ClockworkSouvenir":41,"Lizard Tail":7,"TheAbacus":15,"Mummified Hand":46,"DollysMirror":54,"Sundial":55,"WingedGreaves":5,"Kunai":44,"Toxic Egg 2":25,"Ring of the Snake":0,"Happy Flower":46,"Golden Idol":2,"Oddly Smooth Stone":0,"Eternal Feather":27,"Omamori":20,"Letter Opener":31,"Paper Crane":9,"Medical Kit":55,"White Beast Statue":40,"OrangePellets":13,"MutagenicStrength":19,"Coffee Dripper":0,"FossilizedHelix":20},{"Darkstone Periapt":15,"Calipers":17,"Singing Bowl":6,"Vajra":0,"HoveringKite":5,"Mango":3,"ClockworkSouvenir":15,"Lizard Tail":2,"TheAbacus":4,"Mummified Hand":17,"DollysMirror":20,"Sundial":21,"WingedGreaves":1,"Kunai":16,"Toxic Egg 2":7,"Ring of the Snake":0,"Happy Flower":17,"Golden Idol":1,"Oddly Smooth Stone":0,"Eternal Feather":8,"Omamori":6,"Letter Opener":10,"Paper Crane":2,"Medical Kit":21,"White Beast Statue":15,"OrangePellets":3,"MutagenicStrength":6,"Coffee Dripper":0,"FossilizedHelix":6},{"Darkstone Periapt":41,"Calipers":51,"Singing Bowl":15,"Vajra":0,"HoveringKite":13,"Mango":9,"ClockworkSouvenir":41,"Lizard Tail":6,"TheAbacus":10,"Mummified Hand":49,"DollysMirror":68,"Sundial":71,"WingedGreaves":2,"Kunai":47,"Toxic Egg 2":19,"Ring of the Snake":0,"Happy Flower":51,"Golden Idol":2,"Oddly Smooth Stone":0,"Eternal Feather":21,"Omamori":15,"Letter Opener":25,"Paper Crane":6,"Medical Kit":70,"White Beast Statue":41,"OrangePellets":9,"MutagenicStrength":15,"Coffee Dripper":0,"FossilizedHelix":15}],"Ring of the Snake":[44]},"card_choices":[{"not_picked":["Slice","Cloak And Dagger"],"picked":"Dagger Spray","floor":0.0},{"not_picked":["Accuracy","Deflect"],"picked":"Blade Dance","floor":1.0},{"not_picked":["Dagger Spray","Acrobatics"],"picked":"Quick Slash","floor":7.0},{"not_picked":["Backflip","Blur"],"picked":"Accuracy","floor":10.0},{"not_picked":["Outmaneuver","Quick Slash","Prepared"],"picked":"SKIP","floor":14.0},{"not_picked":["Tools of the Trade","Glass Knife"],"picked":"Night Terror","floor":16.0},{"not_picked":["Slice+1","Dagger Spray+1"],"picked":"Acrobatics","floor":18.0},{"not_picked":["Terror+1","Skewer","Slice"],"picked":"Singing Bowl","floor":25.0},{"not_picked":["Outmaneuver+1","Flying Knee","Slice+1"],"picked":"Singing Bowl","floor":27.0},{"not_picked":["Dagger Throw+1","Flying Knee","Quick Slash"],"picked":"Singing Bowl","floor":29.0},{"not_picked":["Infinite Blades","Flechettes+1","Outmaneuver+1"],"picked":"Singing Bowl","floor":31.0},{"not_picked":["After Image","Tools of the Trade","Die Die Die"],"picked":"Singing Bowl","floor":33.0},{"not_picked":["All Out Attack","Dagger Throw+1","Dash+1"],"picked":"Singing Bowl","floor":35.0},{"not_picked":["Bane","Quick Slash+1"],"picked":"Backflip+1","floor":37.0},{"not_picked":["Acrobatics+1","Poisoned Stab","Backflip+1"],"picked":"Singing Bowl","floor":39.0},{"not_picked":["Quick Slash","Noxious Fumes","Setup+1"],"picked":"Singing Bowl","floor":40.0},{"not_picked":["Leg Sweep+1","Prepared+1","A Thousand Cuts"],"picked":"Singing Bowl","floor":44.0},{"not_picked":["Good Instincts+1","Blind+1","Bandage Up+1"],"picked":"Singing Bowl","floor":45.0},{"not_picked":["Purity+1","Transmutation+1","Dark Shackles+1"],"picked":"Singing Bowl","floor":45.0},{"not_picked":["Blind+1","Swift Strike","Enlightenment+1"],"picked":"Singing Bowl","floor":45.0},{"not_picked":["Deadly Poison+1","Bouncing Flask+1"],"picked":"Caltrops+1","floor":46.0},{"not_picked":["Expertise+1","Flying Knee","Deadly Poison+1"],"picked":"Singing Bowl","floor":47.0},{"not_picked":["Footwork","Corpse Explosion+1","Underhanded Strike"],"picked":"Singing Bowl","floor":55.0}],"player_experience":662257,"relics_obtained":[{"floor":7.0,"key":"Lizard Tail"},{"floor":9.0,"key":"Paper Crane"},{"floor":10.0,"key":"Mango"},{"floor":21.0,"key":"Singing Bowl"},{"floor":25.0,"key":"Toxic Egg 2"},{"floor":27.0,"key":"Eternal Feather"},{"floor":31.0,"key":"Letter Opener"},{"floor":40.0,"key":"White Beast Statue"},{"floor":43.0,"key":"Darkstone Periapt"},{"floor":44.0,"key":"Kunai"},{"floor":46.0,"key":"Happy Flower"},{"floor":55.0,"key":"Sundial"}],"event_choices":[{"damage_healed":0.0,"max_hp_gain":0.0,"max_hp_loss":0.0,"gold_gain":0.0,"event_name":"Golden Idol","player_choice":"Take Damage","floor":2.0,"gold_loss":0.0,"damage_taken":23.0,"relics_obtained":["Golden Idol"]},{"damage_healed":0.0,"max_hp_gain":5.0,"max_hp_loss":0.0,"gold_gain":0.0,"event_name":"Big Fish","player_choice":"Donut","floor":3.0,"gold_loss":0.0,"damage_taken":0.0},{"cards_removed":["Strike_G"],"damage_healed":0.0,"max_hp_gain":0.0,"max_hp_loss":0.0,"gold_gain":0.0,"event_name":"The Cleric","player_choice":"Card Removal","floor":4.0,"gold_loss":75.0,"damage_taken":0.0},{"cards_removed":["Defend_G"],"damage_healed":0.0,"max_hp_gain":0.0,"max_hp_loss":0.0,"gold_gain":0.0,"event_name":"Golden Wing","player_choice":"Card Removal","floor":5.0,"gold_loss":0.0,"damage_taken":7.0},{"damage_healed":0.0,"max_hp_gain":0.0,"max_hp_loss":0.0,"gold_gain":0.0,"event_name":"Drug Dealer","player_choice":"Inject Mutagens","floor":19.0,"gold_loss":0.0,"damage_taken":0.0,"relics_obtained":["MutagenicStrength"]},{"damage_healed":0.0,"max_hp_gain":0.0,"max_hp_loss":0.0,"gold_gain":0.0,"event_name":"The Mausoleum","player_choice":"Opened","floor":20.0,"gold_loss":0.0,"damage_taken":0.0,"relics_obtained":["FossilizedHelix"],"cards_obtained":["Writhe"]},{"damage_healed":0.0,"max_hp_gain":0.0,"max_hp_loss":0.0,"gold_gain":0.0,"event_name":"Ghosts","player_choice":"Ignored","floor":22.0,"gold_loss":0.0,"damage_taken":0.0},{"damage_healed":0.0,"max_hp_gain":0.0,"max_hp_loss":0.0,"gold_gain":0.0,"event_name":"Match and Keep!","player_choice":"0 cards matched","floor":38.0,"gold_loss":0.0,"damage_taken":0.0,"cards_obtained":[]},{"damage_healed":0.0,"max_hp_gain":0.0,"max_hp_loss":0.0,"gold_gain":0.0,"event_name":"SensoryStone","player_choice":"Memory 3","floor":45.0,"gold_loss":0.0,"damage_taken":10.0},{"cards_removed":["After Image"],"damage_healed":0.0,"max_hp_gain":0.0,"max_hp_loss":0.0,"gold_gain":0.0,"event_name":"Falling","player_choice":"Removed Power","floor":48.0,"gold_loss":0.0,"damage_taken":0.0}],"is_beta":false,"boss_relics":[{"not_picked":["Tiny House","Coffee Dripper"],"picked":"HoveringKite"},{"not_picked":["Black Star","Calling Bell","Fusion Hammer"]}],"items_purged_floors":[],"is_endless":false,"potions_floor_spawned":[1,14,16,18,27,35,44,46,47,55],"ascension_level":20}}