{"host":"bcpfwati9euftqcm","time":1611706704,"event":{"mods":["2.2 Compatiblity","BaseMod","Colored Map","Minty Spire (QoL Compilation)","StSLib","TheHero"],"gold_per_floor":[119,119,119,131,131,131,156,156,180,211,211,228,3,16,16,16,16],"floor_reached":16,"language":"ENG","playtime":558,"items_purged":[],"score":113,"play_id":"1f8db3d0-e9a8-474f-86d0-b98370a7cb35","local_time":"20210126181824","is_ascension_mode":true,"campfire_choices":[{"data":"animeID:Deku","floor":6,"key":"SMITH"},{"floor":8,"key":"REST"},{"floor":15,"key":"REST"}],"circlet_count":0,"master_deck":["animeID:Deku+1","animeID:Bakugo+1","animeID:Smash","animeID:Smash","animeID:Smash","animeID:DefendMH","animeID:DefendMH","animeID:DefendMH","animeID:DefendMH","Regret","animeID:Crystallize+1","Pain","animeID:Mezo","animeID:Hatsume","animeID:Iida"],"relics":["animeID:HeroCostume","Dead Branch","MealTicket","Frozen Egg 2","Pen Nib","Bronze Scales","WarpedTongs","Medical Kit"],"acts_visited":["Exordium"],"potions_floor_usage":[10,16],"damage_taken":[{"damage":0,"enemies":"Small Slimes","floor":1,"turns":1},{"damage":0,"enemies":"2 Louse","floor":4,"turns":2},{"damage":58,"enemies":"Gremlin Nob","floor":7,"turns":7},{"damage":11,"enemies":"3 Sentries","floor":10,"turns":4},{"damage":6,"enemies":"Cultist","floor":12,"turns":3},{"damage":10,"enemies":"Looter","floor":14,"turns":4},{"damage":45,"enemies":"The Guardian","floor":16,"turns":7}],"seed_played":"-7270156468419072038","potions_obtained":[{"floor":7,"key":"Explosive Potion"},{"floor":12,"key":"LiquidMemories"}],"is_trial":false,"path_per_floor":["M","?","?","M","?","R","E","R","T","E","?","M","$","M","R","B"],"character_chosen":"THE_HERO","items_purchased":["Medical Kit","animeID:Hatsume"],"campfire_rested":2,"item_purchase_floors":[13,13],"current_hp_per_floor":[75,57,57,57,57,57,3,25,25,16,16,12,27,19,41,0,0],"gold":16,"neow_bonus":"UPGRADE_CARD","is_daily":false,"chose_seed":false,"campfire_upgraded":1,"win_rate":0.0,"timestamp":1611706704,"path_taken":["M","?","?","?","?","R","E","R","T","E","?","M","$","?","R","BOSS"],"items_purchased_type":["Relic","Card"],"build_version":"2020-12-22","purchased_purges":0,"victory":false,"max_hp_per_floor":[75,75,75,75,75,75,75,75,75,75,75,75,75,75,75,75,75],"card_choices":[{"not_picked":["animeID:ToruHagakure","animeID:EraserHead","animeID:Momo"],"picked":"SKIP","floor":1},{"not_picked":["animeID:Tomura","animeID:DetroitDelaware","animeID:Aoyama"],"picked":"SKIP","floor":4},{"not_picked":["animeID:Kurono","animeID:Himiko"],"picked":"animeID:Crystallize+1","floor":7},{"not_picked":["animeID:Uraraka","animeID:GentleCriminal+1","animeID:Kirishima"],"picked":"SKIP","floor":10},{"not_picked":["animeID:Rei+1","animeID:Bakugo"],"picked":"animeID:Mezo","floor":12},{"not_picked":["animeID:Iida","animeID:Ojiro","animeID:Tengai"],"picked":"SKIP","floor":14},{"not_picked":["animeID:Ojiro","animeID:Tengai"],"picked":"animeID:Iida","floor":14}],"player_experience":618237,"relics_obtained":[{"floor":7,"key":"Frozen Egg 2"},{"floor":9,"key":"Pen Nib"},{"floor":10,"key":"Bronze Scales"}],"event_choices":[{"damage_healed":0,"gold_gain":0,"player_choice":"Success","damage_taken":18,"relics_obtained":["Dead Branch"],"max_hp_gain":0,"max_hp_loss":0,"event_name":"Scrap Ooze","floor":2,"gold_loss":0},{"cards_removed":["animeID:Smash"],"damage_healed":0,"gold_gain":0,"player_choice":"Purged","damage_taken":0,"max_hp_gain":0,"max_hp_loss":0,"event_name":"Purifier","floor":3,"gold_loss":0},{"damage_healed":0,"gold_gain":0,"player_choice":"Box","damage_taken":0,"relics_obtained":["MealTicket"],"max_hp_gain":0,"max_hp_loss":0,"event_name":"Big Fish","floor":5,"gold_loss":0,"cards_obtained":["Regret"]},{"damage_healed":0,"gold_gain":0,"player_choice":"Rummage","damage_taken":0,"relics_obtained":["WarpedTongs"],"max_hp_gain":0,"max_hp_loss":0,"event_name":"Accursed Blacksmith","floor":11,"gold_loss":0,"cards_obtained":["Pain"]}],"is_beta":false,"boss_relics":[],"items_purged_floors":[],"is_endless":false,"potions_floor_spawned":[7,12],"killed_by":"The Guardian","ascension_level":1}}