{"host":"e8qlq9m73szgw1mp","time":1611787358,"event":{"mods":["2.2 Compatiblity","AchievementEnabler","BaseMod","Colored Powertips","Downfall","Highlight Path","Minty Spire (QoL Compilation)","Quick Restart","StSLib"],"gold_per_floor":[99,99,99,99,99,129,129,162,68,68,68,68,102,117,128,128,128,128],"floor_reached":16,"language":"ENG","playtime":3210,"items_purged":[],"score":120,"play_id":"285b4d81-b16b-4bf1-ab03-2a3ff8e9f60f","local_time":"20210127144238","is_ascension_mode":true,"campfire_choices":[{"data":"hexamod:Float","floor":1,"key":"SMITH"},{"data":"1","floor":10,"key":"LIFT"},{"floor":12,"key":"REST"}],"circlet_count":0,"master_deck":["hexamod:Strike","hexamod:Strike","hexamod:Strike","hexamod:Strike","hexamod:Defend","hexamod:Defend","hexamod:Defend","hexamod:Defend","hexamod:Sear","hexamod:Float+1","hexamod:BacktrackSmack","hexamod:NightmareStrike","hexamod:SpectersWail","hexamod:Rewind","hexamod:FastForward","hexamod:TimeWarp+1","hexamod:CatchUp","hexamod:BacktrackSmack","hexamod:ForkedFlame","hexamod:EmpoweredFlame"],"relics":["hexamod:SpiritBrand","downfall:HeartsMalice","Orichalcum","Girya","Nunchaku","Bag of Marbles","hexamod:CandleOfCauterizing"],"acts_visited":["Exordium"],"potions_floor_usage":[],"damage_taken":[{"damage":0,"enemies":"Cultist","floor":2,"turns":1},{"damage":0,"enemies":"Small Slimes","floor":3,"turns":1},{"damage":0,"enemies":"2 Louse","floor":4,"turns":1},{"damage":26,"enemies":"Gremlin Nob","floor":6,"turns":4},{"damage":21,"enemies":"Lagavulin","floor":8,"turns":5},{"damage":0,"enemies":"downfall:FleeingMerchant","floor":9,"turns":4},{"damage":4,"enemies":"3 Sentries","floor":13,"turns":4},{"damage":0,"enemies":"Lots of Slimes","floor":14,"turns":1},{"damage":2,"enemies":"Blue Slaver","floor":15,"turns":2},{"damage":39,"enemies":"DF_ARCHETYPE_STREAMLINE","floor":16,"turns":6}],"seed_played":"-1784740647476148853","potions_obtained":[{"floor":8,"key":"Dexterity Potion"},{"floor":13,"key":"CultistPotion"},{"floor":15,"key":"BlessingOfTheForge"}],"is_trial":false,"path_per_floor":["R","M","M","M","?","E","T","E","$","R","?","R","E","M","M","B"],"character_chosen":"THE_SPIRIT","items_purchased":["hexamod:CatchUp"],"campfire_rested":1,"item_purchase_floors":[9],"current_hp_per_floor":[70,70,70,70,67,41,41,20,20,20,20,41,37,37,35,0,0,0],"gold":128,"neow_bonus":"THREE_ENEMY_KILL","is_daily":false,"chose_seed":false,"campfire_upgraded":1,"win_rate":0.0,"timestamp":1611787358,"path_taken":["R","M","?","M","?","E","T","E","$","R","?","R","E","M","M","BOSS"],"items_purchased_type":["Card"],"build_version":"2020-12-22","purchased_purges":0,"victory":false,"max_hp_per_floor":[70,70,70,70,70,70,70,70,70,70,70,70,70,70,70,70,70,70],"card_choices":[{"not_picked":["hexamod:HeatMetal","hexamod:SwordOfDarkness"],"picked":"hexamod:BacktrackSmack","floor":2},{"not_picked":["hexamod:InspiringFlames","hexamod:BurningTouch"],"picked":"hexamod:NightmareStrike","floor":3},{"not_picked":["hexamod:FourthSeal","hexamod:ThermalTransfer"],"picked":"hexamod:SpectersWail","floor":4},{"not_picked":["hexamod:AdvancingGuard","hexamod:NightmareStrike"],"picked":"hexamod:Rewind","floor":6},{"not_picked":["hexamod:InspiringFlames","hexamod:PowerFromBeyond"],"picked":"hexamod:FastForward","floor":8},{"not_picked":["hexamod:GhostflameBarrier","hexamod:BurningTouch"],"picked":"hexamod:TimeWarp","floor":9},{"not_picked":["hexamod:CatchUp","hexamod:SuperheatedStrike"],"picked":"hexamod:BacktrackSmack","floor":13},{"not_picked":["hexamod:HauntingEcho","hexamod:ThirdSeal"],"picked":"hexamod:ForkedFlame","floor":14},{"not_picked":["hexamod:GhostflameBarrier","hexamod:Firestarter"],"picked":"hexamod:EmpoweredFlame","floor":15}],"player_experience":1308760,"relics_obtained":[{"floor":6,"key":"Girya"},{"floor":7,"key":"Nunchaku"},{"floor":8,"key":"Bag of Marbles"},{"floor":13,"key":"hexamod:CandleOfCauterizing"}],"event_choices":[{"damage_healed":0,"gold_gain":0,"player_choice":"Success","damage_taken":3,"relics_obtained":["Orichalcum"],"max_hp_gain":0,"max_hp_loss":0,"event_name":"Scrap Ooze","floor":5,"gold_loss":0},{"damage_healed":0,"gold_gain":0,"player_choice":"Forge","damage_taken":0,"max_hp_gain":0,"max_hp_loss":0,"event_name":"Accursed Blacksmith","floor":11,"gold_loss":0,"cards_upgraded":["hexamod:TimeWarp"]}],"is_beta":false,"boss_relics":[],"items_purged_floors":[],"is_endless":false,"potions_floor_spawned":[8,13,15],"killed_by":"DF_ARCHETYPE_STREAMLINE","ascension_level":1}}