{"host":"lrlw254gqe5layub","time":1611737179,"event":{"mods":["AchievementEnabler","BaseMod","Colored Map","Colored Powertips","Minty Spire (QoL Compilation)","Rare Cards Sparkle","SuperFastMode"],"gold_per_floor":[118,68,68,68,80,80,108,108,108,33,49,49,49,65,65,162,162,176,195,208,208,208,208,108,160,160,35,35,63,63,75,75,177,177,191,191,191,203,203,231,7,7,34,34,48,48,67,67,67,67,67,67,19,19,19],"floor_reached":54,"language":"KOR","playtime":3025,"items_purged":["Strike_B","Writhe","Sunder","Zap"],"score":948,"play_id":"7158727f-8420-453c-9608-498b29a3583b","local_time":"20210127174619","is_ascension_mode":true,"campfire_choices":[{"data":"Dualcast","floor":6.0,"key":"SMITH"},{"data":"Echo Form","floor":8.0,"key":"SMITH"},{"data":"Coolheaded","floor":12.0,"key":"SMITH"},{"floor":15.0,"key":"REST"},{"floor":23.0,"key":"RECALL"},{"floor":28.0,"key":"REST"},{"data":"Double Energy","floor":30.0,"key":"SMITH"},{"floor":32.0,"key":"REST"},{"floor":42.0,"key":"REST"},{"data":"Scrape","floor":44.0,"key":"SMITH"},{"data":"Glacier","floor":46.0,"key":"SMITH"},{"floor":49.0,"key":"REST"},{"floor":52.0,"key":"REST"}],"circlet_count":0,"master_deck":["Zap+1","Dualcast+1","Echo Form+1","Coolheaded+1","Redo+1","Scrape+1","Double Energy+1","Glacier+1","Undo+1","Purity"],"relics":["Cracked Core","Vajra","Ornamental Fan","Pandora\u0027s Box","War Paint","Ancient Tea Set","Cables","Art of War","Runic Pyramid","Pocketwatch","Membership Card","Bag of Marbles"],"acts_visited":["Exordium","TheCity","TheBeyond","TheEnding"],"potions_floor_usage":[],"damage_taken":[{"damage":4.0,"enemies":"Jaw Worm","floor":1.0,"turns":3.0},{"damage":4.0,"enemies":"Small Slimes","floor":5.0,"turns":3.0},{"damage":23.0,"enemies":"Gremlin Nob","floor":7.0,"turns":4.0},{"damage":0.0,"enemies":"Cultist","floor":11.0,"turns":3.0},{"damage":0.0,"enemies":"Looter","floor":14.0,"turns":3.0},{"damage":20.0,"enemies":"The Guardian","floor":16.0,"turns":13.0},{"damage":11.0,"enemies":"Chosen","floor":18.0,"turns":6.0},{"damage":5.0,"enemies":"3 Byrds","floor":19.0,"turns":4.0},{"damage":23.0,"enemies":"Snake Plant","floor":20.0,"turns":5.0},{"damage":27.0,"enemies":"Slavers","floor":29.0,"turns":9.0},{"damage":11.0,"enemies":"Chosen and Byrds","floor":31.0,"turns":5.0},{"damage":44.0,"enemies":"Champ","floor":33.0,"turns":15.0},{"damage":0.0,"enemies":"3 Darklings","floor":35.0,"turns":3.0},{"damage":0.0,"enemies":"Orb Walker","floor":38.0,"turns":4.0},{"damage":26.0,"enemies":"Reptomancer","floor":40.0,"turns":8.0},{"damage":2.0,"enemies":"3 Darklings","floor":45.0,"turns":3.0},{"damage":0.0,"enemies":"Spire Growth","floor":47.0,"turns":5.0},{"damage":39.0,"enemies":"Awakened One","floor":50.0,"turns":27.0},{"damage":55,"enemies":"Shield and Spear","floor":54,"turns":8}],"seed_played":"7345441125479309478","potions_obtained":[{"floor":1.0,"key":"DistilledChaos"},{"floor":7.0,"key":"Block Potion"},{"floor":14.0,"key":"FairyPotion"},{"floor":16.0,"key":"FairyPotion"},{"floor":20.0,"key":"Weak Potion"},{"floor":47.0,"key":"EntropicBrew"}],"is_trial":false,"path_per_floor":["M","?","?","$","M","R","E","R","T","$","M","R","?","M","R","B",null,"M","M","M","?","?","R","$","T","T","$","R","E","R","M","R","B",null,"M","?","?","M","?","E","$","R","T","R","M","R","M","?","R","B",null,"R","$","E"],"character_chosen":"DEFECT","items_purchased":["Membership Card","Purity"],"campfire_rested":6,"item_purchase_floors":[41,53],"current_hp_per_floor":[64,64,64,64,60,60,37,37,37,37,37,37,34,34,56,36,65,54,49,26,26,26,26,26,26,26,26,48,21,21,10,32,22,62,62,62,62,62,62,36,36,58,58,58,56,56,56,56,75,36,65,75,75,20,20],"gold":19,"neow_bonus":"UPGRADE_CARD","is_daily":false,"chose_seed":false,"campfire_upgraded":6,"win_rate":0.0,"timestamp":1611737179,"path_taken":["M","?","?","$","M","R","E","R","T","$","M","R","?","?","R","BOSS","M","?","M","?","?","R","$","?","T","$","R","E","R","M","R","BOSS","M","?","?","M","?","E","$","R","T","R","M","R","?","?","R","BOSS","R","$","E"],"items_purchased_type":["Relic","Card"],"build_version":"2020-12-22","purchased_purges":4,"victory":false,"max_hp_per_floor":[75,75,75,75,75,75,75,75,75,75,75,75,75,75,75,75,75,75,75,75,75,75,75,75,75,75,75,75,75,75,75,75,75,75,75,75,75,75,75,75,75,75,75,75,75,75,75,75,75,75,75,75,75,75,75],"card_choices":[{"not_picked":["Scrape","Leap","Stack"],"picked":"SKIP","floor":1.0},{"not_picked":["Aggregate","Sweeping Beam","Reprogram"],"picked":"SKIP","floor":5.0},{"not_picked":["Ball Lightning","Reprogram"],"picked":"Echo Form","floor":7.0},{"not_picked":["Streamline","Rebound"],"picked":"Coolheaded","floor":11.0},{"not_picked":["Rip and Tear","Melter"],"picked":"Redo","floor":14.0},{"not_picked":["Hologram+1","Leap","Sweeping Beam"],"picked":"SKIP","floor":18.0},{"not_picked":["Hologram","Stack+1","Turbo"],"picked":"SKIP","floor":19.0},{"not_picked":["Hologram","Turbo+1","Leap+1"],"picked":"SKIP","floor":20.0},{"not_picked":["Recycle","Double Energy","Undo"],"picked":"SKIP","floor":29.0},{"not_picked":["Echo Form","Chaos","Steam"],"picked":"SKIP","floor":31.0},{"not_picked":["Machine Learning","Seek"],"picked":"Electrodynamics","floor":33.0},{"not_picked":["Beam Cell","Go for the Eyes+1","Sweeping Beam"],"picked":"SKIP","floor":35.0},{"not_picked":["BootSequence","Streamline+1","Beam Cell+1"],"picked":"SKIP","floor":38.0},{"not_picked":["All For One","Leap+1","Doom and Gloom+1"],"picked":"SKIP","floor":40.0},{"not_picked":["Stack","Skim","Compile Driver"],"picked":"SKIP","floor":45.0},{"not_picked":["Compile Driver","Leap","Beam Cell+1"],"picked":"SKIP","floor":47.0}],"player_experience":475357,"relics_obtained":[{"floor":7.0,"key":"Vajra"},{"floor":25.0,"key":"Ancient Tea Set"},{"floor":26.0,"key":"Cables"},{"floor":29.0,"key":"Art of War"},{"floor":40.0,"key":"Pocketwatch"},{"floor":43.0,"key":"Bag of Marbles"}],"event_choices":[{"cards_removed":["Strike_B"],"damage_healed":0.0,"max_hp_gain":0.0,"max_hp_loss":0.0,"gold_gain":0.0,"event_name":"The Cleric","player_choice":"Card Removal","floor":2.0,"gold_loss":50.0,"damage_taken":0.0},{"damage_healed":0.0,"max_hp_gain":0.0,"max_hp_loss":0.0,"gold_gain":0.0,"event_name":"Shining Light","player_choice":"Ignored","floor":3.0,"gold_loss":0.0,"damage_taken":0.0},{"damage_healed":0.0,"max_hp_gain":0.0,"max_hp_loss":0.0,"gold_gain":0.0,"event_name":"Scrap Ooze","player_choice":"Success","floor":13.0,"gold_loss":0.0,"damage_taken":3.0,"relics_obtained":["Ornamental Fan"]},{"cards_removed":["Sunder"],"damage_healed":0.0,"max_hp_gain":0.0,"max_hp_loss":0.0,"gold_gain":0.0,"event_name":"Back to Basics","player_choice":"Elegance","floor":21.0,"gold_loss":0.0,"damage_taken":0.0},{"damage_healed":0.0,"max_hp_gain":0.0,"max_hp_loss":0.0,"gold_gain":0.0,"event_name":"The Mausoleum","player_choice":"Opened","floor":22.0,"gold_loss":0.0,"damage_taken":0.0,"relics_obtained":["War Paint"],"cards_obtained":["Writhe"]},{"damage_healed":0.0,"max_hp_gain":0.0,"max_hp_loss":0.0,"gold_gain":0.0,"event_name":"SensoryStone","player_choice":"Memory 1","floor":36.0,"gold_loss":0.0,"damage_taken":0.0},{"cards_removed":["Electrodynamics"],"damage_healed":0.0,"max_hp_gain":0.0,"max_hp_loss":0.0,"gold_gain":0.0,"event_name":"Falling","player_choice":"Removed Power","floor":37.0,"gold_loss":0.0,"damage_taken":0.0},{"damage_healed":0.0,"max_hp_gain":0.0,"max_hp_loss":0.0,"gold_gain":0.0,"event_name":"Match and Keep!","player_choice":"1 cards matched","floor":39.0,"gold_loss":0.0,"damage_taken":0.0,"cards_obtained":["Zap"]},{"damage_healed":0.0,"max_hp_gain":0.0,"max_hp_loss":0.0,"gold_gain":0.0,"event_name":"Mysterious Sphere","player_choice":"Ignored","floor":48.0,"gold_loss":0.0,"damage_taken":0.0}],"is_beta":false,"boss_relics":[{"not_picked":["Busted Crown","Coffee Dripper"],"picked":"Pandora\u0027s Box"},{"not_picked":["Fusion Hammer","Astrolabe"],"picked":"Runic Pyramid"}],"items_purged_floors":[10,24,27,41],"is_endless":false,"potions_floor_spawned":[1,7,14,16,20,29,47],"killed_by":"Shield and Spear","ascension_level":9}}