{"host":"5hj512uv6i1x1iks","time":1611779251,"event":{"mods":["BaseMod","Colored Powertips","Downfall","Minty Spire (QoL Compilation)","Rare Cards Sparkle","Relic Stats","Reliquary","StSLib"],"gold_per_floor":[99,114,126,145,155,155,179,79,179,199,191,220,220,264,295,295,295,295],"floor_reached":16,"language":"ENG","playtime":665,"items_purged":[],"score":112,"play_id":"44f39cf9-172a-4d72-82e8-7de10fac0587","local_time":"20210127142731","is_ascension_mode":false,"campfire_choices":[{"floor":1,"key":"RECALL"},{"data":"hexamod:NightmareStrike","floor":8,"key":"SMITH"},{"data":"hexamod:FlamesFromBeyond","floor":13,"key":"SMITH"}],"circlet_count":0,"master_deck":["hexamod:Strike","hexamod:Strike","hexamod:Strike","hexamod:Strike","hexamod:Defend","hexamod:Defend","hexamod:Defend","hexamod:Defend","hexamod:Sear","hexamod:Float","hexamod:NightmareStrike+1","hexamod:FlamesFromBeyond+1","hexamod:FastForward","hexamod:FirstSeal","hexamod:SecondSeal","hexamod:ThirdSeal","hexamod:FourthSeal","hexamod:Hexaguard","hexamod:StepThrough","hexamod:SoulSteal","hexamod:SpectralAdrenaline","hexamod:SixthSeal"],"relics":["hexamod:SpiritBrand","reliquary:Knoch","downfall:HeartBlessingRed","Boot","CeramicFish"],"acts_visited":["Exordium"],"potions_floor_usage":[],"damage_taken":[{"damage":0,"enemies":"Cultist","floor":2,"turns":3},{"damage":0,"enemies":"2 Louse","floor":3,"turns":2},{"damage":3,"enemies":"Small Slimes","floor":4,"turns":4},{"damage":7,"enemies":"2 Fungi Beasts","floor":5,"turns":4},{"damage":27,"enemies":"Exordium Thugs","floor":10,"turns":4},{"damage":15,"enemies":"3 Sentries","floor":12,"turns":9},{"damage":26,"enemies":"Gremlin Nob","floor":14,"turns":5},{"damage":1,"enemies":"Exordium Wildlife","floor":15,"turns":3},{"damage":17,"enemies":"IC_STATUS_ARCHETYPE","floor":16,"turns":4}],"seed_played":"-549927005804391868","potions_obtained":[{"floor":4,"key":"hexamod:SoulburnPotion"},{"floor":10,"key":"Energy Potion"},{"floor":14,"key":"EssenceOfSteel"},{"floor":14,"key":"SkillPotion"},{"floor":15,"key":"ColorlessPotion"}],"is_trial":false,"path_per_floor":["R","M","M","M","M","?","T","R","?","M","?","E","R","E","M","B"],"character_chosen":"THE_SPIRIT","items_purchased":[],"campfire_rested":0,"item_purchase_floors":[],"current_hp_per_floor":[77,77,77,74,67,72,72,72,72,45,38,30,30,11,17,0,0,0],"gold":295,"neow_bonus":"TEN_PERCENT_HP_BONUS","is_daily":false,"chose_seed":false,"campfire_upgraded":2,"win_rate":0.0,"timestamp":1611779251,"path_taken":["R","M","M","?","M","?","T","R","?","M","?","E","R","E","M","BOSS"],"items_purchased_type":[],"build_version":"2020-12-22","purchased_purges":0,"victory":false,"max_hp_per_floor":[77,77,77,77,77,82,82,82,82,82,82,82,82,82,82,82,82,82],"relic_stats":{"counters":[9,38],"CeramicFish":27,"Boot":[0],"obtain_stats":[{"downfall:HeartBlessingRed":8,"CeramicFish":14,"reliquary:Knoch":7,"Boot":12,"hexamod:SpiritBrand":0},{"downfall:HeartBlessingRed":4,"CeramicFish":7,"reliquary:Knoch":4,"Boot":6,"hexamod:SpiritBrand":0},{"downfall:HeartBlessingRed":13,"CeramicFish":31,"reliquary:Knoch":13,"Boot":26,"hexamod:SpiritBrand":0}]},"card_choices":[{"not_picked":["hexamod:StepThrough","hexamod:SuperheatedStrike"],"picked":"hexamod:NightmareStrike","floor":2},{"not_picked":["hexamod:ShieldOfDarkness","hexamod:SuperheatedStrike"],"picked":"hexamod:FlamesFromBeyond","floor":3},{"not_picked":["hexamod:NecessarySacrifice","hexamod:Haunt"],"picked":"hexamod:Firestarter","floor":4},{"not_picked":["hexamod:BacktrackSmack","hexamod:InspiringFlames"],"picked":"hexamod:FastForward","floor":5},{"not_picked":["hexamod:NightmareStrike","hexamod:Rewind","hexamod:Again"],"picked":"SKIP","floor":10},{"not_picked":["hexamod:EtherealExpedition","hexamod:FlameSwitch"],"picked":"hexamod:Hexaguard","floor":12},{"not_picked":["hexamod:Firestarter","hexamod:StepThrough","hexamod:ShieldOfDarkness"],"picked":"SKIP","floor":12},{"not_picked":["hexamod:Firestarter","hexamod:ShieldOfDarkness"],"picked":"hexamod:StepThrough","floor":12},{"not_picked":["hexamod:HeatCrush","hexamod:HeatMetal"],"picked":"hexamod:SoulSteal","floor":14},{"not_picked":["hexamod:Haunt","hexamod:Firestarter","hexamod:Again"],"picked":"SKIP","floor":14},{"not_picked":["hexamod:Firestarter","hexamod:ShieldOfDarkness"],"picked":"hexamod:SpectralAdrenaline","floor":15},{"not_picked":["hexamod:HeatMetal","hexamod:SixthSeal","hexamod:SpectralSpark"],"picked":"SKIP","floor":15},{"not_picked":["hexamod:HeatMetal","hexamod:SpectralSpark"],"picked":"hexamod:SixthSeal","floor":15}],"player_experience":604320,"relics_obtained":[{"floor":7,"key":"reliquary:Knoch"},{"floor":12,"key":"Boot"},{"floor":14,"key":"CeramicFish"}],"event_choices":[{"damage_healed":0,"gold_gain":0,"player_choice":"Donut","damage_taken":0,"max_hp_gain":5,"max_hp_loss":0,"event_name":"Big Fish","floor":6,"gold_loss":0}],"is_beta":false,"boss_relics":[],"items_purged_floors":[],"is_endless":false,"potions_floor_spawned":[4,10,14,15],"killed_by":"IC_STATUS_ARCHETYPE","ascension_level":0}}