{"host":"8ef2eyqaps3igadt","time":1611765445,"event":{"mods":["AchievementEnabler","Act Like it!","Aspiration","BaseMod","Better Altar","Better Match","Better Skull","Better Third Choice","Better Vampires","BetterRewards","Conspire","Curses Come First","Defuse TimeMaze Blight","Disable Question Mark Monsters","Displayed Cursed Tome","Energized Spire","Fox Events","GifTheSpireLib","Hallownest","Highlight Path","Hubris","Infinite Spire","Marked Mod","Mimic Mod","Minty Spire (QoL Compilation)","Quick Restart","Replay The Spire","Shop Mod","Spicy Shops","Spikes Relics","StS++","StSLib","Stuff the Spire","SuperFastMode","The Marked","Trackpad","Unceasing Turn Reminder","Virulent Crown","Wandering Minibosses"],"gold_per_floor":[112,141,44,44,44,44,44,73,73,83,111,125,151,169,169,169,169],"floor_reached":16,"language":"ENG","playtime":349,"items_purged":[],"score":157,"play_id":"7905410b-5735-4621-83bf-b3bf636203dd","local_time":"20210127173725","is_ascension_mode":true,"campfire_choices":[{"data":"Sharp Hide","floor":6,"key":"SMITH"},{"floor":15,"key":"REST"}],"circlet_count":0,"master_deck":["Strike_R","Strike_R","Strike_R","Strike_R","Strike_R","Defend_R","Defend_R","Defend_R","Defend_R","Bash","Spot Weakness","ReplayTheSpireMod:Limb From Limb","Sharp Hide+1","StuffTheSpire:Innocence","Flame Barrier","Clash","Heavy Blade","Rage"],"relics":["Burning Blood","NeowsBlessing","Oddly Smooth Stone","Bag of Preparation","aspiration:FetidBarrel","trackpad:IceCube","Replay:Baseball"],"acts_visited":["Exordium"],"potions_floor_usage":[16],"damage_taken":[{"damage":0,"enemies":"2 Louse","floor":1,"turns":1},{"damage":0,"enemies":"conspire:MimicChest","floor":2,"turns":1},{"damage":0,"enemies":"Gremlin Nob","floor":8,"turns":1},{"damage":6,"enemies":"Jaw Worm","floor":10,"turns":3},{"damage":24,"enemies":"3 Sentries","floor":11,"turns":7},{"damage":9,"enemies":"Cultist","floor":12,"turns":4},{"damage":46,"enemies":"Lagavulin","floor":13,"turns":9},{"damage":0,"enemies":"Exordium Wildlife","floor":14,"turns":3},{"damage":59,"enemies":"Fading Forest","floor":16,"turns":10}],"seed_played":"-7239709190056120795","potions_obtained":[{"floor":10,"key":"DuplicationPotion"},{"floor":12,"key":"EssenceOfSteel"},{"floor":13,"key":"StSpp:SecondWindPotion"}],"is_trial":false,"path_per_floor":["M","?","$","?","$","R","$","E","T","M","E","M","E","M","R","B"],"character_chosen":"IRONCLAD","items_purchased":["Sharp Hide"],"campfire_rested":1,"item_purchase_floors":[3],"current_hp_per_floor":[80,80,80,73,73,73,73,79,79,79,61,58,18,24,48,0,0],"gold":169,"neow_bonus":"THREE_ENEMY_KILL","is_daily":false,"chose_seed":false,"campfire_upgraded":1,"win_rate":0.0,"timestamp":1611765445,"path_taken":["M","?","?","?","$","R","?","E","T","M","E","M","E","M","R","BOSS"],"items_purchased_type":["Card"],"build_version":"2020-12-22","purchased_purges":0,"victory":false,"max_hp_per_floor":[80,80,80,80,80,80,80,80,80,80,80,80,80,80,80,80,80],"card_choices":[{"not_picked":["Defy Death","Sword Boomerang"],"picked":"Spot Weakness","floor":1},{"not_picked":["StuffTheSpire:Pyroclast","Shrug It Off"],"picked":"ReplayTheSpireMod:Limb From Limb","floor":2},{"not_picked":["Life Link","StSpp:Betrayal"],"picked":"Flame Barrier","floor":8},{"not_picked":["StSpp:Sprint","Anger"],"picked":"Clash","floor":10},{"not_picked":["Perfected Strike","StSpp:Turnabout"],"picked":"Heavy Blade","floor":11},{"not_picked":["Warcry","StuffTheSpire:Slingshot"],"picked":"Rage","floor":12},{"not_picked":["Clothesline","StSpp:TheBiggerTheyAre","Battle Trance"],"picked":"SKIP","floor":13},{"not_picked":["ReplayTheSpireMod:LeadingStrike","Wild Strike","Searing Blow"],"picked":"SKIP","floor":14}],"player_experience":4885,"relics_obtained":[{"floor":2,"key":"Oddly Smooth Stone"},{"floor":8,"key":"Bag of Preparation"},{"floor":9,"key":"aspiration:FetidBarrel"},{"floor":11,"key":"trackpad:IceCube"},{"floor":13,"key":"Replay:Baseball"}],"event_choices":[],"is_beta":false,"boss_relics":[],"items_purged_floors":[],"is_endless":false,"potions_floor_spawned":[10,12,13,14],"killed_by":"Fading Forest","ascension_level":2}}