{"host":"hfcva6mq15ctj0gu","time":1611763575,"event":{"mods":["Abigail Mod","AchievementEnabler","Act Like it!","Alarm Clock","BaseMod","Better Altar","Better Match","Better Skull","Better Third Choice","BetterRewards","Booster Modes","CapriCore","Card Forge","Colored Map","Curses Come First","Disable Question Mark Monsters","Displayed Cursed Tome","Emptier Cage","FoggyMod","Friendly Minions","Gold Saver","Good Game Mod","Grow up Mod","Highlight Path","Kratos Character Expansion","Minty Spire (QoL Compilation)","Permanent Neow","Poem Panic","Remilia??????","Shade Mod","Shop Mod","StSLib","The Immortal","The Servant 0.9.4","The Vixen","Transform Curses","Virulent Crown","????"],"gold_per_floor":[1662,1682,1682,1682,1682,1682,1718,1718,1718,1056,1080,69,69,148,4,124,124,143,113,129,60,83,114,114,147,147,222,222,347,347,347,39,165,165,180,60,60,58,121,192,192,192,265,51,92,92,92,0,0,0,0,0,0,33,33],"floor_reached":56,"language":"ENG","playtime":1701,"items_purged":[],"score":1872,"play_id":"48468692-9406-4e21-ac53-73caf11febdf","local_time":"20210127170615","is_ascension_mode":false,"campfire_choices":[{"floor":6.0,"key":"RECALL"},{"floor":24,"key":"REST"},{"floor":52,"key":"REST"}],"circlet_count":0,"master_deck":["TheVixenMod:SunnyDay+1","TheVixenMod:Ember+1","Sadistic Nature+1","Sadistic Nature+1","TheVixenMod:Flamethrower+1","TheVixenMod:CalmMind+1","TheVixenMod:FireFang+1","Sadistic Nature+1","TheVixenMod:TailWhip+1","TheVixenMod:ClearSky+1","TheVixenMod:CalmMind+1","TheVixenMod:Defiant+1","TheVixenMod:FlareBlitz+1","TheVixenMod:LavaPlume+1","TheVixenMod:ClearSky+1","TheVixenMod:WonderRoom+1","TheVixenMod:FireFang+1","TheVixenMod:SunnyDay+1","TheVixenMod:FlameBody+1","TheVixenMod:HeatWave+1","TheVixenMod:Dazzling+1"],"relics":["TheVixenMod:BurningStick","Hammer of Thor","Seething Fire","Anvil of the Gods","REME:ComplimentaryCards","MerchantsRug","Tiny Chest","TheVixenMod:WeaknessPolicy","KratosMod:amulet","Orichalcum","Ice Cream","PreservedInsect","Golden Idol","Question Card","TheVixenMod:ShellBell","InkBottle","Sundial","Toolbox","The Courier","Singing Bowl","Gremlin Horn","TheVixenMod:Charcoal","Ornamental Fan","Membership Card","Runic Pyramid","Kunai","Juzu Bracelet","Letter Opener","TheVixenMod:OranBerry","Darkstone Periapt","TungstenRod","HornCleat","Bottled Tornado","MutagenicStrength","Pen Nib","TheVixenMod:FlameOrb","HandDrill","PoemPanic:PoemPanicRelic","Mercury Hourglass","OrangePellets","Mummified Hand","Vajra","Turnip","Akabeko","Meat on the Bone","Frozen Egg 2","Bottled Flame","Happy Flower","Shuriken","TheVixenMod:UmbreonRelic","Red Mask","Blood Vial"],"acts_visited":["Exordium","TheCity","TheBeyond","TheEnding"],"potions_floor_usage":[],"damage_taken":[{"damage":0.0,"enemies":"Cultist","floor":1.0,"turns":2.0},{"damage":0.0,"enemies":"Jaw Worm","floor":2.0,"turns":2.0},{"damage":0.0,"enemies":"Gremlin Nob","floor":7.0,"turns":2.0},{"damage":0.0,"enemies":"Small Slimes","floor":11.0,"turns":1.0},{"damage":0.0,"enemies":"Hexaghost","floor":16.0,"turns":2.0},{"damage":0.0,"enemies":"3 Byrds","floor":18.0,"turns":1.0},{"damage":0.0,"enemies":"Spheric Guardian","floor":20.0,"turns":2.0},{"damage":21,"enemies":"Gremlin Leader","floor":23,"turns":2},{"damage":0,"enemies":"Slavers","floor":25,"turns":1},{"damage":12,"enemies":"Colosseum Slavers","floor":29,"turns":2},{"damage":0,"enemies":"Colosseum Nobs","floor":29,"turns":2},{"damage":0,"enemies":"Collector","floor":33,"turns":2},{"damage":0,"enemies":"3 Darklings","floor":35,"turns":1},{"damage":0,"enemies":"Mind Bloom Boss Battle","floor":39,"turns":1},{"damage":0,"enemies":"Reptomancer","floor":45,"turns":1},{"damage":0,"enemies":"Reptomancer","floor":47,"turns":2},{"damage":0,"enemies":"Time Eater","floor":50,"turns":3},{"damage":0,"enemies":"Shield and Spear","floor":54,"turns":1},{"damage":21,"enemies":"The Heart","floor":55,"turns":4}],"seed_played":"-3356699828996897978","potions_obtained":[{"floor":7.0,"key":"Energy Potion"},{"floor":16.0,"key":"Weak Potion"},{"floor":19.0,"key":"CultistPotion"},{"floor":19.0,"key":"Strength Potion"},{"floor":23,"key":"Fire Potion"},{"floor":29,"key":"CultistPotion"},{"floor":35,"key":"Fire Potion"},{"floor":37,"key":"FearPotion"},{"floor":37,"key":"LiquidMemories"},{"floor":37,"key":"SteroidPotion"}],"is_trial":false,"path_per_floor":["M","M","?","?","T","R","E","?","T","$","M","R","T","?","R","B",null,"M","?","M","$","T","E","R","E","T","?","?","?","T","?","R","B",null,"M","$","?","$","?","T","?","?","T","$","E","T","?","?","R","B",null,"R","$","E","B",null],"character_chosen":"THE_VIXEN","items_purchased":["MerchantsRug","Tiny Chest","TheVixenMod:WeaknessPolicy","Sadistic Nature","Orichalcum","Sadistic Nature","InkBottle","Sundial","Toolbox","The Courier","Matryoshka","Singing Bowl","Sadistic Nature","Gremlin Horn","Membership Card","TheVixenMod:TailWhip","Kunai","TheVixenMod:Defiant","Pen Nib","TheVixenMod:FlameOrb","HandDrill","Molten Egg 2","Toxic Egg 2","Mercury Hourglass","OrangePellets","Mummified Hand","Vajra","Akabeko","Meat on the Bone","Frozen Egg 2","Bottled Flame"],"campfire_rested":2,"item_purchase_floors":[0,0,0,0,0,0,10,10,10,12,12,12,12,12,15,15,21,21,32,32,32,32,32,36,36,36,38,44,44,44,44],"current_hp_per_floor":[90,100,98,81,91,101,111,121,131,141,151,161,171,181,191,201,250,260,270,282,292,302,291,322,334,344,320,327,325,335,345,355,365,424,434,444,454,464,474,484,494,504,524,534,546,556,566,576,586,596,606,616,626,638,637],"gold":33,"neow_bonus":"","is_daily":false,"chose_seed":false,"campfire_upgraded":0,"win_rate":0.0,"timestamp":1611763575,"path_taken":["M","?","?","?","?","R","E","?","T","?","?","R","?","?","R","BOSS","M","?","?","$","?","E","R","E","T","?","?","?","?","?","R","BOSS","M","$","?","$","?","?","?","?","T","?","E","?","?","?","R","BOSS","R","$","E","BOSS"],"items_purchased_type":["Relic","Relic","Relic","Card","Relic","Card","Relic","Relic","Relic","Relic","Relic","Relic","Card","Relic","Relic","Card","Relic","Card","Relic","Relic","Relic","Relic","Relic","Relic","Relic","Relic","Relic","Relic","Relic","Relic","Relic"],"build_version":"2020-12-22","purchased_purges":0,"victory":true,"max_hp_per_floor":[90,100,110,120,130,140,150,160,170,180,190,200,210,220,230,240,250,260,270,282,292,302,312,322,334,344,354,364,374,384,394,404,414,424,434,444,454,464,474,484,494,504,524,534,546,556,566,576,586,596,606,616,626,638,658],"card_choices":[{"not_picked":["TheVixenMod:Psybeam","TheVixenMod:Confusion","TheVixenMod:Protect"],"picked":"SKIP","floor":1.0},{"not_picked":["TheVixenMod:LavaPlume","TheVixenMod:CADC"],"picked":"TheVixenMod:Flamethrower","floor":2.0},{"not_picked":["TheVixenMod:ConfuseRay","TheVixenMod:HeatWave"],"picked":"TheVixenMod:CalmMind","floor":7.0},{"not_picked":["TheVixenMod:Protect","TheVixenMod:TrumpCard","TheVixenMod:ShadowBall"],"picked":"TheVixenMod:FireFang","floor":11.0},{"not_picked":["TheVixenMod:Magician","TheVixenMod:Guts","TheVixenMod:Copycat"],"picked":"TheVixenMod:ClearSky","floor":16.0},{"not_picked":["TheVixenMod:Overheat","TheVixenMod:Blaze","TheVixenMod:Flamethrower"],"picked":"TheVixenMod:CalmMind+1","floor":18.0},{"not_picked":["TheVixenMod:Overheat","TheVixenMod:Protect+1","TheVixenMod:CADC","TheVixenMod:LightScreen"],"picked":"Singing Bowl","floor":20.0},{"not_picked":["TheVixenMod:TrumpCard","TheVixenMod:Protect","TheVixenMod:TailWhip"],"picked":"TheVixenMod:FlareBlitz+1","floor":23},{"not_picked":["TheVixenMod:PsychUp","TheVixenMod:Disable","TheVixenMod:ShadowBall","TheVixenMod:Flamethrower"],"picked":"Singing Bowl","floor":25},{"not_picked":["TheVixenMod:Overheat","TheVixenMod:Defiant+1","TheVixenMod:FlameBurst"],"picked":"TheVixenMod:LavaPlume+1","floor":29},{"not_picked":["TheVixenMod:Magician+1","TheVixenMod:Safeguard+1","TheVixenMod:Moody"],"picked":"TheVixenMod:ClearSky+1","floor":33},{"not_picked":["TheVixenMod:Feint+1","TheVixenMod:LavaPlume+1","TheVixenMod:TailWhip+1"],"picked":"TheVixenMod:HeatWave+1","floor":35},{"not_picked":["TheVixenMod:FlameCharge+1","TheVixenMod:Amnesia","TheVixenMod:Protect"],"picked":"TheVixenMod:Dazzling","floor":39},{"not_picked":["TheVixenMod:Analytic+1","TheVixenMod:PerishSong","TheVixenMod:Extrasensory","TheVixenMod:Endure"],"picked":"Singing Bowl","floor":45},{"not_picked":["TheVixenMod:Swagger+1","TheVixenMod:ShadowBall+1","TheVixenMod:DoubleTeam+1","TheVixenMod:Facade"],"picked":"Singing Bowl","floor":54}],"player_experience":102390,"relics_obtained":[{"floor":5.0,"key":"StrikeDummy"},{"floor":7.0,"key":"Question Card"},{"floor":9.0,"key":"TheVixenMod:ShellBell"},{"floor":13.0,"key":"TheVixenMod:Charcoal"},{"floor":13.0,"key":"Ornamental Fan"},{"floor":22.0,"key":"Juzu Bracelet"},{"floor":23,"key":"Letter Opener"},{"floor":25,"key":"TheVixenMod:OranBerry"},{"floor":26,"key":"Darkstone Periapt"},{"floor":29,"key":"TungstenRod"},{"floor":29,"key":"HornCleat"},{"floor":30,"key":"Bottled Tornado"},{"floor":39,"key":"Turnip"},{"floor":40,"key":"Eternal Feather"},{"floor":43,"key":"Pear"},{"floor":45,"key":"Happy Flower"},{"floor":46,"key":"Shuriken"},{"floor":54,"key":"Blood Vial"}],"event_choices":[{"damage_healed":0.0,"max_hp_gain":0.0,"max_hp_loss":0.0,"gold_gain":0.0,"event_name":"betterThird:BetterScrap","player_choice":"Relic ","floor":3.0,"gold_loss":0.0,"damage_taken":12.0,"cards_obtained":["Chaos"]},{"damage_healed":0.0,"max_hp_gain":0.0,"max_hp_loss":0.0,"gold_gain":0.0,"event_name":"Golden Idol","player_choice":"Take Damage","floor":4.0,"gold_loss":0.0,"damage_taken":27.0,"relics_obtained":["Golden Idol"]},{"damage_healed":111.0,"max_hp_gain":0.0,"max_hp_loss":150.0,"gold_gain":0.0,"event_name":"betterThird:BetterShining","player_choice":"Leave","floor":8.0,"gold_loss":0.0,"damage_taken":0.0},{"damage_healed":0.0,"max_hp_gain":0.0,"max_hp_loss":0.0,"gold_gain":79.0,"event_name":"Golden Wing","player_choice":"Gained Gold","floor":14.0,"gold_loss":0.0,"damage_taken":0.0},{"damage_healed":0.0,"max_hp_gain":0.0,"max_hp_loss":0.0,"gold_gain":0.0,"event_name":"The Woman in Blue","player_choice":"Bought 2 Potions","floor":19.0,"gold_loss":0.0,"damage_taken":0.0},{"damage_healed":0,"gold_gain":75,"player_choice":"Touch","damage_taken":34,"max_hp_gain":0,"max_hp_loss":0,"event_name":"FaceTrader","floor":27,"gold_loss":0},{"damage_healed":0,"gold_gain":0,"player_choice":"Punched","damage_taken":3,"max_hp_gain":0,"max_hp_loss":0,"event_name":"Designer","floor":28,"gold_loss":0},{"damage_healed":0,"gold_gain":0,"player_choice":"Fight","damage_taken":0,"max_hp_gain":0,"max_hp_loss":0,"event_name":"Colosseum","floor":29,"gold_loss":0},{"damage_healed":0,"gold_gain":0,"player_choice":"Fought Nobs","damage_taken":0,"max_hp_gain":0,"max_hp_loss":0,"event_name":"Colosseum","floor":29,"gold_loss":0},{"damage_healed":0,"gold_gain":0,"player_choice":"Inject Mutagens","damage_taken":0,"relics_obtained":["MutagenicStrength"],"max_hp_gain":0,"max_hp_loss":0,"event_name":"Drug Dealer","floor":31,"gold_loss":0},{"damage_healed":0,"gold_gain":0,"player_choice":"Got Potions","damage_taken":0,"max_hp_gain":0,"max_hp_loss":0,"event_name":"Lab","floor":37,"gold_loss":0},{"damage_healed":0,"gold_gain":0,"player_choice":"Fight","damage_taken":0,"max_hp_gain":0,"max_hp_loss":0,"event_name":"MindBloom","floor":39,"gold_loss":0},{"damage_healed":0,"gold_gain":0,"player_choice":"Ignored","damage_taken":0,"max_hp_gain":0,"max_hp_loss":0,"event_name":"Transmorgrifier","floor":41,"gold_loss":0},{"damage_healed":0,"gold_gain":0,"player_choice":"Ignored","damage_taken":0,"max_hp_gain":0,"max_hp_loss":0,"event_name":"Purifier","floor":42,"gold_loss":0},{"damage_healed":0,"gold_gain":0,"player_choice":"Fight the Beast\u0027s assailants","damage_taken":0,"relics_obtained":["TheVixenMod:UmbreonRelic"],"max_hp_gain":0,"max_hp_loss":0,"event_name":"Creature of the Night","floor":47,"gold_loss":0},{"damage_healed":0,"gold_gain":0,"player_choice":"Paid","damage_taken":0,"relics_obtained":["Red Mask"],"max_hp_gain":0,"max_hp_loss":0,"event_name":"Tomb of Lord Red Mask","floor":48,"gold_loss":92}],"is_beta":false,"boss_relics":[{"not_picked":["Busted Crown","Ectoplasm"],"picked":"Runic Pyramid"},{"not_picked":["Runic Dome","Philosopher\u0027s Stone"],"picked":"PoemPanic:PoemPanicRelic"}],"items_purged_floors":[],"is_endless":false,"potions_floor_spawned":[7,16,20,23,29,35,47],"ascension_level":0}}