{"host":"qxeepl7ydvsgmfdb","time":1611763906,"event":{"mods":["AchievementEnabler","BaseMod","Colored Powertips","Minty Spire (QoL Compilation)","Quick Restart","slay the spire mod where everything is the same but ironclad has a cowboy hat"],"gold_per_floor":[112,112,112,112,112,148,173,173,173,188,138,176,176,211,211,335,335,356,43,43,66,26,65,79,79,105,129,129,54,54,54,54,174,174,188,188,206,225,225,225,263,263,263,2,21,21,46,65,65,65,65],"floor_reached":50,"language":"ENG","playtime":1384,"items_purged":["Strike_G"],"score":606,"play_id":"1903bf27-01f0-4b54-a9e4-4a51f3a981b8","local_time":"20210127111146","is_ascension_mode":false,"campfire_choices":[{"floor":8,"key":"RECALL"},{"data":"Noxious Fumes","floor":13,"key":"SMITH"},{"data":"Catalyst","floor":15,"key":"SMITH"},{"data":"Distraction","floor":25,"key":"SMITH"},{"floor":28,"key":"REST"},{"data":"Accuracy","floor":32,"key":"SMITH"},{"floor":46,"key":"REST"},{"floor":49,"key":"REST"}],"circlet_count":0,"master_deck":["Strike_G","Strike_G","Defend_G","Defend_G+1","Defend_G+1","Defend_G","Defend_G","Survivor","Neutralize","Poisoned Stab","Noxious Fumes+1","Deflect","Blade Dance","Noxious Fumes","Catalyst+1","A Thousand Cuts+1","Deflect+1","Accuracy+1","Poisoned Stab","Distraction+1","Finisher+1","Deadly Poison+1","Blade Dance+1","Blade Dance+1","Deadly Poison","Apotheosis","Riddle With Holes"],"relics":["Ring of the Snake","NeowsBlessing","Gremlin Horn","Golden Idol","Oddly Smooth Stone","Snake Skull","Pear","Bronze Scales","Lee\u0027s Waffle","War Paint","Omamori","Philosopher\u0027s Stone","Question Card","Letter Opener","Meat on the Bone"],"acts_visited":["Exordium","TheCity","TheBeyond"],"potions_floor_usage":[12,23,23,27,33,38,41,45,47,50],"damage_taken":[{"damage":0,"enemies":"Small Slimes","floor":1,"turns":1},{"damage":0,"enemies":"3 Sentries","floor":6,"turns":1},{"damage":0,"enemies":"2 Louse","floor":7,"turns":1},{"damage":0,"enemies":"Jaw Worm","floor":10,"turns":4},{"damage":5,"enemies":"Lagavulin","floor":12,"turns":7},{"damage":9,"enemies":"3 Sentries","floor":14,"turns":6},{"damage":9,"enemies":"Hexaghost","floor":16,"turns":7},{"damage":23,"enemies":"Shell Parasite","floor":18,"turns":6},{"damage":28,"enemies":"2 Thieves","floor":21,"turns":4},{"damage":6,"enemies":"Slavers","floor":23,"turns":4},{"damage":13,"enemies":"Shelled Parasite and Fungi","floor":24,"turns":4},{"damage":15,"enemies":"Centurion and Healer","floor":27,"turns":4},{"damage":69,"enemies":"Collector","floor":33,"turns":7},{"damage":7,"enemies":"3 Shapes","floor":35,"turns":3},{"damage":9,"enemies":"Orb Walker","floor":37,"turns":3},{"damage":35,"enemies":"Maw","floor":38,"turns":5},{"damage":20,"enemies":"Nemesis","floor":41,"turns":5},{"damage":15,"enemies":"3 Darklings","floor":45,"turns":4},{"damage":18,"enemies":"Writhing Mass","floor":47,"turns":5},{"damage":0,"enemies":"Transient","floor":48,"turns":5},{"damage":80,"enemies":"Time Eater","floor":50,"turns":5}],"seed_played":"693472911740370655","potions_obtained":[{"floor":6,"key":"Weak Potion"},{"floor":10,"key":"SteroidPotion"},{"floor":12,"key":"EssenceOfSteel"},{"floor":14,"key":"Dexterity Potion"},{"floor":22,"key":"LiquidMemories"},{"floor":22,"key":"PowerPotion"},{"floor":24,"key":"GhostInAJar"},{"floor":27,"key":"Energy Potion"},{"floor":37,"key":"ColorlessPotion"},{"floor":41,"key":"ColorlessPotion"},{"floor":45,"key":"DistilledChaos"},{"floor":47,"key":"SteroidPotion"}],"is_trial":false,"path_per_floor":["M","?","?","T","?","E","M","R","T","M","?","E","R","E","R","B",null,"M","$","?","M","?","E","M","R","T","M","R","$","?","?","R","B",null,"M","?","M","M","?","?","E","$","T","$","M","R","M","M","R","B"],"character_chosen":"THE_SILENT","items_purchased":["Lee\u0027s Waffle","Accuracy","Poisoned Stab","Distraction","Meat on the Bone"],"campfire_rested":3,"item_purchase_floors":[19,19,19,19,44],"current_hp_per_floor":[70,70,53,53,46,46,46,46,46,46,46,51,51,42,42,33,80,57,87,87,59,59,53,40,40,40,25,51,51,80,80,80,11,87,80,80,71,36,36,36,16,16,16,16,13,39,33,45,71,0,0],"gold":65,"neow_bonus":"THREE_ENEMY_KILL","is_daily":false,"chose_seed":false,"campfire_upgraded":4,"win_rate":0.0,"timestamp":1611763906,"path_taken":["M","?","?","?","?","E","M","R","T","?","?","E","R","E","R","BOSS","M","$","?","M","?","E","M","R","T","?","R","$","?","?","R","BOSS","M","?","M","?","?","?","E","$","T","$","M","R","?","M","R","BOSS"],"items_purchased_type":["Relic","Card","Card","Card","Relic"],"build_version":"2020-12-22","purchased_purges":1,"victory":false,"max_hp_per_floor":[70,70,70,70,70,70,70,70,70,70,70,80,80,80,80,80,80,80,87,87,87,87,87,87,87,87,87,87,87,87,87,87,87,87,87,87,87,87,87,87,87,87,87,87,87,87,87,87,87,87,87],"card_choices":[{"not_picked":["Underhanded Strike","Endless Agony"],"picked":"Poisoned Stab","floor":1},{"not_picked":["Cloak And Dagger","Bane"],"picked":"Noxious Fumes","floor":6},{"not_picked":["Bane","Prepared"],"picked":"Deflect","floor":7},{"not_picked":["Masterful Stab","Escape Plan"],"picked":"Blade Dance","floor":10},{"not_picked":["Flying Knee","Blur"],"picked":"Noxious Fumes","floor":12},{"not_picked":["Bouncing Flask","PiercingWail"],"picked":"Catalyst","floor":14},{"not_picked":["Wraith Form v2","Bullet Time"],"picked":"A Thousand Cuts","floor":16},{"not_picked":["Leg Sweep+1","Footwork"],"picked":"Deflect+1","floor":18},{"not_picked":["Concentrate","Sucker Punch"],"picked":"Finisher+1","floor":21},{"not_picked":["Slice","Choke+1"],"picked":"Deadly Poison+1","floor":23},{"not_picked":["Finisher","Dodge and Roll"],"picked":"Blade Dance+1","floor":24},{"not_picked":["Flechettes","Masterful Stab"],"picked":"Blade Dance+1","floor":27},{"not_picked":["Cloak And Dagger","Underhanded Strike+1"],"picked":"Deadly Poison","floor":35},{"not_picked":["Backstab+1","Distraction+1","Prepared"],"picked":"SKIP","floor":37},{"not_picked":["Blur","Infinite Blades","Choke"],"picked":"SKIP","floor":38},{"not_picked":["Forethought","Secret Technique"],"picked":"Apotheosis","floor":39},{"not_picked":["Wraith Form v2","Slice+1","Escape Plan"],"picked":"SKIP","floor":41},{"not_picked":["Acrobatics+1","Outmaneuver+1","Bane","PiercingWail"],"picked":"SKIP","floor":45},{"not_picked":["Underhanded Strike+1","Deflect+1","Backflip+1","Eviscerate+1"],"picked":"SKIP","floor":47},{"not_picked":["Bane","Quick Slash+1","Concentrate+1","Flechettes"],"picked":"SKIP","floor":48}],"player_experience":241846,"relics_obtained":[{"floor":4,"key":"Oddly Smooth Stone"},{"floor":6,"key":"Snake Skull"},{"floor":12,"key":"Pear"},{"floor":14,"key":"Bronze Scales"},{"floor":23,"key":"War Paint"},{"floor":26,"key":"Omamori"},{"floor":41,"key":"Question Card"},{"floor":43,"key":"Letter Opener"}],"event_choices":[{"damage_healed":0,"gold_gain":0,"player_choice":"Box","damage_taken":0,"relics_obtained":["Gremlin Horn"],"max_hp_gain":0,"max_hp_loss":0,"event_name":"Big Fish","floor":2,"gold_loss":0,"cards_obtained":["Regret"]},{"damage_healed":0,"gold_gain":0,"player_choice":"Take Damage","damage_taken":17,"relics_obtained":["Golden Idol"],"max_hp_gain":0,"max_hp_loss":0,"event_name":"Golden Idol","floor":3,"gold_loss":0},{"cards_removed":["Regret"],"damage_healed":0,"gold_gain":0,"player_choice":"Card Removal","damage_taken":7,"max_hp_gain":0,"max_hp_loss":0,"event_name":"Golden Wing","floor":5,"gold_loss":0},{"cards_removed":["Strike_G"],"damage_healed":0,"gold_gain":0,"player_choice":"Card Removal","damage_taken":0,"max_hp_gain":0,"max_hp_loss":0,"event_name":"The Cleric","floor":11,"gold_loss":50},{"damage_healed":0,"gold_gain":0,"player_choice":"Ignored","damage_taken":0,"max_hp_gain":0,"max_hp_loss":0,"event_name":"Ghosts","floor":20,"gold_loss":0},{"damage_healed":0,"gold_gain":0,"player_choice":"Bought 3 Potions","damage_taken":0,"max_hp_gain":0,"max_hp_loss":0,"event_name":"The Woman in Blue","floor":22,"gold_loss":0},{"damage_healed":29,"gold_gain":0,"player_choice":"Heal","damage_taken":0,"max_hp_gain":0,"max_hp_loss":0,"event_name":"The Library","floor":30,"gold_loss":0},{"damage_healed":0,"gold_gain":0,"player_choice":"Ignored","damage_taken":0,"max_hp_gain":0,"max_hp_loss":0,"event_name":"Vampires","floor":31,"gold_loss":0},{"damage_healed":0,"gold_gain":0,"player_choice":"Upgraded","damage_taken":0,"max_hp_gain":0,"max_hp_loss":0,"event_name":"Upgrade Shrine","floor":36,"gold_loss":0,"cards_upgraded":["A Thousand Cuts"]},{"damage_healed":0,"gold_gain":0,"player_choice":"Memory 1","damage_taken":0,"max_hp_gain":0,"max_hp_loss":0,"event_name":"SensoryStone","floor":39,"gold_loss":0},{"damage_healed":0,"gold_gain":0,"cards_transformed":["Strike_G"],"player_choice":"Transformed","damage_taken":0,"max_hp_gain":0,"max_hp_loss":0,"event_name":"Transmorgrifier","floor":40,"gold_loss":0,"cards_obtained":["Riddle With Holes"]}],"is_beta":false,"boss_relics":[{"not_picked":["Runic Dome","Pandora\u0027s Box","Velvet Choker"]},{"not_picked":["Tiny House","Runic Pyramid"],"picked":"Philosopher\u0027s Stone"}],"items_purged_floors":[29],"is_endless":false,"potions_floor_spawned":[6,10,12,14,21,24,27,37,41,45,47],"killed_by":"Time Eater","ascension_level":0}}