{"host":"13o02hya6v6rzuva","time":1611786618,"event":{"mods":["BaseMod","Minty Spire (QoL Compilation)","Relic Stats"],"gold_per_floor":[110,110,120,97,117,117,132,163,190,190,210,221,254,268,268,363,363,378,398,398,287,298,325,337,337,362,372,297,143,143,143,143],"floor_reached":31,"language":"ENG","playtime":1037,"items_purged":["Strike_P"],"score":323,"play_id":"085e6d2c-6feb-409a-9694-a88f8f7c0cdf","local_time":"20210127233018","is_ascension_mode":true,"campfire_choices":[{"data":"TalkToTheHand","floor":6.0,"key":"SMITH"},{"data":"ClearTheMind","floor":10.0,"key":"SMITH"},{"data":"Adaptation","floor":15,"key":"SMITH"},{"data":"Alpha","floor":25,"key":"SMITH"}],"circlet_count":0,"master_deck":["Strike_P","Strike_P","Strike_P","Defend_P","Defend_P","Defend_P+1","Defend_P","Eruption","Vigilance+1","TalkToTheHand+1","Consecrate","ClearTheMind+1","Sanctity","BowlingBash","Evaluate","Tantrum","Adaptation+1","Alpha+1","Wallop+1","LikeWater","WheelKick","Collect+1","DevaForm"],"relics":["PureWater","Nunchaku","Boot","Cursed Key","MutagenicStrength","Happy Flower","Pen Nib","War Paint"],"acts_visited":["Exordium","TheCity"],"potions_floor_usage":[14,31],"damage_taken":[{"damage":0.0,"enemies":"Jaw Worm","floor":1.0,"turns":3.0},{"damage":0.0,"enemies":"Cultist","floor":3.0,"turns":3.0},{"damage":8.0,"enemies":"Small Slimes","floor":5.0,"turns":3.0},{"damage":5.0,"enemies":"3 Louse","floor":7.0,"turns":2.0},{"damage":12.0,"enemies":"Gremlin Nob","floor":8.0,"turns":4.0},{"damage":11.0,"enemies":"Looter","floor":11.0,"turns":5.0},{"damage":10.0,"enemies":"Large Slime","floor":12.0,"turns":5.0},{"damage":18.0,"enemies":"Lagavulin","floor":13.0,"turns":9.0},{"damage":0,"enemies":"Red Slaver","floor":14,"turns":1},{"damage":24,"enemies":"The Guardian","floor":16,"turns":12},{"damage":4,"enemies":"3 Byrds","floor":18,"turns":4},{"damage":0,"enemies":"Chosen","floor":19,"turns":3},{"damage":0,"enemies":"Snecko","floor":22,"turns":4},{"damage":42,"enemies":"Book of Stabbing","floor":23,"turns":5},{"damage":0,"enemies":"Cultist and Chosen","floor":24,"turns":2},{"damage":24,"enemies":"Snake Plant","floor":27,"turns":4},{"damage":19,"enemies":"Snecko","floor":31,"turns":4}],"seed_played":"-2443878786917888022","potions_obtained":[{"floor":7.0,"key":"BottledMiracle"},{"floor":8.0,"key":"Regen Potion"},{"floor":13.0,"key":"FearPotion"},{"floor":14,"key":"BottledMiracle"},{"floor":19,"key":"Strength Potion"},{"floor":24,"key":"StancePotion"}],"is_trial":false,"path_per_floor":["M","?","M","$","M","R","M","E","T","R","M","M","E","M","R","B",null,"M","M","?","$","M","E","M","R","T","M","?","$","?","M"],"character_chosen":"WATCHER","items_purchased":["ClearTheMind","LikeWater","War Paint"],"campfire_rested":0,"item_purchase_floors":[4,21,29],"current_hp_per_floor":[79,84,84,84,76,76,71,59,59,59,60,50,32,32,32,8,84,80,80,80,80,80,38,38,38,38,14,14,14,14,0,0],"gold":143,"neow_bonus":"TEN_PERCENT_HP_BONUS","is_daily":false,"chose_seed":false,"campfire_upgraded":4,"win_rate":0.0,"timestamp":1611786618,"path_taken":["M","?","M","?","?","R","M","E","T","R","?","M","E","M","R","BOSS","M","M","?","$","M","E","M","R","T","M","?","$","?","M"],"items_purchased_type":["Card","Card","Relic"],"build_version":"2020-12-22","purchased_purges":1,"victory":false,"max_hp_per_floor":[79,84,84,84,84,84,84,84,84,84,84,84,84,84,84,84,84,84,84,84,84,84,84,84,84,84,84,84,84,84,84,84],"relic_stats":{"Nunchaku":[10],"Happy Flower":[3],"counters":[17,73],"Pen Nib":[0],"War Paint":["Vigilance","Defend_P"],"Boot":[65],"Cursed Key":1,"obtain_stats":[{"Nunchaku":8,"Happy Flower":23,"MutagenicStrength":20,"Pen Nib":26,"PureWater":0,"War Paint":29,"Boot":13,"Cursed Key":17},{"Nunchaku":5,"Happy Flower":14,"MutagenicStrength":12,"Pen Nib":15,"PureWater":0,"War Paint":16,"Boot":8,"Cursed Key":10},{"Nunchaku":15,"Happy Flower":63,"MutagenicStrength":54,"Pen Nib":65,"PureWater":0,"War Paint":69,"Boot":34,"Cursed Key":47}]},"card_choices":[{"not_picked":["BowlingBash","EmptyBody"],"picked":"TalkToTheHand","floor":1.0},{"not_picked":["EmptyBody","JustLucky"],"picked":"Consecrate","floor":3.0},{"not_picked":["JustLucky","SashWhip","WaveOfTheHand"],"picked":"SKIP","floor":5.0},{"not_picked":["JustLucky","Collect"],"picked":"Sanctity","floor":7.0},{"not_picked":["FlyingSleeves","Conclude"],"picked":"BowlingBash","floor":8.0},{"not_picked":["EmptyBody","FlyingSleeves","CrushJoints"],"picked":"SKIP","floor":11.0},{"not_picked":["WaveOfTheHand","ThirdEye"],"picked":"Evaluate","floor":12.0},{"not_picked":["Worship","Omniscience"],"picked":"Tantrum","floor":13.0},{"not_picked":["Prostrate","Halt"],"picked":"Adaptation","floor":14},{"not_picked":["Devotion","DevaForm"],"picked":"Alpha","floor":16},{"not_picked":["Conclude","ClearTheMind+1"],"picked":"Wallop+1","floor":18},{"not_picked":["Evaluate","BowlingBash","ForeignInfluence"],"picked":"SKIP","floor":19},{"not_picked":["JustLucky","PathToVictory"],"picked":"WheelKick","floor":22},{"not_picked":["Pray+1","Protect","EmptyBody+1"],"picked":"SKIP","floor":23},{"not_picked":["Halt","Study"],"picked":"Collect+1","floor":24},{"not_picked":["Prostrate","SandsOfTime"],"picked":"DevaForm","floor":27}],"player_experience":1159685,"relics_obtained":[{"floor":8.0,"key":"Nunchaku"},{"floor":13.0,"key":"Boot"},{"floor":23,"key":"Happy Flower"},{"floor":26,"key":"Pen Nib"}],"event_choices":[{"damage_healed":0.0,"max_hp_gain":5.0,"max_hp_loss":0.0,"gold_gain":0.0,"event_name":"Big Fish","player_choice":"Donut","floor":2.0,"gold_loss":0.0,"damage_taken":0.0},{"damage_healed":0,"gold_gain":0,"player_choice":"Inject Mutagens","damage_taken":0,"relics_obtained":["MutagenicStrength"],"max_hp_gain":0,"max_hp_loss":0,"event_name":"Drug Dealer","floor":20,"gold_loss":0},{"cards_removed":["Shame"],"damage_healed":0,"gold_gain":0,"player_choice":"Gave Gold","damage_taken":0,"max_hp_gain":0,"max_hp_loss":0,"event_name":"Beggar","floor":28,"gold_loss":75},{"damage_healed":0,"gold_gain":0,"player_choice":"Ignored","damage_taken":0,"max_hp_gain":0,"max_hp_loss":0,"event_name":"Vampires","floor":30,"gold_loss":0}],"is_beta":false,"boss_relics":[{"not_picked":["Philosopher\u0027s Stone","Tiny House"],"picked":"Cursed Key"}],"items_purged_floors":[21],"is_endless":false,"potions_floor_spawned":[7,8,13,14,19,24],"killed_by":"Snecko","ascension_level":4}}