{"host":"gbsupkmj5cka9iw4","time":1611741050,"event":{"mods":["BaseMod","Better Note","BetterRewards","Minty Spire (QoL Compilation)","Say the Spire","Shop Mod","StSLib"],"gold_per_floor":[16,26,42,58,58,87,87,116,140,166,186,111,111,111,111,184,184,203,128,128,128],"floor_reached":20,"language":"ENG","playtime":1094,"items_purged":["Strike_R"],"score":371,"play_id":"313c10db-1f4b-4c8c-9bda-4fec6948c29c","local_time":"20210127185050","is_ascension_mode":true,"campfire_choices":[{"floor":7.0,"key":"REST"},{"floor":15.0,"key":"REST"}],"circlet_count":0,"master_deck":["AscendersBane","Strike_R","Strike_R","Defend_R","Defend_R","Defend_R","Defend_R","Bash","Feed","Cleave","Evolve","Reckless Charge","Shrug It Off","Double Tap","Battle Trance","Uppercut","True Grit","Bludgeon","Offering","Flex+1"],"relics":["Burning Blood","Dream Catcher","Strawberry","Potion Belt","Happy Flower","Philosopher\u0027s Stone"],"acts_visited":["TheCity"],"potions_floor_usage":[],"damage_taken":[{"damage":9.0,"enemies":"Jaw Worm","floor":1.0,"turns":5.0},{"damage":0.0,"enemies":"Small Slimes","floor":2.0,"turns":3.0},{"damage":0.0,"enemies":"Cultist","floor":3.0,"turns":2.0},{"damage":17.0,"enemies":"Red Slaver","floor":4.0,"turns":4.0},{"damage":35.0,"enemies":"3 Sentries","floor":6.0,"turns":7.0},{"damage":39.0,"enemies":"Gremlin Nob","floor":8.0,"turns":5.0},{"damage":35.0,"enemies":"Lagavulin","floor":10.0,"turns":5.0},{"damage":14.0,"enemies":"Blue Slaver","floor":11.0,"turns":3.0},{"damage":18.0,"enemies":"Slime Boss","floor":16.0,"turns":10.0},{"damage":24,"enemies":"Chosen","floor":18,"turns":5},{"damage":0,"enemies":"3 Byrds","floor":20,"turns":1}],"seed_played":"-4654874834048221220","potions_obtained":[{"floor":4.0,"key":"Dexterity Potion"},{"floor":6.0,"key":"SpeedPotion"},{"floor":8.0,"key":"DistilledChaos"},{"floor":16.0,"key":"SpeedPotion"},{"floor":18,"key":"Weak Potion"}],"is_trial":false,"path_per_floor":["M","M","M","M","?","E","R","E","T","E","M","?","?","?","R","B",null,"M","$","M"],"character_chosen":"IRONCLAD","items_purchased":[],"campfire_rested":2,"item_purchase_floors":[],"current_hp_per_floor":[68,77,84,76,76,50,77,51,51,22,14,14,14,14,43,34,84,66,66,66,66],"gold":128,"neow_bonus":"THREE_RARE_CARDS","is_daily":false,"chose_seed":false,"campfire_upgraded":0,"win_rate":0.0,"timestamp":1611741050,"path_taken":["M","M","M","M","?","E","R","E","T","E","M","?","?","?","R","BOSS","M","?","?"],"items_purchased_type":[],"build_version":"2020-12-22","purchased_purges":1,"victory":false,"max_hp_per_floor":[78,81,84,87,87,90,90,97,97,97,97,97,97,97,97,100,100,100,100,100,100],"card_choices":[{"not_picked":["Exhume","Bludgeon"],"picked":"Feed","floor":0.0},{"not_picked":["Body Slam","Dropkick"],"picked":"Cleave","floor":1.0},{"not_picked":["True Grit","Thunderclap"],"picked":"Evolve","floor":2.0},{"not_picked":["Twin Strike","Flex"],"picked":"Reckless Charge","floor":3.0},{"not_picked":["Bloodletting","Uppercut"],"picked":"Shrug It Off","floor":4.0},{"not_picked":["Wild Strike","Shrug It Off"],"picked":"Double Tap","floor":6.0},{"not_picked":["Warcry","Havoc"],"picked":"Battle Trance","floor":7.0},{"not_picked":["Armaments","Heavy Blade"],"picked":"Uppercut","floor":8.0},{"not_picked":["Dark Embrace","Heavy Blade"],"picked":"True Grit","floor":10.0},{"not_picked":["Uppercut","Pummel","Dark Embrace"],"picked":"SKIP","floor":11.0},{"not_picked":["Sever Soul","Thunderclap"],"picked":"Bludgeon","floor":15.0},{"not_picked":["Reaper","Barricade"],"picked":"Offering","floor":16.0},{"not_picked":["Clash","Sword Boomerang"],"picked":"Flex+1","floor":18}],"player_experience":755962,"relics_obtained":[{"floor":6.0,"key":"Dream Catcher"},{"floor":8.0,"key":"Strawberry"},{"floor":9.0,"key":"Potion Belt"},{"floor":10.0,"key":"Happy Flower"}],"event_choices":[{"damage_healed":0.0,"max_hp_gain":0.0,"max_hp_loss":0.0,"gold_gain":0.0,"event_name":"Scrap Ooze","player_choice":"Fled","floor":5.0,"gold_loss":0.0,"damage_taken":0.0},{"cards_removed":["Strike_R"],"damage_healed":0.0,"max_hp_gain":0.0,"max_hp_loss":0.0,"gold_gain":0.0,"event_name":"The Cleric","player_choice":"Card Removal","floor":12.0,"gold_loss":75.0,"damage_taken":0.0},{"damage_healed":0.0,"max_hp_gain":0.0,"max_hp_loss":0.0,"gold_gain":0.0,"event_name":"Liars Game","player_choice":"Ignored","floor":13.0,"gold_loss":0.0,"damage_taken":0.0},{"cards_removed":["Strike_R"],"damage_healed":0.0,"max_hp_gain":0.0,"max_hp_loss":0.0,"gold_gain":0.0,"event_name":"Bonfire Elementals","player_choice":"Offered Basic","floor":14.0,"gold_loss":0.0,"damage_taken":0.0}],"is_beta":false,"boss_relics":[{"not_picked":["Sozu","Runic Dome"],"picked":"Philosopher\u0027s Stone"}],"items_purged_floors":[19],"is_endless":false,"potions_floor_spawned":[4,6,8,16,18],"killed_by":"3 Byrds","ascension_level":16}}