{"host":"amvb77pwe2wp6zyc","time":1611776133,"event":{"mods":["2.2 Compatiblity","AchievementEnabler","AlwaysNeverKeys","BaseMod","BetterRewards","Downfall","GifTheSpireLib","Minty Spire (QoL Compilation)","Permanent Neow","Quick Restart","Relic Filter","Shop Mod","StSLib","SuperFastMode","Trackpad"],"gold_per_floor":[99,110,124,141,126,160,160,43,61,61,63,89,89,100,110,213,213,113,124,134,134,148,158,208,227,422,439,456,472,487,506,522,627,627,427,442,459,459,451,451,476,129,187,212,159,159,169,197,222,222,222,222],"floor_reached":50,"language":"DEU","playtime":11974,"items_purged":["hexamod:Strike+1"],"score":491,"play_id":"c001c016-1f50-40db-a09c-6620f935844e","local_time":"20210127203533","is_ascension_mode":false,"campfire_choices":[{"data":"hexamod:Strike","floor":1.0,"key":"SMITH"},{"data":"hexamod:SwordOfDarkness","floor":10.0,"key":"SMITH"},{"data":"hexamod:TimeWarp","floor":18.0,"key":"SMITH"},{"data":"hexamod:ForkedFlame","floor":35.0,"key":"SMITH"},{"data":"hexamod:FastForward","floor":46.0,"key":"SMITH"}],"circlet_count":0,"master_deck":["hexamod:Strike+1","hexamod:Strike+1","hexamod:Strike+1","hexamod:Defend+1","hexamod:Defend+1","hexamod:Defend+1","hexamod:Sear+1","hexamod:Float+1","hexamod:SixthSeal","hexamod:SwordOfDarkness+1","hexamod:HauntingEcho+1","hexamod:FirstSeal","hexamod:TimeWarp+1","hexamod:FourthSeal","hexamod:CatchUp+1","hexamod:ThirdSeal","hexamod:FastForward+1","hexamod:TimeOfNeed+1","hexamod:ForkedFlame+1","hexamod:SecondSeal","hexamod:FastForward+1","Parasite","hexamod:UnlimitedPower"],"relics":["hexamod:SpiritBrand","trackpad:AdjectivePendant","Centennial Puzzle","MerchantsRug","hexamod:IceCube","downfall:HeartBlessingRed","trackpad:PetRock","Sozu","downfall:HeartBlessingGreen","downfall:HeartBlessingBlue","Blue Candle","trackpad:RapidFire","hexamod:MatchstickCase","Nunchaku","trackpad:ByrdBGone","FossilizedHelix"],"acts_visited":["TheCity","TheBeyond"],"potions_floor_usage":[],"damage_taken":[{"damage":0.0,"enemies":"Small Slimes","floor":2.0,"turns":4.0},{"damage":0.0,"enemies":"2 Louse","floor":3.0,"turns":4.0},{"damage":2.0,"enemies":"Jaw Worm","floor":4.0,"turns":5.0},{"damage":0.0,"enemies":"downfall:FleeingMerchant","floor":5.0,"turns":4.0},{"damage":5.0,"enemies":"Gremlin Nob","floor":6.0,"turns":4.0},{"damage":5.0,"enemies":"downfall:FleeingMerchant","floor":8.0,"turns":4.0},{"damage":6.0,"enemies":"3 Louse","floor":9.0,"turns":2.0},{"damage":15.0,"enemies":"downfall:FleeingMerchant","floor":11.0,"turns":4.0},{"damage":1.0,"enemies":"3 Sentries","floor":12.0,"turns":5.0},{"damage":4.0,"enemies":"2 Fungi Beasts","floor":14.0,"turns":2.0},{"damage":4.0,"enemies":"Blue Slaver","floor":15.0,"turns":3.0},{"damage":31.0,"enemies":"SI_SHIV_ARCHETYPE","floor":16.0,"turns":8.0},{"damage":5.0,"enemies":"3 Byrds","floor":19.0,"turns":4.0},{"damage":5.0,"enemies":"Chosen","floor":20.0,"turns":3.0},{"damage":0.0,"enemies":"Snecko","floor":22.0,"turns":3.0},{"damage":1.0,"enemies":"Sentry and Sphere","floor":23.0,"turns":4.0},{"damage":16.0,"enemies":"Snake Plant","floor":25.0,"turns":2.0},{"damage":4.0,"enemies":"downfall:FleeingMerchant","floor":26.0,"turns":4.0},{"damage":18.0,"enemies":"3 Cultists","floor":27.0,"turns":4.0},{"damage":0.0,"enemies":"Sentry and Sphere","floor":28.0,"turns":3.0},{"damage":5.0,"enemies":"Shelled Parasite and Fungi","floor":29.0,"turns":3.0},{"damage":0.0,"enemies":"Cultist and Chosen","floor":30.0,"turns":4.0},{"damage":14.0,"enemies":"Sentry and Sphere","floor":31.0,"turns":4.0},{"damage":10.0,"enemies":"Snecko","floor":32.0,"turns":3.0},{"damage":25.0,"enemies":"WA_ARCHETYPE_CALM","floor":33.0,"turns":8.0},{"damage":0.0,"enemies":"Orb Walker","floor":36.0,"turns":2.0},{"damage":0.0,"enemies":"3 Darklings","floor":37.0,"turns":6.0},{"damage":24.0,"enemies":"3 Darklings","floor":43.0,"turns":4.0},{"damage":0.0,"enemies":"Transient","floor":44.0,"turns":5.0},{"damage":0.0,"enemies":"Spire Growth","floor":47.0,"turns":4.0},{"damage":8,"enemies":"4 Shapes","floor":48,"turns":3},{"damage":5,"enemies":"Writhing Mass","floor":49,"turns":4},{"damage":171,"enemies":"DF_ARCHETYPE_ORBS","floor":50,"turns":7}],"seed_played":"8811150918378610498","potions_obtained":[{"floor":2.0,"key":"bronze:BurnAndBuffPotion"},{"floor":6.0,"key":"SkillPotion"},{"floor":9.0,"key":"Swift Potion"}],"is_trial":false,"path_per_floor":["R","M","M","M","$","E","T","$","M","R","$","E","?","M","M","B",null,"R","M","M","?","M","M","T","M","$","M","M","M","M","M","M","B",null,"R","M","M","?","?","T","T","$","?","M","$","R","M","M","M","B"],"character_chosen":"THE_SPIRIT","items_purchased":["MerchantsRug","hexamod:FourthSeal","Nunchaku","trackpad:ByrdBGone","hexamod:FastForward"],"campfire_rested":0,"item_purchase_floors":[8,26,42,42,45],"current_hp_per_floor":[70,70,70,68,68,63,63,58,52,52,44,50,50,53,49,25,70,70,70,70,70,70,70,70,61,64,53,60,62,69,62,59,41,70,80,80,80,75,75,75,75,75,58,65,65,65,72,71,73,0,0,0],"gold":222,"neow_bonus":"ONE_RANDOM_RARE_CARD","is_daily":false,"chose_seed":false,"campfire_upgraded":5,"win_rate":0.0,"timestamp":1611776133,"path_taken":["R","M","M","M","$","E","T","$","M","R","$","E","?","M","M","BOSS","R","M","M","?","M","M","T","M","$","M","M","M","M","M","M","BOSS","R","M","M","?","?","?","T","$","?","M","$","R","M","M","M","BOSS"],"items_purchased_type":["Relic","Card","Relic","Relic","Card"],"build_version":"2020-12-22","purchased_purges":1,"victory":false,"max_hp_per_floor":[70,70,70,70,70,70,70,70,70,70,70,70,70,70,70,70,70,70,70,70,70,70,70,70,70,70,70,70,70,70,70,70,70,70,80,80,80,80,80,80,80,80,80,80,80,80,80,80,80,80,80,80],"card_choices":[{"not_picked":["hexamod:ExtraCrispy","hexamod:BacktrackSmack","hexamod:Hexaguard"],"picked":"SKIP","floor":2.0},{"not_picked":["hexamod:GhostLash","hexamod:InspiringFlames","hexamod:Incineration"],"picked":"SKIP","floor":3.0},{"not_picked":["hexamod:GhostflameBarrier","hexamod:SpectersWail","hexamod:PhantomCloak"],"picked":"SKIP","floor":4.0},{"not_picked":["hexamod:HeatMetal","hexamod:HauntingEcho"],"picked":"hexamod:SwordOfDarkness","floor":5.0},{"not_picked":["hexamod:Incineration","hexamod:SixthSeal"],"picked":"hexamod:HauntingEcho","floor":6.0},{"not_picked":["hexamod:Incineration","hexamod:ShieldOfDarkness","hexamod:GhostShield"],"picked":"SKIP","floor":8.0},{"not_picked":["hexamod:EmpoweredFlame","hexamod:FastForward"],"picked":"hexamod:FirstSeal","floor":9.0},{"not_picked":["hexamod:NightmareGuise","hexamod:BurningTouch","hexamod:HauntingEcho"],"picked":"SKIP","floor":11.0},{"not_picked":["hexamod:GhostflameInferno","hexamod:Firestarter","hexamod:HeatMetal"],"picked":"SKIP","floor":12.0},{"not_picked":["hexamod:HeatMetal","hexamod:InspiringFlames","hexamod:RainOfEmbers"],"picked":"SKIP","floor":14.0},{"not_picked":["hexamod:AdvancingGuard","hexamod:ParanormalForm","hexamod:ExtraCrispy"],"picked":"SKIP","floor":15.0},{"not_picked":["hexamod:SearingWound","hexamod:UnlimitedPower"],"picked":"hexamod:TimeWarp","floor":16.0},{"not_picked":["hexamod:Firestarter","hexamod:NightmareStrike","hexamod:ShieldOfDarkness"],"picked":"SKIP","floor":19.0},{"not_picked":["hexamod:SpectersWail","hexamod:Rewind","hexamod:RetreatToShadows+1"],"picked":"SKIP","floor":20.0},{"not_picked":["hexamod:AdvancingGuard+1","hexamod:HeatMetal","hexamod:PhantomFireball"],"picked":"SKIP","floor":22.0},{"not_picked":["hexamod:BurningTouch+1","hexamod:ExtraCrispy","hexamod:Again"],"picked":"SKIP","floor":23.0},{"not_picked":["hexamod:SpectersWail","hexamod:AdvancingGuard","hexamod:FirstSeal"],"picked":"SKIP","floor":25.0},{"not_picked":["hexamod:Hexaguard","hexamod:BurningTouch+1","hexamod:PhantomFireball"],"picked":"SKIP","floor":26.0},{"not_picked":["hexamod:EtherealExpedition","hexamod:AdvancingGuard+1"],"picked":"hexamod:CatchUp+1","floor":27.0},{"not_picked":["hexamod:Incineration+1","hexamod:RadiantFlame","hexamod:CatchUp"],"picked":"SKIP","floor":28.0},{"not_picked":["hexamod:RadiantFlame+1","hexamod:GhostShield"],"picked":"hexamod:ThirdSeal","floor":29.0},{"not_picked":["hexamod:GhostflameBarrier+1","hexamod:CatchUp+1"],"picked":"hexamod:FastForward","floor":30.0},{"not_picked":["hexamod:SpectralAdrenaline","hexamod:BacktrackSmack","hexamod:SoulSteal"],"picked":"SKIP","floor":30.0},{"not_picked":["hexamod:HeatMetal","hexamod:FirstSeal","hexamod:UnleashSpirits"],"picked":"SKIP","floor":31.0},{"not_picked":["hexamod:BurningTouch","hexamod:GhostOfSpireFuture","hexamod:SwordOfDarkness"],"picked":"SKIP","floor":31.0},{"not_picked":["hexamod:AdvancingGuard","hexamod:SpectralAdrenaline","hexamod:SwordOfDarkness"],"picked":"SKIP","floor":32.0},{"not_picked":["hexamod:BacktrackSmack","hexamod:PhantomCloak","hexamod:ShieldOfDarkness"],"picked":"SKIP","floor":32.0},{"not_picked":["hexamod:TimeWarp","hexamod:TurnItUp"],"picked":"hexamod:TimeOfNeed","floor":33.0},{"not_picked":["hexamod:TurnItUp","hexamod:UnlimitedPower"],"picked":"hexamod:ForkedFlame","floor":33.0},{"not_picked":["hexamod:RadiantFlame","hexamod:EtherealExpedition+1","hexamod:Firestarter"],"picked":"SKIP","floor":36.0},{"not_picked":["hexamod:SpectralAdrenaline+1","hexamod:GhostLash","hexamod:AdvancingGuard"],"picked":"SKIP","floor":37.0},{"not_picked":["hexamod:RainOfEmbers","hexamod:Haunt","hexamod:Incineration"],"picked":"SKIP","floor":37.0},{"not_picked":["hexamod:DynamicBlow","hexamod:GhostflameInferno","hexamod:InspiringFlames+1"],"picked":"SKIP","floor":44.0},{"not_picked":["hexamod:InspiringFlames","hexamod:HeatMetal+1","hexamod:SpectersWail"],"picked":"SKIP","floor":44.0},{"not_picked":["hexamod:SpectersWail+1","hexamod:Rewind","hexamod:ShieldOfDarkness+1"],"picked":"SKIP","floor":47.0},{"not_picked":["hexamod:NightmareStrike+1","hexamod:PhantomFireball","hexamod:GhostflameBarrier"],"picked":"SKIP","floor":48},{"not_picked":["hexamod:FirstSeal","hexamod:HeatMetal","hexamod:ChargedBarrage"],"picked":"SKIP","floor":48},{"not_picked":["hexamod:NightmareGuise+1","hexamod:BacktrackSmack"],"picked":"hexamod:UnlimitedPower","floor":49},{"not_picked":["hexamod:GhostLash","hexamod:BurningTouch","hexamod:NightmareGuise"],"picked":"SKIP","floor":49}],"player_experience":223166,"relics_obtained":[{"floor":6.0,"key":"trackpad:AdjectivePendant"},{"floor":7.0,"key":"Centennial Puzzle"},{"floor":12.0,"key":"trackpad:GuardianSpirit"},{"floor":24.0,"key":"trackpad:PetRock"},{"floor":40.0,"key":"trackpad:RapidFire"},{"floor":41.0,"key":"hexamod:MatchstickCase"},{"floor":43.0,"key":"FossilizedHelix"}],"event_choices":[],"is_beta":false,"boss_relics":[{"not_picked":["Snecko Eye","Astrolabe"],"picked":"hexamod:IceCube"},{"not_picked":["Pandora\u0027s Box","SacredBark"],"picked":"Sozu"}],"items_purged_floors":[26],"is_endless":false,"potions_floor_spawned":[2,6,9,12,14,15,25,27,28,29,30,31,36,47],"killed_by":"DF_ARCHETYPE_ORBS","ascension_level":0}}