{"host":"ddnlm33rmqyizb8g","time":1611706609,"event":{"mods":["BaseMod","Colored Map","Colored Powertips","Minty Spire (QoL Compilation)"],"gold_per_floor":[109,128,128,128,128,153,153,173,197,197,197,211,225,241,241,337,337,350,361,276,276,276],"floor_reached":21,"language":"ENG","playtime":964,"items_purged":[],"score":181,"play_id":"96dc9487-4b7b-4f8a-8fdb-3e8110eba226","local_time":"20210126191649","is_ascension_mode":false,"campfire_choices":[{"data":"Cleave","floor":7,"key":"SMITH"},{"floor":11,"key":"REST"},{"data":"Limit Break","floor":15,"key":"SMITH"}],"circlet_count":0,"master_deck":["Bash","Metallicize+1","Flex","Cleave+1","Limit Break+1","Shrug It Off","Fire Breathing+1","Brutality+1","Burning Pact","Berserk+1","Iron Wave","Rupture+1","Fire Breathing+1","Double Tap","Perfected Strike","Sever Soul","Armaments","Feel No Pain+1"],"relics":["Burning Blood","Smiling Mask","Oddly Smooth Stone","Frozen Egg 2","Pandora\u0027s Box","Tiny Chest"],"acts_visited":["Exordium","TheCity"],"potions_floor_usage":[12,16],"damage_taken":[{"damage":0,"enemies":"Small Slimes","floor":1,"turns":4},{"damage":1,"enemies":"Jaw Worm","floor":2,"turns":6},{"damage":37,"enemies":"3 Sentries","floor":6,"turns":13},{"damage":0,"enemies":"Cultist","floor":8,"turns":4},{"damage":3,"enemies":"2 Fungi Beasts","floor":12,"turns":5},{"damage":9,"enemies":"Blue Slaver","floor":13,"turns":5},{"damage":10,"enemies":"Exordium Wildlife","floor":14,"turns":6},{"damage":49,"enemies":"Hexaghost","floor":16,"turns":13},{"damage":38,"enemies":"Shell Parasite","floor":18,"turns":5},{"damage":6,"enemies":"Chosen","floor":19,"turns":5},{"damage":58,"enemies":"Shelled Parasite and Fungi","floor":21,"turns":3}],"seed_played":"-6146977914071858036","potions_obtained":[{"floor":1,"key":"BloodPotion"},{"floor":6,"key":"Energy Potion"},{"floor":8,"key":"Explosive Potion"},{"floor":12,"key":"Strength Potion"},{"floor":19,"key":"PowerPotion"}],"is_trial":false,"path_per_floor":["M","M","?","?","?","E","R","M","T","?","R","M","M","M","R","B",null,"M","M","?","M"],"character_chosen":"IRONCLAD","items_purchased":[],"campfire_rested":1,"item_purchase_floors":[],"current_hp_per_floor":[80,80,85,68,68,37,37,43,43,25,50,70,67,63,63,20,85,53,53,53,0,0],"gold":276,"neow_bonus":"THREE_CARDS","is_daily":false,"chose_seed":false,"campfire_upgraded":2,"win_rate":0.0,"timestamp":1611706609,"path_taken":["M","M","?","?","?","E","R","?","T","?","R","M","M","M","R","BOSS","M","M","?","M"],"items_purchased_type":[],"build_version":"2020-12-22","purchased_purges":0,"victory":false,"max_hp_per_floor":[80,80,85,85,85,85,85,85,85,85,85,85,85,85,85,85,85,85,85,85,85,85],"card_choices":[{"not_picked":["Headbutt","Flex"],"picked":"Metallicize","floor":0},{"not_picked":["Second Wind","Infernal Blade"],"picked":"Flex","floor":1},{"not_picked":["Iron Wave","Blood for Blood","Reckless Charge"],"picked":"SKIP","floor":2},{"not_picked":["Uppercut","Clash"],"picked":"Cleave","floor":6},{"not_picked":["Clash","Havoc"],"picked":"Limit Break","floor":8},{"not_picked":["Whirlwind","Twin Strike","Rupture+1"],"picked":"SKIP","floor":12},{"not_picked":["Iron Wave","Clash"],"picked":"Shrug It Off","floor":13},{"not_picked":["Perfected Strike","Whirlwind"],"picked":"Fire Breathing+1","floor":14},{"not_picked":["Limit Break","Offering"],"picked":"Brutality+1","floor":16},{"not_picked":["Body Slam+1","Shockwave"],"picked":"Armaments","floor":18},{"not_picked":["Heavy Blade","Pummel+1"],"picked":"Feel No Pain+1","floor":19}],"player_experience":140961,"relics_obtained":[{"floor":6,"key":"Smiling Mask"},{"floor":9,"key":"Oddly Smooth Stone"}],"event_choices":[{"damage_healed":0,"gold_gain":0,"player_choice":"Donut","damage_taken":0,"max_hp_gain":5,"max_hp_loss":0,"event_name":"Big Fish","floor":3,"gold_loss":0},{"damage_healed":0,"gold_gain":0,"player_choice":"Entered Light","damage_taken":17,"max_hp_gain":0,"max_hp_loss":0,"event_name":"Shining Light","floor":4,"gold_loss":0,"cards_upgraded":["Strike_R","Metallicize"]},{"cards_removed":["Defend_R"],"damage_healed":0,"gold_gain":0,"player_choice":"Purged","damage_taken":0,"max_hp_gain":0,"max_hp_loss":0,"event_name":"Purifier","floor":5,"gold_loss":0},{"damage_healed":0,"gold_gain":0,"player_choice":"Success","damage_taken":18,"relics_obtained":["Frozen Egg 2"],"max_hp_gain":0,"max_hp_loss":0,"event_name":"Scrap Ooze","floor":10,"gold_loss":0},{"damage_healed":0,"gold_gain":0,"player_choice":"Obtained Relic","damage_taken":0,"relics_obtained":["Tiny Chest"],"max_hp_gain":0,"max_hp_loss":0,"event_name":"Addict","floor":20,"gold_loss":85}],"is_beta":false,"boss_relics":[{"not_picked":["SacredBark","Calling Bell"],"picked":"Pandora\u0027s Box"}],"items_purged_floors":[],"is_endless":false,"potions_floor_spawned":[1,6,8,12,14,19],"killed_by":"Shelled Parasite and Fungi","ascension_level":0}}