{"host":"pe7ycb8t2t906so2","time":1611713762,"event":{"mods":["BaseMod","Colored Map","Highlight Path","Minty Spire (QoL Compilation)"],"gold_per_floor":[112,126,51,51,1,1,25,40,40,60,75,75,75,94,94,192,192,215,215,238,138,163,163,163],"floor_reached":23,"language":"FRA","playtime":1305,"items_purged":["Strike_R","Strike_R"],"score":315,"play_id":"b4d5222a-f451-4b06-a365-c628139bea44","local_time":"20210126211602","is_ascension_mode":true,"campfire_choices":[{"data":"Body Slam","floor":6,"key":"SMITH"},{"floor":12,"key":"REST"},{"data":"Juggernaut","floor":15,"key":"SMITH"}],"circlet_count":0,"master_deck":["AscendersBane","Strike_R","Defend_R","Defend_R","Defend_R","Defend_R","Bash","Trip","Body Slam+1","Warcry","Metallicize","Fire Breathing","Juggernaut+1","Berserk","Iron Wave","Shrug It Off","True Grit"],"relics":["Burning Blood","Golden Idol","Question Card","Mark of Pain"],"acts_visited":["Exordium","TheCity"],"potions_floor_usage":[10,16,16,23],"damage_taken":[{"damage":0,"enemies":"Cultist","floor":1,"turns":4},{"damage":10,"enemies":"Small Slimes","floor":2,"turns":4},{"damage":5,"enemies":"2 Louse","floor":7,"turns":3},{"damage":25,"enemies":"Large Slime","floor":8,"turns":10},{"damage":9,"enemies":"Gremlin Gang","floor":10,"turns":5},{"damage":3,"enemies":"Exordium Wildlife","floor":11,"turns":4},{"damage":4,"enemies":"3 Louse","floor":14,"turns":5},{"damage":24,"enemies":"Slime Boss","floor":16,"turns":8},{"damage":11,"enemies":"Chosen","floor":18,"turns":4},{"damage":10,"enemies":"Spheric Guardian","floor":20,"turns":4},{"damage":27,"enemies":"Snake Plant","floor":22,"turns":4},{"damage":29,"enemies":"Book of Stabbing","floor":23,"turns":5}],"seed_played":"7179157807979650242","potions_obtained":[{"floor":8,"key":"Block Potion"},{"floor":10,"key":"SpeedPotion"},{"floor":11,"key":"CultistPotion"},{"floor":22,"key":"LiquidBronze"}],"is_trial":false,"path_per_floor":["M","M","$","?","?","R","M","M","T","M","M","R","?","M","R","B",null,"M","?","M","$","M","E"],"character_chosen":"IRONCLAD","items_purchased":[],"campfire_rested":1,"item_purchase_floors":[],"current_hp_per_floor":[74,70,70,52,52,52,53,34,34,31,34,56,56,58,58,40,66,61,61,57,57,36,7,7],"gold":163,"neow_bonus":"RANDOM_COLORLESS","is_daily":false,"chose_seed":false,"campfire_upgraded":2,"win_rate":0.0,"timestamp":1611713762,"path_taken":["M","M","?","?","?","R","M","M","T","M","M","R","?","?","R","BOSS","M","?","M","$","M","E"],"items_purchased_type":[],"build_version":"2020-12-22","purchased_purges":2,"victory":false,"max_hp_per_floor":[75,75,75,75,75,75,75,75,75,75,75,75,75,75,75,75,75,75,75,75,75,75,75,75],"card_choices":[{"not_picked":["Jack Of All Trades","PanicButton"],"picked":"Trip","floor":0},{"not_picked":["Iron Wave","Shockwave"],"picked":"Body Slam","floor":1},{"not_picked":["Blood for Blood","Wild Strike"],"picked":"Warcry","floor":2},{"not_picked":["Sword Boomerang","Whirlwind"],"picked":"Metallicize","floor":7},{"not_picked":["Rupture","Burning Pact","Armaments"],"picked":"SKIP","floor":8},{"not_picked":["Combust","Twin Strike","True Grit"],"picked":"Fire Breathing","floor":10},{"not_picked":["Rage","Perfected Strike","Havoc","Anger"],"picked":"SKIP","floor":11},{"not_picked":["Intimidate","Thunderclap","Rage"],"picked":"Juggernaut","floor":14},{"not_picked":["Double Tap","Barricade","Bludgeon"],"picked":"Berserk","floor":16},{"not_picked":["Perfected Strike","Infernal Blade","Wild Strike"],"picked":"Iron Wave","floor":18},{"not_picked":["Perfected Strike","Disarm","Clothesline","Cleave"],"picked":"SKIP","floor":20},{"not_picked":["Armaments","Combust","Perfected Strike"],"picked":"True Grit","floor":22}],"player_experience":954356,"relics_obtained":[{"floor":9,"key":"Question Card"}],"event_choices":[{"damage_healed":0,"gold_gain":0,"player_choice":"Take Damage","damage_taken":18,"relics_obtained":["Golden Idol"],"max_hp_gain":0,"max_hp_loss":0,"event_name":"Golden Idol","floor":4,"gold_loss":0},{"cards_removed":["Strike_R"],"damage_healed":0,"gold_gain":0,"player_choice":"Card Removal","damage_taken":0,"max_hp_gain":0,"max_hp_loss":0,"event_name":"The Cleric","floor":5,"gold_loss":50},{"cards_removed":["Strike_R"],"damage_healed":0,"gold_gain":0,"player_choice":"Offered Basic","damage_taken":0,"max_hp_gain":0,"max_hp_loss":0,"event_name":"Bonfire Elementals","floor":13,"gold_loss":0},{"damage_healed":0,"gold_gain":0,"player_choice":"Read","damage_taken":0,"max_hp_gain":0,"max_hp_loss":0,"event_name":"The Library","floor":19,"gold_loss":0,"cards_obtained":["Shrug It Off"]}],"is_beta":false,"boss_relics":[{"not_picked":["Snecko Eye","SlaversCollar"],"picked":"Mark of Pain"}],"items_purged_floors":[3,21],"is_endless":false,"potions_floor_spawned":[8,10,11,14,22],"killed_by":"Book of Stabbing","ascension_level":14}}