{"host":"vpaavrwbmey593fx","time":1611716033,"event":{"mods":["AchievementEnabler","BaseMod","Bestiary","Colored Map","Colored Powertips","DeckTracker","Minty Spire (QoL Compilation)","Relic Sorter"],"gold_per_floor":[209,222,102,177,187,187,213,213,213,213,213,213,223,237,237,333,333,320,330,42,42,61,61,61,94,94,112,112,140,158,169,169,264,264,280,299,319,335,34,63,63,80,80,80,45,45,56,84,84,84,84,84,3,29,29],"floor_reached":56,"language":"ENG","playtime":6118,"items_purged":["Strike_R","Strike_R"],"score":1516,"play_id":"6e0d2950-1ae7-4fbd-a64f-1f2bdb7b07f2","local_time":"20210126185353","is_ascension_mode":true,"campfire_choices":[{"data":"Shockwave","floor":6.0,"key":"SMITH"},{"data":"Flame Barrier","floor":8.0,"key":"SMITH"},{"data":"Spot Weakness","floor":12.0,"key":"SMITH"},{"data":"Battle Trance","floor":15.0,"key":"SMITH"},{"data":"Corruption","floor":23.0,"key":"SMITH"},{"data":"Anger","floor":28.0,"key":"SMITH"},{"data":"Body Slam","floor":32.0,"key":"SMITH"},{"floor":41.0,"key":"RECALL"},{"data":"True Grit","floor":44.0,"key":"SMITH"},{"floor":49.0,"key":"REST"},{"floor":52.0,"key":"REST"}],"circlet_count":0,"master_deck":["Strike_R","Defend_R","Defend_R","Bash","Shockwave+1","Anger+1","Shrug It Off","Shrug It Off","Flame Barrier+1","Spot Weakness+1","Battle Trance+1","Corruption+1","CurseOfTheBell","Headbutt","Dark Embrace+1","Power Through","Battle Trance+1","Armaments","Intimidate","Demon Form","Body Slam+1","True Grit+1","Impervious","Clothesline+1","Entrench+1","Sword Boomerang","Dual Wield","Sentinel+1","Seeing Red"],"relics":["Burning Blood","InkBottle","Sundial","Calling Bell","Oddly Smooth Stone","TungstenRod","Ornamental Fan","DollysMirror","Ancient Tea Set","Art of War","Empty Cage","HornCleat","Torii","Blood Vial","CaptainsWheel","Letter Opener"],"acts_visited":["Exordium","TheCity","TheBeyond","TheEnding"],"potions_floor_usage":[55,55,55],"damage_taken":[{"damage":14.0,"enemies":"2 Louse","floor":1.0,"turns":4.0},{"damage":2.0,"enemies":"Cultist","floor":2.0,"turns":4.0},{"damage":10.0,"enemies":"Small Slimes","floor":5.0,"turns":4.0},{"damage":37.0,"enemies":"3 Sentries","floor":7.0,"turns":10.0},{"damage":3.0,"enemies":"Exordium Wildlife","floor":13.0,"turns":4.0},{"damage":1.0,"enemies":"Exordium Thugs","floor":14.0,"turns":5.0},{"damage":13.0,"enemies":"Hexaghost","floor":16.0,"turns":7.0},{"damage":3.0,"enemies":"2 Thieves","floor":18.0,"turns":4.0},{"damage":3.0,"enemies":"Shell Parasite","floor":19.0,"turns":6.0},{"damage":4.0,"enemies":"Chosen and Byrds","floor":22.0,"turns":6.0},{"damage":41.0,"enemies":"Book of Stabbing","floor":25.0,"turns":7.0},{"damage":7.0,"enemies":"Snake Plant","floor":27.0,"turns":4.0},{"damage":7.0,"enemies":"Gremlin Leader","floor":29.0,"turns":6.0},{"damage":0.0,"enemies":"3 Cultists","floor":30.0,"turns":4.0},{"damage":13.0,"enemies":"Snecko","floor":31.0,"turns":6.0},{"damage":26.0,"enemies":"Automaton","floor":33.0,"turns":8.0},{"damage":0.0,"enemies":"Orb Walker","floor":35.0,"turns":4.0},{"damage":1.0,"enemies":"3 Shapes","floor":36.0,"turns":4.0},{"damage":15.0,"enemies":"Writhing Mass","floor":37.0,"turns":6.0},{"damage":0.0,"enemies":"Jaw Worm Horde","floor":38.0,"turns":3.0},{"damage":10.0,"enemies":"Nemesis","floor":40.0,"turns":5.0},{"damage":0.0,"enemies":"Maw","floor":42.0,"turns":7.0},{"damage":33.0,"enemies":"Transient","floor":47.0,"turns":5.0},{"damage":19.0,"enemies":"Giant Head","floor":48.0,"turns":9.0},{"damage":37.0,"enemies":"Awakened One","floor":50.0,"turns":11.0},{"damage":0.0,"enemies":"Shield and Spear","floor":54.0,"turns":3.0},{"damage":98,"enemies":"The Heart","floor":55,"turns":12}],"seed_played":"7429737052730389357","potions_obtained":[{"floor":1.0,"key":"GamblersBrew"},{"floor":2.0,"key":"Ancient Potion"},{"floor":5.0,"key":"SpeedPotion"},{"floor":13.0,"key":"DistilledChaos"},{"floor":18.0,"key":"DistilledChaos"},{"floor":21.0,"key":"CultistPotion"},{"floor":21.0,"key":"PowerPotion"},{"floor":27.0,"key":"LiquidBronze"},{"floor":29.0,"key":"Weak Potion"},{"floor":30.0,"key":"SkillPotion"},{"floor":33.0,"key":"SneckoOil"},{"floor":37.0,"key":"Weak Potion"},{"floor":38.0,"key":"Explosive Potion"},{"floor":47.0,"key":"EntropicBrew"}],"is_trial":false,"path_per_floor":["M","M","$","?","M","R","E","R","T","?","?","R","M","M","R","B",null,"M","M","$","?","M","R","?","E","T","M","R","E","M","M","R","B",null,"M","M","M","M","$","E","R","M","T","R","$","?","M","E","R","B",null,"R","$","E","B",null],"character_chosen":"IRONCLAD","items_purchased":["Shrug It Off","Power Through","DollysMirror","HornCleat","Sword Boomerang","Dual Wield","Seeing Red"],"campfire_rested":2,"item_purchase_floors":[3,20,20,39,39,45,53],"current_hp_per_floor":[64,68,68,57,53,53,22,22,22,48,48,48,51,56,56,49,72,75,78,78,78,80,80,80,45,45,44,44,43,49,42,42,22,66,72,77,68,74,74,70,70,76,76,76,76,76,51,40,64,35,69,80,80,80,19],"gold":29,"neow_bonus":"HUNDRED_GOLD","is_daily":false,"chose_seed":false,"campfire_upgraded":8,"win_rate":0.0,"timestamp":1611716033,"path_taken":["M","M","$","?","M","R","E","R","T","?","?","R","?","M","R","BOSS","M","M","$","?","?","R","?","E","T","M","R","E","M","M","R","BOSS","M","M","M","M","$","E","R","M","T","R","?","?","M","E","R","BOSS","R","$","E","BOSS"],"items_purchased_type":["Card","Card","Relic","Relic","Card","Card","Card"],"build_version":"2020-12-22","purchased_purges":2,"victory":true,"max_hp_per_floor":[80,80,80,80,80,80,80,80,80,80,80,80,80,80,80,80,80,80,80,80,80,80,80,80,80,80,80,80,80,80,80,80,80,80,80,80,80,80,80,80,80,80,80,80,80,80,80,80,80,80,80,80,80,80,80],"card_choices":[{"not_picked":["Pommel Strike","Body Slam"],"picked":"Shockwave","floor":1.0},{"not_picked":["Headbutt","Sword Boomerang"],"picked":"Anger","floor":2.0},{"not_picked":["Twin Strike","Clash"],"picked":"Shrug It Off","floor":5.0},{"not_picked":["True Grit","Headbutt"],"picked":"Flame Barrier","floor":7.0},{"not_picked":["Warcry","Evolve","Inflame"],"picked":"SKIP","floor":13.0},{"not_picked":["Twin Strike","Havoc"],"picked":"Battle Trance","floor":14.0},{"not_picked":["Offering","Demon Form"],"picked":"Corruption","floor":16.0},{"not_picked":["Twin Strike","Rampage"],"picked":"Headbutt","floor":18.0},{"not_picked":["Burning Pact","Clash"],"picked":"Dark Embrace+1","floor":19.0},{"not_picked":["Wild Strike","True Grit","Havoc"],"picked":"SKIP","floor":22.0},{"not_picked":["Armaments","Anger","Pommel Strike"],"picked":"SKIP","floor":25.0},{"not_picked":["Evolve","Blood for Blood"],"picked":"Intimidate","floor":27.0},{"not_picked":["Shrug It Off+1","Searing Blow"],"picked":"Demon Form","floor":29.0},{"not_picked":["Pommel Strike","Evolve"],"picked":"Body Slam","floor":30.0},{"not_picked":["Sever Soul+1","Dropkick"],"picked":"True Grit","floor":31.0},{"not_picked":["Double Tap","Brutality"],"picked":"Impervious","floor":33.0},{"not_picked":["Iron Wave","Inflame","Perfected Strike+1"],"picked":"SKIP","floor":35.0},{"not_picked":["Warcry","Shrug It Off"],"picked":"Clothesline+1","floor":36.0},{"not_picked":["Twin Strike+1","Sword Boomerang"],"picked":"Entrench+1","floor":37.0},{"not_picked":["Inflame+1","Clothesline+1","Sever Soul"],"picked":"SKIP","floor":38.0},{"not_picked":["Armaments+1","Perfected Strike","Rupture"],"picked":"SKIP","floor":40.0},{"not_picked":["Rupture","Ghostly Armor+1","Demon Form"],"picked":"SKIP","floor":42.0},{"not_picked":["Perfected Strike+1","Iron Wave"],"picked":"Sentinel+1","floor":47.0},{"not_picked":["Ghostly Armor","Flex","Pommel Strike"],"picked":"SKIP","floor":48.0},{"not_picked":["Searing Blow+1","Dropkick+1","Hemokinesis+1"],"picked":"SKIP","floor":54.0}],"player_experience":282983,"relics_obtained":[{"floor":7.0,"key":"Sundial"},{"floor":9.0,"key":"InkBottle"},{"floor":17.0,"key":"Oddly Smooth Stone"},{"floor":17.0,"key":"TungstenRod"},{"floor":17.0,"key":"Ornamental Fan"},{"floor":25.0,"key":"Ancient Tea Set"},{"floor":29.0,"key":"Art of War"},{"floor":40.0,"key":"Torii"},{"floor":43.0,"key":"Blood Vial"},{"floor":48.0,"key":"CaptainsWheel"},{"floor":54.0,"key":"Letter Opener"}],"event_choices":[{"damage_healed":0.0,"max_hp_gain":0.0,"max_hp_loss":0.0,"gold_gain":75.0,"event_name":"World of Goop","player_choice":"Gather Gold","floor":4.0,"gold_loss":0.0,"damage_taken":11.0},{"damage_healed":26.0,"max_hp_gain":0.0,"max_hp_loss":0.0,"gold_gain":0.0,"event_name":"Big Fish","player_choice":"Banana","floor":10.0,"gold_loss":0.0,"damage_taken":0.0},{"damage_healed":0.0,"max_hp_gain":0.0,"max_hp_loss":0.0,"gold_gain":0.0,"cards_transformed":["Strike_R"],"event_name":"Transmorgrifier","player_choice":"Transformed","floor":11.0,"gold_loss":0.0,"damage_taken":0.0,"cards_obtained":["Spot Weakness"]},{"damage_healed":0.0,"max_hp_gain":0.0,"max_hp_loss":0.0,"gold_gain":0.0,"event_name":"Lab","player_choice":"Got Potions","floor":21.0,"gold_loss":0.0,"damage_taken":0.0},{"damage_healed":0.0,"max_hp_gain":0.0,"max_hp_loss":0.0,"gold_gain":0.0,"cards_transformed":["Strike_R"],"event_name":"Transmorgrifier","player_choice":"Transformed","floor":24.0,"gold_loss":0.0,"damage_taken":0.0,"cards_obtained":["Armaments"]},{"damage_healed":0.0,"max_hp_gain":0.0,"max_hp_loss":0.0,"gold_gain":0.0,"event_name":"SecretPortal","player_choice":"Ignored","floor":46.0,"gold_loss":0.0,"damage_taken":0.0}],"is_beta":false,"boss_relics":[{"not_picked":["Tiny House","Astrolabe"],"picked":"Calling Bell"},{"not_picked":["SacredBark","Runic Pyramid"],"picked":"Empty Cage"}],"items_purged_floors":[3,20],"is_endless":false,"potions_floor_spawned":[1,2,5,13,18,22,27,29,30,33,37,38,47,54],"ascension_level":6}}