{"host":"9rmokdxh5r7c9fvy","time":1611779134,"event":{"mods":["AchievementEnabler","BaseMod","BetterRewards","Grow up Mod","Minty Spire (QoL Compilation)","Remove Card Discount Mod","StSLib","The Bug Knight"],"gold_per_floor":[119,9999334,9999294,9998507,9997794,9997826,9997851,9997878,9997878,9997891,9997905,9997937,9997970,9998000,9998000,9998099,9998099,9998109,9998162,9984851,9984862,9984604,9984638,9984638,9984671,9984671,9984682,9984682,9984411,9984435,9984447,9984447,9984546,9984546,9984562,9984442,9984320,9984202,9984202,9984202,9984211,9984243,9984315,9984332,9984332,9984360,9984360,9984390,9984390,9984492,9984492,9984809,9984829,9984866,9984894,9984906,9984918,9984970,9985015,9985059,9985104,9985116,9984568,9984577,9984577,9984577,9984687,9984687,9984699,9984575,9984575,9984459,9984459,9984459,9984468,9984501,9984534,9984534,9984418,9984433,9984433,9984458,9984458,9984558,9984558,9984572,9984572,9984599,9984611,9984491,9984491,9984491,9984501,9984530,9984530,9984415,9984450,9984450,9984468,9984468,9984563,9984563,9984563,9984563],"floor_reached":103,"language":"ENG","playtime":3952,"items_purged":["HollowMod:QuickDashStart","HollowMod:QuickDashStart","HollowMod:QuickDashStart","HollowMod:PogoStrike","HollowMod:QuickDashStart","HollowMod:FocusHealStart","HollowMod:NailStrikeStart","HollowMod:GoodIntentions","HollowMod:MothsMistake","HollowMod:NailStrikeStart","HollowMod:NailStrikeStart","HollowMod:NailStrikeStart","HollowMod:CycloneSlash","HollowMod:MothsMistake+1","HollowMod:ShapeofUnn+1","HollowMod:SoulEater+1","HollowMod:NewJinnsSoul+1","HollowMod:Hiveblood+1","HollowMod:MantisMark+1","HollowMod:SoulSplash+1","HollowMod:NewJinnsSoul+1","HollowMod:GrimmsGift+1","HollowMod:SharpenedShadows+1","HollowMod:AbyssShriek+1","HollowMod:InfectedAttack+1","HollowMod:HeavyBlow+1","HollowMod:SharpenedNail+1","HollowMod:CoiledNail+1","HollowMod:HowlingWraiths+1","HollowMod:SoulMaster+1","HollowMod:LordofShades+1","HollowMod:BlackTendrils+1","HollowMod:ElderbugsWisdom+1","HollowMod:NewGlowingWomb+1","HollowMod:SharpenedShadows+1","HollowMod:SlysStrikes+1","HollowMod:BaldurShell+1","HollowMod:BaldurShell+1","Flex+1","A Thousand Cuts+1"],"score":4718,"play_id":"f1e2ee8f-0cd8-4a88-9c1f-2c72750488bc","local_time":"20210127202534","daily_mods":["Vintage","Heirloom","Time Dilation","Flight","DeadlyEvents","Elite Swarm","Lethality","Night Terrors"],"is_ascension_mode":true,"campfire_choices":[{"data":"HollowMod:CloakDash","floor":15.0,"key":"SMITH"},{"data":"1","floor":24.0,"key":"LIFT"},{"data":"2","floor":28.0,"key":"LIFT"},{"data":"3","floor":32.0,"key":"LIFT"},{"floor":40.0,"key":"REST"},{"floor":41.0,"key":"REST"},{"floor":47.0,"key":"REST"},{"floor":49.0,"key":"REST"},{"data":"HollowMod:CloakDash+1","floor":57,"key":"PURGE"},{"floor":62,"key":"REST"},{"floor":64,"key":"REST"},{"floor":66,"key":"REST"},{"floor":74,"key":"REST"},{"floor":75,"key":"REST"},{"data":"HollowMod:Weaversong+1","floor":78,"key":"PURGE"},{"floor":81,"key":"REST"},{"data":"HollowMod:SoulMaster+1","floor":83,"key":"PURGE"},{"floor":91,"key":"REST"},{"floor":92,"key":"REST"},{"floor":95,"key":"REST"},{"floor":98,"key":"REST"},{"floor":100,"key":"REST"}],"circlet_count":21,"master_deck":["HollowMod:CloakDash+1","HollowMod:Weaversong+1","HollowMod:Weaversong+1","HollowMod:SoulMaster+1","HollowMod:WraithStrike+1","HollowMod:DescendingDark+1","Crescendo+1","Inflame+1"],"relics":["Unceasing Top","Du-Vu Doll","Smiling Mask","FossilizedHelix","Gremlin Horn","Chemical X","OrangePellets","Tiny Chest","Thread and Needle","Toolbox","Ancient Tea Set","Sundial","Frozen Egg 2","Toy Ornithopter","CaptainsWheel","Molten Egg 2","Bottled Tornado","The Courier","Lizard Tail","Blue Candle","Regal Pillow","SacredBark","Bag of Marbles","Orichalcum","Art of War","Toxic Egg 2","HollowMod:LumaflyLanternRelic","Vajra","Centennial Puzzle","Pear","Boot","Strawberry","Potion Belt","Lantern","TungstenRod","Bottled Flame","Dream Catcher","Peace Pipe","Shuriken","HollowMod:LifeEnderRelic","MealTicket","HollowMod:StagPassRelic","Pocketwatch","Omamori","Bag of Preparation","HollowMod:MantisClawRelic","Question Card","Pen Nib","Anchor","Happy Flower","Matryoshka","InkBottle","Ice Cream","CeramicFish","Darkstone Periapt","Singing Bowl","Akabeko","Girya","Prayer Wheel","Ornamental Fan","PreservedInsect","Oddly Smooth Stone","StrikeDummy","Kunai","StoneCalendar","HornCleat","Bronze Scales","Nunchaku","HollowMod:PaleOreRelic","Blood Vial","Torii","Meat on the Bone","War Paint","Pantograph","Mercury Hourglass","Gambling Chip","Bird Faced Urn","White Beast Statue","Eternal Feather","Letter Opener","HollowMod:KingsBrand","Incense Burner","HollowMod:MillibellesNoteRelic","Turnip","Mummified Hand","Calipers","Ginger","HollowMod:QueensCombRelic","Mango","Whetstone","Bottled Lightning","Circlet","HandDrill","TheAbacus","SlaversCollar","Lee\u0027s Waffle","Frozen Eye","PrismaticShard","Philosopher\u0027s Stone","Old Coin","MawBank","DollysMirror","Cauldron","Sling","ClockworkSouvenir","Busted Crown","HollowMod:JonisBlessing","Medical Kit","Runic Pyramid"],"acts_visited":["Exordium","TheCity","TheBeyond","Exordium","TheCity","TheBeyond","Exordium"],"potions_floor_usage":[70,80],"damage_taken":[{"damage":0.0,"enemies":"2 Louse","floor":1.0,"turns":1.0},{"damage":0.0,"enemies":"Lagavulin","floor":6.0,"turns":3.0},{"damage":0.0,"enemies":"3 Sentries","floor":7.0,"turns":3.0},{"damage":0.0,"enemies":"Lagavulin","floor":8.0,"turns":3.0},{"damage":0.0,"enemies":"Cultist","floor":10.0,"turns":3.0},{"damage":0.0,"enemies":"Jaw Worm","floor":11.0,"turns":3.0},{"damage":0.0,"enemies":"Gremlin Nob","floor":12.0,"turns":3.0},{"damage":0.0,"enemies":"HollowMod:MossKnight","floor":13.0,"turns":3.0},{"damage":0.0,"enemies":"Lagavulin","floor":14.0,"turns":3.0},{"damage":0.0,"enemies":"Slime Boss","floor":16.0,"turns":3.0},{"damage":0.0,"enemies":"Spheric Guardian","floor":18.0,"turns":3.0},{"damage":0.0,"enemies":"3 Byrds","floor":21.0,"turns":3.0},{"damage":0.0,"enemies":"Gremlin Leader","floor":23.0,"turns":3.0},{"damage":0.0,"enemies":"Slavers","floor":25.0,"turns":3.0},{"damage":0.0,"enemies":"Snake Plant","floor":27.0,"turns":3.0},{"damage":0.0,"enemies":"Shelled Parasite and Fungi","floor":31.0,"turns":3.0},{"damage":0.0,"enemies":"Automaton","floor":33.0,"turns":3.0},{"damage":0.0,"enemies":"3 Darklings","floor":35.0,"turns":3.0},{"damage":0.0,"enemies":"HollowMod:StalkingDevout","floor":42.0,"turns":3.0},{"damage":0.0,"enemies":"Orb Walker","floor":44.0,"turns":3.0},{"damage":0.0,"enemies":"Reptomancer","floor":46.0,"turns":3.0},{"damage":0.0,"enemies":"Giant Head","floor":48.0,"turns":3.0},{"damage":0.0,"enemies":"HollowMod:Radiance","floor":50.0,"turns":3.0},{"damage":0.0,"enemies":"Small Slimes","floor":52.0,"turns":3.0},{"damage":0,"enemies":"2 Louse","floor":53,"turns":1},{"damage":0,"enemies":"Lagavulin","floor":54,"turns":3},{"damage":0,"enemies":"Cultist","floor":55,"turns":3},{"damage":0,"enemies":"Gremlin Nob","floor":58,"turns":3},{"damage":0,"enemies":"Lagavulin","floor":59,"turns":3},{"damage":0,"enemies":"Gremlin Nob","floor":60,"turns":3},{"damage":0,"enemies":"3 Sentries","floor":61,"turns":3},{"damage":0,"enemies":"Hexaghost","floor":67,"turns":3},{"damage":0,"enemies":"Spheric Guardian","floor":69,"turns":3},{"damage":0,"enemies":"Gremlin Leader","floor":76,"turns":3},{"damage":0,"enemies":"Slavers","floor":77,"turns":3},{"damage":0,"enemies":"Chosen","floor":80,"turns":3},{"damage":0,"enemies":"HollowMod:Nosk","floor":82,"turns":3},{"damage":0,"enemies":"HollowMod:NKGrimm","floor":84,"turns":3},{"damage":0,"enemies":"3 Darklings","floor":86,"turns":3},{"damage":0,"enemies":"Reptomancer","floor":88,"turns":3},{"damage":0,"enemies":"3 Shapes","floor":89,"turns":3},{"damage":0,"enemies":"Spire Growth","floor":93,"turns":3},{"damage":0,"enemies":"Giant Head","floor":94,"turns":3},{"damage":0,"enemies":"Reptomancer","floor":97,"turns":3},{"damage":0,"enemies":"Maw","floor":99,"turns":3},{"damage":0,"enemies":"Time Eater","floor":101,"turns":3},{"damage":0,"enemies":"Cultist","floor":103,"turns":3}],"seed_played":"6978277871209280506","potions_obtained":[{"floor":1.0,"key":"PowerPotion"},{"floor":3.0,"key":"Fruit Juice"},{"floor":3.0,"key":"ColorlessPotion"},{"floor":21.0,"key":"Fruit Juice"},{"floor":23.0,"key":"Swift Potion"},{"floor":25.0,"key":"BlessingOfTheForge"},{"floor":33.0,"key":"Strength Potion"},{"floor":70,"key":"Fruit Juice"},{"floor":70,"key":"DuplicationPotion"},{"floor":80,"key":"EntropicBrew"},{"floor":93,"key":"Swift Potion"}],"is_trial":true,"path_per_floor":["M","$","?","$","$","E","E","E","T","M","M","E","E","E","R","B",null,"M","T","$","M","$","E","R","E","T","M","R","$","T","M","R","B",null,"M","$","$","$","?","R","R","E","T","M","?","E","R","E","R","B",null,"M","M","E","M","?","R","E","E","E","E","R","$","R","$","R","B",null,"M","$","?","$","?","R","R","E","E","R","$","M","R","E","R","B",null,"M","?","E","M","$","R","R","M","E","R","$","E","R","M","R","B",null,"M"],"character_chosen":"THE_BUGKNIGHT","items_purchased":["FossilizedHelix","Gremlin Horn","Chemical X","HollowMod:CloakDash","HollowMod:GoodIntentions","OrangePellets","Tiny Chest","Thread and Needle","HollowMod:MothsMistake","Strength Potion","HollowMod:CycloneSlash","Toolbox","Ancient Tea Set","Sundial","HollowMod:WraithStrike","FairyPotion","Strange Spoon","Art of War","Toxic Egg 2","HollowMod:LumaflyLanternRelic","Vajra","Centennial Puzzle","Pear","Boot","Strawberry","Potion Belt","Lantern","TungstenRod","HollowMod:SoulMaster+1","HollowMod:WraithStrike+1","HollowMod:DescendingDark+1","HollowMod:SoulEater+1","HollowMod:ShapeofUnn+1","HollowMod:MothsMistake+1","HollowMod:LordofShades+1","HollowMod:SharpenedShadows+1","HollowMod:NewJinnsSoul+1","HollowMod:CloakDash+1","HollowMod:Hiveblood+1","HollowMod:MantisMark+1","HollowMod:NewJinnsSoul+1","HollowMod:SoulSplash+1","HollowMod:GrimmsGift+1","Bottled Flame","Dream Catcher","Peace Pipe","Shuriken","HollowMod:LifeEnderRelic","MealTicket","HollowMod:StagPassRelic","Pocketwatch","Omamori","Bag of Preparation","HollowMod:MantisClawRelic","Question Card","Pen Nib","Anchor","Happy Flower","Matryoshka","InkBottle","Ice Cream","Dead Branch","CeramicFish","Darkstone Periapt","Singing Bowl","Akabeko","Girya","Prayer Wheel","Ornamental Fan","PreservedInsect","Oddly Smooth Stone","StrikeDummy","Kunai","StoneCalendar","HornCleat","Bronze Scales","Nunchaku","HollowMod:PaleOreRelic","Blood Vial","Torii","Meat on the Bone","War Paint","Pantograph","Mercury Hourglass","Gambling Chip","Bird Faced Urn","White Beast Statue","Eternal Feather","Letter Opener","HollowMod:KingsBrand","Incense Burner","HollowMod:MillibellesNoteRelic","Turnip","Mummified Hand","Calipers","Ginger","HollowMod:QueensCombRelic","Mango","Whetstone","Bottled Lightning","HandDrill","HollowMod:AbyssShriek+1","HollowMod:InfectedAttack+1","HollowMod:HeavyBlow+1","HollowMod:SharpenedNail+1","TheAbacus","HollowMod:CoiledNail+1","HollowMod:HowlingWraiths+1","HollowMod:BlackTendrils+1","Lee\u0027s Waffle","Frozen Eye","PrismaticShard","DollysMirror","HollowMod:ElderbugsWisdom+1","HollowMod:NewGlowingWomb+1","HollowMod:SharpenedShadows+1","HollowMod:SlysStrikes+1","HollowMod:BaldurShell+1","HollowMod:BaldurShell+1","Cauldron","Sling","ClockworkSouvenir","HollowMod:JonisBlessing","Medical Kit"],"campfire_rested":15,"item_purchase_floors":[2,2,2,2,2,4,4,4,4,4,4,5,5,5,5,5,20,20,20,20,20,20,20,20,20,20,20,20,20,20,20,20,20,20,20,20,20,20,20,20,20,20,20,20,20,20,20,20,20,20,20,20,20,20,20,20,20,20,20,20,20,20,20,20,20,20,20,20,20,20,20,20,20,20,20,20,20,20,20,20,20,20,20,20,20,20,20,20,20,20,20,20,20,20,20,20,20,20,20,20,22,22,22,22,22,29,29,29,29,36,37,38,63,63,63,63,63,63,63,70,72,79,90,96],"current_hp_per_floor":[95,105,120,130,140,150,160,170,180,190,200,210,220,230,240,250,260,270,280,222,232,242,264,274,286,296,306,316,326,336,346,356,368,378,388,405,415,425,414,421,426,438,448,458,468,480,487,499,506,518,528,538,548,560,570,580,590,600,612,624,636,643,653,658,668,675,685,695,705,725,740,750,760,767,772,784,796,806,816,826,833,845,855,867,877,887,897,909,919,929,936,943,953,965,972,982,994,1001,1011,1018,1030,1040,1040,1040],"gold":9984563,"neow_bonus":"","is_daily":false,"chose_seed":false,"campfire_upgraded":1,"win_rate":0.0,"timestamp":1611779134,"path_taken":["M","$","?","?","$","E","E","E","T","M","M","E","E","E","R","BOSS","M","?","$","M","$","E","R","?","T","?","R","$","?","M","R","BOSS","M","$","$","$","?","R","R","E","T","?","?","E","R","E","R","BOSS","M","M","?","?","?","R","E","?","E","?","R","$","R","$","R","BOSS","M","$","?","?","?","R","R","?","E","R","$","?","R","?","R","BOSS","M","?","?","?","$","R","R","M","E","R","$","?","R","?","R","BOSS","M"],"items_purchased_type":["Relic","Relic","Relic","Card","Card","Relic","Relic","Relic","Card","Potion","Card","Relic","Relic","Relic","Card","Potion","Relic","Relic","Relic","Relic","Relic","Relic","Relic","Relic","Relic","Relic","Relic","Relic","Card","Card","Card","Card","Card","Card","Card","Card","Card","Card","Card","Card","Card","Card","Card","Relic","Relic","Relic","Relic","Relic","Relic","Relic","Relic","Relic","Relic","Relic","Relic","Relic","Relic","Relic","Relic","Relic","Relic","Relic","Relic","Relic","Relic","Relic","Relic","Relic","Relic","Relic","Relic","Relic","Relic","Relic","Relic","Relic","Relic","Relic","Relic","Relic","Relic","Relic","Relic","Relic","Relic","Relic","Relic","Relic","Relic","Relic","Relic","Relic","Relic","Relic","Relic","Relic","Relic","Relic","Relic","Relic","Relic","Card","Card","Card","Card","Relic","Card","Card","Card","Relic","Relic","Relic","Relic","Card","Card","Card","Card","Card","Card","Relic","Relic","Relic","Relic","Relic"],"build_version":"2020-12-22","purchased_purges":40,"victory":false,"max_hp_per_floor":[95,105,120,130,140,150,160,170,180,190,200,210,220,230,240,250,260,270,280,222,232,242,264,274,286,296,306,316,326,336,346,356,368,378,388,405,415,425,414,421,426,438,448,458,468,480,487,499,506,518,528,538,548,560,570,580,590,600,612,624,636,643,653,658,668,675,685,695,705,725,740,750,760,767,772,784,796,806,816,826,833,845,855,867,877,887,897,909,919,929,936,943,953,965,972,982,994,1001,1011,1018,1030,1040,1040,1040],"card_choices":[{"not_picked":["HollowMod:SoulMaster+1","HollowMod:VoidDash"],"picked":"HollowMod:Weaversong+1","floor":6.0},{"not_picked":["HollowMod:HerrahsAnger","HollowMod:AwokenDreamNail"],"picked":"HollowMod:Weaversong+1","floor":7.0},{"not_picked":["HollowMod:AwokenDreamNail","HollowMod:HornetsHelp","HollowMod:LifebloodCore"],"picked":"SKIP","floor":8.0},{"not_picked":["HollowMod:HornetsHelp+1","HollowMod:LifebloodCore","HollowMod:HerrahsAnger"],"picked":"SKIP","floor":12.0},{"not_picked":["HollowMod:Weaversong+1","HollowMod:ZotesMagnificence+1"],"picked":"HollowMod:SoulMaster+1","floor":13.0},{"not_picked":["HollowMod:VoidDash","HollowMod:SoulMaster+1","HollowMod:HornetsHelp+1"],"picked":"SKIP","floor":14.0},{"not_picked":["HollowMod:MidwifesHunger+1","HollowMod:VoidDash+1","HollowMod:LordofShades+1","HollowMod:NewInfectedGuardian+1"],"picked":"Singing Bowl","floor":23.0},{"not_picked":["HollowMod:LifebloodCore+1","HollowMod:Weaversong+1","HollowMod:AwokenDreamNail+1","HollowMod:SoulMaster+1"],"picked":"Singing Bowl","floor":25.0},{"not_picked":["HollowMod:NewInfectedGuardian+1","HollowMod:theNailsmith+1","HollowMod:HerrahsAnger+1","HollowMod:ElderbugsWisdom+1"],"picked":"Singing Bowl","floor":33.0},{"not_picked":["Stack+1","Flechettes+1","Clash+1","HollowMod:SiblingsShadow+1"],"picked":"Singing Bowl","floor":40.0},{"not_picked":["Steam+1","HollowMod:SoulSplash+1","HollowMod:DoubleDash+1"],"picked":"Crescendo+1","floor":41.0},{"not_picked":["Devotion+1","Bludgeon+1","Metamorphosis+1","Burst+1"],"picked":"Singing Bowl","floor":42.0},{"not_picked":["Secret Weapon+1","Reboot+1","HollowMod:AwokenDreamNail+1","Demon Form+1"],"picked":"Singing Bowl","floor":46.0},{"not_picked":["HollowMod:CycloneSlash+1","InnerPeace+1","Deadly Poison+1","Caltrops+1"],"picked":"Singing Bowl","floor":47.0},{"not_picked":["Brilliance+1","Burst+1","Glass Knife+1","Bullet Time+1"],"picked":"Singing Bowl","floor":48.0},{"not_picked":["Stack+1","Dagger Spray+1","Backflip+1","True Grit+1"],"picked":"Singing Bowl","floor":49.0},{"not_picked":["HollowMod:VoidDash+1","Exhume+1","Doppelganger+1","HollowMod:HornetsHelp+1"],"picked":"Singing Bowl","floor":50.0},{"not_picked":["Juggernaut+1","Thunder Strike+1","Envenom+1","Fiend Fire+1"],"picked":"Singing Bowl","floor":54},{"not_picked":["Core Surge+1","Double Tap+1","Blasphemy+1"],"picked":"A Thousand Cuts+1","floor":58},{"not_picked":["HollowMod:MidwifesHunger+1","Demon Form+1","HandOfGreed+1","Amplify+1"],"picked":"Singing Bowl","floor":59},{"not_picked":["Rainbow+1","HollowMod:MidwifesHunger+1","Bludgeon+1","Exhume+1"],"picked":"Singing Bowl","floor":60},{"not_picked":["HollowMod:LordofShades+1","Secret Technique+1","Devotion+1","HollowMod:VoidDash+1"],"picked":"Singing Bowl","floor":61},{"not_picked":["True Grit+1","HollowMod:BlackTendrils+1","Armaments+1","Scrape+1"],"picked":"Singing Bowl","floor":62},{"not_picked":["Ball Lightning+1","Metallicize+1","HollowMod:PerfectDash+1"],"picked":"Flex+1","floor":64},{"not_picked":["Hologram+1","Carnage+1","HollowMod:CycloneSlash+1","Halt+1"],"picked":"Singing Bowl","floor":66},{"not_picked":["Biased Cognition+1","Mayhem+1","Impervious+1"],"picked":"HollowMod:SoulMaster+1","floor":67},{"not_picked":["SignatureMove+1","Carnage+1","Reprogram+1","EmptyFist+1"],"picked":"Singing Bowl","floor":74},{"not_picked":["Rebound+1","Halt+1","Steam+1"],"picked":"Inflame+1","floor":75},{"not_picked":["Vault+1","HollowMod:LifebloodCore+1","Secret Technique+1","Storm of Steel+1"],"picked":"Singing Bowl","floor":76},{"not_picked":["Biased Cognition+1","Reboot+1","Feed+1","Malaise+1"],"picked":"Singing Bowl","floor":77},{"not_picked":["Heavy Blade+1","Tempest+1","Slice+1","Noxious Fumes+1"],"picked":"Singing Bowl","floor":81},{"not_picked":["Brutality+1","Fiend Fire+1","Double Tap+1","Core Surge+1"],"picked":"Singing Bowl","floor":82},{"not_picked":["Transmutation+1","Sadistic Nature+1","Brutality+1","SpiritShield+1"],"picked":"Singing Bowl","floor":84},{"not_picked":["Seek+1","Corpse Explosion+1"],"picked":"Singing Bowl","floor":88},{"not_picked":["PiercingWail+1","Stack+1"],"picked":"Singing Bowl","floor":91},{"not_picked":["Dodge and Roll+1","HollowMod:InfectedAttack+1"],"picked":"Singing Bowl","floor":92},{"not_picked":["HollowMod:LordofShades+1","Burst+1"],"picked":"Singing Bowl","floor":94},{"not_picked":["HollowMod:SiblingsSouls+1","CrushJoints+1"],"picked":"Singing Bowl","floor":95},{"not_picked":["Panache+1","Blasphemy+1"],"picked":"Singing Bowl","floor":97},{"not_picked":["HollowMod:InfectedAttack+1","HollowMod:HeavyBlow+1"],"picked":"Singing Bowl","floor":98},{"not_picked":["Distraction+1","Rupture+1"],"picked":"Singing Bowl","floor":100},{"not_picked":["All For One+1","Burst+1"],"picked":"Singing Bowl","floor":101}],"player_experience":104305,"relics_obtained":[{"floor":1.0,"key":"Smiling Mask"},{"floor":6.0,"key":"Frozen Egg 2"},{"floor":7.0,"key":"Toy Ornithopter"},{"floor":8.0,"key":"CaptainsWheel"},{"floor":9.0,"key":"Molten Egg 2"},{"floor":10.0,"key":"Bottled Tornado"},{"floor":11.0,"key":"The Courier"},{"floor":12.0,"key":"Lizard Tail"},{"floor":13.0,"key":"Blue Candle"},{"floor":14.0,"key":"Regal Pillow"},{"floor":18.0,"key":"Bag of Marbles"},{"floor":19.0,"key":"Orichalcum"},{"floor":21.0,"key":"Circlet"},{"floor":23.0,"key":"Circlet"},{"floor":25.0,"key":"Circlet"},{"floor":26.0,"key":"Circlet"},{"floor":26.0,"key":"Circlet"},{"floor":27.0,"key":"Circlet"},{"floor":30.0,"key":"Circlet"},{"floor":30.0,"key":"Circlet"},{"floor":31.0,"key":"Circlet"},{"floor":35.0,"key":"Circlet"},{"floor":42.0,"key":"Circlet"},{"floor":43.0,"key":"Circlet"},{"floor":44.0,"key":"Circlet"},{"floor":46.0,"key":"Circlet"},{"floor":48.0,"key":"Circlet"},{"floor":52,"key":"Old Coin"},{"floor":53,"key":"MawBank"},{"floor":69,"key":"Circlet"},{"floor":80,"key":"Circlet"},{"floor":86,"key":"Circlet"},{"floor":89,"key":"Circlet"},{"floor":93,"key":"Circlet"},{"floor":99,"key":"Circlet"}],"event_choices":[{"damage_healed":0.0,"max_hp_gain":0.0,"max_hp_loss":0.0,"gold_gain":0.0,"event_name":"The Woman in Blue","player_choice":"Bought 3 Potions","floor":3.0,"gold_loss":0.0,"damage_taken":0.0},{"damage_healed":0.0,"max_hp_gain":0.0,"max_hp_loss":21.0,"gold_gain":0.0,"event_name":"Winding Halls","player_choice":"Max HP","floor":39.0,"gold_loss":0.0,"damage_taken":0.0},{"cards_removed":["HollowMod:WraithStrike"],"damage_healed":0.0,"max_hp_gain":0.0,"max_hp_loss":0.0,"gold_gain":0.0,"event_name":"Falling","player_choice":"Removed Attack","floor":45.0,"gold_loss":0.0,"damage_taken":0.0},{"damage_healed":0,"gold_gain":0,"player_choice":"Ignored","damage_taken":0,"max_hp_gain":0,"max_hp_loss":0,"event_name":"Shining Light","floor":56,"gold_loss":0},{"damage_healed":0,"gold_gain":0,"player_choice":"Shed Blood","damage_taken":181,"max_hp_gain":5,"max_hp_loss":0,"event_name":"Forgotten Altar","floor":71,"gold_loss":0},{"damage_healed":0,"gold_gain":0,"player_choice":"Ignored","damage_taken":0,"max_hp_gain":0,"max_hp_loss":0,"event_name":"Ghosts","floor":73,"gold_loss":0},{"damage_healed":0,"gold_gain":0,"player_choice":"Ignored","damage_taken":0,"max_hp_gain":0,"max_hp_loss":0,"event_name":"Tomb of Lord Red Mask","floor":87,"gold_loss":0}],"is_beta":false,"boss_relics":[{"not_picked":["Fusion Hammer","Pandora\u0027s Box"],"picked":"SacredBark"},{"not_picked":["Calling Bell","Runic Dome"],"picked":"SlaversCollar"},{"not_picked":["Sozu","Velvet Choker"],"picked":"Philosopher\u0027s Stone"},{"not_picked":["Fusion Hammer","Astrolabe","Snecko Eye"]},{"not_picked":["Runic Dome","Velvet Choker"],"picked":"Busted Crown"},{"not_picked":["Sozu","HollowMod:KingsSoulRelic"],"picked":"Runic Pyramid"}],"items_purged_floors":[2,2,2,2,2,2,4,5,20,20,20,20,20,20,20,20,20,20,20,20,20,20,20,22,22,22,22,29,29,29,36,36,63,63,63,63,63,63,70,90],"is_endless":true,"potions_floor_spawned":[1,7,11,16,21,23,25,27,31,33,35,42,44,46,48,50,52,53,54,55,58,59,60,61,67,69,76,77,80,82,84,86,88,89,93,94,97,99,101],"killed_by":"Cultist","ascension_level":9}}