{"host":"qg654vxoo1kzp6cj","time":1611711489,"event":{"mods":["100% Spire Juice","2.2 Compatiblity","Act Like it!","Aspiration","BaseMod","Better Altar","Better Skull","Better Third Choice","Better Vampires","Displayed Cursed Tome","Downfall","Elementarium","Gensokyo","GifTheSpireLib","Hallownest","HololiveMod","Hubris","Ironclad Rager","Menagerie","Minty Spire (QoL Compilation)","MostiFishMod","Pale of the Ancients","Reliquary","Replay The Spire","Spicy Shops","StSLib","Stuff the Spire","The Animator","The Bug Knight","The Runesmith","The Senshi","The Servant 0.9.4","TheHero","Wandering Minibosses","WarShipGirlsR/????R mod"],"gold_per_floor":[110,110,124,135,135,169,179,179,179,211,231,231,259,271,271,371,371,383,399,418,418,418,452,467,467,515,541,541,541],"floor_reached":28,"language":"ENG","playtime":1081,"items_purged":[],"score":351,"play_id":"cb01e714-7893-4bcc-9865-789da25a2a91","local_time":"20210126203809","is_ascension_mode":true,"campfire_choices":[{"data":"Finisher","floor":8,"key":"SMITH"},{"data":"Infinite Blades","floor":15,"key":"SMITH"},{"floor":25,"key":"REST"}],"circlet_count":0,"master_deck":["Strike_G","Strike_G","Strike_G","Strike_G","Strike_G","Defend_G","Defend_G","Defend_G","Defend_G","Defend_G","Survivor","Neutralize","Blade Dance","Blade Dance","Finisher+1","Infinite Blades+1","MostiFishMod:InvigoratingSolution","Crippling Poison","MostiFishMod:ShivMaster+1","StuffTheSpire:DoubleShiv","StuffTheSpire:Python","Terror+1","Backstab","hubris:Sniper"],"relics":["Ring of the Snake","DaveBox","BrkXgEgg","NeowsBlessing","SynthV:TestCard","aspiration:BabyByrd","Toy Ornithopter","Oddly Smooth Stone","The Courier","ReplayTheSpireMod:TigerMarble","HoveringKite","Matryoshka","reliquary:Boomerang","SynthV:C4","hubris:SlimyHat"],"acts_visited":["Exordium","TheCity"],"potions_floor_usage":[7,10,16,16,16,23,27],"damage_taken":[{"damage":0,"enemies":"2 Louse","floor":1,"turns":1},{"damage":0,"enemies":"Small Slimes","floor":3,"turns":1},{"damage":0,"enemies":"Cultist","floor":4,"turns":1},{"damage":18,"enemies":"Lagavulin","floor":6,"turns":5},{"damage":8,"enemies":"Large Slime","floor":7,"turns":4},{"damage":12,"enemies":"Gremlin Nob","floor":10,"turns":2},{"damage":0,"enemies":"Gremlin Gang","floor":11,"turns":1},{"damage":5,"enemies":"Replay:BlueRogue","floor":13,"turns":2},{"damage":0,"enemies":"2 Fungi Beasts","floor":14,"turns":1},{"damage":2,"enemies":"Hexaghost","floor":16,"turns":7},{"damage":0,"enemies":"3 Byrds","floor":18,"turns":1},{"damage":0,"enemies":"Spheric Guardian","floor":19,"turns":1},{"damage":0,"enemies":"Centurion and Healer","floor":20,"turns":1},{"damage":43,"enemies":"Slavers","floor":23,"turns":5},{"damage":9,"enemies":"Shelled Parasite and Fungi","floor":24,"turns":2},{"damage":31,"enemies":"HollowMod:Nosk","floor":27,"turns":4},{"damage":33,"enemies":"Snake Plant","floor":28,"turns":3}],"seed_played":"9034071524430078395","potions_obtained":[{"floor":3,"key":"Explosive Potion"},{"floor":6,"key":"Strength Potion"},{"floor":7,"key":"Death Potion"},{"floor":10,"key":"EssenceOfSteel"},{"floor":13,"key":"Block Potion"},{"floor":20,"key":"Weak Potion"},{"floor":23,"key":"SteroidPotion"},{"floor":27,"key":"SpeedPotion"}],"is_trial":false,"path_per_floor":["M","?","M","M","?","E","M","R","T","E","M","?","E","M","R","B",null,"M","M","M","?","?","E","M","R","T","E","M"],"character_chosen":"THE_SILENT","items_purchased":[],"campfire_rested":1,"item_purchase_floors":[],"current_hp_per_floor":[70,70,70,70,70,52,49,49,49,42,42,42,37,37,37,50,70,70,70,70,70,80,37,28,52,52,26,0,0],"gold":541,"neow_bonus":"THREE_ENEMY_KILL","is_daily":false,"chose_seed":false,"campfire_upgraded":2,"win_rate":0.0,"timestamp":1611711489,"path_taken":["M","?","M","M","?","E","M","R","T","E","?","?","E","M","R","BOSS","M","?","M","?","?","E","?","R","T","E","M"],"items_purchased_type":[],"build_version":"2020-12-22","purchased_purges":0,"victory":false,"max_hp_per_floor":[70,70,70,70,70,70,70,70,70,70,70,70,70,70,70,70,70,70,70,70,70,80,80,80,80,80,80,80,80],"card_choices":[{"not_picked":["PiercingWail","Prepared"],"picked":"Blade Dance","floor":1},{"not_picked":["Dagger Spray","Sucker Punch","Concentrate","Flechettes"],"picked":"Blade Dance","floor":3},{"not_picked":["Deadly Poison","Setup","Bane","hubris:SlightOfHand"],"picked":"hubris:TrickCloak","floor":4},{"not_picked":["StuffTheSpire:ClusterCrunch","Prepared","All Out Attack","Flechettes","Masterful Stab"],"picked":"SKIP","floor":6},{"not_picked":["Acrobatics","MostiFishMod:Listen+1","Bane","hubris:SlightOfHand"],"picked":"Finisher","floor":7},{"not_picked":["Leg Sweep","Deflect","Dagger Throw","Well Laid Plans"],"picked":"MostiFishMod:GrandStart+1","floor":10},{"not_picked":["Predator","Bane","Deadly Poison","Dodge and Roll"],"picked":"Infinite Blades","floor":11},{"not_picked":["hubris:SlightOfHand","Well Laid Plans","Prepared","Dagger Spray"],"picked":"Crippling Poison","floor":13},{"not_picked":["StuffTheSpire:BumpUp","Tactician","Acrobatics","PiercingWail","Concentrate"],"picked":"SKIP","floor":14},{"not_picked":["MostiFishMod:Wind+1","Die Die Die+1","Tools of the Trade+1","MostiFishMod:FullyArmed+1"],"picked":"MostiFishMod:ShivMaster+1","floor":16},{"not_picked":["Prepared","StuffTheSpire:MirrorStance","Blur","MostiFishMod:InvigoratingSolution"],"picked":"StuffTheSpire:DoubleShiv","floor":18},{"not_picked":["StuffTheSpire:BrimstoneBlast","Reflex","Outmaneuver","Crippling Poison"],"picked":"StuffTheSpire:Python","floor":19},{"not_picked":["Endless Agony","Poisoned Stab","StuffTheSpire:Python","Outmaneuver"],"picked":"Terror+1","floor":20},{"not_picked":["MostiFishMod:Opportunism+1","Poisoned Stab+1","Sucker Punch","Underhanded Strike","Escape Plan"],"picked":"SKIP","floor":23},{"not_picked":["Deflect","Deadly Poison","StuffTheSpire:Injection","All Out Attack+1"],"picked":"Backstab","floor":24},{"not_picked":["Grand Finale+1","Poisoned Stab","StuffTheSpire:Incursion","All Out Attack"],"picked":"hubris:Sniper","floor":27}],"player_experience":838540,"relics_obtained":[{"floor":1,"key":"SynthV:TestCard"},{"floor":6,"key":"Toy Ornithopter"},{"floor":9,"key":"Oddly Smooth Stone"},{"floor":10,"key":"The Courier"},{"floor":13,"key":"ReplayTheSpireMod:TigerMarble"},{"floor":23,"key":"Matryoshka"},{"floor":26,"key":"reliquary:Boomerang"},{"floor":26,"key":"SynthV:C4"},{"floor":27,"key":"hubris:SlimyHat"}],"event_choices":[{"damage_healed":0,"gold_gain":0,"player_choice":"Upgraded","damage_taken":0,"max_hp_gain":0,"max_hp_loss":0,"event_name":"Upgrade Shrine","floor":5,"gold_loss":0,"cards_upgraded":["hubris:TrickCloak"]},{"damage_healed":0,"gold_gain":0,"cards_transformed":["hubris:TrickCloak"],"player_choice":"Transformed","damage_taken":0,"max_hp_gain":0,"max_hp_loss":0,"event_name":"Transmorgrifier","floor":12,"gold_loss":0,"cards_obtained":["MostiFishMod:InvigoratingSolution"]},{"damage_healed":0,"gold_gain":0,"player_choice":"Ignored","damage_taken":0,"max_hp_gain":0,"max_hp_loss":0,"event_name":"Vampires","floor":21,"gold_loss":0},{"cards_removed":["MostiFishMod:GrandStart"],"damage_healed":0,"gold_gain":0,"player_choice":"Offered Rare","damage_taken":0,"max_hp_gain":10,"max_hp_loss":0,"event_name":"Bonfire Elementals","floor":22,"gold_loss":0}],"is_beta":false,"boss_relics":[{"not_picked":["hubris:Stopwatch","ChewingGum"],"picked":"HoveringKite"}],"items_purged_floors":[],"is_endless":false,"potions_floor_spawned":[3,6,7,10,13,14,20,23,27],"killed_by":"Snake Plant","ascension_level":3}}