{"host":"na09lpbrez4gbfiz","time":1611741731,"event":{"mods":["Act Like it!","BaseMod","BetterRewards","Colored Map","Colored Powertips","DeckTracker","Googly Eyes","Highlight Path","Minty Spire (QoL Compilation)","Quick Restart","Spicy Shops","StSLib","SuperFastMode","Synergy Search"],"gold_per_floor":[117,67,67,83,23,52,52,52,52,227,227,227,248,248,248,372,372,390,390,390],"floor_reached":19,"language":"ENG","playtime":273,"items_purged":["Regret"],"score":273,"play_id":"ae4d8387-3e23-424e-8ddf-7570042149ae","local_time":"20210127110211","is_ascension_mode":true,"campfire_choices":[{"data":"Rampage","floor":7,"key":"SMITH"},{"data":"Bash","floor":11,"key":"SMITH"},{"data":"Carnage","floor":15,"key":"SMITH"}],"circlet_count":0,"master_deck":["Strike_R","Strike_R","Strike_R","Strike_R","Defend_R","Defend_R","Defend_R","Defend_R","Bash+1","Rampage+1","Carnage+1","Double Tap+1","CurseOfTheBell","Burning Pact+1"],"relics":["Burning Blood","NeowsBlessing","The Courier","Nunchaku","Toxic Egg 2","Golden Idol","Calling Bell","Dream Catcher","Eternal Feather","Dead Branch"],"acts_visited":["Exordium","TheCity"],"potions_floor_usage":[16,19],"damage_taken":[{"damage":0,"enemies":"2 Louse","floor":1,"turns":1},{"damage":0,"enemies":"Small Slimes","floor":4,"turns":1},{"damage":0,"enemies":"Lagavulin","floor":6,"turns":1},{"damage":2,"enemies":"Jaw Worm","floor":13,"turns":3},{"damage":5,"enemies":"Slime Boss","floor":16,"turns":7},{"damage":33,"enemies":"Chosen","floor":18,"turns":5},{"damage":54,"enemies":"3 Byrds","floor":19,"turns":3}],"seed_played":"8449215323764289632","potions_obtained":[{"floor":1,"key":"LiquidMemories"},{"floor":16,"key":"DistilledChaos"}],"is_trial":false,"path_per_floor":["M","?","?","M","$","E","R","$","T","?","R","?","M","?","R","B",null,"M","M"],"character_chosen":"IRONCLAD","items_purchased":[],"campfire_rested":0,"item_purchase_floors":[],"current_hp_per_floor":[78,78,78,80,80,80,80,80,80,80,80,60,64,57,57,58,75,48,0,0],"gold":390,"neow_bonus":"THREE_ENEMY_KILL","is_daily":false,"chose_seed":false,"campfire_upgraded":3,"win_rate":0.0,"timestamp":1611741731,"path_taken":["M","?","?","M","$","E","R","?","T","?","R","?","?","?","R","BOSS","M","M"],"items_purchased_type":[],"build_version":"2020-12-22","purchased_purges":1,"victory":false,"max_hp_per_floor":[80,80,80,80,80,80,80,80,80,80,80,80,80,80,80,80,80,80,80,80],"card_choices":[{"not_picked":["Intimidate","Wild Strike","Pommel Strike"],"picked":"SKIP","floor":1},{"not_picked":["Blood for Blood","Headbutt","Twin Strike"],"picked":"SKIP","floor":4},{"not_picked":["Blood for Blood","Headbutt","Twin Strike"],"picked":"SKIP","floor":4},{"not_picked":["Iron Wave","Seeing Red"],"picked":"Rampage","floor":6},{"not_picked":["Fire Breathing","Cleave"],"picked":"Carnage","floor":13},{"not_picked":["Fiend Fire","Berserk"],"picked":"Double Tap+1","floor":16},{"not_picked":["Heavy Blade","Anger"],"picked":"Burning Pact+1","floor":18}],"player_experience":175339,"relics_obtained":[{"floor":6,"key":"Nunchaku"},{"floor":9,"key":"Toxic Egg 2"},{"floor":17,"key":"Dream Catcher"},{"floor":17,"key":"Eternal Feather"},{"floor":17,"key":"Dead Branch"}],"event_choices":[{"cards_removed":["Strike_R"],"damage_healed":0,"gold_gain":0,"player_choice":"Card Removal","damage_taken":0,"max_hp_gain":0,"max_hp_loss":0,"event_name":"The Cleric","floor":2,"gold_loss":50},{"damage_healed":0,"gold_gain":0,"player_choice":"Box","damage_taken":0,"relics_obtained":["The Courier"],"max_hp_gain":0,"max_hp_loss":0,"event_name":"Big Fish","floor":3,"gold_loss":0,"cards_obtained":["Regret"]},{"damage_healed":0,"gold_gain":175,"player_choice":"AGREE","damage_taken":0,"max_hp_gain":0,"max_hp_loss":0,"event_name":"Liars Game","floor":10,"gold_loss":0,"cards_obtained":["Doubt"]},{"damage_healed":0,"gold_gain":0,"player_choice":"Take Damage","damage_taken":20,"relics_obtained":["Golden Idol"],"max_hp_gain":0,"max_hp_loss":0,"event_name":"Golden Idol","floor":12,"gold_loss":0},{"cards_removed":["Doubt"],"damage_healed":0,"gold_gain":0,"player_choice":"Card Removal","damage_taken":7,"max_hp_gain":0,"max_hp_loss":0,"event_name":"Golden Wing","floor":14,"gold_loss":0}],"is_beta":false,"boss_relics":[{"not_picked":["Snecko Eye","SacredBark"],"picked":"Calling Bell"}],"items_purged_floors":[5],"is_endless":false,"potions_floor_spawned":[1,16],"killed_by":"3 Byrds","ascension_level":9}}