{"host":"px2oznrenyeljk7o","time":1611780075,"event":{"mods":["100% Spire Juice","A Magickal Journey","A Penny For Your Troubles","AchievementEnabler","Act Like it!","Arknights The Spire","BaseMod","Better Altar","Better Match","Better Note","Better Sensory Stone","Better Skull","Better Third Choice","ChefMod","Colored Map","Conspire","Curses Come First","Elementarium","Evolution","Fireblade Mod","Fox Events","Gensokyo","GifTheSpireLib","GungeonMod","Hermit","KinomotoSakuraMod(????)","Koishi","Lobotomy","LobotomyExtend","Marisa????????","Menagerie","Minty Spire (QoL Compilation)","Nova Terra(??·??)","Poor People Problems","Potionbrewer","Random Character Button","Rare Cards Sparkle","Reimu??????","Reliquary","Replay The Spire","Robot Space Explorer","Small Relic Pack","Somnambulant","Spicy Shops","StSLib","Stuff the Spire","The Administrix","The Alterego","The Animator","The Blackbeard","The Blue Laboratory","The Bug Knight","The Construct","The Cursed","The Death Knight","The Disciple","The Gatherer","The Hayseed","The Hierophant","The Jungle","The Marked","The Runesmith","The Servant 0.9.4","TheWitcher","WarShipGirlsR/????R mod","Wide Potions","Yakumo Yukari mod","Yuri Mod","everything is the same but u backflip on backflip","slay the spire mod where everything is the same but ironclad has a cowboy hat","??????REMEMod"],"gold_per_floor":[113,125,55,55,70,70,96,107,107,107,117,134,151,171,171,270,270,270,270,282,141,29,40,51,51,51,78,78,94,94,94,94,94,94],"floor_reached":33,"language":"ENG","playtime":3599,"items_purged":[],"score":259,"play_id":"e60acc94-f5c8-4db3-9b4a-5e8de710d04a","local_time":"20210127214115","is_ascension_mode":false,"campfire_choices":[{"data":"Armaments","floor":6,"key":"SMITH"},{"floor":10,"key":"REST"},{"floor":15,"key":"REST"},{"floor":25,"key":"REST"},{"floor":28,"key":"REST"},{"floor":30,"key":"REST"},{"floor":32,"key":"REST"}],"circlet_count":0,"master_deck":["Strike_R","Strike_R","Strike_R","Strike_R","Strike_R","Defend_R","Defend_R","Defend_R","Defend_R","construct:PowerUp","Finesse","Sword Boomerang","Armaments+1","Menagerie:WallOfBlossoms","Menagerie:Dismember","Flex","Flex","Shrug It Off","Run Through","Pommel Strike","Anger","Headbutt","Limit Break","Discovery","Trip","Sentinel","StuffTheSpire:Innocence","Massacre","Dropkick","Iron Wave","ReplayTheSpireMod:Stacked","Perfected Strike+1"],"relics":["Burning Blood","EVO:Axolotl","REME_ComplimentaryCards","LetterFromLob","DemoMod:PartiallyEatenCheese","conspire:BottledYoYo","Mark of Pain","Runesmith:Nanobots","DemoMod:Relodestone"],"acts_visited":["Exordium","TheCity"],"potions_floor_usage":[2,12,23,23,24],"damage_taken":[{"damage":4,"enemies":"Menagerie:MonstrousExperiment","floor":1,"turns":4},{"damage":1,"enemies":"Menagerie:WhisperingWraith","floor":2,"turns":6},{"damage":2,"enemies":"Menagerie:StygianBoar","floor":5,"turns":3},{"damage":12,"enemies":"Menagerie:EntropyWarlock","floor":8,"turns":5},{"damage":2,"enemies":"Menagerie:3_RABBITS","floor":11,"turns":6},{"damage":2,"enemies":"Menagerie:RedMage","floor":12,"turns":4},{"damage":7,"enemies":"Menagerie:EntropyWarlock","floor":13,"turns":5},{"damage":13,"enemies":"Menagerie:KEEPER_AND_YOUNG_SUNEATER","floor":14,"turns":7},{"damage":51,"enemies":"Menagerie:AVATARS","floor":16,"turns":7},{"damage":28,"enemies":"2 Thieves","floor":20,"turns":4},{"damage":2,"enemies":"Spheric Guardian","floor":23,"turns":3},{"damage":15,"enemies":"Centurion and Healer","floor":24,"turns":8},{"damage":64,"enemies":"Slavers","floor":27,"turns":8},{"damage":8,"enemies":"Snake Plant","floor":29,"turns":6},{"damage":83,"enemies":"Collector","floor":33,"turns":13}],"seed_played":"-418368602372982207","potions_obtained":[{"floor":1,"key":"PowerPotion"},{"floor":11,"key":"Energy Potion"},{"floor":12,"key":"blueLaboratory:CorrosionFlask"},{"floor":20,"key":"blueLaboratory:CorrosionFlask"},{"floor":23,"key":"SteroidPotion"}],"is_trial":false,"path_per_floor":["M","M","?","?","M","R","?","M","T","R","M","M","M","M","R","B",null,"M","?","M","?","$","M","M","R","T","E","R","M","R","?","R","B"],"character_chosen":"IRONCLAD","items_purchased":["Massacre"],"campfire_rested":6,"item_purchase_floors":[22],"current_hp_per_floor":[80,80,80,80,80,80,48,42,42,66,70,74,73,66,80,35,80,80,80,58,58,58,62,53,77,77,19,43,41,65,65,80,0,0],"gold":94,"neow_bonus":"RANDOM_COLORLESS","is_daily":false,"chose_seed":false,"campfire_upgraded":1,"win_rate":0.0,"timestamp":1611780075,"path_taken":["M","M","?","?","M","R","?","M","T","R","M","M","M","M","R","BOSS","M","?","M","?","$","M","M","R","T","E","R","M","R","?","R","BOSS"],"items_purchased_type":["Card"],"build_version":"2020-12-22","purchased_purges":0,"victory":false,"max_hp_per_floor":[80,80,80,80,80,80,80,80,80,80,80,80,80,80,80,80,80,80,80,80,80,80,80,80,80,80,80,80,80,80,80,80,80,80],"card_choices":[{"not_picked":["REME_MagicPocketWatch","REME_TheoryOfElimination"],"picked":"Finesse","floor":0},{"not_picked":["Clash","Warcry"],"picked":"Sword Boomerang","floor":1},{"not_picked":["Wild Strike","Cleave"],"picked":"Armaments","floor":2},{"not_picked":["Menagerie:Tinker","Menagerie:Dismember"],"picked":"Menagerie:WallOfBlossoms","floor":3},{"not_picked":["Menagerie:CrumblingSanctuary","Menagerie:Foresee"],"picked":"Menagerie:Dismember","floor":3},{"not_picked":["Burning Pact","ReplayTheSpireMod:Limb From Limb"],"picked":"Flex","floor":5},{"not_picked":["Clothesline","Demonic Infusion"],"picked":"Flex","floor":7},{"not_picked":["StuffTheSpire:RagingBull","Seeing Red"],"picked":"Shrug It Off","floor":8},{"not_picked":["Warcry","Havoc"],"picked":"Run Through","floor":11},{"not_picked":["Searing Blow","Limit Break"],"picked":"Pommel Strike","floor":12},{"not_picked":["Combust","Life Link"],"picked":"Anger","floor":13},{"not_picked":["Heavy Blade","Sword Boomerang"],"picked":"Headbutt","floor":14},{"not_picked":["Eclipse","Exhume"],"picked":"Limit Break","floor":16},{"not_picked":["REME_FirmDetermination","Crow Ritual"],"picked":"Discovery","floor":19},{"not_picked":["StuffTheSpire:Recharge","Crow Ritual"],"picked":"Trip","floor":19},{"not_picked":["Havoc","Sword Boomerang+1"],"picked":"Sentinel","floor":20},{"not_picked":["Wild Strike","Warcry"],"picked":"Dropkick","floor":23},{"not_picked":["Shrug It Off+1","Clothesline"],"picked":"Iron Wave","floor":24},{"not_picked":["Flex+1","Sword Boomerang+1"],"picked":"ReplayTheSpireMod:Stacked","floor":27},{"not_picked":["StuffTheSpire:Incineration","Second Wind"],"picked":"Perfected Strike+1","floor":29}],"player_experience":532687,"relics_obtained":[{"floor":1,"key":"LetterFromLob"},{"floor":7,"key":"DemoMod:PartiallyEatenCheese"},{"floor":9,"key":"conspire:BottledYoYo"},{"floor":26,"key":"Runesmith:Nanobots"},{"floor":27,"key":"DemoMod:Relodestone"}],"event_choices":[{"damage_healed":0,"gold_gain":0,"player_choice":"Spells","damage_taken":0,"max_hp_gain":0,"max_hp_loss":0,"event_name":"Menagerie:MagicPeddler","floor":3,"gold_loss":70},{"damage_healed":0,"gold_gain":0,"player_choice":"Ignored","damage_taken":0,"max_hp_gain":0,"max_hp_loss":0,"event_name":"Menagerie:SpiderNest","floor":4,"gold_loss":0},{"damage_healed":0,"gold_gain":2,"player_choice":"1","damage_taken":0,"max_hp_gain":0,"max_hp_loss":0,"event_name":"betterStone:BetterStone","floor":19,"gold_loss":0},{"cards_removed":["Bash"],"damage_healed":0,"gold_gain":0,"player_choice":"Purged","damage_taken":0,"max_hp_gain":0,"max_hp_loss":0,"event_name":"Purifier","floor":31,"gold_loss":0}],"is_beta":false,"boss_relics":[{"not_picked":["conspire:SeveredTorchhead","StuffTheSpire:RunicConfusion"],"picked":"Mark of Pain"}],"items_purged_floors":[],"is_endless":false,"potions_floor_spawned":[1,2,11,12,20,23,27],"killed_by":"Collector","ascension_level":0}}