{"host":"bxn2em57qlx5u4i0","time":1611790524,"event":{"mods":["BaseMod","Colored Map","Colored Powertips","Highlight Path","Minty Spire (QoL Compilation)","Random Character Button","Relic Sorter","Relic Stats","StSLib","SuperFastMode"],"gold_per_floor":[113,130,130,130,144,144,157,157,157,157,183,213,213,213],"floor_reached":13,"language":"ENG","playtime":322,"items_purged":[],"score":216,"play_id":"3e8cb4a3-bcb5-474d-9564-07daf1c6db48","local_time":"20210127183524","is_ascension_mode":true,"campfire_choices":[{"data":"Riddle With Holes","floor":6.0,"key":"SMITH"},{"data":"Neutralize","floor":8.0,"key":"SMITH"},{"data":"Survivor","floor":10.0,"key":"SMITH"}],"circlet_count":0,"master_deck":["AscendersBane","Strike_G","Strike_G+1","Strike_G","Strike_G","Strike_G","Defend_G","Defend_G","Defend_G+1","Defend_G","Survivor+1","Neutralize+1","PiercingWail","Footwork+1","Riddle With Holes+1","Backflip","Catalyst"],"relics":["Ring of the Snake","Pear","The Specimen","Odd Mushroom"],"acts_visited":["Exordium"],"potions_floor_usage":[11,11],"damage_taken":[{"damage":1.0,"enemies":"Small Slimes","floor":1.0,"turns":3.0},{"damage":14.0,"enemies":"Jaw Worm","floor":2.0,"turns":6.0},{"damage":0.0,"enemies":"Cultist","floor":5.0,"turns":4.0},{"damage":0.0,"enemies":"Lots of Slimes","floor":7.0,"turns":7.0},{"damage":0,"enemies":"Gremlin Nob","floor":11,"turns":3},{"damage":5,"enemies":"The Mushroom Lair","floor":12,"turns":7},{"damage":36,"enemies":"Lagavulin","floor":13,"turns":13}],"seed_played":"-8924800542544690432","potions_obtained":[{"floor":5.0,"key":"SteroidPotion"},{"floor":7.0,"key":"Poison Potion"}],"is_trial":false,"path_per_floor":["M","M","?","?","M","R","M","R","T","R","E","?","E"],"character_chosen":"THE_SILENT","items_purchased":[],"campfire_rested":0,"item_purchase_floors":[],"current_hp_per_floor":[58,44,44,24,24,24,24,24,34,34,34,29,0,0],"gold":213,"neow_bonus":"REMOVE_CARD","is_daily":false,"chose_seed":false,"campfire_upgraded":3,"win_rate":0.0,"timestamp":1611790524,"path_taken":["M","M","?","?","M","R","M","R","T","R","E","?","E"],"items_purchased_type":[],"build_version":"2020-12-22","purchased_purges":0,"victory":false,"max_hp_per_floor":[66,66,66,66,66,66,66,66,76,76,76,76,76,76],"relic_stats":{"counters":[7,43],"obtain_stats":[{"Pear":9,"The Specimen":11,"Odd Mushroom":12,"Ring of the Snake":0},{"Pear":4,"The Specimen":5,"Odd Mushroom":6,"Ring of the Snake":0},{"Pear":20,"The Specimen":23,"Odd Mushroom":30,"Ring of the Snake":0}],"Ring of the Snake":[14]},"card_choices":[{"not_picked":["Tactician","Outmaneuver"],"picked":"PiercingWail","floor":1.0},{"not_picked":["Underhanded Strike","Prepared"],"picked":"Footwork","floor":2.0},{"not_picked":["Blade Dance","Eviscerate"],"picked":"Riddle With Holes","floor":5.0},{"not_picked":["Underhanded Strike","Distraction"],"picked":"Backflip","floor":7.0},{"not_picked":["Slice","Bane"],"picked":"Catalyst","floor":11}],"player_experience":2952316,"relics_obtained":[{"floor":9.0,"key":"Pear"},{"floor":11,"key":"The Specimen"},{"floor":12,"key":"Odd Mushroom"}],"event_choices":[{"damage_healed":0.0,"max_hp_gain":0.0,"max_hp_loss":0.0,"gold_gain":0.0,"event_name":"Living Wall","player_choice":"Grow","floor":3.0,"gold_loss":0.0,"damage_taken":0.0,"cards_upgraded":["Footwork"]},{"damage_healed":0.0,"max_hp_gain":0.0,"max_hp_loss":0.0,"gold_gain":0.0,"event_name":"Shining Light","player_choice":"Entered Light","floor":4.0,"gold_loss":0.0,"damage_taken":20.0,"cards_upgraded":["Strike_G","Defend_G"]},{"damage_healed":0,"gold_gain":0,"player_choice":"Fought Mushrooms","damage_taken":0,"max_hp_gain":0,"max_hp_loss":0,"event_name":"Mushrooms","floor":12,"gold_loss":0}],"is_beta":false,"boss_relics":[],"items_purged_floors":[],"is_endless":false,"potions_floor_spawned":[5,7],"killed_by":"Lagavulin","ascension_level":20}}