{"host":"dzit4ljil6490tuf","time":1611714779,"event":{"mods":["BaseMod","Downfall","Hermit","Hubris","Minty Spire (QoL Compilation)","StSLib","The Cursed","The Runesmith","The Servant 0.9.4"],"gold_per_floor":[99,117,135,145,159,188,188,208,243,243,243,270,282,22,33,130,130,130,142,158,158,171,33,86,71,106,5,21,38,53,73,86,185,185,185,199,219,219,232,232,256,287,187,211,68,68,68,93,112,112],"floor_reached":51,"language":"ITA","playtime":3386,"items_purged":["bronze:Strike"],"score":917,"play_id":"bd458e6b-700f-4c49-b529-79ccd22cc9c4","local_time":"20210127033259","is_ascension_mode":true,"campfire_choices":[{"data":"bronze:WhirlingStrike","floor":1.0,"key":"SMITH"},{"data":"bronze:Constructor","floor":11.0,"key":"SMITH"},{"data":"bronze:SpaghettiCode","floor":18.0,"key":"SMITH"},{"data":"bronze:Verify","floor":35.0,"key":"SMITH"},{"data":"bronze:Mutator","floor":40.0,"key":"SMITH"},{"floor":43.0,"key":"REST"},{"data":"bronze:Terminator","floor":46.0,"key":"SMITH"}],"circlet_count":0,"master_deck":["bronze:Strike","bronze:Strike","bronze:Strike","bronze:Defend","bronze:Defend","bronze:Defend","bronze:Defend","bronze:Replicate","bronze:Goto","bronze:WhirlingStrike+1","bronze:Constructor+1","bronze:NullPointer","bronze:CutThrough","bronze:Repair","bronze:Constructor","bronze:ChildClass","bronze:WildBeam","bronze:FineTuning","bronze:Terminator+1","bronze:Mutator+1","bronze:Flail","bronze:GetLatest","bronze:SpaghettiCode+1","bronze:Fortify","bronze:BitShift","bronze:Verify+1","bronze:Invalidate+1","bronze:Separator+1","bronze:Overheat","bronze:Frontload+1","bronze:ChildClass+1","bronze:Shell+1","bronze:Frontload","bronze:HardenedForm","bronze:FineTuning+1","bronze:Iterate+1","bronze:Flail+1","bronze:Terminator","bronze:FineTuning+1"],"relics":["bronze:BronzeCore","PreservedInsect","Shuriken","Centennial Puzzle","StoneCalendar","HornCleat","Philosopher\u0027s Stone","Oddly Smooth Stone","hubris:PeanutButter","Incense Burner","Lee\u0027s Waffle","hubris:HollowSoul","hubris:Towel","Blood Vial","Happy Flower","downfall:HeartBlessingGreen","Ancient Tea Set","Strange Spoon","hubris:MysteriousPyramids","hubris:Spice"],"acts_visited":["Exordium","TheCity","TheBeyond"],"potions_floor_usage":[50],"damage_taken":[{"damage":0.0,"enemies":"Cultist","floor":2.0,"turns":2.0},{"damage":0.0,"enemies":"Small Slimes","floor":3.0,"turns":3.0},{"damage":0.0,"enemies":"Jaw Worm","floor":4.0,"turns":3.0},{"damage":12.0,"enemies":"Exordium Thugs","floor":5.0,"turns":3.0},{"damage":5.0,"enemies":"3 Sentries","floor":6.0,"turns":7.0},{"damage":0.0,"enemies":"3 Louse","floor":8.0,"turns":2.0},{"damage":9.0,"enemies":"Lagavulin","floor":9.0,"turns":7.0},{"damage":9.0,"enemies":"Gremlin Nob","floor":12.0,"turns":3.0},{"damage":0.0,"enemies":"Gremlin Gang","floor":13.0,"turns":4.0},{"damage":0.0,"enemies":"downfall:FleeingMerchant","floor":14.0,"turns":4.0},{"damage":12.0,"enemies":"Exordium Thugs","floor":15.0,"turns":4.0},{"damage":29.0,"enemies":"IC_STATUS_ARCHETYPE","floor":16.0,"turns":6.0},{"damage":0.0,"enemies":"Chosen","floor":19.0,"turns":4.0},{"damage":0.0,"enemies":"Spheric Guardian","floor":20.0,"turns":3.0},{"damage":10.0,"enemies":"Centurion and Healer","floor":22.0,"turns":3.0},{"damage":0.0,"enemies":"downfall:FleeingMerchant","floor":23.0,"turns":4.0},{"damage":0.0,"enemies":"downfall:FleeingMerchant","floor":25.0,"turns":4.0},{"damage":14.0,"enemies":"Book of Stabbing","floor":26.0,"turns":4.0},{"damage":0.0,"enemies":"downfall:FleeingMerchant","floor":27.0,"turns":3.0},{"damage":0.0,"enemies":"Chosen and Byrds","floor":28.0,"turns":3.0},{"damage":0.0,"enemies":"3 Cultists","floor":29.0,"turns":4.0},{"damage":1.0,"enemies":"Centurion and Healer","floor":30.0,"turns":3.0},{"damage":0.0,"enemies":"Snake Plant","floor":31.0,"turns":3.0},{"damage":0.0,"enemies":"Cultist and Chosen","floor":32.0,"turns":5.0},{"damage":0.0,"enemies":"WA_ARCHETYPE_CALM","floor":33.0,"turns":7.0},{"damage":0.0,"enemies":"Orb Walker","floor":36.0,"turns":4.0},{"damage":0.0,"enemies":"3 Darklings","floor":37.0,"turns":6.0},{"damage":0.0,"enemies":"Writhing Mass","floor":39.0,"turns":7.0},{"damage":39.0,"enemies":"Nemesis","floor":42.0,"turns":7.0},{"damage":0.0,"enemies":"Giant Head","floor":48.0,"turns":5.0},{"damage":1.0,"enemies":"4 Shapes","floor":49.0,"turns":3.0},{"damage":9,"enemies":"DF_ARCHETYPE_ORBS","floor":50,"turns":7}],"seed_played":"-5474130337309580980","potions_obtained":[{"floor":2.0,"key":"FearPotion"},{"floor":4.0,"key":"SpeedPotion"},{"floor":6.0,"key":"SneckoOil"},{"floor":8.0,"key":"FairyPotion"},{"floor":13.0,"key":"AttackPotion"},{"floor":15.0,"key":"champ:CounterPotion"},{"floor":19.0,"key":"sneckomod:MuddlingPotion"},{"floor":28.0,"key":"bronze:CleanCodePotion"},{"floor":37.0,"key":"Fruit Juice"},{"floor":39.0,"key":"EntropicBrew"}],"is_trial":false,"path_per_floor":["R","M","M","M","M","E","T","M","E","?","R","E","M","$","M","B",null,"R","M","M","?","M","$","T","$","E","$","M","M","M","M","M","B",null,"R","M","M","?","M","R","T","E","R","?","$","R","T","E","M","B",null],"character_chosen":"THE_AUTOMATON","items_purchased":["HornCleat","bronze:Overheat","Incense Burner","Lee\u0027s Waffle","Strange Spoon"],"campfire_rested":1,"item_purchase_floors":[14,23,27,27,45],"current_hp_per_floor":[70,70,70,70,58,60,60,60,58,58,58,56,63,70,65,36,70,70,70,70,70,67,67,67,70,56,77,77,77,76,77,77,77,77,77,77,82,82,82,82,82,47,71,71,71,71,71,81,89,81],"gold":112,"neow_bonus":"THREE_CARDS","is_daily":false,"chose_seed":false,"campfire_upgraded":6,"win_rate":0.0,"timestamp":1611714779,"path_taken":["R","M","M","M","M","E","T","M","E","?","R","E","M","$","M","BOSS","R","M","M","?","M","$","T","?","E","$","M","M","M","M","M","BOSS","R","M","?","?","M","R","T","E","R","?","$","R","?","E","M","BOSS"],"items_purchased_type":["Relic","Card","Relic","Relic","Relic"],"build_version":"2020-12-22","purchased_purges":1,"victory":true,"max_hp_per_floor":[70,70,70,70,70,70,70,70,70,70,70,70,70,70,70,70,70,70,70,70,70,70,70,70,70,70,77,77,77,77,77,77,77,77,77,77,82,82,82,82,82,82,82,82,82,82,82,90,90,90],"card_choices":[{"not_picked":["bronze:ChildClass","bronze:Deprecate"],"picked":"bronze:WhirlingStrike","floor":0.0},{"not_picked":["bronze:Optimize","bronze:Shell"],"picked":"bronze:Constructor","floor":2.0},{"not_picked":["bronze:Deprecate","bronze:MaxOutput"],"picked":"bronze:NullPointer","floor":3.0},{"not_picked":["bronze:Frontload","bronze:BugBarrage"],"picked":"bronze:CutThrough","floor":4.0},{"not_picked":["bronze:BurnOut","bronze:Separator"],"picked":"bronze:Repair","floor":5.0},{"not_picked":["bronze:Frontload","bronze:Repulsor"],"picked":"bronze:Constructor","floor":6.0},{"not_picked":["bronze:BuggyMess","bronze:ClassDefault"],"picked":"bronze:ChildClass","floor":8.0},{"not_picked":["bronze:BuggyMess","bronze:CutThrough"],"picked":"bronze:WildBeam","floor":9.0},{"not_picked":["bronze:BugBarrage","bronze:DarkDash"],"picked":"bronze:Terminator","floor":12.0},{"not_picked":["bronze:DelayedGuard","bronze:BugBarrage"],"picked":"bronze:Mutator","floor":13.0},{"not_picked":["bronze:ForceShield","bronze:Philosophize"],"picked":"bronze:Flail","floor":14.0},{"not_picked":["bronze:Shell","bronze:Frontload"],"picked":"bronze:GetLatest","floor":15.0},{"not_picked":["bronze:ShipIt","bronze:ThunderWave"],"picked":"bronze:SpaghettiCode","floor":16.0},{"not_picked":["bronze:Iterate","bronze:DelayedGuard"],"picked":"bronze:Fortify","floor":19.0},{"not_picked":["bronze:Overload+1","bronze:MaxOutput"],"picked":"bronze:BitShift","floor":20.0},{"not_picked":["bronze:Repulsor","bronze:Frontload"],"picked":"bronze:Invalidate+1","floor":22.0},{"not_picked":["bronze:WhirlingStrike","bronze:Shield"],"picked":"bronze:Separator+1","floor":23.0},{"not_picked":["bronze:ForLoop","bronze:Constructor","bronze:HardenedForm"],"picked":"SKIP","floor":25.0},{"not_picked":["bronze:ItsAFeature+1","bronze:Deprecate"],"picked":"bronze:Frontload+1","floor":26.0},{"not_picked":["bronze:ForceShield","bronze:Philosophize","bronze:CloningBeam"],"picked":"SKIP","floor":27.0},{"not_picked":["bronze:ForceShield","bronze:FollowUp+1","bronze:BronzeArmor+1"],"picked":"SKIP","floor":28.0},{"not_picked":["bronze:BugBarrage","bronze:BitShift"],"picked":"bronze:ChildClass+1","floor":29.0},{"not_picked":["bronze:Optimize","bronze:BuggyMess","bronze:DarkDash"],"picked":"SKIP","floor":30.0},{"not_picked":["bronze:Flail","bronze:ClassDefault"],"picked":"bronze:Shell+1","floor":31.0},{"not_picked":["bronze:Invalidate+1","bronze:Backtrace"],"picked":"bronze:Frontload","floor":32.0},{"not_picked":["bronze:HyperBeam","bronze:BurnOut"],"picked":"bronze:HardenedForm","floor":33.0},{"not_picked":["bronze:CutThrough+1","bronze:Shield+1","bronze:Turbo"],"picked":"SKIP","floor":36.0},{"not_picked":["bronze:Shell+1","bronze:Constructor"],"picked":"bronze:FineTuning+1","floor":37.0},{"not_picked":["bronze:FineTuning","bronze:WhirlingStrike+1"],"picked":"bronze:Iterate+1","floor":39.0},{"not_picked":["bronze:GetLatest+1","bronze:Frontload+1"],"picked":"bronze:Flail+1","floor":42.0},{"not_picked":["bronze:BitShift","bronze:BuggyMess"],"picked":"bronze:Terminator","floor":48.0},{"not_picked":["bronze:WildBeam","bronze:DelayedSlice+1"],"picked":"bronze:FineTuning+1","floor":49.0}],"player_experience":609199,"relics_obtained":[{"floor":6.0,"key":"PreservedInsect"},{"floor":7.0,"key":"Shuriken"},{"floor":9.0,"key":"Centennial Puzzle"},{"floor":12.0,"key":"StoneCalendar"},{"floor":24.0,"key":"Oddly Smooth Stone"},{"floor":26.0,"key":"hubris:PeanutButter"},{"floor":41.0,"key":"Blood Vial"},{"floor":42.0,"key":"Happy Flower"},{"floor":44.0,"key":"Ancient Tea Set"},{"floor":47.0,"key":"hubris:MysteriousPyramids"},{"floor":48.0,"key":"hubris:Spice"}],"event_choices":[{"damage_healed":0.0,"max_hp_gain":0.0,"max_hp_loss":0.0,"gold_gain":0.0,"event_name":"The Library","player_choice":"Read","floor":21.0,"gold_loss":0.0,"damage_taken":0.0,"cards_obtained":["bronze:Verify"]}],"is_beta":false,"boss_relics":[{"not_picked":["hubris:Stopwatch","hubris:GrandSneckoEye"],"picked":"Philosopher\u0027s Stone"},{"not_picked":["SlaversCollar","Coffee Dripper"],"picked":"hubris:HollowSoul"}],"items_purged_floors":[23],"is_endless":false,"potions_floor_spawned":[2,4,6,8,13,15,19,28,29,30,32,37,39,49],"ascension_level":1}}