{"host":"w2kjv12xyhtt0cv2","time":1611768671,"event":{"mods":["Act Like it!","BaseMod","Colored Map","Friendly Minions","Gensokyo","GifTheSpireLib","Highlight Path","Hubris","Kiyohime（清姬）","Marisa（F雨　魔理沙）","Minty Spire (QoL Compilation)","Quick Restart","Reimu（博丽灵梦）","Relic Stats","Replay The Spire","RumiaBox-露米娅的神秘盒子","Shop Mod","Spicy Shops","StSLib","The Cursed","The Servant 0.9.4","UnlockEverythingMod","Waifu the Spire","[功能]功能增强和修复MOD","vexMod","【功能Mod】Neow奖励","【遗物卡牌】REMEMod","没有小屋子和绿帽子啦"],"gold_per_floor":[114,114,114,114,289,333,352,386,386,386,386],"floor_reached":10,"language":"ZHS","playtime":420,"items_purged":[],"score":107,"play_id":"e23f4b23-d892-4d69-b19b-a53c00beca2c","local_time":"20210128013111","is_ascension_mode":true,"campfire_choices":[],"circlet_count":0,"master_deck":["TheCursedMod:Strike_TheCursed","TheCursedMod:Strike_TheCursed","TheCursedMod:Strike_TheCursed","TheCursedMod:Strike_TheCursed","TheCursedMod:Defend_TheCursed","TheCursedMod:Defend_TheCursed","TheCursedMod:Defend_TheCursed","TheCursedMod:Defend_TheCursed","TheCursedMod:CursedWand","TheCursedMod:CleanUpWorkshop","TheCursedMod:Dregs","Creative AI","TheCursedMod:CircleOfBlood","TheCursedMod:CursedSpellbook","Doubt","TheCursedMod:HellsGateOpen","TheCursedMod:SpitefulPlan","Injury"],"relics":["REME_ComplimentaryCards","Cursed Key","hubris:Towel","Golden Idol","ReplayTheSpireMod:Shallot","Strawberry","Ornamental Fan"],"acts_visited":["Exordium"],"potions_floor_usage":[10],"damage_taken":[{"damage":2.0,"enemies":"Jaw Worm","floor":1.0,"turns":4.0},{"damage":48.0,"enemies":"Gremlin Nob","floor":6.0,"turns":6.0},{"damage":3.0,"enemies":"Small Slimes","floor":7.0,"turns":5.0},{"damage":14.0,"enemies":"3 Sentries","floor":8.0,"turns":8.0},{"damage":11,"enemies":"Gremlin Nob","floor":10,"turns":4}],"seed_played":"-1879721253857292612","potions_obtained":[{"floor":8.0,"key":"ColorlessPotion"}],"is_trial":false,"path_per_floor":["M","?","?","?","?","E","M","E","T","E"],"character_chosen":"THE_CURSED","items_purchased":[],"campfire_rested":0,"item_purchase_floors":[],"current_hp_per_floor":[66,66,66,66,66,20,21,16,16,9,9],"gold":386,"neow_bonus":"BOSS_RELIC","is_daily":false,"chose_seed":false,"campfire_upgraded":0,"win_rate":0.0,"timestamp":1611768671,"path_taken":["M","?","?","?","?","E","M","E","T","E"],"items_purchased_type":[],"build_version":"2020-12-22","purchased_purges":0,"victory":false,"max_hp_per_floor":[75,75,69,69,69,69,69,76,76,76,76],"relic_stats":{"counters":[5,27],"Golden Idol":20,"Ornamental Fan":[4],"Cursed Key":1,"obtain_stats":[{"TheCursedMod:BlackMagic101":0,"ReplayTheSpireMod:Shallot":6,"Golden Idol":3,"Ornamental Fan":9,"Strawberry":8,"hubris:Towel":2,"Cursed Key":0,"REME_ComplimentaryCards":0},{"TheCursedMod:BlackMagic101":0,"ReplayTheSpireMod:Shallot":2,"Golden Idol":1,"Ornamental Fan":4,"Strawberry":4,"hubris:Towel":1,"Cursed Key":0,"REME_ComplimentaryCards":0},{"TheCursedMod:BlackMagic101":0,"ReplayTheSpireMod:Shallot":10,"Golden Idol":4,"Ornamental Fan":23,"Strawberry":23,"hubris:Towel":4,"Cursed Key":0,"REME_ComplimentaryCards":0}]},"card_choices":[{"not_picked":["TheCursedMod:WearCloak","TheCursedMod:ManaBullet"],"picked":"TheCursedMod:CircleOfBlood","floor":1.0},{"not_picked":["TheCursedMod:AshesToAshes","TheCursedMod:Torture","TheCursedMod:CircleOfBlood"],"picked":"SKIP","floor":6.0},{"not_picked":["TheCursedMod:CursedAmulet","TheCursedMod:Stigma"],"picked":"TheCursedMod:HellsGateOpen","floor":7.0},{"not_picked":["TheCursedMod:DemonSword","TheCursedMod:VitalStrike"],"picked":"TheCursedMod:SpitefulPlan","floor":8.0}],"player_experience":225365,"relics_obtained":[{"floor":6.0,"key":"ReplayTheSpireMod:Shallot"},{"floor":8.0,"key":"Strawberry"},{"floor":9.0,"key":"Ornamental Fan"}],"event_choices":[{"damage_healed":0.0,"max_hp_gain":0.0,"max_hp_loss":6.0,"gold_gain":0.0,"event_name":"Golden Idol","player_choice":"Lose Max HP","floor":3.0,"gold_loss":0.0,"damage_taken":0.0,"relics_obtained":["Golden Idol"]},{"damage_healed":0.0,"max_hp_gain":0.0,"max_hp_loss":0.0,"gold_gain":175.0,"event_name":"Liars Game","player_choice":"AGREE","floor":5.0,"gold_loss":0.0,"damage_taken":0.0,"cards_obtained":["Doubt"]}],"is_beta":false,"boss_relics":[],"items_purged_floors":[],"is_endless":false,"potions_floor_spawned":[8],"killed_by":"Gremlin Nob","ascension_level":9}}