{"host":"d4nr47a59rmbesnz","time":1611756968,"event":{"mods":["A Magickal Journey","BaseMod","Better Third Choice","Hermit","Minty Spire (QoL Compilation)","Quick Restart","Replay The Spire","Shade Mod","StSLib","The Bladedancer","The Cursed","The Death Knight","The Disciple","The Forsaken","The Hierophant","The Necromancer","The Spell Scribe","The Valiant"],"gold_per_floor":[111,111,126,142,155,155,168,168,168,183,183,212,63,63,63,165,165,180,197,17,17,31,31,41,41,89,102,114,134,154,154,154,154,154],"floor_reached":33,"language":"ENG","playtime":1759,"items_purged":[],"score":253,"play_id":"e4cb364a-d689-421d-ae08-525e0abed5e0","local_time":"20210127171608","is_ascension_mode":false,"campfire_choices":[{"data":"DeathKnight:UnholyAssault","floor":6,"key":"SMITH"},{"data":"DeathKnight:BludPresence","floor":8,"key":"SMITH"},{"data":"DeathKnight:RuneTap","floor":11,"key":"SMITH"},{"floor":15,"key":"REST"},{"floor":23,"key":"REST"},{"floor":25,"key":"REST"},{"floor":32,"key":"REST"}],"circlet_count":0,"master_deck":["DeathKnight:Strike_DeathKnight","DeathKnight:Strike_DeathKnight","DeathKnight:Strike_DeathKnight","DeathKnight:Strike_DeathKnight","DeathKnight:Strike_DeathKnight","DeathKnight:Defend_DeathKnight","DeathKnight:Defend_DeathKnight","DeathKnight:Defend_DeathKnight","DeathKnight:Defend_DeathKnight","DeathKnight:Defend_DeathKnight","DeathKnight:RuneTap+1","DeathKnight:RuneStrike","theScribe:LightningStrike","Defend_Valiant","DeathKnight:HartStrike","DeathKnight:BloodBoil","DeathKnight:UnholyAssault+1","DeathKnight:BludPresence+1","DeathKnight:BloodStrike","DeathKnight:HartStrike","DeathKnight:UnholyExperiment","DeathKnight:WraithWalk","DeathKnight:DeathGrip","DeathKnight:MutagenicPlague","DeathKnight:BludPresence","DeathKnight:RaiseAlly+1","DeathKnight:BloodStrike","DeathKnight:AntiMagicShell","DeathKnight:ShatteringStrikes","DeathKnight:MutagenicPlague+1","DeathKnight:VampiricBlood"],"relics":["DeathKnight:ReforgedRuneblade","Ginger","Matryoshka","Mercury Hourglass","Onion Ring","Pocketwatch","ReplayFunnel","theForsaken:PaleLantern","Nilry\u0027s Codex","Ancient Tea Set","Strawberry"],"acts_visited":["Exordium","TheCity"],"potions_floor_usage":[7,12,16,18,22,22,27,27,28,28,29,30,33,33],"damage_taken":[{"damage":2,"enemies":"Cultist","floor":1,"turns":6},{"damage":13,"enemies":"Jaw Worm","floor":3,"turns":6},{"damage":6,"enemies":"2 Louse","floor":4,"turns":3},{"damage":5,"enemies":"Blue Slaver","floor":5,"turns":4},{"damage":9,"enemies":"2 Fungi Beasts","floor":7,"turns":4},{"damage":0,"enemies":"Lots of Slimes","floor":10,"turns":1},{"damage":16,"enemies":"Lagavulin","floor":12,"turns":4},{"damage":37,"enemies":"Slime Boss","floor":16,"turns":8},{"damage":23,"enemies":"2 Thieves","floor":18,"turns":3},{"damage":10,"enemies":"Chosen","floor":19,"turns":2},{"damage":9,"enemies":"Snecko","floor":22,"turns":4},{"damage":0,"enemies":"Snake Plant","floor":24,"turns":2},{"damage":36,"enemies":"Shelled Parasite and Fungi","floor":27,"turns":6},{"damage":11,"enemies":"Centurion and Healer","floor":28,"turns":6},{"damage":23,"enemies":"Snecko","floor":29,"turns":5},{"damage":4,"enemies":"3 Cultists","floor":30,"turns":3},{"damage":48,"enemies":"Pondfish","floor":33,"turns":10}],"seed_played":"-2023531801588909563","potions_obtained":[{"floor":1,"key":"AttackPotion"},{"floor":4,"key":"Regen Potion"},{"floor":7,"key":"ColorlessPotion"},{"floor":22,"key":"Cursed Concoction"},{"floor":24,"key":"SteroidPotion"},{"floor":28,"key":"PowerPotion"},{"floor":29,"key":"Venom Potion"}],"is_trial":false,"path_per_floor":["M","?","M","M","M","R","M","R","T","M","R","E","$","?","R","B",null,"M","M","$","?","M","R","M","R","T","M","M","M","M","?","R","B"],"character_chosen":"DEATH_KNIGHT","items_purchased":["ReplayFunnel","FairyPotion","DeathKnight:MutagenicPlague","DeathKnight:BludPresence"],"campfire_rested":4,"item_purchase_floors":[13,20,20,20],"current_hp_per_floor":[73,73,60,54,49,49,49,49,49,49,49,33,33,33,55,18,75,52,42,42,26,17,39,39,61,68,32,21,24,20,20,44,0,0],"gold":154,"neow_bonus":"ONE_RARE_RELIC","is_daily":false,"chose_seed":false,"campfire_upgraded":3,"win_rate":0.0,"timestamp":1611756968,"path_taken":["M","?","M","M","?","R","M","R","T","M","R","E","$","?","R","BOSS","M","M","$","?","M","R","M","R","T","M","M","M","M","?","R","BOSS"],"items_purchased_type":["Relic","Potion","Card","Card"],"build_version":"2020-12-22","purchased_purges":0,"victory":false,"max_hp_per_floor":[75,75,75,75,75,75,75,75,75,75,75,75,75,75,75,75,75,75,75,75,75,75,75,75,75,82,82,82,82,82,82,82,82,82],"card_choices":[{"not_picked":["DeathKnight:Rot","DeathKnight:RaiseAlly"],"picked":"DeathKnight:MindFreeze","floor":1},{"not_picked":["DeathKnight:FesteringStrike","DeathKnight:DeathAndDecay"],"picked":"DeathKnight:HartStrike","floor":3},{"not_picked":["DeathKnight:RuneShock","DeathKnight:HartStrike"],"picked":"DeathKnight:BloodBoil","floor":4},{"not_picked":["DeathKnight:Ossuary","DeathKnight:Outbreak"],"picked":"DeathKnight:UnholyAssault","floor":5},{"not_picked":["DeathKnight:BloodPact","DeathKnight:DreadStrike"],"picked":"DeathKnight:BludPresence","floor":7},{"not_picked":["DeathKnight:Obliterate","DeathKnight:UnholyPresence"],"picked":"DeathKnight:BloodStrike","floor":10},{"not_picked":["DeathKnight:Marrowrend","DeathKnight:BoneShield"],"picked":"DeathKnight:HartStrike","floor":12},{"not_picked":["DeathKnight:ReapingStrike","DeathKnight:Runesurge"],"picked":"DeathKnight:UnholyExperiment","floor":16},{"not_picked":["DeathKnight:FrostStrike","DeathKnight:GargoyleSkin"],"picked":"DeathKnight:WraithWalk","floor":18},{"not_picked":["DeathKnight:Hysteria","DeathKnight:AntiMagicShell"],"picked":"DeathKnight:DeathGrip","floor":19},{"not_picked":["DeathKnight:Contagion","DeathKnight:FrosPresence+1"],"picked":"DeathKnight:RaiseAlly+1","floor":22},{"not_picked":["DeathKnight:MindFreeze","DeathKnight:IcyTouch"],"picked":"DeathKnight:BloodStrike","floor":24},{"not_picked":["DeathKnight:DeathRune","DeathKnight:IcyTouch"],"picked":"DeathKnight:AntiMagicShell","floor":27},{"not_picked":["DeathKnight:Pestilence","DeathKnight:MindFreeze"],"picked":"DeathKnight:ShatteringStrikes","floor":28},{"not_picked":["DeathKnight:Marrowrend","DeathKnight:IcyTouch"],"picked":"DeathKnight:MutagenicPlague+1","floor":29},{"not_picked":["DeathKnight:FrosPresence","DeathKnight:BloodTap+1"],"picked":"DeathKnight:VampiricBlood","floor":30}],"player_experience":63002,"relics_obtained":[{"floor":9,"key":"Mercury Hourglass"},{"floor":9,"key":"Onion Ring"},{"floor":12,"key":"Pocketwatch"},{"floor":21,"key":"Nilry\u0027s Codex"},{"floor":26,"key":"Ancient Tea Set"},{"floor":26,"key":"Strawberry"}],"event_choices":[{"cards_removed":["DeathKnight:MindFreeze"],"damage_healed":0,"gold_gain":0,"player_choice":"Gave Card","damage_taken":0,"relics_obtained":["Matryoshka"],"max_hp_gain":0,"max_hp_loss":0,"event_name":"WeMeetAgain","floor":2,"gold_loss":0},{"damage_healed":0,"gold_gain":0,"player_choice":"Obtained Book","damage_taken":16,"max_hp_gain":0,"max_hp_loss":0,"event_name":"Cursed Tome","floor":21,"gold_loss":0}],"is_beta":false,"boss_relics":[{"not_picked":["Black Star","Runic Pyramid"],"picked":"theForsaken:PaleLantern"}],"items_purged_floors":[],"is_endless":false,"potions_floor_spawned":[1,4,7,22,24,28,29],"killed_by":"Pondfish","ascension_level":0}}