{"host":"vv4pm74vrxtrj1uw","time":1611761262,"event":{"mods":["Act Like it!","BaseMod","Minty Spire (QoL Compilation)","Rare Cards Sparkle","Spicy Shops","StSLib"],"gold_per_floor":[110,110,122,142,142,142,180,27,107,107,121,50,50,64,64,187,187,203,203,249,249,249,283,283,296,323,323,343,10,24,60,60,60,60],"floor_reached":33,"language":"ZHS","playtime":1680,"items_purged":["Pride"],"score":385,"play_id":"e13fe0b8-5e3f-4aad-a807-be6d2a22c5b8","local_time":"20210127232742","is_ascension_mode":true,"campfire_choices":[{"floor":6,"key":"REST"},{"floor":10,"key":"REST"},{"floor":15,"key":"REST"},{"floor":24,"key":"REST"},{"data":"Bouncing Flask","floor":27,"key":"SMITH"},{"floor":32,"key":"REST"}],"circlet_count":0,"master_deck":["Strike_G+1","Strike_G+1","Strike_G+1","Defend_G+1","Defend_G+1","Defend_G+1","Defend_G+1","Survivor","Neutralize+1","Bane+1","Sucker Punch","Acrobatics","Bouncing Flask+1","Acrobatics","Core Surge","Malaise+1","Flechettes+1","Grand Finale+1","Sweeping Beam+1","Genetic Algorithm+1","Headbutt+1","Melter+1","Eviscerate+1","Body Slam+1","Adrenaline"],"relics":["Ring of the Snake","NeowsBlessing","Golden Idol","PreservedInsect","Snake Skull","Ninja Scroll","PrismaticShard","FossilizedHelix","Astrolabe","Regal Pillow","Molten Egg 2","Vajra","Membership Card","Medical Kit","Oddly Smooth Stone","Whetstone"],"acts_visited":["Exordium","TheCity"],"potions_floor_usage":[7,16,31,33,33],"damage_taken":[{"damage":0.0,"enemies":"2 Louse","floor":1.0,"turns":1.0},{"damage":0,"enemies":"Cultist","floor":3,"turns":1},{"damage":0,"enemies":"Jaw Worm","floor":4,"turns":1},{"damage":37,"enemies":"3 Sentries","floor":7,"turns":10},{"damage":7,"enemies":"Large Slime","floor":11,"turns":6},{"damage":0,"enemies":"Looter","floor":14,"turns":3},{"damage":77,"enemies":"Hexaghost","floor":16,"turns":12},{"damage":8,"enemies":"Shell Parasite","floor":18,"turns":6},{"damage":30,"enemies":"Book of Stabbing","floor":23,"turns":6},{"damage":0,"enemies":"Spheric Guardian","floor":25,"turns":6},{"damage":8,"enemies":"Snecko","floor":28,"turns":4},{"damage":4,"enemies":"Snake Plant","floor":30,"turns":4},{"damage":0,"enemies":"Slavers","floor":31,"turns":2},{"damage":76,"enemies":"Champ","floor":33,"turns":10}],"seed_played":"2686143312592488656","potions_obtained":[{"floor":1.0,"key":"EntropicBrew"},{"floor":3,"key":"FairyPotion"},{"floor":23,"key":"SteroidPotion"},{"floor":28,"key":"Explosive Potion"}],"is_trial":false,"path_per_floor":["M","?","M","M","?","R","E","$","T","R","M","$","?","M","R","B",null,"M","?","T","?","?","E","R","M","T","R","M","$","M","E","R","B"],"character_chosen":"THE_SILENT","items_purchased":["Snake Skull","PrismaticShard","Membership Card","Eviscerate+1","Medical Kit","Oddly Smooth Stone"],"campfire_rested":5,"item_purchase_floors":[8,12,29,29,29,29],"current_hp_per_floor":[70,70,70,70,53,70,33,33,33,54,47,47,44,44,65,9,55,47,47,47,47,47,17,53,53,53,53,45,45,41,41,70,0,0],"gold":60,"neow_bonus":"THREE_ENEMY_KILL","is_daily":false,"chose_seed":false,"campfire_upgraded":1,"win_rate":0.0,"timestamp":1611761262,"path_taken":["M","?","?","M","?","R","E","$","T","R","M","$","?","M","R","BOSS","M","?","?","?","?","E","R","M","T","R","M","$","?","E","R","BOSS"],"items_purchased_type":["Relic","Relic","Relic","Card","Relic","Relic"],"build_version":"2020-12-22","purchased_purges":1,"victory":false,"max_hp_per_floor":[70,70,70,70,70,70,70,70,70,70,70,70,70,70,70,70,70,70,70,70,70,70,70,70,70,70,70,70,70,70,70,70,70,70],"card_choices":[{"not_picked":["Escape Plan","Sucker Punch"],"picked":"Bane","floor":1.0},{"not_picked":["Escape Plan","Crippling Poison"],"picked":"Dagger Throw","floor":3},{"not_picked":["Calculated Gamble","Concentrate"],"picked":"Sucker Punch","floor":4},{"not_picked":["Bane","Escape Plan"],"picked":"Acrobatics","floor":7},{"not_picked":["Slice","Leg Sweep"],"picked":"Bouncing Flask","floor":11},{"not_picked":["Doppelganger","Slice"],"picked":"Acrobatics","floor":14},{"not_picked":["Fission","Thinking Ahead"],"picked":"Core Surge","floor":16},{"not_picked":["Redo","Acrobatics"],"picked":"Sweeping Beam+1","floor":18},{"not_picked":["Deflect","Poisoned Stab+1"],"picked":"Genetic Algorithm+1","floor":23},{"not_picked":["Turbo","Cloak And Dagger"],"picked":"Headbutt+1","floor":25},{"not_picked":["Evaluate","FlyingSleeves+1"],"picked":"Melter+1","floor":28},{"not_picked":["EmptyFist+1","Darkness"],"picked":"Body Slam+1","floor":30},{"not_picked":["Rage","Self Repair"],"picked":"Adrenaline","floor":31}],"player_experience":151536,"relics_obtained":[{"floor":7,"key":"PreservedInsect"},{"floor":9,"key":"Ninja Scroll"},{"floor":20,"key":"Regal Pillow"},{"floor":23,"key":"Molten Egg 2"},{"floor":26,"key":"Vajra"},{"floor":31,"key":"Whetstone"}],"event_choices":[{"cards_removed":["Defend_G"],"damage_healed":0,"gold_gain":0,"player_choice":"Card Removal","damage_taken":0,"max_hp_gain":0,"max_hp_loss":0,"event_name":"Wheel of Change","floor":2,"gold_loss":0},{"damage_healed":0,"gold_gain":0,"player_choice":"Take Damage","damage_taken":17,"relics_obtained":["Golden Idol"],"max_hp_gain":0,"max_hp_loss":0,"event_name":"Golden Idol","floor":5,"gold_loss":0},{"damage_healed":0,"gold_gain":0,"player_choice":"Success","damage_taken":3,"relics_obtained":["FossilizedHelix"],"max_hp_gain":0,"max_hp_loss":0,"event_name":"Scrap Ooze","floor":13,"gold_loss":0},{"damage_healed":0,"gold_gain":0,"player_choice":"Ignored","damage_taken":0,"max_hp_gain":0,"max_hp_loss":0,"event_name":"Beggar","floor":19,"gold_loss":0},{"damage_healed":0,"gold_gain":0,"player_choice":"Simplicity","damage_taken":0,"max_hp_gain":0,"max_hp_loss":0,"event_name":"Back to Basics","floor":21,"gold_loss":0,"cards_upgraded":["Strike_G","Strike_G","Strike_G","Defend_G","Defend_G","Defend_G","Defend_G"]},{"damage_healed":0,"gold_gain":0,"player_choice":"Ignored","damage_taken":0,"max_hp_gain":0,"max_hp_loss":0,"event_name":"Vampires","floor":22,"gold_loss":0}],"is_beta":false,"boss_relics":[{"not_picked":["Empty Cage","Black Star"],"picked":"Astrolabe"}],"items_purged_floors":[29],"is_endless":false,"potions_floor_spawned":[1,3,7,23,28],"killed_by":"Champ","ascension_level":5}}