{"host":"og21o26alpnbwmz8","time":1611765051,"event":{"mods":["Act Like it!","Aspiration","BaseMod","Conspire","Downfall","Halation","Hallownest","Hubris","Jedi Mod","Mimic Mod","Minty Spire (QoL Compilation)","Pale of the Ancients","Replay The Spire","Shop Mod","Spikes Relics","StSLib","The Alterego","The Blue Laboratory","The Death Knight","The Wild Card","Waifu the Spire"],"gold_per_floor":[113,38,50,37,50,75,75,75,123,88,88,99,99,116,116,219,219,219,219],"floor_reached":18,"language":"ENG","playtime":899,"items_purged":["DeathKnight:Strike_DeathKnight"],"score":160,"play_id":"8fd84d30-beba-45bf-af29-cc309de13cc8","local_time":"20210127113051","is_ascension_mode":false,"campfire_choices":[{"data":"DeathKnight:DeathStrike","floor":8,"key":"SMITH"},{"data":"DeathKnight:ThirstingStrike","floor":11,"key":"SMITH"},{"data":"DeathKnight:BloodStrike","floor":13,"key":"SMITH"},{"data":"DeathKnight:RuneStrike","floor":15,"key":"SMITH"}],"circlet_count":0,"master_deck":["DeathKnight:RuneTap","DeathKnight:RuneStrike+1","DeathKnight:BloodPact","DeathKnight:BloodStrike+1","DeathKnight:IceboundArmor","DeathKnight:ThirstingStrike+1","DeathKnight:DeathStrike+1","Master of Strategy","DeathKnight:BloodTap","DeathKnight:Runeguard","DeathKnight:FesteringStrike","DeathKnight:UnholyFrenzy","DeathKnight:MindFreeze","DeathKnight:DeathsAdvance","DeathKnight:BladedArmor","DeathKnight:Contagion","DeathKnight:AntiMagicShell"],"relics":["DeathKnight:BrokenRuneblade","Hallownest:BankAccountRelic","hubris:TinFlute","aspiration:Lifesprig","Pandora\u0027s Box"],"acts_visited":["Exordium","Hallownest:Greenpath"],"potions_floor_usage":[14,16],"damage_taken":[{"damage":0,"enemies":"2_ Uuma","floor":1,"turns":8},{"damage":1,"enemies":"Hallownest:monsterHuskWarrior","floor":3,"turns":3},{"damage":0,"enemies":"Hallownest:2_Baldur","floor":5,"turns":4},{"damage":38,"enemies":"Hallownest:eliteMossKnight","floor":6,"turns":12},{"damage":1,"enemies":"Hallownest:Wandering_and_Horned","floor":12,"turns":5},{"damage":10,"enemies":"Hallownest:Guard_and_Warrior","floor":14,"turns":4},{"damage":57,"enemies":"Hallownest:BossFalseKnight","floor":16,"turns":7},{"damage":14,"enemies":"Hallownest:Flukemon_and_Top","floor":18,"turns":3}],"seed_played":"1556139567307611146","potions_obtained":[{"floor":5,"key":"blueLaboratory:BottleOfRum"},{"floor":12,"key":"blueLaboratory:SavagePotion"},{"floor":14,"key":"blueLaboratory:Moonshine"}],"is_trial":false,"path_per_floor":["M","?","M","$","M","E","?","R","T","$","R","M","R","M","R","B",null,"M"],"character_chosen":"DEATH_KNIGHT","items_purchased":["DeathKnight:IceboundArmor"],"campfire_rested":0,"item_purchase_floors":[4],"current_hp_per_floor":[75,75,74,74,74,36,36,36,36,36,36,46,46,47,47,1,75,61,61],"gold":219,"neow_bonus":"TRANSFORM_CARD","is_daily":false,"chose_seed":false,"campfire_upgraded":4,"win_rate":0.0,"timestamp":1611765051,"path_taken":["M","?","M","$","M","E","?","R","T","$","R","M","R","M","R","BOSS","M"],"items_purchased_type":["Card"],"build_version":"2020-12-22","purchased_purges":1,"victory":false,"max_hp_per_floor":[75,75,75,75,75,75,75,75,75,75,75,75,75,75,75,75,75,75,75],"card_choices":[{"not_picked":["DeathKnight:IcyTouch","DeathKnight:DarkSuccor","DeathKnight:RuneShock"],"picked":"SKIP","floor":1},{"not_picked":["DeathKnight:DarkSuccor","DeathKnight:Lichborne"],"picked":"DeathKnight:BloodStrike","floor":3},{"not_picked":["DeathKnight:BloodPact","DeathKnight:ScourgeStrike"],"picked":"DeathKnight:ThirstingStrike","floor":5},{"not_picked":["DeathKnight:FrosPresence","DeathKnight:ScourgeStrike"],"picked":"DeathKnight:DeathStrike","floor":6},{"not_picked":["Blind","Mind Blast"],"picked":"Master of Strategy","floor":7},{"not_picked":["DeathKnight:MindFreeze","DeathKnight:AntiMagicShell"],"picked":"DeathKnight:BloodTap","floor":12},{"not_picked":["DeathKnight:RunicDetonation","DeathKnight:ChainsOfIce","DeathKnight:UnholyPresence"],"picked":"SKIP","floor":14}],"player_experience":180479,"relics_obtained":[{"floor":6,"key":"hubris:TinFlute"},{"floor":9,"key":"aspiration:Lifesprig"}],"event_choices":[],"is_beta":false,"boss_relics":[{"not_picked":["halation:PinkAlligatorPlush","aspiration:RitualDagger"],"picked":"Pandora\u0027s Box"}],"items_purged_floors":[10],"is_endless":false,"potions_floor_spawned":[5,12,14],"killed_by":"Hallownest:Flukemon_and_Top","ascension_level":0}}