{"host":"3y2rtlgteqp2nuo3","time":1611746025,"event":{"mods":["2.2 Compatiblity","AchievementEnabler","BaseMod","Colored Map","DeckTracker","Highlight Path","Keyboard Shortcuts","Minty Spire (QoL Compilation)","Permanent Neow","Quick Restart","StSLib","SuperFastMode","everything is the same but u backflip on backflip"],"gold_per_floor":[364,364,383,407,407,407,430,430,430,445,460,460,43,58,58,154,154,172,190,90,105,105,105],"floor_reached":22,"language":"KOR","playtime":540,"items_purged":["Strike_G","Strike_G"],"score":324,"play_id":"7f450c5d-0651-4cff-929a-9de1ff1abfdb","local_time":"20210127201345","is_ascension_mode":true,"campfire_choices":[{"floor":6.0,"key":"REST"},{"data":"Bouncing Flask","floor":8,"key":"SMITH"},{"data":"Terror","floor":12,"key":"SMITH"},{"floor":15,"key":"REST"}],"circlet_count":0,"master_deck":["AscendersBane","Strike_G","Strike_G","Defend_G","Defend_G","Defend_G","Defend_G","Defend_G","Survivor","Neutralize","Blade Dance","Terror+1","Poisoned Stab","Heel Hook","Bouncing Flask+1","Footwork","Blade Dance","Bandage Up","The Bomb","Sucker Punch","Envenom","Blade Dance"],"relics":["Ring of the Snake","Golden Idol","Ninja Scroll","SlaversCollar"],"acts_visited":["Exordium","TheCity"],"potions_floor_usage":[10,21],"damage_taken":[{"damage":4.0,"enemies":"2 Louse","floor":1.0,"turns":4.0},{"damage":5.0,"enemies":"Small Slimes","floor":3.0,"turns":4.0},{"damage":1.0,"enemies":"Cultist","floor":4.0,"turns":3.0},{"damage":4,"enemies":"Blue Slaver","floor":7,"turns":4},{"damage":8,"enemies":"Gremlin Gang","floor":10,"turns":2},{"damage":4,"enemies":"Large Slime","floor":11,"turns":5},{"damage":4,"enemies":"Exordium Thugs","floor":14,"turns":3},{"damage":35,"enemies":"Slime Boss","floor":16,"turns":8},{"damage":21,"enemies":"Shell Parasite","floor":18,"turns":6},{"damage":22,"enemies":"Spheric Guardian","floor":19,"turns":4},{"damage":18,"enemies":"Chosen and Byrds","floor":21,"turns":5},{"damage":11,"enemies":"Snake Plant","floor":22,"turns":2}],"seed_played":"2955917316947672807","potions_obtained":[{"floor":4.0,"key":"SkillPotion"},{"floor":7,"key":"ColorlessPotion"},{"floor":10,"key":"SteroidPotion"}],"is_trial":false,"path_per_floor":["M","?","M","M","?","R","M","R","T","M","M","R","$","M","R","B",null,"M","M","$","M","M"],"character_chosen":"THE_SILENT","items_purchased":["Blade Dance","Bandage Up","The Bomb"],"campfire_rested":2,"item_purchase_floors":[13,13,13],"current_hp_per_floor":[40,17,12,11,11,30,26,26,26,18,14,14,14,14,33,2,50,33,15,15,1,0,0],"gold":105,"neow_bonus":"TWO_FIFTY_GOLD","is_daily":false,"chose_seed":false,"campfire_upgraded":2,"win_rate":0.0,"timestamp":1611746025,"path_taken":["M","?","M","M","?","R","M","R","T","?","M","R","$","M","R","BOSS","M","M","$","M","M"],"items_purchased_type":["Card","Card","Card"],"build_version":"2020-12-22","purchased_purges":2,"victory":false,"max_hp_per_floor":[66,66,66,66,66,66,66,66,66,66,66,66,66,66,66,66,66,66,66,66,66,66,66],"card_choices":[{"not_picked":["Setup","Quick Slash"],"picked":"Blade Dance","floor":1.0},{"not_picked":["Catalyst","Caltrops"],"picked":"Terror","floor":3.0},{"not_picked":["Bane","Distraction"],"picked":"Poisoned Stab","floor":4.0},{"not_picked":["Blade Dance","Blur"],"picked":"Bouncing Flask","floor":7},{"not_picked":["Dagger Spray","Prepared","Flying Knee"],"picked":"SKIP","floor":10},{"not_picked":["PiercingWail","Blur"],"picked":"Footwork","floor":11},{"not_picked":["Predator","Dodge and Roll"],"picked":"Sucker Punch","floor":14},{"not_picked":["Malaise","Wraith Form v2"],"picked":"Envenom","floor":16},{"not_picked":["Deflect","PiercingWail"],"picked":"Blade Dance","floor":18},{"not_picked":["Dagger Spray","Backflip","Outmaneuver"],"picked":"SKIP","floor":19},{"not_picked":["Catalyst","Dagger Throw","All Out Attack"],"picked":"SKIP","floor":21}],"player_experience":723023,"relics_obtained":[{"floor":9,"key":"Ninja Scroll"}],"event_choices":[{"damage_healed":0.0,"max_hp_gain":0.0,"max_hp_loss":0.0,"gold_gain":0.0,"event_name":"Golden Idol","player_choice":"Take Damage","floor":2.0,"gold_loss":0.0,"damage_taken":23.0,"relics_obtained":["Golden Idol"]},{"damage_healed":0.0,"max_hp_gain":0.0,"max_hp_loss":0.0,"gold_gain":0.0,"cards_transformed":["Strike_G"],"event_name":"Transmorgrifier","player_choice":"Transformed","floor":5.0,"gold_loss":0.0,"damage_taken":0.0,"cards_obtained":["Heel Hook"]}],"is_beta":false,"boss_relics":[{"not_picked":["Tiny House","Coffee Dripper"],"picked":"SlaversCollar"}],"items_purged_floors":[13,20],"is_endless":false,"potions_floor_spawned":[4,7,10,11,16],"killed_by":"Snake Plant","ascension_level":16}}