{"host":"w8jq41i5zn1fudf9","time":1611772735,"event":{"mods":["AchievementEnabler","BaseMod","Colored Map","Colored Powertips","Curses Come First","GifTheSpireLib","Googly Eyes","Minty Spire (QoL Compilation)","Quick Restart","Rare Cards Sparkle","Relic Stats","StSLib","The Awakened One except there are too many feathers","egg","everything is the same but u backflip on backflip","slay the spire mod where everything is the same but ironclad has a cowboy hat"],"gold_per_floor":[113,113,113,129,3,46,46,84,84,37,37,37,37,62,62,190,190,206,206,255,23,37,37,51,51,77,77,77],"floor_reached":27,"language":"ENG","playtime":655,"items_purged":[],"score":254,"play_id":"15604489-6ceb-4029-a76a-cb5db7744792","local_time":"20210127113855","is_ascension_mode":true,"campfire_choices":[{"data":"Loop","floor":7,"key":"SMITH"},{"data":"White Noise","floor":12,"key":"SMITH"},{"data":"Beam Cell","floor":15,"key":"SMITH"},{"data":"Capacitor","floor":23,"key":"SMITH"},{"floor":25,"key":"REST"}],"circlet_count":0,"master_deck":["Strike_B","Strike_B+1","Strike_B+1","Strike_B","Defend_B","Defend_B","Defend_B","Defend_B","Zap+1","Dualcast","White Noise+1","Loop+1","Ball Lightning","Capacitor+1","Beam Cell+1","Sweeping Beam","Self Repair","Core Surge","Violence","Auto Shields","Conserve Battery"],"relics":["Cracked Core","NeowsBlessing","Golden Idol","Symbiotic Virus","PreservedInsect","Boot","Black Star","Smiling Mask","Membership Card","Bag of Marbles"],"acts_visited":["Exordium","TheCity"],"potions_floor_usage":[8,16,24],"damage_taken":[{"damage":0,"enemies":"2 Louse","floor":1,"turns":1},{"damage":0,"enemies":"Jaw Worm","floor":4,"turns":1},{"damage":0,"enemies":"Lagavulin","floor":6,"turns":1},{"damage":13,"enemies":"3 Sentries","floor":8,"turns":5},{"damage":0,"enemies":"Small Slimes","floor":14,"turns":2},{"damage":35,"enemies":"Hexaghost","floor":16,"turns":7},{"damage":36,"enemies":"3 Byrds","floor":18,"turns":4},{"damage":15,"enemies":"Chosen","floor":22,"turns":4},{"damage":8,"enemies":"Centurion and Healer","floor":24,"turns":4},{"damage":54,"enemies":"Book of Stabbing","floor":27,"turns":5}],"seed_played":"-5554322466680518918","potions_obtained":[{"floor":1,"key":"Block Potion"},{"floor":8,"key":"Dexterity Potion"},{"floor":16,"key":"Block Potion"},{"floor":22,"key":"FearPotion"}],"is_trial":false,"path_per_floor":["M","?","?","M","$","E","R","E","T","$","?","R","?","M","R","B",null,"M","?","T","$","M","R","M","R","T","E"],"character_chosen":"DEFECT","items_purchased":["Ball Lightning","Capacitor","Sweeping Beam","Membership Card","Violence"],"campfire_rested":1,"item_purchase_floors":[5,5,10,21,21],"current_hp_per_floor":[75,69,69,69,69,69,69,56,56,56,42,42,65,65,65,37,69,40,40,40,40,32,32,31,51,51,0,0],"gold":77,"neow_bonus":"THREE_ENEMY_KILL","is_daily":false,"chose_seed":false,"campfire_upgraded":4,"win_rate":0.0,"timestamp":1611772735,"path_taken":["M","?","?","M","$","E","R","E","T","$","?","R","?","M","R","BOSS","M","?","?","$","M","R","M","R","T","E"],"items_purchased_type":["Card","Card","Card","Relic","Card"],"build_version":"2020-12-22","purchased_purges":0,"victory":false,"max_hp_per_floor":[75,69,69,69,69,69,69,69,69,69,69,69,69,69,69,69,69,69,69,69,69,69,69,69,69,69,69,69],"relic_stats":{"counters":[10,33],"Golden Idol":60,"PreservedInsect":41,"Black Star":0,"Boot":[16],"Smiling Mask":0,"obtain_stats":[{"NeowsBlessing":0,"Golden Idol":2,"PreservedInsect":8,"Black Star":17,"Bag of Marbles":26,"Membership Card":21,"Cracked Core":0,"Symbiotic Virus":6,"Boot":9,"Smiling Mask":20},{"NeowsBlessing":0,"Golden Idol":1,"PreservedInsect":4,"Black Star":6,"Bag of Marbles":9,"Membership Card":7,"Cracked Core":0,"Symbiotic Virus":3,"Boot":4,"Smiling Mask":7},{"NeowsBlessing":0,"Golden Idol":1,"PreservedInsect":8,"Black Star":17,"Bag of Marbles":28,"Membership Card":20,"Cracked Core":0,"Symbiotic Virus":3,"Boot":8,"Smiling Mask":20}]},"card_choices":[{"not_picked":["Chill","FTL"],"picked":"White Noise","floor":1},{"not_picked":["Recycle","Rebound"],"picked":"Loop","floor":4},{"not_picked":["Barrage","Stack","Rip and Tear"],"picked":"SKIP","floor":6},{"not_picked":["Tempest","Rebound"],"picked":"Beam Cell","floor":8},{"not_picked":["Double Energy","Coolheaded"],"picked":"Self Repair","floor":14},{"not_picked":["Meteor Strike","Hyperbeam"],"picked":"Core Surge","floor":16},{"not_picked":["Coolheaded","Rebound","Stack+1"],"picked":"SKIP","floor":18},{"not_picked":["Lockon+1","Streamline"],"picked":"Auto Shields","floor":22},{"not_picked":["Redo","Beam Cell"],"picked":"Conserve Battery","floor":24}],"player_experience":63970,"relics_obtained":[{"floor":6,"key":"Symbiotic Virus"},{"floor":8,"key":"PreservedInsect"},{"floor":9,"key":"Boot"},{"floor":20,"key":"Smiling Mask"},{"floor":26,"key":"Bag of Marbles"}],"event_choices":[{"damage_healed":0,"gold_gain":0,"player_choice":"Lose Max HP","damage_taken":0,"relics_obtained":["Golden Idol"],"max_hp_gain":0,"max_hp_loss":6,"event_name":"Golden Idol","floor":2,"gold_loss":0},{"damage_healed":0,"gold_gain":0,"player_choice":"Grow","damage_taken":0,"max_hp_gain":0,"max_hp_loss":0,"event_name":"Living Wall","floor":3,"gold_loss":0,"cards_upgraded":["Zap"]},{"damage_healed":0,"gold_gain":0,"player_choice":"Entered Light","damage_taken":14,"max_hp_gain":0,"max_hp_loss":0,"event_name":"Shining Light","floor":11,"gold_loss":0,"cards_upgraded":["Strike_B","Strike_B"]},{"damage_healed":23,"gold_gain":0,"player_choice":"Banana","damage_taken":0,"max_hp_gain":0,"max_hp_loss":0,"event_name":"Big Fish","floor":13,"gold_loss":0},{"damage_healed":0,"gold_gain":0,"player_choice":"Ignored","damage_taken":0,"max_hp_gain":0,"max_hp_loss":0,"event_name":"Vampires","floor":19,"gold_loss":0}],"is_beta":false,"boss_relics":[{"not_picked":["Tiny House","Fusion Hammer"],"picked":"Black Star"}],"items_purged_floors":[],"is_endless":false,"potions_floor_spawned":[1,8,16,22],"killed_by":"Book of Stabbing","ascension_level":1}}