{"host":"Qube","time":1611786264,"event":{"mods":["AchievementEnabler","BaseMod","Colored Map","Colored Powertips","Highlight Path","Minty Spire (QoL Compilation)","Permanent Neow","Quick Restart","Random Character Button","StSLib"],"gold_per_floor":[15,15,28,42,42,42,42,76,125,161,161,190,227,256,256,339,339,358,376,29,29,51,51,51,51],"floor_reached":24,"language":"ENG","playtime":1909,"items_purged":[],"score":582,"play_id":"8b3d2cfc-fdd4-49de-86a1-89a67e19dc64","local_time":"20210127142424","is_ascension_mode":true,"campfire_choices":[{"data":"Cloak And Dagger","floor":6.0,"key":"SMITH"},{"floor":11.0,"key":"REST"},{"data":"Corpse Explosion","floor":15.0,"key":"SMITH"},{"data":"Footwork","floor":23,"key":"SMITH"}],"circlet_count":0,"master_deck":["AscendersBane","Strike_G","Strike_G","Strike_G","Strike_G","Strike_G","Defend_G","Defend_G","Defend_G","Defend_G","Survivor","Neutralize+1","Quick Slash","Cloak And Dagger+1","Slice","Blur","Sucker Punch","Slice","Corpse Explosion+1","Calculated Gamble","Adrenaline","Footwork+1","Backflip"],"relics":["Ring of the Snake","Thread and Needle","Oddly Smooth Stone","CeramicFish","Bronze Scales","Sundial","Coffee Dripper","Letter Opener"],"acts_visited":["Exordium","TheCity"],"potions_floor_usage":[22],"damage_taken":[{"damage":3.0,"enemies":"Small Slimes","floor":1.0,"turns":5.0},{"damage":0.0,"enemies":"Cultist","floor":3.0,"turns":4.0},{"damage":0.0,"enemies":"Jaw Worm","floor":4.0,"turns":3.0},{"damage":21.0,"enemies":"3 Sentries","floor":8.0,"turns":10.0},{"damage":13.0,"enemies":"Lagavulin","floor":10.0,"turns":11.0},{"damage":0.0,"enemies":"Exordium Thugs","floor":12.0,"turns":4.0},{"damage":7.0,"enemies":"3 Sentries","floor":13.0,"turns":5.0},{"damage":0.0,"enemies":"2 Fungi Beasts","floor":14.0,"turns":2.0},{"damage":0.0,"enemies":"Hexaghost","floor":16.0,"turns":9.0},{"damage":0.0,"enemies":"3 Byrds","floor":18.0,"turns":2.0},{"damage":6.0,"enemies":"2 Thieves","floor":19.0,"turns":3.0},{"damage":10,"enemies":"Chosen and Byrds","floor":22,"turns":5},{"damage":0,"enemies":"Cultist and Chosen","floor":24,"turns":4}],"seed_played":"5138996998193214179","potions_obtained":[{"floor":3.0,"key":"Ancient Potion"},{"floor":8.0,"key":"Ancient Potion"},{"floor":10.0,"key":"Strength Potion"},{"floor":14.0,"key":"Swift Potion"},{"floor":16.0,"key":"CultistPotion"},{"floor":19.0,"key":"EssenceOfSteel"}],"is_trial":false,"path_per_floor":["M","?","M","M","?","R","$","E","T","E","R","M","E","M","R","B",null,"M","M","$","?","M","R","M"],"character_chosen":"THE_SILENT","items_purchased":["Letter Opener","Footwork"],"campfire_rested":1,"item_purchase_floors":[20,20],"current_hp_per_floor":[56,56,56,56,56,56,56,35,35,22,41,41,34,34,34,34,58,58,52,52,52,42,42,42,42],"gold":51,"neow_bonus":"ONE_RARE_RELIC","is_daily":false,"chose_seed":false,"campfire_upgraded":3,"win_rate":0.0,"timestamp":1611786264,"path_taken":["M","?","?","M","?","R","?","E","T","E","R","M","E","M","R","BOSS","M","M","$","?","M","R","M"],"items_purchased_type":["Relic","Card"],"build_version":"2020-12-18","purchased_purges":0,"victory":false,"max_hp_per_floor":[66,66,66,66,66,66,66,66,66,66,66,66,66,66,66,66,66,66,66,66,66,66,66,66,66],"card_choices":[{"not_picked":["Deflect","Backflip"],"picked":"Quick Slash","floor":1.0},{"not_picked":["Deadly Poison","Tactician"],"picked":"Cloak And Dagger","floor":3.0},{"not_picked":["Outmaneuver","Choke"],"picked":"Slice","floor":4.0},{"not_picked":["Concentrate","Deflect"],"picked":"Blur","floor":8.0},{"not_picked":["Deflect","Deadly Poison"],"picked":"Sucker Punch","floor":10.0},{"not_picked":["Deadly Poison","Prepared"],"picked":"Slice","floor":12.0},{"not_picked":["Dagger Spray","Dodge and Roll"],"picked":"Corpse Explosion","floor":13.0},{"not_picked":["Flying Knee","Slice"],"picked":"Calculated Gamble","floor":14.0},{"not_picked":["Wraith Form v2","Unload"],"picked":"Adrenaline","floor":16.0},{"not_picked":["Deadly Poison","Setup","Dagger Throw"],"picked":"SKIP","floor":18.0},{"not_picked":["Calculated Gamble","Concentrate+1","Outmaneuver"],"picked":"SKIP","floor":19.0},{"not_picked":["Reflex","Well Laid Plans"],"picked":"Backflip","floor":22}],"player_experience":981180,"relics_obtained":[{"floor":8.0,"key":"Oddly Smooth Stone"},{"floor":9.0,"key":"CeramicFish"},{"floor":10.0,"key":"Bronze Scales"},{"floor":13.0,"key":"Sundial"}],"event_choices":[{"damage_healed":0.0,"max_hp_gain":0.0,"max_hp_loss":0.0,"gold_gain":0.0,"event_name":"Upgrade Shrine","player_choice":"Upgraded","floor":2.0,"gold_loss":0.0,"damage_taken":0.0,"cards_upgraded":["Neutralize"]},{"cards_removed":["Defend_G"],"damage_healed":0.0,"max_hp_gain":0.0,"max_hp_loss":0.0,"gold_gain":0.0,"event_name":"Bonfire Elementals","player_choice":"Offered Basic","floor":5.0,"gold_loss":0.0,"damage_taken":0.0},{"damage_healed":0.0,"max_hp_gain":0.0,"max_hp_loss":0.0,"gold_gain":0.0,"event_name":"The Mausoleum","player_choice":"Ignored","floor":21.0,"gold_loss":0.0,"damage_taken":0.0}],"is_beta":true,"boss_relics":[{"not_picked":["Calling Bell","Ectoplasm"],"picked":"Coffee Dripper"}],"items_purged_floors":[],"is_endless":false,"potions_floor_spawned":[3,8,10,14,16,18,19],"killed_by":"Cultist and Chosen","ascension_level":20}}