{"host":"yqw1zpryoutrnocq","time":1611780969,"event":{"mods":["2.2 Compatiblity","AchievementEnabler","BaseMod","Colored Map","Custom Start","DeckTracker","Minty Spire (QoL Compilation)","Replay The Spire","StSLib","SuperFastMode"],"gold_per_floor":[118,118,130,199,303,303,335,335,385,415,426,426,436,386,386,490,490,510,527,539,557,577,612,612,641,641,641,641,48,48,59,59,154,154,69,84,99,117,36,68,68,94,170,101,101,179,3,17,17,17,17,17,17,52,52],"floor_reached":56,"language":"KOR","playtime":2250,"items_purged":["Strike_G","Amnesia"],"score":1744,"play_id":"1db29b63-542e-4e16-bf00-aa1e41b3e7ab","local_time":"20210127145608","is_ascension_mode":true,"campfire_choices":[{"data":"Replay:Poison Smokescreen","floor":6.0,"key":"SMITH"},{"data":"Blade Dance","floor":8.0,"key":"SMITH"},{"data":"Neutralize","floor":12.0,"key":"SMITH"},{"data":"Blade Dance","floor":15.0,"key":"SMITH"},{"data":"Adrenaline","floor":24,"key":"SMITH"},{"data":"ReplayTheSpireMod:The Works","floor":27,"key":"SMITH"},{"data":"Pot Of Greed","floor":30,"key":"SMITH"},{"data":"Pot Of Greed","floor":32,"key":"SMITH"},{"data":"Poison Darts","floor":41,"key":"SMITH"},{"floor":49,"key":"RECALL"},{"data":"Outmaneuver","floor":52,"key":"SMITH"}],"circlet_count":0,"master_deck":["Defend_G","Defend_G","Defend_G","Defend_G","Defend_G+1","Survivor","Neutralize+1","Poisoned Stab","PiercingWail","Dagger Spray","Replay:Poison Smokescreen+1","Blade Dance+1","After Image+1","Escape Plan+1","Blade Dance+1","Adrenaline+1","CurseOfTheBell","Pot Of Greed+1","Pot Of Greed+1","Outmaneuver+1","Eviscerate+1","Backstab","Riddle With Holes","Slice","ReplayTheSpireMod:The Works+1","Poison Darts+1","Adrenaline+1","Well Laid Plans+1","Adrenaline+1","Dodge and Roll","ReplayTheSpireMod:The Works+1","Wraith Form v2+1","Amnesia","Acrobatics+1","Sucker Punch","Terror+1","Outmaneuver+1","Backflip+1","Dodge and Roll+1","Slice+1","Noxious Fumes+1","Blade Dance+1","Pot Of Greed"],"relics":["Ring of the Snake","NeowsBlessing","Ninja Scroll","Anchor","ReplayTheSpireMod:Ninjato","Akabeko","Frozen Egg 2","Calling Bell","Grinning Jar","Gremlin Horn","Thread and Needle","Replay:Wax Seal","Tiny Chest","Ornamental Fan","Vajra","DollysMirror","StrikeDummy","Kintsugi","War Paint","Happy Flower","Quantum Egg","Shuriken","Replay:PocketPolymizer"],"acts_visited":["Exordium","TheCity","TheBeyond","TheEnding"],"potions_floor_usage":[29,31,36,40,42,55],"damage_taken":[{"damage":0.0,"enemies":"Small Slimes","floor":1.0,"turns":1.0},{"damage":0.0,"enemies":"Jaw Worm","floor":3.0,"turns":1.0},{"damage":0.0,"enemies":"3 Sentries","floor":7.0,"turns":1.0},{"damage":27.0,"enemies":"Lagavulin","floor":10.0,"turns":6.0},{"damage":0.0,"enemies":"2 Louse","floor":11.0,"turns":1.0},{"damage":0.0,"enemies":"Lots of Slimes","floor":13.0,"turns":1.0},{"damage":25.0,"enemies":"The Guardian","floor":16.0,"turns":11.0},{"damage":0.0,"enemies":"Shell Parasite","floor":18.0,"turns":3.0},{"damage":0.0,"enemies":"Chosen","floor":19.0,"turns":3.0},{"damage":0.0,"enemies":"Snake Plant","floor":20.0,"turns":4.0},{"damage":0.0,"enemies":"3 Cultists","floor":21.0,"turns":2.0},{"damage":0.0,"enemies":"Cultist and Chosen","floor":22.0,"turns":3.0},{"damage":14,"enemies":"Book of Stabbing","floor":23,"turns":7},{"damage":0,"enemies":"Gremlin Leader","floor":25,"turns":3},{"damage":0,"enemies":"Centurion and Healer","floor":31,"turns":3},{"damage":53,"enemies":"Champ","floor":33,"turns":9},{"damage":0,"enemies":"Orb Walker","floor":35,"turns":2},{"damage":0,"enemies":"3 Darklings","floor":36,"turns":2},{"damage":0,"enemies":"4 Shapes","floor":37,"turns":1},{"damage":0,"enemies":"Jaw Worm Horde","floor":38,"turns":2},{"damage":0,"enemies":"Spire Growth","floor":39,"turns":2},{"damage":0,"enemies":"Nemesis","floor":40,"turns":3},{"damage":37,"enemies":"Reptomancer","floor":42,"turns":3},{"damage":0,"enemies":"Giant Head","floor":44,"turns":4},{"damage":0,"enemies":"Sphere and 2 Shapes","floor":48,"turns":3},{"damage":0,"enemies":"Donu and Deca","floor":50,"turns":7},{"damage":0,"enemies":"Shield and Spear","floor":54,"turns":2},{"damage":64,"enemies":"The Heart","floor":55,"turns":7}],"seed_played":"-9159792208794910109","potions_obtained":[{"floor":10.0,"key":"CunningPotion"},{"floor":11.0,"key":"SkillPotion"},{"floor":13.0,"key":"Ancient Potion"},{"floor":18.0,"key":"Explosive Potion"},{"floor":25,"key":"SteroidPotion"},{"floor":31,"key":"PowerPotion"},{"floor":38,"key":"Adrenaline Potion"},{"floor":48,"key":"GamblersBrew"}],"is_trial":false,"path_per_floor":["M","?","M","T","?","R","E","R","T","E","M","R","M","?","R","B",null,"M","M","M","M","M","E","R","E","T","R","?","$","R","M","R","B",null,"M","M","M","M","M","E","R","E","T","E","?","T","$","M","R_BF","B",null,"R","$","E","B",null],"character_chosen":"THE_SILENT","items_purchased":["Vajra","Well Laid Plans+1","DollysMirror","StrikeDummy","Fruit Juice","GamblersBrew","Dodge and Roll","Noxious Fumes+1"],"campfire_rested":0,"item_purchase_floors":[29,29,29,29,29,29,29,47],"current_hp_per_floor":[70,75,75,75,75,75,75,75,75,48,48,48,48,48,48,23,75,75,75,75,75,75,61,61,61,61,61,61,66,66,66,66,13,80,80,80,80,80,80,80,80,43,43,43,43,43,43,43,43,43,80,80,80,80,16],"gold":52,"neow_bonus":"THREE_ENEMY_KILL","is_daily":false,"chose_seed":false,"campfire_upgraded":10,"win_rate":0.0,"timestamp":1611780968,"path_taken":["M","?","M","?","?","R","E","R","T","E","M","R","?","?","R","BOSS","M","M","M","M","M","E","R","E","T","R","?","$","R","M","R","BOSS","M","M","M","?","M","E","R","E","T","E","?","?","$","?","R_BF","BOSS","R","$","E","BOSS"],"items_purchased_type":["Relic","Card","Relic","Relic","Potion","Potion","Card","Card"],"build_version":"2020-12-22","purchased_purges":2,"victory":true,"max_hp_per_floor":[70,75,75,75,75,75,75,75,75,75,75,75,75,75,75,75,75,75,75,75,75,75,75,75,75,75,75,75,80,80,80,80,80,80,80,80,80,80,80,80,80,80,80,80,80,80,80,80,80,80,80,80,80,80,80],"card_choices":[{"not_picked":["Underhanded Strike","Bane"],"picked":"Poisoned Stab","floor":1.0},{"not_picked":["Fluid Movement","Choke"],"picked":"PiercingWail","floor":3.0},{"not_picked":["Hidden Blade","Poisoned Stab"],"picked":"Dagger Spray","floor":5.0},{"not_picked":["Poisoned Stab","Dagger Throw"],"picked":"Replay:Poison Smokescreen","floor":5.0},{"not_picked":["Backflip","Sucker Punch"],"picked":"Blade Dance","floor":7.0},{"not_picked":["Riddle With Holes","Terror"],"picked":"After Image+1","floor":10.0},{"not_picked":["Hidden Blade","ReplayTheSpireMod:Speed Training"],"picked":"Escape Plan","floor":11.0},{"not_picked":["Flying Knee","Concentrate"],"picked":"Blade Dance","floor":13.0},{"not_picked":["Atom Bomb","Grand Finale"],"picked":"Adrenaline","floor":16.0},{"not_picked":["Poisoned Stab","Blade Dance"],"picked":"Outmaneuver","floor":18.0},{"not_picked":["Underhanded Strike","Concentrate"],"picked":"Eviscerate+1","floor":19.0},{"not_picked":["Reflex","Blur"],"picked":"Backstab","floor":20.0},{"not_picked":["Blade Dance+1","Deadly Poison"],"picked":"Riddle With Holes","floor":21.0},{"not_picked":["Predator","Bane"],"picked":"Slice","floor":22.0},{"not_picked":["Sneak Up","Outmaneuver+1"],"picked":"ReplayTheSpireMod:The Works","floor":23},{"not_picked":["PiercingWail","Noxious Fumes+1"],"picked":"Poison Darts","floor":25},{"not_picked":["Crippling Poison","ReplayTheSpireMod:Shiv Toss"],"picked":"ReplayTheSpireMod:The Works+1","floor":31},{"not_picked":["Storm of Steel","Grand Finale"],"picked":"Wraith Form v2+1","floor":33},{"not_picked":["Acrobatics","ReplayTheSpireMod:Tripwire","Bane+1"],"picked":"SKIP","floor":35},{"not_picked":["Dagger Spray+1","Deflect+1"],"picked":"Acrobatics+1","floor":36},{"not_picked":["Slice+1","Dagger Spray"],"picked":"Sucker Punch","floor":37},{"not_picked":["Acrobatics","Dodge and Roll+1"],"picked":"Terror+1","floor":38},{"not_picked":["Flying Knee","Eviscerate+1"],"picked":"Outmaneuver+1","floor":39},{"not_picked":["Replay:Poison Smokescreen","Terror+1"],"picked":"Backflip+1","floor":40},{"not_picked":["Blade Dance","Grand Finale"],"picked":"Dodge and Roll+1","floor":42},{"not_picked":["Poisoned Stab","Dagger Throw"],"picked":"Slice+1","floor":44},{"not_picked":["Terror+1","Backflip+1","Leg Sweep+1"],"picked":"SKIP","floor":48},{"not_picked":["Quick Slash+1","Night Terror"],"picked":"Blade Dance+1","floor":54}],"player_experience":229990,"relics_obtained":[{"floor":4.0,"key":"Ninja Scroll"},{"floor":5.0,"key":"Anchor"},{"floor":7.0,"key":"ReplayTheSpireMod:Ninjato"},{"floor":9.0,"key":"Akabeko"},{"floor":10.0,"key":"Frozen Egg 2"},{"floor":17.0,"key":"Grinning Jar"},{"floor":17.0,"key":"Gremlin Horn"},{"floor":17.0,"key":"Thread and Needle"},{"floor":23,"key":"Replay:Wax Seal"},{"floor":25,"key":"Tiny Chest"},{"floor":26,"key":"Ornamental Fan"},{"floor":40,"key":"War Paint"},{"floor":42,"key":"Happy Flower"},{"floor":44,"key":"Quantum Egg"},{"floor":46,"key":"Shuriken"},{"floor":54,"key":"Replay:PocketPolymizer"}],"event_choices":[{"damage_healed":0.0,"max_hp_gain":5.0,"max_hp_loss":0.0,"gold_gain":0.0,"event_name":"Big Fish","player_choice":"Donut","floor":2.0,"gold_loss":0.0,"damage_taken":0.0},{"cards_removed":["Strike_G"],"damage_healed":0.0,"max_hp_gain":0.0,"max_hp_loss":0.0,"gold_gain":0.0,"event_name":"The Cleric","player_choice":"Card Removal","floor":14.0,"gold_loss":50.0,"damage_taken":0.0},{"damage_healed":0,"gold_gain":0,"player_choice":"Copied","damage_taken":0,"max_hp_gain":0,"max_hp_loss":0,"event_name":"Duplicator","floor":28,"gold_loss":0,"cards_obtained":["Adrenaline"]},{"damage_healed":0,"gold_gain":0,"player_choice":"Memory 1","damage_taken":0,"max_hp_gain":0,"max_hp_loss":0,"event_name":"SensoryStone","floor":45,"gold_loss":0}],"is_beta":false,"boss_relics":[{"not_picked":["Philosopher\u0027s Stone","Coffee Dripper"],"picked":"Calling Bell"},{"not_picked":["Empty Cage","Velvet Choker"],"picked":"Kintsugi"}],"items_purged_floors":[29,47],"is_endless":false,"potions_floor_spawned":[10,11,13,18,25,31,35,38,39,48],"ascension_level":4}}