{"host":"mai03x2ekbjy4059","time":1611764433,"event":{"mods":["2.2 Compatiblity","BaseMod","Colored Map","DeckTracker","Keyboard Shortcuts","Minty Spire (QoL Compilation)","Permanent Neow","Quick Restart","SuperFastMode","everything is the same but u backflip on backflip"],"gold_per_floor":[109,109,129,145,161,161,196,216,241,275,292,292,292],"floor_reached":12,"language":"KOR","playtime":332,"items_purged":[],"score":97,"play_id":"cfe1da6c-1b8f-481b-a087-dacd7640051a","local_time":"20210128012033","is_ascension_mode":true,"campfire_choices":[{"data":"Neutralize","floor":6,"key":"SMITH"}],"circlet_count":0,"master_deck":["Strike_G","Strike_G+1","Strike_G+1","Strike_G","Defend_G","Defend_G","Defend_G","Defend_G","Survivor","Neutralize+1","Blur","Accuracy"],"relics":["Ring of the Snake","Bottled Tornado","Toy Ornithopter","Smiling Mask"],"acts_visited":["Exordium"],"potions_floor_usage":[7,10],"damage_taken":[{"damage":0,"enemies":"2 Louse","floor":1,"turns":2},{"damage":0,"enemies":"Small Slimes","floor":3,"turns":4},{"damage":0,"enemies":"Cultist","floor":4,"turns":4},{"damage":2,"enemies":"3 Louse","floor":5,"turns":4},{"damage":12,"enemies":"Gremlin Nob","floor":7,"turns":5},{"damage":0,"enemies":"Red Slaver","floor":8,"turns":3},{"damage":15,"enemies":"3 Sentries","floor":10,"turns":15},{"damage":0,"enemies":"Looter","floor":11,"turns":4},{"damage":0,"enemies":"Lagavulin","floor":12,"turns":3}],"seed_played":"2017946066521765194","potions_obtained":[{"floor":1,"key":"SmokeBomb"},{"floor":4,"key":"AttackPotion"},{"floor":8,"key":"Dexterity Potion"}],"is_trial":false,"path_per_floor":["M","?","M","M","M","R","E","M","T","E","M","E"],"character_chosen":"THE_SILENT","items_purchased":[],"campfire_rested":0,"item_purchase_floors":[],"current_hp_per_floor":[49,35,35,35,33,33,21,21,21,11,11,11,11],"gold":292,"neow_bonus":"REMOVE_TWO","is_daily":false,"chose_seed":false,"campfire_upgraded":1,"win_rate":0.0,"timestamp":1611764433,"path_taken":["M","?","M","M","M","R","E","M","T","E","M","E"],"items_purchased_type":[],"build_version":"2020-12-22","purchased_purges":0,"victory":false,"max_hp_per_floor":[70,70,70,70,70,70,70,70,70,70,70,70,70],"card_choices":[{"not_picked":["Eviscerate","Bane","Outmaneuver"],"picked":"SKIP","floor":1},{"not_picked":["Bouncing Flask","Deflect"],"picked":"Blur","floor":3},{"not_picked":["Backflip","Deadly Poison","Dodge and Roll"],"picked":"SKIP","floor":4},{"not_picked":["Sucker Punch","Slice"],"picked":"Accuracy","floor":5},{"not_picked":["All Out Attack","Bane","Dagger Spray"],"picked":"SKIP","floor":7},{"not_picked":["Underhanded Strike","Skewer","Prepared"],"picked":"SKIP","floor":8},{"not_picked":["Endless Agony","Deadly Poison","Bouncing Flask"],"picked":"SKIP","floor":10},{"not_picked":["Slice","Sucker Punch","Dagger Spray"],"picked":"SKIP","floor":11}],"player_experience":1146731,"relics_obtained":[{"floor":7,"key":"Bottled Tornado"},{"floor":9,"key":"Toy Ornithopter"},{"floor":10,"key":"Smiling Mask"}],"event_choices":[{"damage_healed":0,"gold_gain":0,"player_choice":"Entered Light","damage_taken":14,"max_hp_gain":0,"max_hp_loss":0,"event_name":"Shining Light","floor":2,"gold_loss":0,"cards_upgraded":["Strike_G","Strike_G"]}],"is_beta":false,"boss_relics":[],"items_purged_floors":[],"is_endless":false,"potions_floor_spawned":[1,4,8],"killed_by":"Lagavulin","ascension_level":1}}