{"host":"nx6t4q2fc0vdue7l","time":1611780292,"event":{"mods":["2.2 Compatiblity","BaseMod","Minty Spire (QoL Compilation)"],"gold_per_floor":[114,114,66,80,91,124,124,138,138,152,184,200,200,200,200],"floor_reached":14,"language":"ENG","playtime":518,"items_purged":[],"score":122,"play_id":"4c599991-a1f4-44fd-a1ad-f785951aae79","local_time":"20210127214452","is_ascension_mode":true,"campfire_choices":[{"data":"True Grit","floor":7,"key":"SMITH"},{"floor":13,"key":"REST"}],"circlet_count":0,"master_deck":["Strike_R","Strike_R","Strike_R","Strike_R","Strike_R","Defend_R","Defend_R","Defend_R","Defend_R","Bash","Feel No Pain","True Grit","Spot Weakness","Battle Trance","True Grit+1","Havoc","Seeing Red","Limit Break","Heavy Blade"],"relics":["Burning Blood","NeowsBlessing","Pantograph","Blue Candle","Meat on the Bone","Darkstone Periapt"],"acts_visited":["Exordium"],"potions_floor_usage":[6,8,12],"damage_taken":[{"damage":0,"enemies":"Jaw Worm","floor":1,"turns":1},{"damage":0,"enemies":"Cultist","floor":4,"turns":1},{"damage":0,"enemies":"Small Slimes","floor":5,"turns":1},{"damage":37,"enemies":"Lagavulin","floor":6,"turns":6},{"damage":7,"enemies":"Blue Slaver","floor":8,"turns":5},{"damage":10,"enemies":"2 Fungi Beasts","floor":10,"turns":6},{"damage":41,"enemies":"Gremlin Nob","floor":11,"turns":5},{"damage":44,"enemies":"Exordium Thugs","floor":12,"turns":6},{"damage":60,"enemies":"Lagavulin","floor":14,"turns":6}],"seed_played":"6593416120619859185","potions_obtained":[{"floor":1,"key":"HeartOfIron"},{"floor":4,"key":"AttackPotion"},{"floor":6,"key":"BlessingOfTheForge"},{"floor":11,"key":"BloodPotion"}],"is_trial":false,"path_per_floor":["M","?","$","M","M","E","R","M","T","M","E","M","R","E"],"character_chosen":"IRONCLAD","items_purchased":["True Grit"],"campfire_rested":1,"item_purchase_floors":[3],"current_hp_per_floor":[80,80,80,80,80,49,49,48,48,56,33,23,47,0,0],"gold":200,"neow_bonus":"THREE_ENEMY_KILL","is_daily":false,"chose_seed":false,"campfire_upgraded":1,"win_rate":0.0,"timestamp":1611780292,"path_taken":["M","?","$","M","M","E","R","M","T","M","E","M","R","E"],"items_purchased_type":["Card"],"build_version":"2020-12-22","purchased_purges":0,"victory":false,"max_hp_per_floor":[80,80,80,80,80,80,80,80,80,80,80,80,80,80,80],"card_choices":[{"not_picked":["Havoc","Perfected Strike"],"picked":"Feel No Pain","floor":1},{"not_picked":["Metallicize","Dual Wield"],"picked":"Spot Weakness","floor":4},{"not_picked":["Blood for Blood","Thunderclap"],"picked":"Battle Trance","floor":5},{"not_picked":["Pommel Strike","Brutality"],"picked":"True Grit","floor":6},{"not_picked":["Perfected Strike","Sword Boomerang"],"picked":"Havoc","floor":8},{"not_picked":["Body Slam","Shockwave"],"picked":"Seeing Red","floor":10},{"not_picked":["Pummel","Shrug It Off"],"picked":"Limit Break","floor":11},{"not_picked":["Anger","Evolve"],"picked":"Heavy Blade","floor":12}],"player_experience":318727,"relics_obtained":[{"floor":2,"key":"Pantograph"},{"floor":6,"key":"Blue Candle"},{"floor":9,"key":"Meat on the Bone"},{"floor":11,"key":"Darkstone Periapt"}],"event_choices":[{"damage_healed":0,"gold_gain":0,"player_choice":"Relic","damage_taken":0,"max_hp_gain":0,"max_hp_loss":0,"event_name":"Wheel of Change","floor":2,"gold_loss":0}],"is_beta":false,"boss_relics":[],"items_purged_floors":[],"is_endless":false,"potions_floor_spawned":[1,4,6,11],"killed_by":"Lagavulin","ascension_level":4}}