{"host":"4pckc3u5mqcilakq","time":1611780918,"event":{"mods":["AchievementEnabler","BaseMod","Colored Map","Colored Powertips","Highlight Path","Minty Spire (QoL Compilation)"],"gold_per_floor":[109,30,30,41,41,66,84,113,113,43,43,75,105,125,125,223,223,240,240,260,273,283,283,294,294,294],"floor_reached":25,"language":"ENG","playtime":1270,"items_purged":[],"score":335,"play_id":"4969ebc3-d2ba-446b-a1ed-d52399cb5ee0","local_time":"20210127235518","is_ascension_mode":true,"campfire_choices":[{"data":"Neutralize","floor":11,"key":"SMITH"},{"floor":15,"key":"REST"},{"floor":23,"key":"REST"}],"circlet_count":0,"master_deck":["Strike_G","Strike_G","Strike_G+1","Strike_G","Strike_G","Defend_G","Defend_G","Defend_G+1","Defend_G","Defend_G","Survivor","Neutralize+1","Bane","Crippling Poison","Venomology","Deadly Poison","Backstab","Dagger Spray","Sucker Punch","Poisoned Stab","Bane","Envenom","Die Die Die","Acrobatics+1","Slice+1","Acrobatics+1"],"relics":["Ring of the Snake","Bottled Flame","Shuriken","StrikeDummy","Ginger","Anchor","Black Star","Nloth\u0027s Gift"],"acts_visited":["Exordium","TheCity"],"potions_floor_usage":[8,8,8,12,14,16,16,21,22,25,25,25],"damage_taken":[{"damage":0,"enemies":"Small Slimes","floor":1,"turns":1},{"damage":0,"enemies":"Cultist","floor":4,"turns":1},{"damage":0,"enemies":"Gremlin Nob","floor":6,"turns":1},{"damage":0,"enemies":"2 Louse","floor":7,"turns":3},{"damage":19,"enemies":"Lagavulin","floor":8,"turns":5},{"damage":14,"enemies":"3 Sentries","floor":12,"turns":5},{"damage":0,"enemies":"Looter","floor":14,"turns":3},{"damage":23,"enemies":"Slime Boss","floor":16,"turns":7},{"damage":2,"enemies":"3 Byrds","floor":18,"turns":3},{"damage":9,"enemies":"2 Thieves","floor":20,"turns":3},{"damage":16,"enemies":"Centurion and Healer","floor":21,"turns":5},{"damage":25,"enemies":"Shelled Parasite and Fungi","floor":22,"turns":7},{"damage":43,"enemies":"Snecko","floor":24,"turns":6},{"damage":26,"enemies":"Gremlin Leader","floor":25,"turns":4}],"seed_played":"3576576255179221627","potions_obtained":[{"floor":6,"key":"EssenceOfSteel"},{"floor":8,"key":"SteroidPotion"},{"floor":14,"key":"FairyPotion"},{"floor":21,"key":"Energy Potion"},{"floor":24,"key":"Ancient Potion"}],"is_trial":false,"path_per_floor":["M","$","?","M","?","E","M","E","T","$","R","E","?","M","R","B",null,"M","?","M","M","M","R","M","E"],"character_chosen":"THE_SILENT","items_purchased":["Crippling Poison","Poisoned Stab","Bane"],"campfire_rested":2,"item_purchase_floors":[2,10,10],"current_hp_per_floor":[63,63,63,63,49,49,49,30,30,30,30,16,16,16,37,14,56,54,54,45,29,4,25,21,0,0],"gold":294,"neow_bonus":"THREE_ENEMY_KILL","is_daily":false,"chose_seed":false,"campfire_upgraded":1,"win_rate":0.0,"timestamp":1611780918,"path_taken":["M","$","?","?","?","E","M","E","T","$","R","E","?","M","R","BOSS","M","?","M","M","?","R","?","E"],"items_purchased_type":["Card","Card","Card"],"build_version":"2020-12-22","purchased_purges":0,"victory":false,"max_hp_per_floor":[70,70,70,70,70,70,70,70,70,70,70,70,70,70,70,70,70,70,70,70,70,70,70,70,70,70],"card_choices":[{"not_picked":["Backflip","Quick Slash"],"picked":"Bane","floor":1},{"not_picked":["Backstab","Well Laid Plans"],"picked":"Deadly Poison","floor":4},{"not_picked":["Slice","Flechettes"],"picked":"Backstab","floor":6},{"not_picked":["Cloak And Dagger","Dodge and Roll"],"picked":"Dagger Spray","floor":7},{"not_picked":["Infinite Blades","Predator"],"picked":"Sucker Punch","floor":8},{"not_picked":["Blade Dance","Poisoned Stab"],"picked":"Envenom","floor":12},{"not_picked":["Finisher","Bane","Deflect"],"picked":"SKIP","floor":14},{"not_picked":["Glass Knife","Wraith Form v2"],"picked":"Die Die Die","floor":16},{"not_picked":["Finisher","Expertise+1"],"picked":"Acrobatics+1","floor":18},{"not_picked":["Dagger Throw","Storm of Steel"],"picked":"Slice+1","floor":20},{"not_picked":["Flechettes","Quick Slash","Acrobatics"],"picked":"SKIP","floor":21},{"not_picked":["Heel Hook","Reflex","Poisoned Stab"],"picked":"SKIP","floor":22},{"not_picked":["Bane","Backstab"],"picked":"Acrobatics+1","floor":24}],"player_experience":197797,"relics_obtained":[{"floor":6,"key":"Bottled Flame"},{"floor":8,"key":"Shuriken"},{"floor":9,"key":"StrikeDummy"},{"floor":12,"key":"Ginger"}],"event_choices":[{"damage_healed":0,"gold_gain":0,"player_choice":"1 cards matched","damage_taken":0,"max_hp_gain":0,"max_hp_loss":0,"event_name":"Match and Keep!","floor":3,"gold_loss":0,"cards_obtained":["Venomology"]},{"damage_healed":0,"gold_gain":0,"player_choice":"Entered Light","damage_taken":14,"max_hp_gain":0,"max_hp_loss":0,"event_name":"Shining Light","floor":5,"gold_loss":0,"cards_upgraded":["Defend_G","Strike_G"]},{"damage_healed":0,"gold_gain":30,"player_choice":"Searched \u00273\u0027 times","damage_taken":0,"relics_obtained":["Anchor"],"max_hp_gain":0,"max_hp_loss":0,"event_name":"Dead Adventurer","floor":13,"gold_loss":0},{"damage_healed":0,"gold_gain":0,"player_choice":"Traded Relic","damage_taken":0,"relics_obtained":["Nloth\u0027s Gift"],"max_hp_gain":0,"max_hp_loss":0,"event_name":"N\u0027loth","floor":19,"relics_lost":["NeowsBlessing"],"gold_loss":0}],"is_beta":false,"boss_relics":[{"not_picked":["Astrolabe","Velvet Choker"],"picked":"Black Star"}],"items_purged_floors":[],"is_endless":false,"potions_floor_spawned":[6,8,14,21,24],"killed_by":"Gremlin Leader","ascension_level":7}}