{"host":"mnpd8gh7cwxsn5kh","time":1611781380,"event":{"mods":["BaseMod","Block Reminder","Colored Map","Colored Powertips","Highlight Path","Minty Spire (QoL Compilation)","Relic Sorter","Relic Stats"],"gold_per_floor":[99,99,99,99,99,99,99,99,99,99,99,99,99,99,99,99,99,99,14,14,0,0,0,0,0,0,0,0,0,0,0,0,0,0],"floor_reached":33,"language":"ENG","playtime":3183,"items_purged":[],"score":389,"play_id":"1f7fa29f-dc99-4eca-9459-14e0c7ecaab1","local_time":"20210127220300","is_ascension_mode":true,"campfire_choices":[{"data":"Eruption","floor":7,"key":"SMITH"},{"floor":12,"key":"REST"},{"data":"Vigilance","floor":15,"key":"SMITH"},{"data":"Blasphemy","floor":23,"key":"SMITH"},{"data":"Establishment","floor":27,"key":"SMITH"},{"data":"Wallop","floor":32,"key":"SMITH"}],"circlet_count":0,"master_deck":["Strike_P","Strike_P","Strike_P","Strike_P","Defend_P","Defend_P","Defend_P","Eruption+1","Vigilance+1","Protect+1","DeceiveReality","InnerPeace","Establishment+1","Ragnarok","SashWhip","CrushJoints","Blasphemy+1","ClearTheMind","EmptyMind","SashWhip","Vengeance","FlurryOfBlows+1","Wallop+1","ThirdEye"],"relics":["Ectoplasm","GoldenEye","HornCleat","Incense Burner","Darkstone Periapt","Busted Crown","CeramicFish","Ornamental Fan","Question Card","Dream Catcher"],"acts_visited":["Exordium","TheCity"],"potions_floor_usage":[6,18,25,28,29,30,31,33],"damage_taken":[{"damage":1,"enemies":"Cultist","floor":1,"turns":5},{"damage":0,"enemies":"Jaw Worm","floor":2,"turns":6},{"damage":0,"enemies":"2 Louse","floor":3,"turns":4},{"damage":9,"enemies":"Exordium Wildlife","floor":5,"turns":6},{"damage":28,"enemies":"3 Sentries","floor":6,"turns":19},{"damage":1,"enemies":"Blue Slaver","floor":10,"turns":4},{"damage":0,"enemies":"Lagavulin","floor":13,"turns":3},{"damage":0,"enemies":"Red Slaver","floor":14,"turns":3},{"damage":7,"enemies":"Hexaghost","floor":16,"turns":10},{"damage":0,"enemies":"Shell Parasite","floor":18,"turns":4},{"damage":15,"enemies":"2 Thieves","floor":21,"turns":4},{"damage":0,"enemies":"Snake Plant","floor":24,"turns":3},{"damage":5,"enemies":"Gremlin Leader","floor":25,"turns":11},{"damage":4,"enemies":"3 Cultists","floor":28,"turns":5},{"damage":0,"enemies":"Snecko","floor":29,"turns":3},{"damage":14,"enemies":"Shelled Parasite and Fungi","floor":30,"turns":4},{"damage":6,"enemies":"Slavers","floor":31,"turns":3},{"damage":42,"enemies":"Collector","floor":33,"turns":11}],"seed_played":"2200128093296107646","potions_obtained":[{"floor":1,"key":"BlessingOfTheForge"},{"floor":13,"key":"Ancient Potion"},{"floor":14,"key":"SkillPotion"},{"floor":16,"key":"EssenceOfSteel"},{"floor":21,"key":"StancePotion"},{"floor":24,"key":"Strength Potion"},{"floor":25,"key":"PowerPotion"},{"floor":28,"key":"Strength Potion"},{"floor":30,"key":"EssenceOfSteel"}],"is_trial":false,"path_per_floor":["M","M","M","?","M","E","R","?","T","M","?","R","E","M","R","B",null,"M","?","?","M","?","R","M","E","T","R","M","M","M","E","R","B"],"character_chosen":"WATCHER","items_purchased":[],"campfire_rested":1,"item_purchase_floors":[],"current_hp_per_floor":[71,71,71,71,62,34,34,22,22,21,21,42,42,42,42,35,72,72,72,72,57,57,57,57,52,52,52,48,48,34,28,28,0,0],"gold":0,"neow_bonus":"BOSS_RELIC","is_daily":false,"chose_seed":false,"campfire_upgraded":5,"win_rate":0.0,"timestamp":1611781380,"path_taken":["M","?","M","?","M","E","R","?","T","M","?","R","E","M","R","BOSS","M","?","?","?","?","R","?","E","T","R","M","M","M","E","R","BOSS"],"items_purchased_type":[],"build_version":"2020-12-22","purchased_purges":0,"victory":false,"max_hp_per_floor":[72,72,72,72,72,72,72,72,72,72,72,72,72,72,72,72,72,72,72,72,72,72,72,72,72,72,72,72,72,72,72,72,72,72],"relic_stats":{"Darkstone Periapt":0,"Dream Catcher":0,"Busted Crown":16,"counters":[18,108],"Ornamental Fan":[52],"CeramicFish":0,"Ectoplasm":679,"GoldenEye":[4],"Question Card":4,"obtain_stats":[{"Darkstone Periapt":13,"Dream Catcher":31,"HornCleat":8,"Busted Crown":17,"Ornamental Fan":25,"CeramicFish":19,"Ectoplasm":0,"Incense Burner":9,"PureWater":0,"GoldenEye":6,"Question Card":26},{"Darkstone Periapt":7,"Dream Catcher":17,"HornCleat":5,"Busted Crown":9,"Ornamental Fan":13,"CeramicFish":10,"Ectoplasm":0,"Incense Burner":5,"PureWater":0,"GoldenEye":5,"Question Card":13},{"Darkstone Periapt":47,"Dream Catcher":97,"HornCleat":40,"Busted Crown":60,"Ornamental Fan":82,"CeramicFish":64,"Ectoplasm":0,"Incense Burner":40,"PureWater":0,"GoldenEye":40,"Question Card":82}]},"card_choices":[{"not_picked":["FearNoEvil","FlurryOfBlows"],"picked":"Protect","floor":1},{"not_picked":["Protect","Prostrate"],"picked":"DeceiveReality","floor":2},{"not_picked":["MentalFortress","Vengeance"],"picked":"InnerPeace","floor":3},{"not_picked":["BowlingBash","LikeWater"],"picked":"Establishment","floor":5},{"not_picked":["PathToVictory","EmptyBody"],"picked":"Ragnarok","floor":6},{"not_picked":["CrushJoints","Indignation"],"picked":"SashWhip","floor":10},{"not_picked":["MasterReality","Halt"],"picked":"CrushJoints","floor":13},{"not_picked":["FollowUp","SignatureMove","PathToVictory"],"picked":"SKIP","floor":14},{"not_picked":["Devotion","Scrawl"],"picked":"Blasphemy","floor":16},{"not_picked":["Adaptation"],"picked":"SKIP","floor":18},{"not_picked":[],"picked":"ClearTheMind","floor":21},{"not_picked":["PathToVictory"],"picked":"SKIP","floor":24},{"not_picked":[],"picked":"SashWhip","floor":25},{"not_picked":["ForeignInfluence+1"],"picked":"Vengeance","floor":28},{"not_picked":["Crescendo+1"],"picked":"FlurryOfBlows+1","floor":29},{"not_picked":["ThirdEye"],"picked":"Wallop","floor":30},{"not_picked":["Establishment"],"picked":"ThirdEye","floor":31}],"player_experience":122349,"relics_obtained":[{"floor":6,"key":"GoldenEye"},{"floor":9,"key":"Incense Burner"},{"floor":13,"key":"Darkstone Periapt"},{"floor":25,"key":"Ornamental Fan"},{"floor":26,"key":"Question Card"},{"floor":31,"key":"Dream Catcher"}],"event_choices":[{"damage_healed":0,"gold_gain":0,"player_choice":"Ignored","damage_taken":0,"max_hp_gain":0,"max_hp_loss":0,"event_name":"Golden Idol","floor":4,"gold_loss":0},{"damage_healed":0,"gold_gain":0,"player_choice":"Success","damage_taken":12,"relics_obtained":["HornCleat"],"max_hp_gain":0,"max_hp_loss":0,"event_name":"Scrap Ooze","floor":8,"gold_loss":0},{"damage_healed":0,"gold_gain":0,"player_choice":"Grow","damage_taken":0,"max_hp_gain":0,"max_hp_loss":0,"event_name":"Living Wall","floor":11,"gold_loss":0,"cards_upgraded":["Protect"]},{"damage_healed":0,"gold_gain":0,"player_choice":"Obtained Relic","damage_taken":0,"relics_obtained":["CeramicFish"],"max_hp_gain":0,"max_hp_loss":0,"event_name":"Addict","floor":19,"gold_loss":85},{"damage_healed":0,"gold_gain":200,"player_choice":"Gold","damage_taken":0,"max_hp_gain":0,"max_hp_loss":0,"event_name":"Wheel of Change","floor":20,"gold_loss":0},{"damage_healed":0,"gold_gain":0,"cards_transformed":["Defend_P"],"player_choice":"Transformed","damage_taken":0,"max_hp_gain":0,"max_hp_loss":0,"event_name":"Transmorgrifier","floor":22,"gold_loss":0,"cards_obtained":["EmptyMind"]}],"is_beta":false,"boss_relics":[{"not_picked":["Velvet Choker","Fusion Hammer"],"picked":"Busted Crown"}],"items_purged_floors":[],"is_endless":false,"potions_floor_spawned":[1,13,14,16,21,24,25,28,30],"killed_by":"Collector","ascension_level":4}}