{"host":"q57ekfojy3i00x9o","time":1611771437,"event":{"mods":["Arknights The Spire","Aspiration","BaseMod","Colored Map","Energized Spire","Hermit","Minty Spire (QoL Compilation)","Quick Restart","Spicy Shops","Spikes Relics","StSLib","slay the spire mod where everything is the same but ironclad has a cowboy hat"],"gold_per_floor":[110,17,17,34,45,45,61,61,61,74,54,86,4,23,23,118,118,135,135,38,38,58,87,87,11,11,43,43,60,60,60,60,156,156,175,191,191,191,209,209,242,16,41,72,0,0,28,40,40,40],"floor_reached":51,"language":"RUS","playtime":1590,"items_purged":["ats:Strike G","ats:Strike C"],"score":883,"play_id":"7e863a8e-2337-4d57-a769-96568738d2f7","local_time":"20210127231717","is_ascension_mode":true,"campfire_choices":[{"data":"ats:Poison Spread","floor":6.0,"key":"SMITH"},{"data":"ats:Wolf Pack","floor":8.0,"key":"SMITH"},{"data":"ats:Healing Strengthening","floor":15.0,"key":"SMITH"},{"floor":24.0,"key":"REST"},{"floor":28.0,"key":"REST"},{"data":"ats:Durian","floor":32.0,"key":"SMITH"},{"data":"ats:Wolf Pack","floor":40.0,"key":"SMITH"},{"floor":46,"key":"REST"},{"data":"Trip","floor":49,"key":"SMITH"}],"circlet_count":0,"master_deck":["ats:Strike S","ats:Armor Crushing Shot","ats:Defend","ats:Defend","ats:Defend","ats:Defend","ats:Emotion Absorption","ats:Revitalization","ats:Poison Spread+1","ats:Apocalypse+1","ats:Consecutive Shot Auto","ats:Wolf Pack+1","ats:Healing Strengthening+1","ats:Neurotoxin+1","ats:Explosion Area Strengthen","ats:Blood Oath","ats:Counter Healing Mode","ats:Durian+1","ats:Flexible Camouflage","ats:Serious Mode","Injury","ats:Explosion Area Strengthen","ats:Sashimi Platter","ats:Thermite Blade+1","ats:Wolf Pack+1","ats:Neurotoxin+1","ats:Neurotoxin+1","Writhe","Clash+1","ats:Sashimi Platter+1","ats:Closed Bolt Burst Fire","ats:Healing Drone","ats:Soul Absorption","ats:Leaping Hammer","Trip+1","BarbarianYell+1","ats:Thorns+1"],"relics":["ats:Sanity","NeowsBlessing","Tiny Chest","ats:Originium","StoneCalendar","aspiration:IroncladSkillbook","Membership Card","Boot","White Beast Statue","Lee\u0027s Waffle","Bottled Lightning","aspiration:StickyExplosives_weak","ats:Omniscience","ats:Spiritual Recovery","Frozen Egg 2","aspiration:Nostalgia","hermit:Momento","Centennial Puzzle","Bag of Marbles","aspiration:AnachronicSnailShell","Turnip"],"acts_visited":["Exordium","TheCity","TheBeyond"],"potions_floor_usage":[44,47,47,50],"damage_taken":[{"damage":0.0,"enemies":"Small Slimes","floor":1.0,"turns":1.0},{"damage":0.0,"enemies":"Cultist","floor":4.0,"turns":2.0},{"damage":0.0,"enemies":"2 Louse","floor":5.0,"turns":1.0},{"damage":32.0,"enemies":"Exordium Thugs","floor":7.0,"turns":6.0},{"damage":20.0,"enemies":"Gremlin Gang","floor":10.0,"turns":5.0},{"damage":39.0,"enemies":"3 Sentries","floor":12.0,"turns":8.0},{"damage":7.0,"enemies":"2 Fungi Beasts","floor":14.0,"turns":4.0},{"damage":77.0,"enemies":"The Guardian","floor":16.0,"turns":12.0},{"damage":34.0,"enemies":"Chosen","floor":18.0,"turns":6.0},{"damage":32.0,"enemies":"Spheric Guardian","floor":22.0,"turns":6.0},{"damage":65.0,"enemies":"Book of Stabbing","floor":23.0,"turns":6.0},{"damage":66.0,"enemies":"Slavers","floor":27.0,"turns":5.0},{"damage":31.0,"enemies":"Snake Plant","floor":29.0,"turns":4.0},{"damage":68.0,"enemies":"Champ","floor":33.0,"turns":8.0},{"damage":4.0,"enemies":"Orb Walker","floor":35.0,"turns":5.0},{"damage":25.0,"enemies":"3 Shapes","floor":36.0,"turns":3.0},{"damage":32.0,"enemies":"Sphere and 2 Shapes","floor":39.0,"turns":2.0},{"damage":40.0,"enemies":"Giant Head","floor":41.0,"turns":8.0},{"damage":37,"enemies":"Reptomancer","floor":44,"turns":8},{"damage":21,"enemies":"Nemesis","floor":47,"turns":5},{"damage":17,"enemies":"Jaw Worm Horde","floor":48,"turns":4},{"damage":87,"enemies":"Donu and Deca","floor":50,"turns":10}],"seed_played":"8811355007490153327","potions_obtained":[{"floor":5.0,"key":"ats:Top Emergency Sanity Potion"},{"floor":10.0,"key":"Ancient Potion"},{"floor":11.0,"key":"DistilledChaos"},{"floor":12.0,"key":"Fruit Juice"},{"floor":16.0,"key":"Strength Potion"},{"floor":18.0,"key":"LiquidBronze"},{"floor":27.0,"key":"SneckoOil"},{"floor":29.0,"key":"Weak Potion"},{"floor":33.0,"key":"ats:Emergency Sanity Potion"},{"floor":35.0,"key":"EssenceOfSteel"},{"floor":36.0,"key":"FearPotion"},{"floor":39.0,"key":"Energy Potion"},{"floor":41.0,"key":"FearPotion"},{"floor":44,"key":"Swift Potion"},{"floor":47,"key":"Fruit Juice"},{"floor":48,"key":"AttackPotion"}],"is_trial":false,"path_per_floor":["M","$","?","M","M","R","M","R","T","M","?","E","$","M","R","B",null,"M","?","$","T","M","E","R","$","T","E","R","M","?","?","R","B",null,"M","M","T","?","M","R","E","$","T","E","$","R","E","M","R","B",null],"character_chosen":"DOCTOR_CLASS","items_purchased":["ats:Poison Spread","ats:Apocalypse","ats:Explosion Area Strengthen","ats:Blood Oath","Membership Card","Lee\u0027s Waffle","ats:Closed Bolt Burst Fire","ats:Healing Drone","ats:Soul Absorption","aspiration:Nostalgia","aspiration:AnachronicSnailShell","Trip"],"campfire_rested":3,"item_purchase_floors":[2,2,13,13,20,25,42,42,42,42,45,45],"current_hp_per_floor":[72,72,72,72,72,72,54,54,54,54,54,45,45,54,54,47,77,54,54,54,54,52,15,38,84,84,49,74,60,60,60,60,24,84,84,66,66,84,56,56,36,36,36,37,37,62,63,80,80,65],"gold":40,"neow_bonus":"THREE_ENEMY_KILL","is_daily":false,"chose_seed":false,"campfire_upgraded":6,"win_rate":0.0,"timestamp":1611771437,"path_taken":["M","$","?","?","M","R","M","R","T","?","?","E","$","M","R","BOSS","M","?","$","?","M","E","R","$","T","E","R","M","?","?","R","BOSS","M","?","?","?","M","R","E","$","T","E","$","R","E","M","R","BOSS"],"items_purchased_type":["Card","Card","Card","Card","Relic","Relic","Card","Card","Card","Relic","Relic","Card"],"build_version":"2020-12-22","purchased_purges":2,"victory":true,"max_hp_per_floor":[72,72,72,72,72,72,72,72,72,72,72,77,77,77,77,77,77,77,77,77,77,77,77,77,84,84,84,84,84,84,84,84,84,84,84,84,84,84,84,84,84,84,84,84,84,84,89,89,89,89],"card_choices":[{"not_picked":["ats:Very Hot Blade","ats:LN2 Cannon"],"picked":"ats:Revitalization","floor":1.0},{"not_picked":["ats:Literary Storm","ats:Healing Strengthening"],"picked":"ats:Consecutive Shot Auto","floor":4.0},{"not_picked":["ats:Assault Order","ats:Phantom","ats:Support Order"],"picked":"SKIP","floor":5.0},{"not_picked":["ats:Song Of Battle","ats:Overload"],"picked":"ats:Wolf Pack","floor":7.0},{"not_picked":["ats:Very Hot Blade","ats:Encircling Forest"],"picked":"ats:Healing Strengthening","floor":10.0},{"not_picked":["ats:Hammer On","ats:Spore Proliferation"],"picked":"ats:Neurotoxin","floor":12.0},{"not_picked":["ats:Ignite","ats:Very Hot Blade"],"picked":"ats:Counter Healing Mode","floor":14.0},{"not_picked":["ats:Dogmatic Field","ats:True Silver Slash"],"picked":"ats:Durian","floor":16.0},{"not_picked":["ats:Absolute Focus","Clothesline","Thunderclap"],"picked":"ats:Flexible Camouflage","floor":18.0},{"not_picked":["ats:Sunburst","ats:Leaping Hammer","ats:Apocalypse+1"],"picked":"ats:Explosion Area Strengthen","floor":22.0},{"not_picked":["ats:Revitalization","Heavy Blade+1","Body Slam"],"picked":"ats:Sashimi Platter","floor":23.0},{"not_picked":["ats:Defend Order","ats:Volcano","Blood for Blood"],"picked":"ats:Thermite Blade+1","floor":27.0},{"not_picked":["Absolvement","Iron Wave","Heavy Blade","Sever Soul"],"picked":"SKIP","floor":29.0},{"not_picked":["Exhume","Impervious","ats:Fractured Body"],"picked":"ats:Wolf Pack","floor":33.0},{"not_picked":["Body Slam","Whirlwind+1","ats:Phantom+1"],"picked":"ats:Neurotoxin+1","floor":35.0},{"not_picked":["Carnage","ats:Guard Mode+1","Thunderclap"],"picked":"ats:Neurotoxin+1","floor":36.0},{"not_picked":["Clothesline+1","ats:Hammer On+1","ats:Assault Order+1"],"picked":"Clash+1","floor":39.0},{"not_picked":["Reaper","Clash","Demon Form+1"],"picked":"ats:Sashimi Platter+1","floor":41.0},{"not_picked":["ats:Cat Scratch+1","ats:Phantom+1","Heavy Blade+1"],"picked":"ats:Leaping Hammer","floor":44},{"not_picked":["Twin Strike","Reckless Charge","Searing Blow"],"picked":"BarbarianYell+1","floor":47},{"not_picked":["Sentinel","Pummel+1","ats:Powerful Strike"],"picked":"ats:Thorns+1","floor":48}],"player_experience":733936,"relics_obtained":[{"floor":9.0,"key":"Tiny Chest"},{"floor":12.0,"key":"ats:Originium"},{"floor":12.0,"key":"StoneCalendar"},{"floor":21.0,"key":"Boot"},{"floor":23.0,"key":"ats:Originium"},{"floor":23.0,"key":"White Beast Statue"},{"floor":26.0,"key":"Bottled Lightning"},{"floor":27.0,"key":"ats:Originium"},{"floor":27.0,"key":"aspiration:StickyExplosives_weak"},{"floor":37.0,"key":"ats:Spiritual Recovery"},{"floor":41.0,"key":"ats:Originium"},{"floor":41.0,"key":"Frozen Egg 2"},{"floor":43.0,"key":"Centennial Puzzle"},{"floor":44,"key":"Bag of Marbles"},{"floor":47,"key":"Turnip"}],"event_choices":[{"damage_healed":0.0,"max_hp_gain":0.0,"max_hp_loss":0.0,"gold_gain":0.0,"event_name":"Upgrade Shrine","player_choice":"Upgraded","floor":3.0,"gold_loss":0.0,"damage_taken":0.0,"cards_upgraded":["ats:Apocalypse"]},{"damage_healed":0.0,"max_hp_gain":0.0,"max_hp_loss":0.0,"gold_gain":0.0,"event_name":"The Woman in Blue","player_choice":"Bought 1 Potion","floor":11.0,"gold_loss":0.0,"damage_taken":0.0},{"damage_healed":0.0,"max_hp_gain":0.0,"max_hp_loss":0.0,"gold_gain":0.0,"cards_transformed":["ats:Strike V"],"event_name":"Transmorgrifier","player_choice":"Transformed","floor":19.0,"gold_loss":0.0,"damage_taken":0.0,"cards_obtained":["ats:Serious Mode"]},{"damage_healed":0.0,"max_hp_gain":0.0,"max_hp_loss":0.0,"gold_gain":0.0,"event_name":"Upgrade Shrine","player_choice":"Upgraded","floor":31.0,"gold_loss":0.0,"damage_taken":0.0,"cards_upgraded":["ats:Neurotoxin"]},{"damage_healed":21.0,"max_hp_gain":0.0,"max_hp_loss":0.0,"gold_gain":0.0,"event_name":"Winding Halls","player_choice":"Writhe","floor":38.0,"gold_loss":0.0,"damage_taken":0.0,"cards_obtained":["Writhe"]}],"is_beta":false,"boss_relics":[{"not_picked":["Velvet Choker","SlaversCollar"],"picked":"aspiration:IroncladSkillbook"},{"not_picked":["Black Star","energizedSpire:HugeHouse"],"picked":"ats:Omniscience"}],"items_purged_floors":[20,42],"is_endless":false,"potions_floor_spawned":[5,10,12,16,18,27,29,33,35,36,39,41,44,47,48],"ascension_level":1}}