{"host":"a1eatafr7pisesky","time":1611764905,"event":{"mods":["AchievementEnabler","BaseMod","Colored Map","Keyboard Shortcuts","Minty Spire (QoL Compilation)","Say the Spire","StSLib","SuperFastMode","everything is the same but u backflip on backflip"],"gold_per_floor":[361,361,379,390,92,123,123,185,185,200,200,200,210,227,227,227,227],"floor_reached":16,"language":"KOR","playtime":389,"items_purged":["Defend_P"],"score":163,"play_id":"f8c68674-4891-4a99-8bf8-4999f684ee2d","local_time":"20210128012825","is_ascension_mode":true,"campfire_choices":[{"data":"Eruption","floor":7.0,"key":"SMITH"},{"floor":12.0,"key":"REST"},{"floor":15.0,"key":"REST"}],"circlet_count":0,"master_deck":["AscendersBane","Strike_P","Strike_P","Strike_P","Defend_P","Defend_P","Defend_P","Eruption+1","Vigilance","FollowUp","Fasting2","FlurryOfBlows","Tantrum","EmptyFist","BowlingBash"],"relics":["PureWater","OrangePellets","Question Card","Shovel"],"acts_visited":["Exordium"],"potions_floor_usage":[16,16],"damage_taken":[{"damage":0.0,"enemies":"2 Louse","floor":1.0,"turns":2.0},{"damage":3.0,"enemies":"Jaw Worm","floor":3.0,"turns":3.0},{"damage":1.0,"enemies":"Small Slimes","floor":4.0,"turns":3.0},{"damage":21.0,"enemies":"3 Sentries","floor":6.0,"turns":9.0},{"damage":27.0,"enemies":"Lagavulin Event","floor":8.0,"turns":6.0},{"damage":0.0,"enemies":"Blue Slaver","floor":10.0,"turns":1.0},{"damage":18.0,"enemies":"Exordium Thugs","floor":13.0,"turns":5.0},{"damage":0.0,"enemies":"3 Louse","floor":14.0,"turns":2.0},{"damage":21,"enemies":"The Guardian","floor":16,"turns":5}],"seed_played":"-3011101948639405831","potions_obtained":[{"floor":4.0,"key":"LiquidMemories"},{"floor":8.0,"key":"SpeedPotion"},{"floor":14.0,"key":"EssenceOfSteel"}],"is_trial":false,"path_per_floor":["M","?","M","M","$","E","R","?","T","M","?","R","M","M","R","B"],"character_chosen":"WATCHER","items_purchased":["Fasting2","OrangePellets"],"campfire_rested":2,"item_purchase_floors":[5,5],"current_hp_per_floor":[65,58,55,54,54,33,33,6,6,6,6,25,7,7,26,5,5],"gold":227,"neow_bonus":"TWO_FIFTY_GOLD","is_daily":false,"chose_seed":false,"campfire_upgraded":1,"win_rate":0.0,"timestamp":1611764905,"path_taken":["M","?","M","M","$","E","R","?","T","M","?","R","M","?","R","BOSS"],"items_purchased_type":["Card","Relic"],"build_version":"2020-12-22","purchased_purges":1,"victory":false,"max_hp_per_floor":[65,65,65,65,65,65,65,65,65,65,65,65,65,65,65,65,65],"card_choices":[{"not_picked":["JustLucky","Consecrate"],"picked":"FollowUp","floor":1.0},{"not_picked":["Crescendo","ThirdEye","Prostrate"],"picked":"SKIP","floor":3.0},{"not_picked":["FlyingSleeves","DevaForm","ForeignInfluence"],"picked":"SKIP","floor":4.0},{"not_picked":["Conclude","BattleHymn"],"picked":"FlurryOfBlows","floor":6.0},{"not_picked":["Perseverance","EmptyBody","Halt"],"picked":"Tantrum","floor":8.0},{"not_picked":["CutThroughFate","ThirdEye","ClearTheMind"],"picked":"EmptyFist","floor":10.0},{"not_picked":["FlyingSleeves","Halt","SignatureMove"],"picked":"BowlingBash","floor":13.0},{"not_picked":["Prostrate","SashWhip","Wireheading","FollowUp"],"picked":"SKIP","floor":14.0}],"player_experience":369792,"relics_obtained":[{"floor":6.0,"key":"Question Card"},{"floor":8.0,"key":"Shovel"}],"event_choices":[{"cards_removed":["Strike_P"],"damage_healed":0.0,"max_hp_gain":0.0,"max_hp_loss":0.0,"gold_gain":0.0,"event_name":"Golden Wing","player_choice":"Card Removal","floor":2.0,"gold_loss":0.0,"damage_taken":7.0},{"damage_healed":0.0,"max_hp_gain":0.0,"max_hp_loss":0.0,"gold_gain":0.0,"event_name":"Dead Adventurer","player_choice":"Searched \u00272\u0027 times","floor":8.0,"gold_loss":0.0,"damage_taken":0.0},{"damage_healed":0.0,"max_hp_gain":0.0,"max_hp_loss":0.0,"gold_gain":0.0,"event_name":"Shining Light","player_choice":"Ignored","floor":11.0,"gold_loss":0.0,"damage_taken":0.0}],"is_beta":false,"boss_relics":[],"items_purged_floors":[5],"is_endless":false,"potions_floor_spawned":[4,8,14],"killed_by":"The Guardian","ascension_level":12}}