{"host":"8a72fthmlk1o8pdb","time":1611781557,"event":{"mods":["AchievementEnabler","Aspiration","Astrologer","Bard","BaseMod","Beaked The Cultist","Better Skull","Better Third Choice","Colored Map","Colored Powertips","Downfall","Friendly Minions","GifTheSpireLib","Googly Eyes","Gremlin Mod","Hermit","Jorbs\u0027s Wanderer Trilogy","Marisa????????","Minty Spire (QoL Compilation)","Permanent Neow","Random Character Button","Rare Cards Sparkle","Robot Space Explorer","Shop Mod","Somnambulant","StSLib","The Animator","The Clintock","The Construct","The Cursed","The Disciple","The Hayseed","The Hierophant","The Marked","The Necromancer","The Poker Player","The Problem Sleuth","The Runesmith","thorton"],"gold_per_floor":[112,132,146,146,221,221,221,73,73,83,83,96,96,112,112,112,112,112],"floor_reached":16,"language":"ENG","playtime":2941,"items_purged":["theSleuth:Strike"],"score":92,"play_id":"8c6b54b4-07bd-4a54-8375-b1f538a5ea0f","local_time":"20210127130557","is_ascension_mode":false,"campfire_choices":[{"data":"theSleuth:Taze","floor":6,"key":"SMITH"},{"floor":11,"key":"REST"},{"data":"theSleuth:WeighIn","floor":13,"key":"SMITH"},{"data":"theSleuth:PezUzi","floor":15,"key":"SMITH"}],"circlet_count":0,"master_deck":["theSleuth:Strike","theSleuth:Strike","theSleuth:Strike","theSleuth:Defend","theSleuth:Defend","theSleuth:Defend","theSleuth:KeyHandgun","theSleuth:TakeInventory","theSleuth:Diplomacy","theSleuth:Pepperminthryl","theSleuth:BellyOTheWhale","theSleuth:Taze+1","theSleuth:WeighIn+1","theSleuth:SnoopDoggBust","theSleuth:CandyCorn","theSleuth:PezUzi+1"],"relics":["theSleuth:Typewriter","Oddly Smooth Stone","TheSimpletonMod:GardenGlove"],"acts_visited":["Exordium"],"potions_floor_usage":[],"damage_taken":[{"damage":4,"enemies":"Jaw Worm","floor":1,"turns":3},{"damage":0,"enemies":"Small Slimes","floor":2,"turns":3},{"damage":0,"enemies":"Cultist","floor":3,"turns":4},{"damage":0,"enemies":"Blue Slaver","floor":10,"turns":6},{"damage":6,"enemies":"Lots of Slimes","floor":12,"turns":6},{"damage":0,"enemies":"Large Slime","floor":14,"turns":7},{"damage":11,"enemies":"Slime Boss","floor":16,"turns":5}],"seed_played":"4700280802994607024","potions_obtained":[{"floor":10,"key":"FearPotion"},{"floor":14,"key":"LiquidMemories"}],"is_trial":false,"path_per_floor":["M","M","M","?","?","R","?","$","T","M","R","M","R","M","R","B"],"character_chosen":"THE_sleuth","items_purchased":["theSleuth:WeighIn"],"campfire_rested":1,"item_purchase_floors":[8],"current_hp_per_floor":[76,76,76,76,65,65,37,37,37,37,61,55,55,55,55,44,44,44],"gold":112,"neow_bonus":"TEN_PERCENT_HP_BONUS","is_daily":false,"chose_seed":false,"campfire_upgraded":3,"win_rate":0.0,"timestamp":1611781557,"path_taken":["M","M","M","?","?","R","?","$","T","M","R","M","R","M","R","BOSS"],"items_purchased_type":["Card"],"build_version":"2020-12-22","purchased_purges":1,"victory":false,"max_hp_per_floor":[80,80,80,80,80,80,80,80,80,80,80,80,80,80,80,80,80,80],"card_choices":[{"not_picked":["theSleuth:Ogle","theSleuth:ThinkAhead"],"picked":"theSleuth:Pepperminthryl","floor":1},{"not_picked":["theSleuth:Pepperminthryl","theSleuth:UnDeEscalate"],"picked":"theSleuth:BellyOTheWhale","floor":2},{"not_picked":["theSleuth:BellyOTheWhale","theSleuth:Ignore"],"picked":"theSleuth:Taze","floor":3},{"not_picked":["theSleuth:DiamondArmor","theSleuth:WilsonBust"],"picked":"theSleuth:SnoopDoggBust","floor":10},{"not_picked":["theSleuth:Fortune","theSleuth:FoolPlate"],"picked":"theSleuth:CandyCorn","floor":12},{"not_picked":["theSleuth:Joust","theSleuth:FudgeDeck"],"picked":"theSleuth:PezUzi","floor":14}],"player_experience":43810,"relics_obtained":[],"event_choices":[{"damage_healed":0,"gold_gain":75,"player_choice":"Gold","damage_taken":11,"max_hp_gain":0,"max_hp_loss":0,"event_name":"betterThird:BetterGoop","floor":5,"gold_loss":0},{"damage_healed":0,"gold_gain":1,"player_choice":"Relic Relic ","damage_taken":28,"max_hp_gain":0,"max_hp_loss":0,"event_name":"betterThird:BetterScrap","floor":7,"gold_loss":0,"cards_obtained":["MasterReality"]}],"is_beta":false,"boss_relics":[],"items_purged_floors":[8],"is_endless":false,"potions_floor_spawned":[10,14],"killed_by":"Slime Boss","ascension_level":0}}