{"host":"1omuyl0df1yi03p2","time":1611766671,"event":{"mods":["BaseMod","Colored Map","Colored Powertips","Downfall","Hubris","Infinite Spire","Minty Spire (QoL Compilation)","Replay The Spire","StSLib","The Bug Knight","The Necromancer","The Wild Card"],"gold_per_floor":[99,112,127,139,71,71,71,89,104,120,152,152,166,166,185,284,284,284,298,83,83,94,126,151,173,195,229,229,258,258,278,291,402,402,402,423,449,457,457,494,521,566,5,5,5,32,36,36,36],"floor_reached":47,"language":"ENG","playtime":8521,"items_purged":["Doubt"],"score":600,"play_id":"3ec401f5-ab0d-4a05-bc27-6392ff0f4660","local_time":"20210127105751","is_ascension_mode":false,"campfire_choices":[{"data":"Slimebound:CorrosiveSpit","floor":1,"key":"SMITH"},{"data":"ReplayTheSpireMod:Haul","floor":18,"key":"SMITH"},{"data":"Slimebound:SlimeSlap","floor":35,"key":"SMITH"},{"data":"Slimebound:WasteNot","floor":44,"key":"SMITH"}],"circlet_count":0,"master_deck":["Slimebound:Strike_Slimebound","Slimebound:Strike_Slimebound","Slimebound:Strike_Slimebound","Slimebound:Tackle","Slimebound:Defend_Slimebound","Slimebound:Defend_Slimebound","Slimebound:Defend_Slimebound","Slimebound:Defend_Slimebound","Slimebound:Split","Slimebound:CorrosiveSpit+1","Slimebound:Prepare","Slimebound:SamplingLick","Slimebound:Schlurp","Slimebound:Nibble","Slimebound:SamplingLick","Slimebound:LivingWall","Slimebound:LeechingTouch","Slimebound:Schlurp","Slimebound:TongueLash","Slimebound:RainOfGoop","Slimebound:ItLooksTasty","Slimebound:HauntingLick","Slimebound:MinionMaster","Injury","champ:Taunt","Slimebound:LeechLife","Blind","ReplayTheSpireMod:Haul+1","Slimebound:RainOfGoop","Slimebound:WasteNot","Slimebound:LeadByExample","Slimebound:SlimeSpikes","Slimebound:Schlurp","Slimebound:DisruptingSlam","Slimebound:SamplingLick","Slimebound:LevelUp+1","Slimebound:SamplingLick","Slimebound:SplitAcid+1","Slimebound:Equalize+1","Slimebound:LeechEnergy","Slimebound:GrowthPunch+1","Slimebound:AcidTongue","Slimebound:SlimeSlap+1","hubris:Greed","Sickly","Slimebound:WasteNot+1","Slimebound:SplitLeeching+1","Slimebound:Schlurp","Slimebound:SplitBruiser","Slimebound:OozeBath","Slimebound:Schlurp+1","Slimebound:RejuvenatingLick+1","Replay:SS_fish_1+1","Slimebound:OozeBath+1"],"relics":["Slimebound:AbsorbEndCombat","infinitespire:EmpoweringShard","hubris:Icosahedron","ReplayTheSpireMod:SealedPack","hubris:SlimyHat","Replay:Bandana","infinitespire:Satchel","infinitespire:CheckeredPen","Replay:Ancient Bell","Lantern","infinitespire:FocusingShard","Turnip","Dream Catcher","Orichalcum","Toxic Egg 2"],"acts_visited":["Exordium","TheCity","TheBeyond"],"potions_floor_usage":[13,23,27,33,38,46],"damage_taken":[{"damage":4,"enemies":"2 Louse","floor":2,"turns":3},{"damage":2,"enemies":"Jaw Worm","floor":3,"turns":3},{"damage":7,"enemies":"infinitespire:Voidling","floor":4,"turns":4},{"damage":1,"enemies":"downfall:FleeingMerchant","floor":5,"turns":4},{"damage":5,"enemies":"Large Slime","floor":8,"turns":6},{"damage":3,"enemies":"Exordium Thugs","floor":9,"turns":4},{"damage":4,"enemies":"Blue Slaver","floor":10,"turns":3},{"damage":0,"enemies":"Replay:BlueRogue","floor":11,"turns":4},{"damage":15,"enemies":"Gremlin Gang","floor":13,"turns":3},{"damage":8,"enemies":"Exordium Wildlife","floor":15,"turns":3},{"damage":33,"enemies":"IC_STATUS_ARCHETYPE","floor":16,"turns":9},{"damage":7,"enemies":"Shell Parasite","floor":19,"turns":3},{"damage":0,"enemies":"downfall:FleeingMerchant","floor":20,"turns":4},{"damage":18,"enemies":"Spheric Guardian","floor":22,"turns":5},{"damage":39,"enemies":"Slavers","floor":23,"turns":6},{"damage":11,"enemies":"Cultist and Chosen","floor":25,"turns":6},{"damage":9,"enemies":"Snake Plant","floor":26,"turns":4},{"damage":37,"enemies":"Nightmare","floor":27,"turns":7},{"damage":16,"enemies":"Chosen and Byrds","floor":29,"turns":6},{"damage":7,"enemies":"Shelled Parasite and Fungi","floor":31,"turns":4},{"damage":17,"enemies":"Centurion and Healer","floor":32,"turns":6},{"damage":39,"enemies":"SI_MIRROR_ARCHETYPE","floor":33,"turns":9},{"damage":13,"enemies":"3 Darklings","floor":36,"turns":5},{"damage":1,"enemies":"3 Shapes","floor":37,"turns":4},{"damage":0,"enemies":"Transient","floor":38,"turns":3},{"damage":0,"enemies":"4 Shapes","floor":40,"turns":5},{"damage":11,"enemies":"downfall:FleeingMerchant","floor":43,"turns":4},{"damage":46,"enemies":"Spire Growth","floor":46,"turns":6},{"damage":24,"enemies":"4 Shapes","floor":47,"turns":5}],"seed_played":"9108893023628149058","potions_obtained":[{"floor":2,"key":"sneckomod:MuddlingPotion"},{"floor":4,"key":"LifebloodPotion"},{"floor":9,"key":"Energy Potion"},{"floor":11,"key":"champ:CounterPotion"},{"floor":23,"key":"LiquidBronze"},{"floor":26,"key":"Energy Potion"},{"floor":27,"key":"Guardian:BlockOnCardUsePotion"},{"floor":31,"key":"champ:CounterPotion"},{"floor":33,"key":"SmokeBomb"},{"floor":40,"key":"SneckoOil"},{"floor":46,"key":"Swift Potion"}],"is_trial":false,"path_per_floor":["R","M","M","M","$","?","T","M","M","M","E","?","M","?","M","B",null,"R","M","$","?","M","E","T","M","M","NM","?","M","T","M","M","B",null,"R","M","M","M","?","M","T","T","$","R","?","M","M"],"character_chosen":"SLIMEBOUND","items_purchased":["Slimebound:LivingWall","Slimebound:LeadByExample","Slimebound:SlimeSpikes","Slimebound:Schlurp","Slimebound:DisruptingSlam","Toxic Egg 2","Slimebound:Schlurp+1","Slimebound:RejuvenatingLick+1","Replay:SS_fish_1+1"],"campfire_rested":0,"item_purchase_floors":[5,20,20,20,20,43,43,43,43],"current_hp_per_floor":[65,65,65,65,65,65,65,62,65,65,65,65,56,56,54,29,65,65,65,65,65,51,54,54,63,63,34,34,65,65,64,56,25,65,65,57,62,64,64,65,65,65,60,60,60,20,0,0,0],"gold":36,"neow_bonus":"THREE_CARDS","is_daily":false,"chose_seed":false,"campfire_upgraded":4,"win_rate":0.0,"timestamp":1611766671,"path_taken":["R","M","M","M","$","?","T","M","M","M","E","?","M","?","M","BOSS","R","M","$","?","M","E","T","M","M","NM","?","M","?","M","M","BOSS","R","M","M","?","?","M","T","?","$","R","?","M","?"],"items_purchased_type":["Card","Card","Card","Card","Card","Relic","Card","Card","Card"],"build_version":"2020-12-22","purchased_purges":1,"victory":false,"max_hp_per_floor":[65,65,65,65,65,65,65,65,65,65,65,65,65,65,65,65,65,65,65,65,65,65,65,65,65,65,65,65,65,65,65,65,65,65,65,65,65,65,65,65,65,65,65,65,65,65,65,65,65],"card_choices":[{"not_picked":["Slimebound:FinishingTackle","Slimebound:GoopTackle"],"picked":"Slimebound:Prepare","floor":0},{"not_picked":["Slimebound:GoopTackle","Slimebound:LevelUp"],"picked":"Slimebound:SamplingLick","floor":2},{"not_picked":["Slimebound:FlameTackle","Slimebound:SplitLeeching"],"picked":"Slimebound:Schlurp","floor":3},{"not_picked":["Slimebound:GoopTackle","Slimebound:DivideAndConquer"],"picked":"Slimebound:Nibble","floor":4},{"not_picked":["Slimebound:SplitMire","Slimebound:LeechEnergy"],"picked":"Slimebound:SamplingLick","floor":5},{"not_picked":["Slimebound:RallyTheTroops","Slimebound:SplitLeeching"],"picked":"Slimebound:LeechingTouch","floor":8},{"not_picked":["Slimebound:ProtectTheBoss","Slimebound:ComboTackle"],"picked":"Slimebound:Schlurp","floor":9},{"not_picked":["Slimebound:HauntingLick","Slimebound:Schlurp"],"picked":"Slimebound:TongueLash","floor":10},{"not_picked":["Slimebound:RollThrough","Slimebound:FormOfPuddle"],"picked":"Slimebound:RainOfGoop","floor":11},{"not_picked":["Slimebound:LivingWall","Slimebound:TongueLash"],"picked":"Slimebound:ItLooksTasty","floor":13},{"not_picked":["Slimebound:SplitLeeching","Slimebound:SamplingLick"],"picked":"Slimebound:HauntingLick","floor":15},{"not_picked":["Slimebound:FirmFortitude","Slimebound:RallyTheTroops"],"picked":"Slimebound:MinionMaster","floor":16},{"not_picked":["m_BronzeSurvivor","Guardian:CurlUp"],"picked":"champ:Taunt","floor":17},{"not_picked":["Slimebound:CheckThePlaybook","Slimebound:WasteNot"],"picked":"Slimebound:LeechLife","floor":17},{"not_picked":["Bandage Up","ReplayTheSpireMod:Uncanny Aura"],"picked":"Blind","floor":17},{"not_picked":["infinitespire:FinalStrike","hubris:InfiniteBlow"],"picked":"ReplayTheSpireMod:Haul","floor":17},{"not_picked":["Slimebound:Chomp","Slimebound:Replication"],"picked":"Slimebound:RainOfGoop","floor":19},{"not_picked":["Slimebound:LeechEnergy","Slimebound:SplitBruiser"],"picked":"Slimebound:WasteNot","floor":20},{"not_picked":["Slimebound:ItLooksTasty","Slimebound:SlimeSpikes"],"picked":"Slimebound:SamplingLick","floor":22},{"not_picked":["Slimebound:MassFeed","Slimebound:RollThrough"],"picked":"Slimebound:LevelUp+1","floor":23},{"not_picked":["Slimebound:LivingWall","Slimebound:FinishingTackle"],"picked":"Slimebound:SamplingLick","floor":25},{"not_picked":["Slimebound:SplitMire","Slimebound:DisruptingSlam"],"picked":"Slimebound:SplitAcid+1","floor":26},{"not_picked":["Slimebound:Grow","Slimebound:Repurpose"],"picked":"Slimebound:Equalize+1","floor":27},{"not_picked":["Slimebound:BestDefense","Slimebound:SlimeTap+1"],"picked":"Slimebound:LeechEnergy","floor":29},{"not_picked":["Slimebound:DisruptingSlam+1","Slimebound:ItLooksTasty"],"picked":"Slimebound:GrowthPunch+1","floor":31},{"not_picked":["Slimebound:OozeBath","Slimebound:Dissolve"],"picked":"Slimebound:AcidTongue","floor":32},{"not_picked":["Slimebound:PrepareCrush","Slimebound:Teamwork"],"picked":"Slimebound:SlimeSlap","floor":33},{"not_picked":["hubris:Sloth","infinitespire:Pacifist"],"picked":"hubris:Greed","floor":34},{"not_picked":["Voices","Regret"],"picked":"Sickly","floor":34},{"not_picked":["Looming Evil","Spreading Infection"],"picked":"Doubt","floor":34},{"not_picked":["Slimebound:SplitAcid","Slimebound:Equalize"],"picked":"Slimebound:WasteNot","floor":36},{"not_picked":["Slimebound:Grow+1","Slimebound:ServeAndProtect+1"],"picked":"Slimebound:SplitLeeching+1","floor":37},{"not_picked":["Slimebound:ItLooksTasty","Slimebound:PressTheAttack+1"],"picked":"Slimebound:SplitBruiser","floor":40},{"not_picked":["Slimebound:SamplingLick+1","Slimebound:LivingWall+1"],"picked":"Slimebound:OozeBath","floor":43},{"not_picked":["Slimebound:BestDefense+1","Slimebound:GoopTackle+1","Slimebound:FinishingTackle+1"],"picked":"SKIP","floor":46}],"player_experience":160000,"relics_obtained":[{"floor":11,"key":"infinitespire:EmpoweringShard"},{"floor":23,"key":"hubris:SlimyHat"},{"floor":24,"key":"Replay:Bandana"},{"floor":27,"key":"infinitespire:Satchel"},{"floor":30,"key":"infinitespire:CheckeredPen"},{"floor":41,"key":"Dream Catcher"},{"floor":42,"key":"Orichalcum"}],"event_choices":[{"damage_healed":0,"gold_gain":0,"player_choice":"Ignored","damage_taken":0,"max_hp_gain":0,"max_hp_loss":0,"event_name":"Ghosts","floor":28,"gold_loss":0}],"is_beta":false,"boss_relics":[{"not_picked":["hubris:VirtuousBlindfold","hubris:TerracottaHorce"],"picked":"ReplayTheSpireMod:SealedPack"},{"not_picked":["Replay:Bronze Core","Replay:Drink Me"],"picked":"Replay:Ancient Bell"},{"not_picked":["Replay:Rubber Ducky","Grinning Jar"],"picked":"Lantern"},{"not_picked":["Darkstone Periapt","hubris:DisguiseKit"],"picked":"infinitespire:FocusingShard"},{"not_picked":["Girya","hubris:AstralHammer"],"picked":"Turnip"}],"items_purged_floors":[43],"is_endless":true,"potions_floor_spawned":[2,4,9,11,23,26,27,31,33,36,40,46],"killed_by":"4 Shapes","ascension_level":0}}