{"host":"61r95uy0hn86b9iu","time":1611783503,"event":{"mods":["AchievementEnabler","BaseMod","Better Vampires","BetterRewards","Colored Powertips","Hubris","Minty Spire (QoL Compilation)","Shop Mod","StSLib"],"gold_per_floor":[109,109,109,176,176,176,229,229,255,299,332,357,357,387,387,495,495,529,40,40,40,40,40,77,92,92,92,106,131,144,17,17,89,89,109,134,134,134],"floor_reached":37,"language":"ENG","playtime":1582,"items_purged":["Strike_B"],"score":1131,"play_id":"c5d049d9-9b61-4de1-a189-bd4343edc427","local_time":"20210127153823","is_ascension_mode":true,"campfire_choices":[{"floor":6.0,"key":"REST"},{"floor":8.0,"key":"REST"},{"floor":13.0,"key":"REST"},{"floor":15.0,"key":"REST"},{"floor":23.0,"key":"REST"},{"floor":27.0,"key":"REST"},{"floor":32.0,"key":"REST"}],"circlet_count":0,"master_deck":["AscendersBane","Strike_B","Strike_B","Strike_B","Defend_B","Defend_B","Defend_B","Defend_B","Zap","Dualcast","The Bomb","Sunder","Reinforced Body","Capacitor","Glacier","Seek","Barrage+1","Consume","Conserve Battery","Buffer","Leap","Apotheosis"],"relics":["Cracked Core","MerchantsRug","hubris:Towel","CeramicFish","Bloody Idol","Smiling Mask","Busted Crown","Omamori","ClockworkSouvenir","Regal Pillow","Bronze Scales","hubris:RunicObelisk","Unceasing Top"],"acts_visited":["Exordium","TheCity","TheBeyond"],"potions_floor_usage":[36],"damage_taken":[{"damage":2.0,"enemies":"Cultist","floor":1.0,"turns":4.0},{"damage":20.0,"enemies":"Lagavulin","floor":7.0,"turns":6.0},{"damage":47.0,"enemies":"Gremlin Nob","floor":10.0,"turns":4.0},{"damage":7.0,"enemies":"Jaw Worm","floor":11.0,"turns":3.0},{"damage":0.0,"enemies":"2 Louse","floor":12.0,"turns":3.0},{"damage":12.0,"enemies":"2 Fungi Beasts","floor":14.0,"turns":4.0},{"damage":43.0,"enemies":"Slime Boss","floor":16.0,"turns":9.0},{"damage":22.0,"enemies":"2 Thieves","floor":18.0,"turns":3.0},{"damage":82.0,"enemies":"Gremlin Leader","floor":24.0,"turns":10.0},{"damage":6.0,"enemies":"Spheric Guardian","floor":25.0,"turns":6.0},{"damage":3.0,"enemies":"Cultist and Chosen","floor":28.0,"turns":5.0},{"damage":12.0,"enemies":"Snake Plant","floor":29.0,"turns":4.0},{"damage":33.0,"enemies":"Shelled Parasite and Fungi","floor":30.0,"turns":7.0},{"damage":0.0,"enemies":"Collector","floor":33.0,"turns":10.0},{"damage":52,"enemies":"3 Darklings","floor":35,"turns":6},{"damage":30,"enemies":"Mind Bloom Boss Battle","floor":36,"turns":5},{"damage":20,"enemies":"Orb Walker","floor":37,"turns":3}],"seed_played":"-8972602691892733330","potions_obtained":[{"floor":1.0,"key":"Swift Potion"},{"floor":11.0,"key":"SteroidPotion"},{"floor":12.0,"key":"ColorlessPotion"},{"floor":22.0,"key":"Fire Potion"},{"floor":22.0,"key":"AttackPotion"},{"floor":24.0,"key":"FearPotion"},{"floor":29.0,"key":"Regen Potion"},{"floor":30.0,"key":"GamblersBrew"}],"is_trial":false,"path_per_floor":["M","?","T","?","?","R","E","R","T","E","M","M","R","M","R","B",null,"M","$","?","?","?","R","E","M","T","R","M","M","M","$","R","B",null,"M","?","M"],"character_chosen":"DEFECT","items_purchased":["The Bomb","MerchantsRug","Consume","Omamori","Conserve Battery","ClockworkSouvenir","Apotheosis"],"campfire_rested":7,"item_purchase_floors":[0,0,19,19,19,19,31],"current_hp_per_floor":[55,55,55,55,31,52,46,71,71,24,17,17,42,30,55,12,67,45,45,45,45,45,85,13,12,12,52,54,52,39,49,85,85,85,38,13,0,0],"gold":134,"neow_bonus":"","is_daily":false,"chose_seed":false,"campfire_upgraded":0,"win_rate":0.0,"timestamp":1611783503,"path_taken":["M","?","?","?","?","R","E","R","T","E","?","M","R","M","R","BOSS","M","$","?","?","?","R","E","M","T","R","M","?","M","?","R","BOSS","M","?","M"],"items_purchased_type":["Card","Relic","Card","Relic","Card","Relic","Card"],"build_version":"2020-12-22","purchased_purges":1,"victory":false,"max_hp_per_floor":[71,71,71,71,71,71,85,85,85,85,85,85,85,85,85,85,85,85,85,85,85,85,85,85,85,85,85,85,85,85,85,85,85,85,85,85,85,85],"card_choices":[{"not_picked":["Cold Snap","Turbo"],"picked":"Sunder","floor":1.0},{"not_picked":["Sweeping Beam","Coolheaded"],"picked":"Reinforced Body","floor":7.0},{"not_picked":["Rip and Tear","Compile Driver","Amplify"],"picked":"SKIP","floor":10.0},{"not_picked":["Beam Cell","Melter"],"picked":"Capacitor","floor":11.0},{"not_picked":["Turbo","Streamline","Stack"],"picked":"SKIP","floor":12.0},{"not_picked":["Hologram","Leap"],"picked":"Glacier","floor":14.0},{"not_picked":["Thunder Strike","hubris:SpecializedCircuitry"],"picked":"Seek","floor":16.0},{"not_picked":[],"picked":"Barrage+1","floor":18.0},{"not_picked":[],"picked":"Buffer","floor":24.0},{"not_picked":["Storm"],"picked":"SKIP","floor":25.0},{"not_picked":["Lockon"],"picked":"SKIP","floor":28.0},{"not_picked":[],"picked":"Leap","floor":29.0},{"not_picked":["Darkness"],"picked":"SKIP","floor":30.0},{"not_picked":["Cold Snap"],"picked":"SKIP","floor":35}],"player_experience":3321490,"relics_obtained":[{"floor":3.0,"key":"CeramicFish"},{"floor":7.0,"key":"Mango"},{"floor":9.0,"key":"Smiling Mask"},{"floor":10.0,"key":"hubris:MysteriousPyramids"},{"floor":24.0,"key":"Bronze Scales"},{"floor":36,"key":"Unceasing Top"}],"event_choices":[{"damage_healed":0.0,"max_hp_gain":0.0,"max_hp_loss":0.0,"gold_gain":67.0,"event_name":"Golden Wing","player_choice":"Gained Gold","floor":4.0,"gold_loss":0.0,"damage_taken":0.0},{"damage_healed":0.0,"max_hp_gain":0.0,"max_hp_loss":0.0,"gold_gain":0.0,"event_name":"Golden Idol","player_choice":"Take Damage","floor":5.0,"gold_loss":0.0,"damage_taken":24.0,"relics_obtained":["Golden Idol"]},{"damage_healed":0.0,"max_hp_gain":0.0,"max_hp_loss":0.0,"gold_gain":0.0,"event_name":"Forgotten Altar","player_choice":"Gave Idol","floor":20.0,"relics_lost":["Golden Idol"],"gold_loss":0.0,"damage_taken":0.0,"relics_obtained":["Bloody Idol"]},{"damage_healed":0.0,"max_hp_gain":0.0,"max_hp_loss":0.0,"gold_gain":0.0,"event_name":"Addict","player_choice":"Stole Relic","floor":21.0,"gold_loss":0.0,"damage_taken":0.0,"relics_obtained":["Regal Pillow"],"cards_obtained":["Shame"]},{"damage_healed":0.0,"max_hp_gain":0.0,"max_hp_loss":0.0,"gold_gain":0.0,"event_name":"Lab","player_choice":"Got Potions","floor":22.0,"gold_loss":0.0,"damage_taken":0.0},{"damage_healed":0,"gold_gain":0,"player_choice":"Fight","damage_taken":0,"max_hp_gain":0,"max_hp_loss":0,"event_name":"MindBloom","floor":36,"gold_loss":0}],"is_beta":false,"boss_relics":[{"not_picked":["hubris:BlackHole","Runic Pyramid"],"picked":"Busted Crown"},{"not_picked":["hubris:VirtuousBlindfold","Velvet Choker"],"picked":"hubris:RunicObelisk"}],"items_purged_floors":[19],"is_endless":false,"potions_floor_spawned":[1,11,12,24,29,30],"killed_by":"Orb Walker","ascension_level":18}}