{"host":"eaiphzh066bwqdh7","time":1611791188,"event":{"mods":["BaseMod","Better Note","Halation","Hubris","Minty Spire (QoL Compilation)","Reliquary","Replay The Spire","StSLib"],"gold_per_floor":[14,14,14,64,88,88,131,131,131,131,155,200,223,398,398,398,398],"floor_reached":16,"language":"ENG","playtime":441,"items_purged":[],"score":124,"play_id":"de179d02-b3f8-46cb-943f-77bc3cb3ab8b","local_time":"20210127184628","is_ascension_mode":true,"campfire_choices":[{"data":"Hemokinesis","floor":6,"key":"SMITH"},{"floor":8,"key":"REST"},{"floor":10,"key":"REST"},{"floor":15,"key":"REST"}],"circlet_count":0,"master_deck":["Strike_R","Strike_R","Strike_R","Strike_R","Strike_R","Defend_R","Defend_R","Bash","Hemokinesis+1","Self Repair+1","Delirium","Brutality","Voices","Impervious","Bloodletting","Doubt","Sickly"],"relics":["Iron Core","ReplayTheSpireMod:Ring of Challenge","Ring of Greed","Replay:Bandana","Blue Doll","Replay:Baseball","Prayer Wheel","reliquary:TatteredRug"],"acts_visited":["Exordium"],"potions_floor_usage":[7,13],"damage_taken":[{"damage":4,"enemies":"Jaw Worm","floor":1,"turns":4},{"damage":2,"enemies":"2 Louse","floor":5,"turns":2},{"damage":68,"enemies":"Gremlin Nob","floor":7,"turns":5},{"damage":6,"enemies":"Cultist","floor":11,"turns":3},{"damage":57,"enemies":"Lagavulin","floor":12,"turns":6},{"damage":20,"enemies":"Lots of Slimes","floor":13,"turns":5},{"damage":0,"enemies":"The Guardian","floor":16,"turns":1}],"seed_played":"-7253242670059732056","potions_obtained":[{"floor":1,"key":"DuplicationPotion"},{"floor":11,"key":"Elixir"}],"is_trial":false,"path_per_floor":["M","?","$","?","M","R","E","R","T","R","M","E","M","?","R","B"],"character_chosen":"IRONCLAD","items_purchased":[],"campfire_rested":3,"item_purchase_floors":[],"current_hp_per_floor":[80,80,80,80,78,78,20,44,44,68,72,25,15,15,39,39,39],"gold":398,"neow_bonus":"REMOVE_TWO","is_daily":false,"chose_seed":false,"campfire_upgraded":1,"win_rate":0.0,"timestamp":1611791188,"path_taken":["M","?","$","?","M","R","E","R","T","R","M","E","M","?","R","BOSS"],"items_purchased_type":[],"build_version":"2020-12-22","purchased_purges":0,"victory":false,"max_hp_per_floor":[80,80,80,80,80,80,80,80,80,80,80,80,80,80,80,80,80],"card_choices":[{"not_picked":["Flame Barrier","Perfected Strike"],"picked":"Hemokinesis","floor":1},{"not_picked":["Armaments","hubris:CleavingFinish"],"picked":"Brutality","floor":5},{"not_picked":["Battle Trance","Feel No Pain","Iron Wave"],"picked":"SKIP","floor":7},{"not_picked":["Armaments","Second Wind","Intimidate"],"picked":"SKIP","floor":11},{"not_picked":["ReplayReversal","hubris:ReadiedAction","Capacitor"],"picked":"SKIP","floor":11},{"not_picked":["Armaments","Second Wind","Intimidate"],"picked":"SKIP","floor":11},{"not_picked":["ReplayReversal","hubris:ReadiedAction","Capacitor"],"picked":"SKIP","floor":11},{"not_picked":["Warcry","Beam Cell"],"picked":"Impervious","floor":12},{"not_picked":["Armaments","Heavy Blade"],"picked":"Bloodletting","floor":13},{"not_picked":["Spot Weakness","Headbutt","Rip and Tear"],"picked":"SKIP","floor":13}],"player_experience":197864,"relics_obtained":[{"floor":4,"key":"ReplayTheSpireMod:Ring of Challenge"},{"floor":4,"key":"Ring of Greed"},{"floor":4,"key":"Replay:Bandana"},{"floor":4,"key":"Blue Doll"},{"floor":7,"key":"Replay:Baseball"},{"floor":9,"key":"Prayer Wheel"},{"floor":12,"key":"reliquary:TatteredRug"}],"event_choices":[{"damage_healed":0,"gold_gain":175,"player_choice":"AGREE","damage_taken":0,"max_hp_gain":0,"max_hp_loss":0,"event_name":"Liars Game","floor":14,"gold_loss":0,"cards_obtained":["Doubt"]}],"is_beta":false,"boss_relics":[],"items_purged_floors":[],"is_endless":false,"potions_floor_spawned":[1,11],"killed_by":"The Guardian","ascension_level":3}}