{"host":"y89x8uui45kcjy42","time":1611751050,"event":{"mods":["2.2 Compatiblity","BaseMod","CapriCore","Colored Map","Colored Powertips","Custom Start","Friendly Minions","Keyboard Shortcuts","Marisa£¨Ùöéë¡¡Øª×âÞÞ£©","Minty Spire (QoL Compilation)","Relic Stats","Slay the Relics Exporter","StSLib","SuperFastMode","Uncapped"],"gold_per_floor":[117,128,128,138,152,185,185,185,185,185,185],"floor_reached":10,"language":"KOR","playtime":282,"items_purged":[],"score":102,"play_id":"443f3b5d-7e95-4fa9-b041-9f3327ff3d97","local_time":"20210127213730","is_ascension_mode":true,"campfire_choices":[{"data":"DarkSpark","floor":7,"key":"SMITH"},{"data":"StarlightTyphoon","floor":8,"key":"SMITH"}],"circlet_count":0,"master_deck":["AscendersBane","Strike_MRS","Strike_MRS","Strike_MRS","Defend_MRS","Defend_MRS","Defend_MRS","Defend_MRS","MasterSpark+1","UpSweep","DoubleSpark","ManaConvection","DarkSpark+1","StarlightTyphoon+1"],"relics":["MiniHakkero","Dream Catcher","WingedGreaves","StrikeDummy"],"acts_visited":["Exordium"],"potions_floor_usage":[10],"damage_taken":[{"damage":0.0,"enemies":"Small Slimes","floor":1.0,"turns":3.0},{"damage":1.0,"enemies":"Cultist","floor":2.0,"turns":3.0},{"damage":2.0,"enemies":"2 Louse","floor":4.0,"turns":3.0},{"damage":10.0,"enemies":"2 Fungi Beasts","floor":5.0,"turns":3.0},{"damage":25,"enemies":"3 Sentries","floor":6,"turns":6},{"damage":40,"enemies":"Lagavulin","floor":10,"turns":3}],"seed_played":"-1575439282903779920","potions_obtained":[{"floor":2.0,"key":"Fire Potion"},{"floor":5.0,"key":"LiquidBronze"},{"floor":6,"key":"StarNLove"}],"is_trial":false,"path_per_floor":["M","M","?","M","M","E","R","R","T","E"],"character_chosen":"MARISA","items_purchased":[],"campfire_rested":0,"item_purchase_floors":[],"current_hp_per_floor":[68,67,67,65,55,30,30,30,30,0,0],"gold":185,"neow_bonus":"UPGRADE_CARD","is_daily":false,"chose_seed":false,"campfire_upgraded":2,"win_rate":0.0,"timestamp":1611751050,"path_taken":["M","M","?","?","M","E","R","R","T","E"],"items_purchased_type":[],"build_version":"2020-12-22","purchased_purges":0,"victory":false,"max_hp_per_floor":[75,75,75,75,75,75,75,75,75,75,75],"relic_stats":{"Dream Catcher":0,"counters":[6,21],"obtain_stats":[{"Dream Catcher":6,"WingedGreaves":6,"MiniHakkero":0,"StrikeDummy":9},{"Dream Catcher":5,"WingedGreaves":5,"MiniHakkero":0,"StrikeDummy":5},{"Dream Catcher":18,"WingedGreaves":18,"MiniHakkero":0,"StrikeDummy":18}]},"card_choices":[{"not_picked":["6A","Acceleration","DC"],"picked":"SKIP","floor":1.0},{"not_picked":["ShootTheMoon","PowerUp"],"picked":"DoubleSpark","floor":2.0},{"not_picked":["WitchOfGreed","DoubleSpark","NonDirectionalLaser"],"picked":"SKIP","floor":4.0},{"not_picked":["Singularity","EnergyRecoil"],"picked":"DarkSpark","floor":5.0},{"not_picked":["RefractionSpark","ShootingEcho"],"picked":"StarlightTyphoon","floor":6}],"player_experience":722295,"relics_obtained":[{"floor":6,"key":"Dream Catcher"},{"floor":9,"key":"StrikeDummy"}],"event_choices":[{"damage_healed":0.0,"max_hp_gain":0.0,"max_hp_loss":0.0,"gold_gain":0.0,"cards_transformed":["Strike_MRS"],"event_name":"Transmorgrifier","player_choice":"Transformed","floor":3.0,"gold_loss":0.0,"damage_taken":0.0,"cards_obtained":["ManaConvection"]}],"is_beta":false,"boss_relics":[],"items_purged_floors":[],"is_endless":false,"potions_floor_spawned":[2,5,6],"killed_by":"Lagavulin","ascension_level":10}}