{"host":"farxtl2u8hmkbdo2","time":1611705659,"event":{"mods":["A Magickal Journey","BaseMod","Better Altar","Better Note","Better Sensory Stone","Better Skull","Better Third Choice","Challenge The Spire","Colored Map","Colored Powertips","Current Relic Mod","Energized Spire","Fox Events","Gremlin Mod","Hermit","Hubris","Mimic Mod","Minty Spire (QoL Compilation)","Quick Restart","READ ME - Guardian Mod","READ ME - Snecko Mod","Rare Cards Sparkle","StSLib","The Bladedancer","The Bug Knight","The Cursed","The Disciple","The Elementalist","The Hierophant","The Marked","The Necromancer","The Runesmith","Transform Curses"],"gold_per_floor":[118,128,140,156,171,198,198,214,244,274,274,299,317,317,317,317,317],"floor_reached":16,"language":"SPA","playtime":1053,"items_purged":[],"score":114,"play_id":"ffde1359-269f-4177-a6b3-7b3a73db9299","local_time":"20210126210059","is_ascension_mode":false,"campfire_choices":[{"data":"hermit:NoHoldsBarred","floor":7,"key":"SMITH"},{"data":"Magnetism","floor":15,"key":"SMITH"}],"circlet_count":0,"master_deck":["hermit:Strike_Hermit","hermit:Strike_Hermit","hermit:Strike_Hermit","hermit:Strike_Hermit","hermit:Defend_Hermit","hermit:Defend_Hermit","hermit:Defend_Hermit","hermit:Defend_Hermit","hermit:Snapshot","hermit:Covet","hermit:CalledShot","hermit:Enervate","hermit:Coalescence","hermit:NoHoldsBarred+1","hermit:FinalCanter","hermit:Enervate","hermit:Snipe","hermit:Malice","hermit:Quickdraw","Magnetism+1","TheCursedMod:Evocation","hermit:Grudge","Clumsy"],"relics":["hermit:Momento","Lantern","Boot","hubris:DisguiseKit","Odd Mushroom"],"acts_visited":["Exordium"],"potions_floor_usage":[6,6,16,16],"damage_taken":[{"damage":1,"enemies":"Cultist","floor":1,"turns":3},{"damage":6,"enemies":"2 Louse","floor":2,"turns":3},{"damage":1,"enemies":"Jaw Worm","floor":3,"turns":4},{"damage":2,"enemies":"Large Slime","floor":4,"turns":5},{"damage":4,"enemies":"Exordium Wildlife","floor":5,"turns":3},{"damage":18,"enemies":"Lagavulin","floor":6,"turns":5},{"damage":7,"enemies":"Blue Slaver","floor":8,"turns":2},{"damage":7,"enemies":"Looter","floor":9,"turns":7},{"damage":9,"enemies":"3 Sentries","floor":10,"turns":3},{"damage":16,"enemies":"The Mushroom Lair","floor":12,"turns":3},{"damage":2,"enemies":"Looter","floor":13,"turns":3},{"damage":19,"enemies":"Slime Boss","floor":16,"turns":3}],"seed_played":"-4166605583803792685","potions_obtained":[{"floor":3,"key":"ColorlessPotion"},{"floor":4,"key":"Fire Potion"},{"floor":12,"key":"hermit:Eclipse"},{"floor":13,"key":"ColorlessPotion"}],"is_trial":false,"path_per_floor":["M","M","M","M","M","E","R","M","MIM","E","?","?","M","?","R","B"],"character_chosen":"HERMIT","items_purchased":[],"campfire_rested":0,"item_purchase_floors":[],"current_hp_per_floor":[81,75,74,72,68,50,50,43,36,27,27,11,9,16,16,0,0],"gold":317,"neow_bonus":"TEN_PERCENT_HP_BONUS","is_daily":false,"chose_seed":false,"campfire_upgraded":2,"win_rate":0.0,"timestamp":1611705659,"path_taken":["M","M","M","M","M","E","R","?","MIM","E","?","?","M","?","R","BOSS"],"items_purchased_type":[],"build_version":"2020-12-22","purchased_purges":0,"victory":false,"max_hp_per_floor":[82,82,82,82,82,82,82,82,82,82,82,82,82,89,89,89,89],"card_choices":[{"not_picked":["hermit:Midnight","hermit:BodyArmor"],"picked":"hermit:CalledShot","floor":1},{"not_picked":["hermit:Ricochet","hermit:TrackingShot"],"picked":"hermit:Enervate","floor":2},{"not_picked":["hermit:Dive","hermit:DeadMansHand"],"picked":"hermit:Coalescence","floor":3},{"not_picked":["hermit:Misfire","hermit:Horror"],"picked":"hermit:NoHoldsBarred","floor":4},{"not_picked":["hermit:Coalescence","hermit:Cheat"],"picked":"hermit:FinalCanter","floor":5},{"not_picked":["hermit:Malice","hermit:Purgatory"],"picked":"hermit:Enervate","floor":6},{"not_picked":["hermit:Malice","hermit:Determination"],"picked":"hermit:Snipe","floor":8},{"not_picked":["hermit:Misfire","hermit:TakeAim"],"picked":"hermit:Malice","floor":9},{"not_picked":["hermit:SprayPray","hermit:Misfire"],"picked":"hermit:Quickdraw","floor":10},{"not_picked":["Secret Technique","Forethought"],"picked":"Magnetism","floor":11},{"not_picked":["hermit:HighCaliber","hermit:Desperado","hermit:Snipe"],"picked":"TheCursedMod:Evocation","floor":12},{"not_picked":["hermit:CalledShot","hermit:Desperado","TheCursedMod:VitalStrike"],"picked":"hermit:Grudge","floor":13}],"player_experience":1884232,"relics_obtained":[{"floor":6,"key":"Lantern"},{"floor":9,"key":"Boot"},{"floor":10,"key":"hubris:DisguiseKit"},{"floor":12,"key":"Odd Mushroom"}],"event_choices":[{"damage_healed":0,"gold_gain":1,"player_choice":"1","damage_taken":0,"max_hp_gain":0,"max_hp_loss":0,"event_name":"betterStone:BetterStone","floor":11,"gold_loss":0},{"damage_healed":0,"gold_gain":0,"player_choice":"Fought Mushrooms","damage_taken":0,"max_hp_gain":0,"max_hp_loss":0,"event_name":"Mushrooms","floor":12,"gold_loss":0}],"is_beta":false,"boss_relics":[],"items_purged_floors":[],"is_endless":false,"potions_floor_spawned":[3,4,12,13],"killed_by":"Slime Boss","ascension_level":0}}