{"host":"aqym1xxr3lb31d9m","time":1611765296,"event":{"mods":["BaseMod","Block Reminder","Colored Map","Colored Powertips","DeckTracker","Highlight Path","Minty Spire (QoL Compilation)","Quick Restart","Random Character Button","StSLib","SuperFastMode","UnlockEverythingMod"],"gold_per_floor":[113,113,127,52,52,52,86,156,156,156,196,211,252,266,266,266,266],"floor_reached":16,"language":"JPN","playtime":344,"items_purged":[],"score":286,"play_id":"ab5057d3-d82c-4d0f-92b2-ed7d5d0708e9","local_time":"20210128013456","is_ascension_mode":true,"campfire_choices":[{"data":"Zap","floor":6,"key":"SMITH"},{"data":"White Noise","floor":10,"key":"SMITH"},{"floor":15,"key":"REST"}],"circlet_count":0,"master_deck":["AscendersBane","Strike_B","Strike_B","Strike_B","Defend_B","Defend_B","Defend_B","Zap+1","Dualcast","Genetic Algorithm","White Noise+1","Melter","Ball Lightning","Darkness","Turbo","Seek"],"relics":["Cracked Core","NeowsBlessing","Golden Idol","Ice Cream","Mercury Hourglass","Singing Bowl","Darkstone Periapt"],"acts_visited":["Exordium"],"potions_floor_usage":[11,16,16],"damage_taken":[{"damage":0,"enemies":"Cultist","floor":1,"turns":1},{"damage":0,"enemies":"2 Louse","floor":3,"turns":1},{"damage":0,"enemies":"3 Sentries","floor":7,"turns":1},{"damage":14,"enemies":"Gremlin Nob","floor":11,"turns":3},{"damage":0,"enemies":"Small Slimes","floor":12,"turns":2},{"damage":5,"enemies":"3 Sentries","floor":13,"turns":3},{"damage":6,"enemies":"Looter","floor":14,"turns":2},{"damage":41,"enemies":"Slime Boss","floor":16,"turns":5}],"seed_played":"-5714911152371754903","potions_obtained":[{"floor":3,"key":"Fire Potion"},{"floor":7,"key":"DuplicationPotion"},{"floor":13,"key":"DuplicationPotion"}],"is_trial":false,"path_per_floor":["M","?","M","?","?","R","E","T","T","R","E","M","E","M","R","B"],"character_chosen":"DEFECT","items_purchased":[],"campfire_rested":1,"item_purchase_floors":[],"current_hp_per_floor":[64,57,57,57,33,33,33,33,33,33,19,19,14,8,29,0,0],"gold":266,"neow_bonus":"THREE_ENEMY_KILL","is_daily":false,"chose_seed":false,"campfire_upgraded":2,"win_rate":0.0,"timestamp":1611765296,"path_taken":["M","?","M","?","?","R","E","?","T","R","E","M","E","?","R","BOSS"],"items_purchased_type":[],"build_version":"2020-12-22","purchased_purges":0,"victory":false,"max_hp_per_floor":[71,71,71,71,71,71,71,71,71,71,71,71,71,71,71,71,71],"card_choices":[{"not_picked":["Conserve Battery","Skim"],"picked":"Genetic Algorithm","floor":1},{"not_picked":["Sweeping Beam","Gash"],"picked":"White Noise","floor":3},{"not_picked":["Gash","Static Discharge"],"picked":"Melter","floor":7},{"not_picked":["Hologram","Gash"],"picked":"Ball Lightning","floor":11},{"not_picked":["Reprogram","Heatsinks"],"picked":"Darkness","floor":12},{"not_picked":["Cold Snap","Consume"],"picked":"Turbo","floor":13},{"not_picked":["Cold Snap","Scrape"],"picked":"Seek","floor":14}],"player_experience":4106048,"relics_obtained":[{"floor":7,"key":"Ice Cream"},{"floor":8,"key":"Mercury Hourglass"},{"floor":11,"key":"Singing Bowl"},{"floor":13,"key":"Darkstone Periapt"}],"event_choices":[{"cards_removed":["Strike_B"],"damage_healed":0,"gold_gain":0,"player_choice":"Card Removal","damage_taken":7,"max_hp_gain":0,"max_hp_loss":0,"event_name":"Golden Wing","floor":2,"gold_loss":0},{"cards_removed":["Defend_B"],"damage_healed":0,"gold_gain":0,"player_choice":"Card Removal","damage_taken":0,"max_hp_gain":0,"max_hp_loss":0,"event_name":"The Cleric","floor":4,"gold_loss":75},{"damage_healed":0,"gold_gain":0,"player_choice":"Take Damage","damage_taken":24,"relics_obtained":["Golden Idol"],"max_hp_gain":0,"max_hp_loss":0,"event_name":"Golden Idol","floor":5,"gold_loss":0}],"is_beta":false,"boss_relics":[],"items_purged_floors":[],"is_endless":false,"potions_floor_spawned":[3,7,13,14],"killed_by":"Slime Boss","ascension_level":20}}