{"host":"kydqlojjt9mno5rv","time":1611731063,"event":{"mods":["AchievementEnabler","BaseMod","Colored Powertips","DeckTracker","Minty Spire (QoL Compilation)","Spicy Shops","Spire Arcade","StSLib","SuperFastMode","Synergy Search","Weighted Paths"],"gold_per_floor":[111,37,37,37,37,37,64,64,91,107,117,117,147,147,147,251,251,261,5,18,29,45,45,45],"floor_reached":23,"language":"ENG","playtime":672,"items_purged":[],"score":226,"play_id":"4af81e8e-8a9a-486c-be66-81c5c8e8c47b","local_time":"20210127020423","is_ascension_mode":false,"campfire_choices":[{"floor":6,"key":"REST"},{"floor":15,"key":"REST"}],"circlet_count":0,"master_deck":["Strike_R","Strike_R","Strike_R","Strike_R","Strike_R","Defend_R","Defend_R","Defend_R","Bash","Entrench","Infernal Blade","Carnage","Flex+1","Inflame","Flex","Dropkick","Headbutt","Limit Break","Inflame+1","Pummel","Headbutt","Headbutt","Heavy Blade","Infernal Blade"],"relics":["Burning Blood","NeowsBlessing","Peace Pipe","Bronze Scales","Paper Frog","Bag of Marbles","Black Star","Lantern"],"acts_visited":["Exordium","TheCity"],"potions_floor_usage":[18],"damage_taken":[{"damage":0,"enemies":"Small Slimes","floor":1,"turns":1},{"damage":0,"enemies":"Lagavulin","floor":7,"turns":1},{"damage":0,"enemies":"Jaw Worm","floor":10,"turns":1},{"damage":0,"enemies":"Cultist","floor":11,"turns":2},{"damage":26,"enemies":"3 Sentries","floor":13,"turns":6},{"damage":0,"enemies":"2 Fungi Beasts","floor":14,"turns":2},{"damage":27,"enemies":"Slime Boss","floor":16,"turns":7},{"damage":28,"enemies":"3 Byrds","floor":18,"turns":4},{"damage":10,"enemies":"Spheric Guardian","floor":20,"turns":3},{"damage":30,"enemies":"Shelled Parasite and Fungi","floor":21,"turns":3},{"damage":16,"enemies":"Centurion and Healer","floor":22,"turns":5},{"damage":35,"enemies":"Gremlin Leader","floor":23,"turns":4}],"seed_played":"6201599593503851989","potions_obtained":[{"floor":10,"key":"GamblersBrew"},{"floor":13,"key":"FearPotion"},{"floor":18,"key":"Fruit Juice"},{"floor":20,"key":"HeartOfIron"},{"floor":22,"key":"PowerPotion"}],"is_trial":false,"path_per_floor":["M","$","?","?","$","R","E","?","T","M","M","?","E","M","R","B",null,"M","$","M","M","M","E"],"character_chosen":"IRONCLAD","items_purchased":["Infernal Blade","Lantern","Pummel","Headbutt"],"campfire_rested":2,"item_purchase_floors":[2,19,19,19],"current_hp_per_floor":[80,80,80,80,80,80,80,80,80,80,80,62,42,48,72,51,80,63,63,59,35,25,0,0],"gold":45,"neow_bonus":"THREE_ENEMY_KILL","is_daily":false,"chose_seed":false,"campfire_upgraded":0,"win_rate":0.0,"timestamp":1611731063,"path_taken":["M","$","?","?","$","R","E","?","T","?","M","?","E","M","R","BOSS","M","$","M","M","M","E"],"items_purchased_type":["Card","Relic","Card","Card"],"build_version":"2020-12-22","purchased_purges":0,"victory":false,"max_hp_per_floor":[80,80,80,80,80,80,80,80,80,80,80,80,80,80,80,80,80,85,85,85,85,85,85,85],"card_choices":[{"not_picked":["Thunderclap","Twin Strike"],"picked":"Entrench","floor":1},{"not_picked":["Evolve","Intimidate"],"picked":"Flex","floor":7},{"not_picked":["Bloodletting","Pommel Strike"],"picked":"Inflame","floor":10},{"not_picked":["Seeing Red","Feel No Pain"],"picked":"Flex","floor":11},{"not_picked":["Sever Soul","Body Slam"],"picked":"Dropkick","floor":13},{"not_picked":["Perfected Strike","Iron Wave"],"picked":"Headbutt","floor":14},{"not_picked":["Fiend Fire","Impervious"],"picked":"Limit Break","floor":16},{"not_picked":["Clash","Dropkick+1"],"picked":"Inflame+1","floor":18},{"not_picked":["Carnage","Shrug It Off"],"picked":"Headbutt","floor":20},{"not_picked":["Perfected Strike","Iron Wave"],"picked":"Heavy Blade","floor":21},{"not_picked":["Shrug It Off+1","Pommel Strike"],"picked":"Infernal Blade","floor":22}],"player_experience":126724,"relics_obtained":[{"floor":7,"key":"Peace Pipe"},{"floor":9,"key":"Bronze Scales"},{"floor":13,"key":"Bag of Marbles"}],"event_choices":[{"damage_healed":0,"gold_gain":0,"player_choice":"Leave","damage_taken":0,"max_hp_gain":0,"max_hp_loss":0,"event_name":"The Cleric","floor":3,"gold_loss":0},{"damage_healed":0,"gold_gain":0,"cards_transformed":["Defend_R"],"player_choice":"Change","damage_taken":0,"max_hp_gain":0,"max_hp_loss":0,"event_name":"Living Wall","floor":4,"gold_loss":0,"cards_obtained":["Carnage"]},{"damage_healed":0,"gold_gain":0,"player_choice":"Upgraded","damage_taken":0,"max_hp_gain":0,"max_hp_loss":0,"event_name":"Upgrade Shrine","floor":8,"gold_loss":0,"cards_upgraded":["Flex"]},{"damage_healed":0,"gold_gain":0,"player_choice":"Success","damage_taken":18,"relics_obtained":["Paper Frog"],"max_hp_gain":0,"max_hp_loss":0,"event_name":"Scrap Ooze","floor":12,"gold_loss":0}],"is_beta":false,"boss_relics":[{"not_picked":["Calling Bell","Velvet Choker"],"picked":"Black Star"}],"items_purged_floors":[],"is_endless":false,"potions_floor_spawned":[10,13,18,20,22],"killed_by":"Gremlin Leader","ascension_level":0}}