{"host":"nxnzcl474ro3ewbj","time":1611786962,"event":{"mods":["2.2 Compatiblity","Act Like it!","BaseMod","Better Third Choice","Better-Laid Plans","Colored Map","Custom Start","Highlight Path","Keyboard Shortcuts","Minty Spire (QoL Compilation)","Quick Restart","Rare Cards Sparkle","Relic Stats","Shop Mod","Slay the Relics Exporter","StSLib","SuperFastMode"],"gold_per_floor":[11,25,25,42,62,62,91,91,91,13,44,44,72,91,91,189,189,205,25,125,125,141,141,171,214,239,239,121,121,175,210,210,306,306,350,265,284,284,356,391,391,466,466,466,496,548,562,88,88,138,138,138,16,66,66],"floor_reached":56,"language":"KOR","playtime":1578,"items_purged":["Strike_R","Strike_R","Strike_R","Defend_R"],"score":1965,"play_id":"bd0139bf-11fb-4288-9d7e-d41eae5335c9","local_time":"20210128073602","is_ascension_mode":true,"campfire_choices":[{"data":"Apotheosis","floor":6.0,"key":"SMITH"},{"floor":15,"key":"REST"},{"floor":23,"key":"REST"},{"floor":29,"key":"RECALL"},{"data":"Double Tap","floor":32,"key":"SMITH"},{"data":"Evolve","floor":41,"key":"SMITH"},{"floor":44,"key":"REST"},{"floor":49,"key":"REST"},{"floor":52,"key":"REST"}],"circlet_count":0,"master_deck":["AscendersBane","Defend_R","Defend_R","Defend_R","Bash","Apotheosis+1","Infernal Blade","Pommel Strike","Sword Boomerang","Shrug It Off","Inflame","Double Tap+1","Fiend Fire","Reaper","HandOfGreed","Necronomicurse","Limit Break","Disarm+1","Evolve+1","Feel No Pain+1"],"relics":["Burning Blood","Pen Nib","Singing Bowl","Unceasing Top","Smiling Mask","Snecko Eye","Red Mask","Necronomicon","Vajra","White Beast Statue","Velvet Choker","Ginger","CaptainsWheel","Magic Flower","Oddly Smooth Stone","Darkstone Periapt","Membership Card","Mango","InkBottle","Lantern","Centennial Puzzle"],"acts_visited":["Exordium","TheCity","TheBeyond","TheEnding"],"potions_floor_usage":[11,20,30,40],"damage_taken":[{"damage":18.0,"enemies":"Small Slimes","floor":1.0,"turns":3.0},{"damage":2.0,"enemies":"Cultist","floor":2.0,"turns":4.0},{"damage":4.0,"enemies":"Jaw Worm","floor":4.0,"turns":2.0},{"damage":34.0,"enemies":"Exordium Thugs","floor":5.0,"turns":6.0},{"damage":24.0,"enemies":"Lagavulin","floor":7.0,"turns":7.0},{"damage":12,"enemies":"Gremlin Nob","floor":11,"turns":3},{"damage":13,"enemies":"3 Sentries","floor":13,"turns":7},{"damage":0,"enemies":"Large Slime","floor":14,"turns":3},{"damage":24,"enemies":"The Guardian","floor":16,"turns":8},{"damage":0,"enemies":"Chosen","floor":18,"turns":3},{"damage":23,"enemies":"Masked Bandits","floor":20,"turns":7},{"damage":30,"enemies":"Shell Parasite","floor":22,"turns":3},{"damage":10,"enemies":"Book of Stabbing","floor":24,"turns":2},{"damage":0,"enemies":"Sentry and Sphere","floor":25,"turns":3},{"damage":25,"enemies":"Slavers","floor":30,"turns":3},{"damage":3,"enemies":"Chosen and Byrds","floor":31,"turns":3},{"damage":21,"enemies":"Champ","floor":33,"turns":7},{"damage":2,"enemies":"Orb Walker","floor":35,"turns":2},{"damage":39,"enemies":"3 Darklings","floor":37,"turns":6},{"damage":43,"enemies":"2 Orb Walkers","floor":39,"turns":4},{"damage":85,"enemies":"Giant Head","floor":40,"turns":7},{"damage":0,"enemies":"Mind Bloom Boss Battle","floor":42,"turns":5},{"damage":62,"enemies":"Reptomancer","floor":45,"turns":5},{"damage":45,"enemies":"Sphere and 2 Shapes","floor":46,"turns":5},{"damage":57,"enemies":"Writhing Mass","floor":47,"turns":4},{"damage":76,"enemies":"Awakened One","floor":50,"turns":7},{"damage":125,"enemies":"Shield and Spear","floor":54,"turns":9},{"damage":137,"enemies":"The Heart","floor":55,"turns":8}],"seed_played":"6618721784086251996","potions_obtained":[{"floor":1.0,"key":"LiquidBronze"},{"floor":4.0,"key":"Regen Potion"},{"floor":7.0,"key":"ColorlessPotion"},{"floor":14,"key":"FairyPotion"},{"floor":16,"key":"Weak Potion"},{"floor":24,"key":"Explosive Potion"},{"floor":31,"key":"BloodPotion"},{"floor":40,"key":"Fire Potion"}],"is_trial":false,"path_per_floor":["M","M","?","M","M","R","E","?","T","$","E","?","E","M","R","B",null,"M","$","?","?","M","R","E","M","T","?","$","R","E","M","R","B",null,"M","$","M","?","?","E","R","?","T","R","E","M","M","$","R","B",null,"R","$","E","B",null],"character_chosen":"IRONCLAD","items_purchased":["Inflame","HandOfGreed","Limit Break","Evolve","Membership Card","Mango","InkBottle","Lantern"],"campfire_rested":5,"item_purchase_floors":[10,19,28,36,48,48,48,53],"current_hp_per_floor":[60,64,64,66,53,53,35,28,28,28,22,22,15,23,47,29,69,84,84,69,53,31,57,55,63,63,63,63,63,94,94,94,94,96,98,98,91,87,52,72,72,86,86,110,61,72,46,60,99,91,120,130,130,44,63],"gold":66,"neow_bonus":"RANDOM_COLORLESS_2","is_daily":false,"chose_seed":false,"campfire_upgraded":3,"win_rate":0.0,"timestamp":1611786962,"path_taken":["M","M","?","?","M","R","E","?","T","?","E","?","E","M","R","BOSS","M","$","?","?","M","R","E","M","T","?","$","R","E","M","R","BOSS","M","$","M","?","?","E","R","?","T","R","E","M","M","$","R","BOSS","R","$","E","BOSS"],"items_purchased_type":["Card","Card","Card","Card","Relic","Relic","Relic","Relic"],"build_version":"2020-12-22","purchased_purges":4,"victory":true,"max_hp_per_floor":[80,80,80,80,80,80,80,80,80,80,80,80,80,82,82,82,82,84,84,86,86,88,88,90,92,92,92,92,92,94,94,94,96,96,98,98,100,106,108,108,108,110,110,110,112,114,116,130,130,130,130,130,130,132,132],"relic_stats":{"Darkstone Periapt":0,"Singing Bowl":38,"counters":[28,136],"Magic Flower":[114],"Pen Nib":[21],"Ginger":[6],"Smiling Mask":113,"Burning Blood":175,"Centennial Puzzle":[1],"Snecko Eye":[187,145,149,167],"Necronomicon":[46],"obtain_stats":[{"Darkstone Periapt":45,"Lantern":53,"Singing Bowl":9,"Vajra":24,"Velvet Choker":34,"Magic Flower":42,"Oddly Smooth Stone":43,"Mango":48,"Pen Nib":7,"Ginger":39,"Smiling Mask":13,"Burning Blood":0,"White Beast Statue":30,"CaptainsWheel":40,"Centennial Puzzle":54,"Snecko Eye":17,"Red Mask":20,"Necronomicon":21,"Membership Card":48,"Unceasing Top":11,"InkBottle":48},{"Darkstone Periapt":23,"Lantern":26,"Singing Bowl":5,"Vajra":13,"Velvet Choker":17,"Magic Flower":22,"Oddly Smooth Stone":22,"Mango":25,"Pen Nib":5,"Ginger":20,"Smiling Mask":7,"Burning Blood":0,"White Beast Statue":15,"CaptainsWheel":21,"Centennial Puzzle":27,"Snecko Eye":9,"Red Mask":11,"Necronomicon":11,"Membership Card":25,"Unceasing Top":6,"InkBottle":25},{"Darkstone Periapt":103,"Lantern":119,"Singing Bowl":22,"Vajra":58,"Velvet Choker":74,"Magic Flower":98,"Oddly Smooth Stone":98,"Mango":112,"Pen Nib":22,"Ginger":86,"Smiling Mask":32,"Burning Blood":0,"White Beast Statue":64,"CaptainsWheel":93,"Centennial Puzzle":128,"Snecko Eye":43,"Red Mask":53,"Necronomicon":53,"Membership Card":112,"Unceasing Top":25,"InkBottle":112}],"Unceasing Top":[9],"InkBottle":[7]},"card_choices":[{"not_picked":["Violence","Mayhem"],"picked":"Apotheosis","floor":0.0},{"not_picked":["Anger","Entrench"],"picked":"Infernal Blade","floor":1.0},{"not_picked":["Perfected Strike","Thunderclap"],"picked":"Pommel Strike","floor":2.0},{"not_picked":["Anger","Body Slam"],"picked":"Sword Boomerang","floor":4.0},{"not_picked":["Warcry","Rampage"],"picked":"Shrug It Off","floor":5.0},{"not_picked":["Cleave","Flame Barrier","Clash"],"picked":"SKIP","floor":7.0},{"not_picked":["Rupture","Havoc"],"picked":"Double Tap","floor":11},{"not_picked":["Impervious","Havoc"],"picked":"Fiend Fire","floor":13},{"not_picked":["Pummel","Pommel Strike","Body Slam"],"picked":"Singing Bowl","floor":14},{"not_picked":["Double Tap","Brutality"],"picked":"Reaper","floor":16},{"not_picked":["Cleave","True Grit","Fire Breathing"],"picked":"Singing Bowl","floor":18},{"not_picked":["Searing Blow","Havoc","Rage"],"picked":"Singing Bowl","floor":20},{"not_picked":["Heavy Blade","Spot Weakness","Twin Strike"],"picked":"Singing Bowl","floor":22},{"not_picked":["Hemokinesis","True Grit","Twin Strike"],"picked":"Singing Bowl","floor":24},{"not_picked":["True Grit","Warcry","Body Slam"],"picked":"Singing Bowl","floor":25},{"not_picked":["Immolate","Perfected Strike+1","Pummel"],"picked":"Singing Bowl","floor":30},{"not_picked":["Anger","Clothesline"],"picked":"Disarm+1","floor":31},{"not_picked":["Feed","Exhume","Limit Break"],"picked":"Singing Bowl","floor":33},{"not_picked":["Whirlwind","Headbutt","Dropkick"],"picked":"Singing Bowl","floor":35},{"not_picked":["Clash+1","True Grit+1","Pommel Strike"],"picked":"Singing Bowl","floor":37},{"not_picked":["Panache","Enlightenment","Blind"],"picked":"Singing Bowl","floor":38},{"not_picked":["The Bomb","Good Instincts","Metamorphosis"],"picked":"Singing Bowl","floor":38},{"not_picked":["Discovery","Enlightenment","Thinking Ahead"],"picked":"Singing Bowl","floor":38},{"not_picked":["Inflame+1","Flame Barrier","Iron Wave"],"picked":"Singing Bowl","floor":39},{"not_picked":["Warcry","Body Slam+1"],"picked":"Feel No Pain+1","floor":40},{"not_picked":["Anger","Seeing Red+1","Sever Soul+1"],"picked":"Singing Bowl","floor":42},{"not_picked":["Dropkick","Clothesline","Metallicize+1"],"picked":"Singing Bowl","floor":45},{"not_picked":["Searing Blow","Flame Barrier","Perfected Strike"],"picked":"Singing Bowl","floor":46},{"not_picked":["True Grit","Warcry","Perfected Strike"],"picked":"Singing Bowl","floor":47},{"not_picked":["Anger","Thunderclap+1","Twin Strike"],"picked":"Singing Bowl","floor":54}],"player_experience":71058,"relics_obtained":[{"floor":7.0,"key":"Pen Nib"},{"floor":9.0,"key":"Singing Bowl"},{"floor":11,"key":"Unceasing Top"},{"floor":13,"key":"Smiling Mask"},{"floor":20,"key":"Red Mask"},{"floor":21,"key":"Necronomicon"},{"floor":24,"key":"Vajra"},{"floor":30,"key":"White Beast Statue"},{"floor":39,"key":"Ginger"},{"floor":40,"key":"CaptainsWheel"},{"floor":42,"key":"Magic Flower"},{"floor":43,"key":"Oddly Smooth Stone"},{"floor":45,"key":"Darkstone Periapt"},{"floor":54,"key":"Centennial Puzzle"}],"event_choices":[{"cards_removed":["Strike_R"],"damage_healed":0.0,"max_hp_gain":0.0,"max_hp_loss":0.0,"gold_gain":0.0,"event_name":"Bonfire Elementals","player_choice":"Offered Basic","floor":3.0,"gold_loss":0.0,"damage_taken":0.0},{"cards_removed":["Strike_R"],"damage_healed":0.0,"max_hp_gain":0.0,"max_hp_loss":0.0,"gold_gain":0.0,"event_name":"Golden Wing","player_choice":"Card Removal","floor":8.0,"gold_loss":0.0,"damage_taken":7.0},{"damage_healed":0,"gold_gain":0,"player_choice":"LEAVE","damage_taken":0,"max_hp_gain":0,"max_hp_loss":0,"event_name":"betterThird:BetterScrap","floor":12,"gold_loss":0,"cards_obtained":["Well Laid Plans"]},{"damage_healed":0,"gold_gain":0,"player_choice":"Fought Bandits","damage_taken":0,"max_hp_gain":0,"max_hp_loss":0,"event_name":"Masked Bandits","floor":20,"gold_loss":0},{"damage_healed":0,"gold_gain":0,"player_choice":"Obtained Book","damage_taken":16,"max_hp_gain":0,"max_hp_loss":0,"event_name":"Cursed Tome","floor":21,"gold_loss":0},{"damage_healed":0,"gold_gain":0,"player_choice":"Ignored","damage_taken":0,"max_hp_gain":0,"max_hp_loss":0,"event_name":"The Mausoleum","floor":27,"gold_loss":0},{"damage_healed":0,"gold_gain":0,"player_choice":"Memory 3","damage_taken":10,"max_hp_gain":0,"max_hp_loss":0,"event_name":"SensoryStone","floor":38,"gold_loss":0},{"damage_healed":0,"gold_gain":0,"player_choice":"Fight","damage_taken":0,"max_hp_gain":0,"max_hp_loss":0,"event_name":"Mysterious Sphere","floor":39,"gold_loss":0},{"damage_healed":0,"gold_gain":0,"player_choice":"Fight","damage_taken":0,"max_hp_gain":0,"max_hp_loss":0,"event_name":"MindBloom","floor":42,"gold_loss":0}],"is_beta":false,"boss_relics":[{"not_picked":["Runic Cube","SacredBark"],"picked":"Snecko Eye"},{"not_picked":["Cursed Key","Black Blood"],"picked":"Velvet Choker"}],"items_purged_floors":[28,36,48,53],"is_endless":false,"potions_floor_spawned":[1,4,7,14,16,24,25,31,33,35,37,39,40,42,45,46,47,54],"ascension_level":11}}