{"host":"q9718omregw4er46","time":1611756747,"event":{"mods":["BaseMod","Minty Spire (QoL Compilation)","Quick Restart","Relic Stats"],"gold_per_floor":[114,126,138,153,173,204,204,234,234,268,324,355,355,375,375,454,454,466,466,478,270,270,270,311,311,311,349,366,384,384,397,397,397,397],"floor_reached":33,"language":"ENG","playtime":1424,"items_purged":["Strike_R"],"score":680,"play_id":"b5b333e7-95ad-4807-8fd4-93a3122bb5cb","local_time":"20210127191227","is_ascension_mode":true,"campfire_choices":[{"data":"Bash","floor":7.0,"key":"SMITH"},{"floor":13,"key":"REST"},{"data":"Dual Wield","floor":15,"key":"SMITH"},{"data":"Demon Form","floor":23,"key":"SMITH"},{"floor":25,"key":"REST"},{"floor":32,"key":"REST"}],"circlet_count":0,"master_deck":["AscendersBane","Strike_R+1","Defend_R+1","Defend_R+1","Bash+1","Dual Wield+1","Carnage+1","Blood for Blood","Clothesline","Feel No Pain","Double Tap","Demon Form+1","Evolve+1","Blood for Blood+1","Metallicize+1","Dark Embrace","Sever Soul+1","Uppercut","Twin Strike+1","Disarm","Fiend Fire"],"relics":["Snecko Eye","WingedGreaves","Pear","Question Card","Smiling Mask","Gambling Chip","Lantern","Astrolabe","Whetstone","CeramicFish","Unceasing Top"],"acts_visited":["Exordium","TheCity"],"potions_floor_usage":[11,24,28,33],"damage_taken":[{"damage":2.0,"enemies":"Jaw Worm","floor":1.0,"turns":2.0},{"damage":6.0,"enemies":"2 Louse","floor":2.0,"turns":2.0},{"damage":4.0,"enemies":"Small Slimes","floor":3.0,"turns":3.0},{"damage":3.0,"enemies":"Looter","floor":4.0,"turns":2.0},{"damage":14.0,"enemies":"Blue Slaver","floor":5.0,"turns":4.0},{"damage":12.0,"enemies":"3 Sentries","floor":6.0,"turns":5.0},{"damage":0,"enemies":"Lagavulin","floor":8,"turns":2},{"damage":16,"enemies":"3 Sentries","floor":10,"turns":7},{"damage":3,"enemies":"Gremlin Nob","floor":11,"turns":3},{"damage":5,"enemies":"Lagavulin","floor":12,"turns":3},{"damage":0,"enemies":"3 Louse","floor":14,"turns":2},{"damage":21,"enemies":"The Guardian","floor":16,"turns":9},{"damage":17,"enemies":"Shell Parasite","floor":18,"turns":4},{"damage":11,"enemies":"2 Thieves","floor":20,"turns":2},{"damage":51,"enemies":"Slavers","floor":24,"turns":6},{"damage":12,"enemies":"Book of Stabbing","floor":27,"turns":4},{"damage":16,"enemies":"Centurion and Healer","floor":28,"turns":4},{"damage":0,"enemies":"Snake Plant","floor":31,"turns":2},{"damage":26,"enemies":"Collector","floor":33,"turns":3}],"seed_played":"-2284637978885246826","potions_obtained":[{"floor":1.0,"key":"SkillPotion"},{"floor":2.0,"key":"GamblersBrew"},{"floor":4.0,"key":"DuplicationPotion"},{"floor":6.0,"key":"LiquidMemories"},{"floor":16,"key":"Regen Potion"},{"floor":24,"key":"Explosive Potion"},{"floor":28,"key":"SkillPotion"},{"floor":31,"key":"LiquidMemories"}],"is_trial":true,"path_per_floor":["M","M","M","M","M","E","R","E","T","E","?","E","R","M","R","B",null,"M","?","M","$","?","R","E","R","T","E","M","?","?","M","R","B"],"character_chosen":"IRONCLAD","items_purchased":["Whetstone"],"campfire_rested":3,"item_purchase_floors":[21],"current_hp_per_floor":[66,60,56,53,39,27,27,37,37,21,18,13,38,38,38,17,68,51,51,40,40,40,40,4,29,29,17,1,1,1,1,26,0,0],"gold":397,"neow_bonus":"","is_daily":false,"chose_seed":false,"campfire_upgraded":3,"win_rate":0.0,"timestamp":1611756747,"path_taken":["M","M","M","M","M","E","R","E","T","E","?","E","R","M","R","BOSS","M","?","M","$","?","R","E","R","T","E","?","?","?","M","R","BOSS"],"items_purchased_type":["Relic"],"build_version":"2020-12-22","purchased_purges":1,"victory":false,"max_hp_per_floor":[75,75,75,75,75,75,75,85,85,85,85,85,85,85,85,85,85,85,85,85,85,85,85,85,85,85,85,85,85,85,85,85,85,85],"relic_stats":{"counters":[19,69],"Gambling Chip":[47],"Astrolabe":["Evolve","Blood for Blood","Metallicize"],"CeramicFish":36,"Snecko Eye":[118,128,123,133],"Whetstone":["Strike_R","Carnage"],"Question Card":11,"Smiling Mask":25,"obtain_stats":[{"Lantern":12,"Pear":8,"Gambling Chip":11,"Astrolabe":17,"CeramicFish":24,"Snecko Eye":0,"WingedGreaves":6,"Whetstone":21,"Question Card":9,"Smiling Mask":10,"Unceasing Top":27},{"Lantern":10,"Pear":7,"Gambling Chip":9,"Astrolabe":12,"CeramicFish":15,"Snecko Eye":0,"WingedGreaves":6,"Whetstone":14,"Question Card":7,"Smiling Mask":8,"Unceasing Top":16},{"Lantern":33,"Pear":20,"Gambling Chip":30,"Astrolabe":44,"CeramicFish":56,"Snecko Eye":0,"WingedGreaves":18,"Whetstone":50,"Question Card":20,"Smiling Mask":27,"Unceasing Top":60}],"Unceasing Top":[1]},"card_choices":[{"not_picked":["Armaments","Pommel Strike"],"picked":"Dual Wield","floor":1.0},{"not_picked":["Intimidate","Clash"],"picked":"Carnage","floor":2.0},{"not_picked":["Sever Soul","Headbutt","Wild Strike"],"picked":"SKIP","floor":3.0},{"not_picked":["Disarm","Sword Boomerang"],"picked":"Blood for Blood","floor":4.0},{"not_picked":["Shrug It Off","Armaments"],"picked":"Clothesline","floor":5.0},{"not_picked":["Clash","Wild Strike","Armaments"],"picked":"SKIP","floor":6.0},{"not_picked":["Cleave","Fire Breathing"],"picked":"Feel No Pain","floor":8},{"not_picked":["Body Slam","Second Wind","Warcry","Hemokinesis"],"picked":"SKIP","floor":10},{"not_picked":["Pommel Strike","Entrench","Sword Boomerang"],"picked":"Double Tap","floor":12},{"not_picked":["Body Slam","Havoc","Iron Wave","Thunderclap"],"picked":"SKIP","floor":14},{"not_picked":["Feed","Exhume","Corruption"],"picked":"Demon Form","floor":16},{"not_picked":["Warcry","Heavy Blade","Thunderclap","Havoc"],"picked":"SKIP","floor":18},{"not_picked":["Thunderclap","Sword Boomerang","Iron Wave"],"picked":"Sever Soul+1","floor":20},{"not_picked":["Sword Boomerang","Bloodletting","Dual Wield"],"picked":"Uppercut","floor":24},{"not_picked":["Brutality","Ghostly Armor","Rampage"],"picked":"Twin Strike+1","floor":27},{"not_picked":["Perfected Strike+1","Rampage","Warcry","Blood for Blood"],"picked":"SKIP","floor":28},{"not_picked":["Carnage","Havoc","Anger","Sword Boomerang"],"picked":"SKIP","floor":31}],"player_experience":754317,"relics_obtained":[{"floor":6.0,"key":"WingedGreaves"},{"floor":8,"key":"Pear"},{"floor":9,"key":"Question Card"},{"floor":10,"key":"Smiling Mask"},{"floor":11,"key":"Gambling Chip"},{"floor":12,"key":"Lantern"},{"floor":24,"key":"CeramicFish"},{"floor":27,"key":"Unceasing Top"}],"event_choices":[{"damage_healed":0,"gold_gain":0,"player_choice":"Searched \u00272\u0027 times","damage_taken":0,"max_hp_gain":0,"max_hp_loss":0,"event_name":"Dead Adventurer","floor":11,"gold_loss":0},{"damage_healed":0,"gold_gain":0,"player_choice":"Read","damage_taken":0,"max_hp_gain":0,"max_hp_loss":0,"event_name":"The Library","floor":19,"gold_loss":0,"cards_obtained":["Dark Embrace"]},{"damage_healed":0,"gold_gain":0,"player_choice":"Ignored","damage_taken":0,"max_hp_gain":0,"max_hp_loss":0,"event_name":"Vampires","floor":22,"gold_loss":0},{"damage_healed":0,"gold_gain":0,"cards_transformed":["Defend_R","Defend_R"],"player_choice":"Became Test Subject","damage_taken":0,"max_hp_gain":0,"max_hp_loss":0,"event_name":"Drug Dealer","floor":29,"gold_loss":0,"cards_obtained":["Disarm","Fiend Fire"]},{"damage_healed":0,"gold_gain":0,"player_choice":"Simplicity","damage_taken":0,"max_hp_gain":0,"max_hp_loss":0,"event_name":"Back to Basics","floor":30,"gold_loss":0,"cards_upgraded":["Defend_R","Defend_R"]}],"is_beta":false,"boss_relics":[{"not_picked":["Runic Dome","Velvet Choker"],"picked":"Astrolabe"}],"items_purged_floors":[21],"is_endless":false,"potions_floor_spawned":[1,2,4,6,16,20,24,28,31],"killed_by":"Collector","ascension_level":20}}