{"host":"me30ioratabihv4r","time":1611765658,"event":{"mods":["AchievementEnabler","Act Like it!","BaseMod","Hallownest","Minty Spire (QoL Compilation)","StSLib","The Bug Knight","UnlockEverythingMod","everything is the same but u backflip on backflip"],"gold_per_floor":[111,131,131,149,163,163,188,188,188,202,213,63,76,90,90,185,185,205,237,255,255,37,37,48,48,73,92,108,23,23,43,43,43,43],"floor_reached":33,"language":"ENG","playtime":2621,"items_purged":["HollowMod:HeavyBlow"],"score":278,"play_id":"08667003-a591-4f16-b8f7-7ee19e149a21","local_time":"20210127124058","is_ascension_mode":false,"campfire_choices":[{"data":"HollowMod:GoodIntentions","floor":6.0,"key":"SMITH"},{"data":"HollowMod:SlysStrikes","floor":8.0,"key":"SMITH"},{"data":"HollowMod:HeavyBlow","floor":15.0,"key":"SMITH"},{"data":"HollowMod:ZotesMagnificence","floor":23.0,"key":"SMITH"},{"floor":30,"key":"REST"},{"floor":32,"key":"REST"}],"circlet_count":0,"master_deck":["HollowMod:NailStrikeStart","HollowMod:NailStrikeStart","HollowMod:NailStrikeStart","HollowMod:NailStrikeStart","HollowMod:QuickDashStart","HollowMod:QuickDashStart","HollowMod:QuickDashStart","HollowMod:FocusHealStart","HollowMod:PogoStrike","HollowMod:DungDefenderAura","HollowMod:GoodIntentions+1","HollowMod:MonarchWings","HollowMod:CycloneSlash","HollowMod:SlysStrikes+1","HollowMod:QuirrelsAssistance","HollowMod:HeavyBlow+1","HollowMod:QuirrelsAssistance","HollowMod:DashSlash","HollowMod:ZotesMagnificence+1","HollowMod:BlackTendrils+1","HollowMod:WraithStrike+1","HollowMod:CornifersMapStart","HollowMod:SiblingsSouls","HollowMod:WraithStrike+1","HollowMod:Hiveblood","HollowMod:ShadowDash+1","HollowMod:SharpenedShadows+1","HollowMod:ShadowDash"],"relics":["HollowMod:VesselMask","Peace Pipe","Gremlin Horn","HollowMod:StagPassRelic","Velvet Choker","HollowMod:GreatKnightMask","HandDrill","Ancient Tea Set"],"acts_visited":["Exordium","TheCity"],"potions_floor_usage":[33],"damage_taken":[{"damage":0.0,"enemies":"2 Louse","floor":1.0,"turns":2.0},{"damage":0.0,"enemies":"Cultist","floor":2.0,"turns":3.0},{"damage":0.0,"enemies":"Small Slimes","floor":4.0,"turns":3.0},{"damage":2.0,"enemies":"Blue Slaver","floor":5.0,"turns":6.0},{"damage":10.0,"enemies":"Gremlin Nob","floor":7.0,"turns":4.0},{"damage":16.0,"enemies":"Large Slime","floor":10.0,"turns":6.0},{"damage":15.0,"enemies":"Exordium Thugs","floor":11.0,"turns":3.0},{"damage":0.0,"enemies":"2 Fungi Beasts","floor":13.0,"turns":2.0},{"damage":4.0,"enemies":"HollowMod:HuskWarrior","floor":14.0,"turns":6.0},{"damage":38.0,"enemies":"HollowMod:FalseKnight","floor":16.0,"turns":11.0},{"damage":19.0,"enemies":"HollowMod:HuskSentry","floor":18.0,"turns":6.0},{"damage":0.0,"enemies":"HollowMod:Zote","floor":19.0,"turns":2.0},{"damage":1.0,"enemies":"2 Thieves","floor":20.0,"turns":4.0},{"damage":16,"enemies":"Cultist and Chosen","floor":24,"turns":5},{"damage":42,"enemies":"Centurion and Healer","floor":27,"turns":5},{"damage":11,"enemies":"Snake Plant","floor":28,"turns":3},{"damage":21,"enemies":"Snecko","floor":31,"turns":4},{"damage":18,"enemies":"Automaton","floor":33,"turns":4}],"seed_played":"-638187512347957090","potions_obtained":[{"floor":1.0,"key":"DistilledChaos"},{"floor":2.0,"key":"Swift Potion"},{"floor":7.0,"key":"Fire Potion"},{"floor":11.0,"key":"Fire Potion"},{"floor":18.0,"key":"LiquidMemories"},{"floor":19.0,"key":"Energy Potion"}],"is_trial":false,"path_per_floor":["M","M","?","M","M","R","E","R","T","M","M","?","M","M","R","B",null,"M","?","M","?","$","R","M","?","T","M","M","$","R","M","R","B"],"character_chosen":"THE_BUGKNIGHT","items_purchased":["HandDrill","HollowMod:ShadowDash","HollowMod:SharpenedShadows"],"campfire_rested":2,"item_purchase_floors":[22,29,29],"current_hp_per_floor":[75,75,75,75,73,73,63,63,63,47,32,32,32,38,38,6,75,62,75,74,74,74,74,59,59,59,25,20,20,42,29,51,38,38],"gold":43,"neow_bonus":"THREE_CARDS","is_daily":false,"chose_seed":false,"campfire_upgraded":4,"win_rate":0.0,"timestamp":1611765658,"path_taken":["M","M","?","?","M","R","E","R","T","M","M","?","M","M","R","BOSS","M","?","M","?","$","R","M","?","T","?","M","$","R","M","R","BOSS"],"items_purchased_type":["Relic","Card","Card"],"build_version":"2020-12-22","purchased_purges":1,"victory":false,"max_hp_per_floor":[75,75,75,75,75,75,75,75,75,75,75,75,75,75,75,75,75,75,75,75,75,75,75,75,75,75,75,75,75,75,75,75,75,75],"card_choices":[{"not_picked":["HollowMod:SoulStrike","HollowMod:MawleksShell"],"picked":"HollowMod:HeavyBlow","floor":0.0},{"not_picked":["HollowMod:DoubleDash","HollowMod:NewJinnsSoul"],"picked":"HollowMod:DungDefenderAura","floor":1.0},{"not_picked":["HollowMod:CloakDash","HollowMod:GrimmsGift"],"picked":"HollowMod:GoodIntentions","floor":2.0},{"not_picked":["HollowMod:HeavyBlow","HollowMod:InfectionAssault"],"picked":"HollowMod:MonarchWings","floor":4.0},{"not_picked":["HollowMod:InfectedAttack","HollowMod:GreatSlash"],"picked":"HollowMod:CycloneSlash","floor":5.0},{"not_picked":["HollowMod:DashSlash","HollowMod:GoodIntentions"],"picked":"HollowMod:SlysStrikes","floor":7.0},{"not_picked":["HollowMod:LifebloodCocoon","HollowMod:GoodIntentions"],"picked":"HollowMod:QuirrelsAssistance","floor":10.0},{"not_picked":["HollowMod:SharpenedNail","HollowMod:ChannelNail"],"picked":"HollowMod:HeavyBlow","floor":11.0},{"not_picked":["HollowMod:CloakDash","HollowMod:BaldurShell"],"picked":"HollowMod:QuirrelsAssistance","floor":13.0},{"not_picked":["HollowMod:SiblingsSouls","HollowMod:FallenFury"],"picked":"HollowMod:DashSlash","floor":14.0},{"not_picked":["HollowMod:HornetsHelp","HollowMod:VoidDash"],"picked":"HollowMod:ZotesMagnificence","floor":16.0},{"not_picked":["HollowMod:DoubleDash","HollowMod:WraithStrike+1"],"picked":"HollowMod:BlackTendrils","floor":18.0},{"not_picked":["HollowMod:ShapeofUnn","HollowMod:ShadowDash"],"picked":"HollowMod:WraithStrike+1","floor":19.0},{"not_picked":["HollowMod:ShadowDash","HollowMod:SharpenedNail+1"],"picked":"HollowMod:CornifersMapStart","floor":20.0},{"not_picked":["HollowMod:CrystalDash","HollowMod:SoulVessel"],"picked":"HollowMod:SiblingsSouls","floor":24},{"not_picked":["HollowMod:CycloneSlash","HollowMod:SharpenedNail"],"picked":"HollowMod:WraithStrike+1","floor":27},{"not_picked":["HollowMod:NewLittleFool","HollowMod:SiblingsSouls"],"picked":"HollowMod:Hiveblood","floor":28},{"not_picked":["HollowMod:CornifersMapStart+1","HollowMod:MothsMistake"],"picked":"HollowMod:ShadowDash","floor":31}],"player_experience":36109,"relics_obtained":[{"floor":7.0,"key":"Peace Pipe"},{"floor":9.0,"key":"Gremlin Horn"},{"floor":19.0,"key":"HollowMod:GreatKnightMask"},{"floor":26,"key":"Ancient Tea Set"}],"event_choices":[{"cards_removed":["HollowMod:QuickDashStart"],"damage_healed":0.0,"max_hp_gain":0.0,"max_hp_loss":0.0,"gold_gain":0.0,"event_name":"Purifier","player_choice":"Purged","floor":3.0,"gold_loss":0.0,"damage_taken":0.0},{"damage_healed":0.0,"max_hp_gain":0.0,"max_hp_loss":0.0,"gold_gain":0.0,"event_name":"Ghosts","player_choice":"Ignored","floor":21.0,"gold_loss":0.0,"damage_taken":0.0},{"damage_healed":0,"gold_gain":0,"player_choice":"Forge","damage_taken":0,"max_hp_gain":0,"max_hp_loss":0,"event_name":"Accursed Blacksmith","floor":25,"gold_loss":0,"cards_upgraded":["HollowMod:BlackTendrils"]}],"is_beta":false,"boss_relics":[{"not_picked":["SacredBark","SlaversCollar"],"picked":"Velvet Choker"}],"items_purged_floors":[22],"is_endless":false,"potions_floor_spawned":[1,2,7,11,18,19],"killed_by":"Automaton","ascension_level":0}}