{"host":"jwvz9sqego1wo43x","time":1611780084,"event":{"mods":["AchievementEnabler","BaseMod","Colored Map","Downfall","GifTheSpireLib","Minty Spire (QoL Compilation)","StSLib"],"gold_per_floor":[99,115,135,135,18,49,49,34,93,93,127,145,45,45,57,158,158,158,168,168,168,168,168,250,264,10,10,23,23,33,62,72,173,173,173,193,204,70,149,199,199,199,227,227,245,255,255,269,284,284],"floor_reached":51,"language":"ENG","playtime":2084,"items_purged":[],"score":830,"play_id":"c51399dc-ae0c-4543-9a50-505191c99547","local_time":"20210127204124","is_ascension_mode":false,"campfire_choices":[{"data":"bronze:Repulsor","floor":1,"key":"SMITH"},{"floor":10,"key":"REST"},{"floor":13,"key":"REST"},{"data":"bronze:AlphaBuild","floor":18,"key":"SMITH"},{"data":"bronze:Philosophize","floor":23,"key":"SMITH"},{"data":"bronze:Optimize","floor":27,"key":"SMITH"},{"data":"bronze:SpaghettiCode","floor":35,"key":"SMITH"},{"data":"bronze:GetLatest","floor":42,"key":"SMITH"},{"data":"bronze:RecursiveStrike","floor":47,"key":"SMITH"}],"circlet_count":0,"master_deck":["bronze:Strike","bronze:Strike","bronze:Strike","bronze:Defend","bronze:Defend","bronze:Defend","bronze:Defend","bronze:Replicate","bronze:Repulsor+1","bronze:BronzeOrb","bronze:Constructor","bronze:Fortify","bronze:Terminator","bronze:Iterate","bronze:ClassDefault","bronze:HyperBeam","bronze:Optimize+1","bronze:Format","bronze:Constructor","bronze:AlphaBuild+1","bronze:Philosophize+1","Iron Wave","bronze:Frontload","bronze:Repulsor+1","bronze:ShipIt","bronze:Overheat+1","bronze:SpaghettiCode+1","bronze:Constructor+1","bronze:Return+1","bronze:GetLatest+1","bronze:BronzeArmor","bronze:Branch","bronze:Separator+1","bronze:MaxOutput+1","bronze:RecursiveStrike+1","bronze:Terminator+1","bronze:FineTuning"],"relics":["bronze:BronzeCore","Letter Opener","Unceasing Top","Ornamental Fan","StoneCalendar","Lizard Tail","downfall:HeartBlessingGreen","Philosopher\u0027s Stone","Guardian:GemstoneGun","sneckomod:BabySnecko","Gremlin Horn","Pantograph","StrikeDummy","SacredBark","White Beast Statue","Ginger","Shuriken","Thread and Needle"],"acts_visited":["Exordium","TheCity","TheBeyond"],"potions_floor_usage":[6,31,37,38,43,50,50,50],"damage_taken":[{"damage":6,"enemies":"Cultist","floor":2,"turns":5},{"damage":0,"enemies":"Small Slimes","floor":3,"turns":3},{"damage":0,"enemies":"downfall:FleeingMerchant","floor":5,"turns":4},{"damage":9,"enemies":"3 Sentries","floor":6,"turns":6},{"damage":5,"enemies":"downfall:FleeingMerchant","floor":8,"turns":4},{"damage":28,"enemies":"Gremlin Nob","floor":9,"turns":5},{"damage":21,"enemies":"Lagavulin","floor":11,"turns":7},{"damage":1,"enemies":"Jaw Worm","floor":12,"turns":2},{"damage":0,"enemies":"3 Louse","floor":15,"turns":4},{"damage":0,"enemies":"DF_ARCHETYPE_STREAMLINE","floor":16,"turns":12},{"damage":0,"enemies":"Spheric Guardian","floor":19,"turns":1},{"damage":23,"enemies":"3 Byrds","floor":25,"turns":4},{"damage":19,"enemies":"downfall:FleeingMerchant","floor":26,"turns":4},{"damage":0,"enemies":"Snecko","floor":28,"turns":4},{"damage":0,"enemies":"Snake Plant","floor":30,"turns":4},{"damage":8,"enemies":"Slavers","floor":31,"turns":3},{"damage":0,"enemies":"Shelled Parasite and Fungi","floor":32,"turns":3},{"damage":26,"enemies":"IC_MUSHROOM_ARCHETYPE","floor":33,"turns":8},{"damage":14,"enemies":"Orb Walker","floor":36,"turns":3},{"damage":0,"enemies":"3 Shapes","floor":37,"turns":3},{"damage":6,"enemies":"downfall:FleeingMerchant","floor":38,"turns":4},{"damage":48,"enemies":"downfall:FleeingMerchant","floor":40,"turns":6},{"damage":37,"enemies":"Giant Head","floor":43,"turns":9},{"damage":0,"enemies":"3 Darklings","floor":45,"turns":4},{"damage":0,"enemies":"4 Shapes","floor":46,"turns":3},{"damage":0,"enemies":"Jaw Worm Horde","floor":48,"turns":2},{"damage":0,"enemies":"3 Darklings","floor":49,"turns":2},{"damage":39,"enemies":"SI_POISON_ARCHETYPE","floor":50,"turns":8}],"seed_played":"5511646268932931025","potions_obtained":[{"floor":2,"key":"Strength Potion"},{"floor":3,"key":"Ancient Potion"},{"floor":11,"key":"BlessingOfTheForge"},{"floor":28,"key":"LiquidBronze"},{"floor":31,"key":"FearPotion"},{"floor":37,"key":"Fruit Juice"},{"floor":40,"key":"champ:CounterPotion"},{"floor":43,"key":"SpeedPotion"},{"floor":45,"key":"Strength Potion"}],"is_trial":false,"path_per_floor":["R","M","M","?","$","E","T","$","?","R","E","M","R","?","M","B",null,"R","M","T","?","?","R","T","M","$","R","M","?","M","E","M","B",null,"R","M","M","$","?","?","T","R","E","?","M","M","R","M","M","B",null],"character_chosen":"THE_AUTOMATON","items_purchased":["bronze:Terminator","bronze:Iterate","Pantograph","bronze:GetLatest","bronze:BronzeArmor"],"campfire_rested":2,"item_purchase_floors":[5,5,26,38,38],"current_hp_per_floor":[70,64,64,61,61,52,52,47,19,40,19,18,39,39,39,39,70,70,70,70,70,70,70,70,47,28,28,28,28,28,20,20,19,70,70,56,66,60,60,32,32,32,40,40,40,40,40,40,40,26],"gold":284,"neow_bonus":"THREE_CARDS","is_daily":false,"chose_seed":false,"campfire_upgraded":7,"win_rate":0.0,"timestamp":1611780084,"path_taken":["R","?","M","?","$","E","T","?","?","R","E","M","R","?","M","BOSS","R","M","?","?","?","R","T","?","$","R","M","?","M","E","M","BOSS","R","?","M","$","?","?","T","R","E","?","M","M","R","M","M","BOSS"],"items_purchased_type":["Card","Card","Relic","Card","Card"],"build_version":"2020-12-22","purchased_purges":0,"victory":true,"max_hp_per_floor":[70,70,70,70,70,70,70,70,70,70,70,70,70,70,70,70,70,70,70,70,70,70,70,70,70,70,70,70,70,70,70,70,70,70,70,70,80,80,80,80,80,80,80,80,80,80,80,80,80,80],"card_choices":[{"not_picked":["bronze:FineTuning","bronze:Turbo"],"picked":"bronze:Repulsor","floor":0},{"not_picked":["bronze:BugBarrage","bronze:Branch"],"picked":"bronze:BronzeOrb","floor":2},{"not_picked":["bronze:Turbo","bronze:Invalidate"],"picked":"bronze:Constructor","floor":3},{"not_picked":["bronze:Iterate","bronze:Break"],"picked":"bronze:Fortify","floor":5},{"not_picked":["bronze:Backtrace","bronze:Overheat","bronze:Deprecate"],"picked":"SKIP","floor":6},{"not_picked":["bronze:BitShift","bronze:DigitalCarnage"],"picked":"bronze:ClassDefault","floor":8},{"not_picked":["bronze:Shield","bronze:Repulsor"],"picked":"bronze:HyperBeam","floor":11},{"not_picked":["bronze:Invalidate","bronze:Overheat"],"picked":"bronze:Optimize","floor":12},{"not_picked":["bronze:BuggyMess","bronze:WildBeam"],"picked":"bronze:Constructor","floor":15},{"not_picked":["bronze:Virus","bronze:Mutator"],"picked":"bronze:AlphaBuild","floor":16},{"not_picked":["bronze:BuggyMess","bronze:Safeguard"],"picked":"bronze:Philosophize","floor":19},{"not_picked":["bronze:Turbo+1","bronze:DelayedGuard","bronze:WildBeam+1"],"picked":"SKIP","floor":25},{"not_picked":["bronze:Branch","bronze:Return","bronze:BitShift"],"picked":"SKIP","floor":26},{"not_picked":["bronze:Backtrace","bronze:DelayedSlice"],"picked":"bronze:Frontload","floor":28},{"not_picked":["bronze:Fortify","bronze:Safeguard"],"picked":"bronze:Repulsor+1","floor":30},{"not_picked":["bronze:BuggyMess","bronze:Allocate"],"picked":"bronze:ShipIt","floor":31},{"not_picked":["bronze:DelayedSlice+1","bronze:DelayedGuard"],"picked":"bronze:Overheat+1","floor":32},{"not_picked":["bronze:ThunderWave","bronze:Virus"],"picked":"bronze:SpaghettiCode","floor":33},{"not_picked":["bronze:Turbo","bronze:Iterate","bronze:Shield+1"],"picked":"SKIP","floor":36},{"not_picked":["bronze:DelayedSlice","bronze:BitShift"],"picked":"bronze:Constructor+1","floor":37},{"not_picked":["bronze:Overload","bronze:Frontload"],"picked":"bronze:Return+1","floor":38},{"not_picked":["bronze:Frontload+1","bronze:OilSpill"],"picked":"bronze:Branch","floor":40},{"not_picked":["bronze:ForceShield+1","bronze:DarkDash"],"picked":"bronze:Separator+1","floor":43},{"not_picked":["bronze:Branch","bronze:ClassDefault+1"],"picked":"bronze:MaxOutput+1","floor":45},{"not_picked":["bronze:Frontload","bronze:NullPointer"],"picked":"bronze:RecursiveStrike","floor":46},{"not_picked":["bronze:Repair","bronze:Turbo+1"],"picked":"bronze:Terminator+1","floor":48},{"not_picked":["bronze:GetLatest","bronze:DarkDash"],"picked":"bronze:FineTuning","floor":49}],"player_experience":503460,"relics_obtained":[{"floor":6,"key":"Unceasing Top"},{"floor":7,"key":"Ornamental Fan"},{"floor":9,"key":"StoneCalendar"},{"floor":11,"key":"Lizard Tail"},{"floor":20,"key":"Guardian:GemstoneGun"},{"floor":24,"key":"Gremlin Horn"},{"floor":31,"key":"StrikeDummy"},{"floor":39,"key":"White Beast Statue"},{"floor":40,"key":"Ginger"},{"floor":41,"key":"Shuriken"},{"floor":43,"key":"Thread and Needle"}],"event_choices":[{"damage_healed":0,"gold_gain":0,"player_choice":"Success","damage_taken":3,"relics_obtained":["Letter Opener"],"max_hp_gain":0,"max_hp_loss":0,"event_name":"Scrap Ooze","floor":4,"gold_loss":0},{"cards_removed":["downfall:Bewildered"],"damage_healed":0,"gold_gain":0,"player_choice":"Took Card","damage_taken":0,"max_hp_gain":0,"max_hp_loss":0,"event_name":"NoteForYourself","floor":22,"gold_loss":0,"cards_obtained":["Iron Wave"]},{"cards_removed":["bronze:Goto"],"damage_healed":0,"gold_gain":0,"player_choice":"Removed Skill","damage_taken":0,"max_hp_gain":0,"max_hp_loss":0,"event_name":"Falling","floor":44,"gold_loss":0}],"is_beta":false,"boss_relics":[{"not_picked":["Empty Cage","Sozu"],"picked":"Philosopher\u0027s Stone"},{"not_picked":["Black Star","Velvet Choker"],"picked":"SacredBark"}],"items_purged_floors":[],"is_endless":false,"potions_floor_spawned":[2,3,11,28,30,31,37,40,43,45,46,48,49],"ascension_level":0}}