{"host":"kydqlojjt9mno5rv","time":1611734112,"event":{"mods":["AchievementEnabler","BaseMod","Colored Powertips","DeckTracker","Minty Spire (QoL Compilation)","Spicy Shops","Spire Arcade","StSLib","SuperFastMode","Synergy Search","Weighted Paths"],"gold_per_floor":[413,413,38,51,65,96,29,29,29,56,56,76,76,87,87,186,186,206,55,71,87,87,87,87,87],"floor_reached":24,"language":"ENG","playtime":730,"items_purged":[],"score":206,"play_id":"01aab77a-1ed0-4dc0-8252-e5b3de2b4147","local_time":"20210127025512","is_ascension_mode":false,"campfire_choices":[{"floor":8,"key":"REST"},{"floor":11,"key":"REST"},{"floor":15,"key":"REST"},{"floor":23,"key":"REST"}],"circlet_count":0,"master_deck":["Strike_B","Strike_B","Strike_B","Strike_B","Defend_B","Defend_B","Defend_B","Zap","Dualcast","BootSequence","Sunder","Apotheosis","Static Discharge","Redo","Loop","Ball Lightning","Defragment","Beam Cell","Multi-Cast","Ball Lightning","Fission","Defragment","Capacitor","Defragment"],"relics":["Cracked Core","Old Coin","Eternal Feather","Blood Vial","Question Card","Inserter","Juzu Bracelet","MutagenicStrength"],"acts_visited":["Exordium","TheCity"],"potions_floor_usage":[4],"damage_taken":[{"damage":6,"enemies":"Jaw Worm","floor":1,"turns":3},{"damage":6,"enemies":"Cultist","floor":4,"turns":2},{"damage":0,"enemies":"2 Louse","floor":5,"turns":2},{"damage":17,"enemies":"3 Sentries","floor":6,"turns":4},{"damage":30,"enemies":"Gremlin Nob","floor":10,"turns":3},{"damage":9,"enemies":"Exordium Thugs","floor":12,"turns":3},{"damage":0,"enemies":"Looter","floor":14,"turns":2},{"damage":58,"enemies":"Hexaghost","floor":16,"turns":5},{"damage":0,"enemies":"Chosen","floor":18,"turns":3},{"damage":40,"enemies":"3 Byrds","floor":20,"turns":4},{"damage":30,"enemies":"Centurion and Healer","floor":21,"turns":6},{"damage":50,"enemies":"Slavers","floor":24,"turns":3}],"seed_played":"7088242484587369790","potions_obtained":[{"floor":4,"key":"EntropicBrew"},{"floor":10,"key":"SteroidPotion"},{"floor":13,"key":"LiquidMemories"}],"is_trial":false,"path_per_floor":["M","?","$","M","M","E","$","R","T","E","R","M","?","M","R","B",null,"M","$","M","M","?","R","E"],"character_chosen":"DEFECT","items_purchased":["Sunder","Apotheosis","Static Discharge","Defragment","Juzu Bracelet"],"campfire_rested":4,"item_purchase_floors":[3,3,3,7,19],"current_hp_per_floor":[48,48,48,42,42,25,25,56,56,28,59,52,52,54,75,17,75,75,75,35,7,7,41,0,0],"gold":87,"neow_bonus":"ONE_RARE_RELIC","is_daily":false,"chose_seed":false,"campfire_upgraded":0,"win_rate":0.0,"timestamp":1611734112,"path_taken":["M","?","?","M","M","E","$","R","T","E","R","M","?","M","R","BOSS","M","$","M","M","?","R","E"],"items_purchased_type":["Card","Card","Card","Card","Relic"],"build_version":"2020-12-22","purchased_purges":0,"victory":false,"max_hp_per_floor":[75,75,75,75,75,75,75,75,75,75,75,75,75,75,75,75,75,75,75,75,75,75,75,75,75],"card_choices":[{"not_picked":["Cold Snap","Stack"],"picked":"BootSequence","floor":1},{"not_picked":["Steam","Leap"],"picked":"Redo","floor":4},{"not_picked":["Recycle","Double Energy"],"picked":"Loop","floor":5},{"not_picked":["Compile Driver","Consume"],"picked":"Ball Lightning","floor":6},{"not_picked":["Cold Snap","Reinforced Body"],"picked":"Beam Cell","floor":10},{"not_picked":["Defragment","Coolheaded","Beam Cell"],"picked":"Multi-Cast","floor":12},{"not_picked":["Sweeping Beam","Chaos","BootSequence"],"picked":"Ball Lightning","floor":14},{"not_picked":["Buffer","Thunder Strike","Seek"],"picked":"Fission","floor":16},{"not_picked":["Undo+1","Recycle","Doom and Gloom"],"picked":"Defragment","floor":18},{"not_picked":["Rebound","Self Repair","Streamline"],"picked":"Capacitor","floor":20},{"not_picked":["Gash+1","Leap","Glacier"],"picked":"Defragment","floor":21}],"player_experience":129623,"relics_obtained":[{"floor":6,"key":"Eternal Feather"},{"floor":9,"key":"Blood Vial"},{"floor":10,"key":"Question Card"}],"event_choices":[{"cards_removed":["Defend_B"],"damage_healed":0,"gold_gain":0,"player_choice":"Offered Basic","damage_taken":0,"max_hp_gain":0,"max_hp_loss":0,"event_name":"Bonfire Elementals","floor":2,"gold_loss":0},{"damage_healed":0,"gold_gain":0,"player_choice":"Got Potions","damage_taken":0,"max_hp_gain":0,"max_hp_loss":0,"event_name":"Lab","floor":13,"gold_loss":0},{"damage_healed":0,"gold_gain":0,"player_choice":"Inject Mutagens","damage_taken":0,"relics_obtained":["MutagenicStrength"],"max_hp_gain":0,"max_hp_loss":0,"event_name":"Drug Dealer","floor":22,"gold_loss":0}],"is_beta":false,"boss_relics":[{"not_picked":["Philosopher\u0027s Stone","Pandora\u0027s Box"],"picked":"Inserter"}],"items_purged_floors":[],"is_endless":false,"potions_floor_spawned":[4,10,14,20],"killed_by":"Slavers","ascension_level":0}}