{"host":"nozk9xg7ssf2drdi","time":1611716251,"event":{"mods":["BaseMod","Colored Map","Minty Spire (QoL Compilation)","Relic Stats","Slay the Relics Exporter","StSLib","everything is the same but u backflip on backflip"],"gold_per_floor":[11,11,26,26,26,45,45,74,74,74,88,102,102,131,131,131,131],"floor_reached":16,"language":"ENG","playtime":2202,"items_purged":[],"score":245,"play_id":"be968a69-2e58-4ab6-b489-e337d61d00ab","local_time":"20210126205731","is_ascension_mode":true,"campfire_choices":[{"data":"Hemokinesis","floor":7,"key":"SMITH"},{"data":"Uppercut","floor":10,"key":"SMITH"},{"data":"Feed","floor":13,"key":"SMITH"},{"data":"Armaments","floor":15,"key":"SMITH"}],"circlet_count":0,"master_deck":["AscendersBane","Strike_R","Strike_R","Strike_R","Strike_R","Defend_R","Defend_R","Defend_R","Defend_R","Bash","Feed+1","Battle Trance","Armaments+1","Flame Barrier","Hemokinesis+1","Uppercut+1","True Grit","Limit Break","Pummel"],"relics":["Burning Blood","Gremlin Horn","Mummified Hand","Incense Burner"],"acts_visited":["Exordium"],"potions_floor_usage":[8,14,16,16],"damage_taken":[{"damage":10,"enemies":"2 Louse","floor":1,"turns":3},{"damage":7,"enemies":"Cultist","floor":3,"turns":4},{"damage":14,"enemies":"Jaw Worm","floor":6,"turns":5},{"damage":10,"enemies":"3 Sentries","floor":8,"turns":13},{"damage":2,"enemies":"2 Fungi Beasts","floor":11,"turns":3},{"damage":2,"enemies":"Blue Slaver","floor":12,"turns":2},{"damage":21,"enemies":"Lagavulin","floor":14,"turns":7},{"damage":73,"enemies":"Hexaghost","floor":16,"turns":11}],"seed_played":"-3324645058338288536","potions_obtained":[{"floor":1,"key":"Swift Potion"},{"floor":2,"key":"Energy Potion"},{"floor":2,"key":"ColorlessPotion"},{"floor":8,"key":"FearPotion"},{"floor":14,"key":"GamblersBrew"}],"is_trial":false,"path_per_floor":["M","?","M","?","?","M","R","E","T","R","M","M","R","E","R","B"],"character_chosen":"IRONCLAD","items_purchased":[],"campfire_rested":0,"item_purchase_floors":[],"current_hp_per_floor":[67,67,69,74,74,70,70,70,70,70,77,84,84,73,73,0,0],"gold":131,"neow_bonus":"THREE_RARE_CARDS","is_daily":false,"chose_seed":false,"campfire_upgraded":4,"win_rate":0.0,"timestamp":1611716251,"path_taken":["M","?","?","?","?","M","R","E","T","R","M","M","R","E","R","BOSS"],"items_purchased_type":[],"build_version":"2020-12-22","purchased_purges":0,"victory":false,"max_hp_per_floor":[78,78,81,86,86,90,90,94,94,94,97,100,100,104,104,104,104],"relic_stats":{"Gremlin Horn":[0,1],"counters":[8,48],"Mummified Hand":[0],"obtain_stats":[{"Gremlin Horn":8,"Mummified Hand":9,"Incense Burner":14,"Burning Blood":0},{"Gremlin Horn":4,"Mummified Hand":4,"Incense Burner":7,"Burning Blood":0},{"Gremlin Horn":25,"Mummified Hand":25,"Incense Burner":37,"Burning Blood":0}],"Burning Blood":42},"card_choices":[{"not_picked":["Juggernaut","Reaper"],"picked":"Feed","floor":0},{"not_picked":["Heavy Blade","Sword Boomerang"],"picked":"Battle Trance","floor":1},{"not_picked":["Sentinel","True Grit"],"picked":"Armaments","floor":3},{"not_picked":["Flex","Clash"],"picked":"Hemokinesis","floor":6},{"not_picked":["Carnage","Wild Strike"],"picked":"Uppercut","floor":8},{"not_picked":["Pommel Strike","Perfected Strike"],"picked":"True Grit","floor":11},{"not_picked":["Armaments","Pommel Strike"],"picked":"Limit Break","floor":12},{"not_picked":["Headbutt","Rupture"],"picked":"Pummel","floor":14}],"player_experience":5995596,"relics_obtained":[{"floor":8,"key":"Gremlin Horn"},{"floor":9,"key":"Mummified Hand"},{"floor":14,"key":"Incense Burner"}],"event_choices":[{"damage_healed":0,"gold_gain":0,"player_choice":"Got Potions","damage_taken":0,"max_hp_gain":0,"max_hp_loss":0,"event_name":"Lab","floor":2,"gold_loss":0},{"damage_healed":0,"gold_gain":0,"player_choice":"Donut","damage_taken":0,"max_hp_gain":5,"max_hp_loss":0,"event_name":"Big Fish","floor":4,"gold_loss":0},{"damage_healed":0,"gold_gain":0,"cards_transformed":["Strike_R"],"player_choice":"Change","damage_taken":0,"max_hp_gain":0,"max_hp_loss":0,"event_name":"Living Wall","floor":5,"gold_loss":0,"cards_obtained":["Flame Barrier"]}],"is_beta":false,"boss_relics":[],"items_purged_floors":[],"is_endless":false,"potions_floor_spawned":[1,8,14],"killed_by":"Hexaghost","ascension_level":20}}