{"host":"refsn2q8at3dn95k","time":1611716814,"event":{"mods":["BaseMod","Hubris","Infinite Spire","Minty Spire (QoL Compilation)","Replay The Spire","StSLib","The Jungle"],"gold_per_floor":[113,113,130,130,147,178,23,23,23,23,42,42,42,42],"floor_reached":13,"language":"ENG","playtime":2311,"items_purged":["Defend_B"],"score":129,"play_id":"5c1bcdff-5a2b-474c-ab07-d3646fbdf3a9","local_time":"20210126210654","is_ascension_mode":true,"campfire_choices":[{"floor":10,"key":"REST"}],"circlet_count":0,"master_deck":["AscendersBane","Strike_B","Strike_B","Strike_B","Defend_B","Defend_B","Defend_B","Zap","Dualcast","FIFO Queue","hubris:NaturalOne","Sunder"],"relics":["Cracked Core","NeowsBlessing","hubris:Icosahedron","Onion Ring","hubris:Towel","hubris:PeanutButter"],"acts_visited":["Exordium"],"potions_floor_usage":[6,6],"damage_taken":[{"damage":0,"enemies":"Jaw Worm","floor":1,"turns":1},{"damage":0,"enemies":"Small Slimes","floor":3,"turns":1},{"damage":0,"enemies":"2 Louse","floor":5,"turns":1},{"damage":53,"enemies":"3 Sentries","floor":6,"turns":11},{"damage":30,"enemies":"Exordium Wildlife","floor":11,"turns":5},{"damage":12,"enemies":"Lagavulin","floor":13,"turns":4}],"seed_played":"-3175142043028875253","potions_obtained":[{"floor":1,"key":"DistilledChaos"},{"floor":3,"key":"LifebloodPotion"},{"floor":11,"key":"Death Potion"}],"is_trial":false,"path_per_floor":["M","?","M","?","M","E","$","?","T","R","M","$","E"],"character_chosen":"DEFECT","items_purchased":["Sunder"],"campfire_rested":1,"item_purchase_floors":[7],"current_hp_per_floor":[68,68,68,68,68,15,15,15,15,37,7,7,0,0],"gold":42,"neow_bonus":"THREE_ENEMY_KILL","is_daily":false,"chose_seed":false,"campfire_upgraded":0,"win_rate":0.0,"timestamp":1611716814,"path_taken":["M","?","M","?","M","E","$","?","T","R","?","?","E"],"items_purchased_type":["Card"],"build_version":"2020-12-22","purchased_purges":1,"victory":false,"max_hp_per_floor":[75,75,75,75,75,75,75,75,75,75,75,75,75,75],"card_choices":[{"not_picked":["Beam Cell","Chill","Double Energy"],"picked":"SKIP","floor":1},{"not_picked":["Streamline","Hologram","Blizzard"],"picked":"SKIP","floor":3},{"not_picked":["Blizzard","Static Discharge"],"picked":"FIFO Queue","floor":5},{"not_picked":["Seek","Go for the Eyes","BootSequence"],"picked":"SKIP","floor":6},{"not_picked":["Sweeping Beam","Stack","Hello World"],"picked":"SKIP","floor":11}],"player_experience":1728729,"relics_obtained":[{"floor":6,"key":"Onion Ring"},{"floor":9,"key":"hubris:PeanutButter"}],"event_choices":[{"cards_removed":["Strike_B"],"damage_healed":0,"gold_gain":0,"player_choice":"Forget","damage_taken":0,"max_hp_gain":0,"max_hp_loss":0,"event_name":"Living Wall","floor":4,"gold_loss":0}],"is_beta":false,"boss_relics":[],"items_purged_floors":[7],"is_endless":false,"potions_floor_spawned":[1,3,11],"killed_by":"Lagavulin","ascension_level":11}}