{"host":"g2yp6paluzgljz05","time":1611726604,"event":{"mods":["BaseMod","Bestiary","Colored Powertips","DeckTracker","Highlight Path","Minty Spire (QoL Compilation)","Quick Restart"],"gold_per_floor":[11,11,30,42,59,59,59,59,59,59,59],"floor_reached":10,"language":"ENG","playtime":541,"items_purged":[],"score":75,"play_id":"d982b48d-a8cb-44fd-9af2-e18933ebf0fa","local_time":"20210127165004","is_ascension_mode":true,"campfire_choices":[{"data":"Mayhem","floor":6,"key":"SMITH"},{"data":"Clothesline","floor":8,"key":"SMITH"}],"circlet_count":0,"master_deck":["Strike_R","Strike_R","Strike_R","Strike_R","Defend_R","Defend_R","Defend_R","Defend_R","Bash","Mayhem+1","Evolve","Rupture","Clothesline+1","Burning Pact"],"relics":["Burning Blood","Magic Flower"],"acts_visited":["Exordium"],"potions_floor_usage":[],"damage_taken":[{"damage":1.0,"enemies":"Cultist","floor":1.0,"turns":4.0},{"damage":9,"enemies":"2 Louse","floor":3,"turns":3},{"damage":0,"enemies":"Small Slimes","floor":4,"turns":3},{"damage":47,"enemies":"Exordium Thugs","floor":5,"turns":9},{"damage":27,"enemies":"3 Sentries","floor":10,"turns":3}],"seed_played":"-8888935545837094010","potions_obtained":[{"floor":1.0,"key":"DuplicationPotion"},{"floor":3,"key":"DuplicationPotion"},{"floor":5,"key":"Weak Potion"}],"is_trial":false,"path_per_floor":["M","?","M","M","M","R","?","R","T","E"],"character_chosen":"IRONCLAD","items_purchased":[],"campfire_rested":0,"item_purchase_floors":[],"current_hp_per_floor":[77,77,74,80,39,39,39,39,39,12,12],"gold":59,"neow_bonus":"RANDOM_COLORLESS_2","is_daily":false,"chose_seed":false,"campfire_upgraded":2,"win_rate":0.0,"timestamp":1611726604,"path_taken":["M","?","M","?","M","R","?","R","T","E"],"items_purchased_type":[],"build_version":"2020-12-22","purchased_purges":0,"victory":false,"max_hp_per_floor":[80,80,80,80,80,80,80,80,80,80,80],"card_choices":[{"not_picked":["Violence","Magnetism"],"picked":"Mayhem","floor":0.0},{"not_picked":["Anger","Pummel"],"picked":"Evolve","floor":1.0},{"not_picked":["Body Slam","Sentinel","Whirlwind"],"picked":"SKIP","floor":3},{"not_picked":["Pommel Strike","Wild Strike"],"picked":"Clothesline","floor":4},{"not_picked":["Dual Wield","Carnage"],"picked":"Burning Pact","floor":5}],"player_experience":274631,"relics_obtained":[{"floor":9,"key":"Magic Flower"}],"event_choices":[{"damage_healed":0.0,"max_hp_gain":0.0,"max_hp_loss":0.0,"gold_gain":0.0,"cards_transformed":["Strike_R"],"event_name":"Transmorgrifier","player_choice":"Transformed","floor":2.0,"gold_loss":0.0,"damage_taken":0.0,"cards_obtained":["Rupture"]},{"damage_healed":0,"gold_gain":0,"player_choice":"Bought 0 Potions","damage_taken":0,"max_hp_gain":0,"max_hp_loss":0,"event_name":"The Woman in Blue","floor":7,"gold_loss":0}],"is_beta":false,"boss_relics":[],"items_purged_floors":[],"is_endless":false,"potions_floor_spawned":[1,3,5],"killed_by":"3 Sentries","ascension_level":6}}