{"host":"pgm1p3lvdjflie30","time":1611754546,"event":{"mods":["100% Spire Juice","ATMod(阿瑾Mod)","AchievementEnabler","Act Like it!","Aspiration","Astrologer","Bard","BaseMod","Chen","Colored Map","Colored Powertips","Conspire","Dark Map","Decade(王小明)","Dota2Spire","Downfall","Energized Spire","Gensokyo","Gremlin Mod","Hallownest","Hermit","HololiveMod","KinomotoSakuraMod(木之本?)","LagranYue(拉格朗·月)","Luminous","Mari Mod (Legacy)","Mari\u0027s V1 Patch","Minty Spire (QoL Compilation)","MostiFishMod","Nova Terra(?娃·泰拉)","Pale of the Ancients","Quarter Circle Forward PUNCH!","Reimu（博???）","Replay The Spire","Robot Space Explorer","SOS（斯巴?之子）","StSLib","TestMod","The Administrix","The Blackbeard","The Bug Knight","The Construct","The Cursed","The Dragon Tamer","The Gatherer","The Hayseed","The Hierophant","The IronCluck","The Jungle","The Mystic","The Poker Player","The Runesmith","The Saiyan","The Senshi","The Servant 0.9.4","The Showman","TheHeartMod","TheWitcher","Waifu the Spire","Warlord Emblem","Yakumo Yukari mod","Yuri Mod","Yuyuko","【功能Mod】混沌之?修复?丁","【?物卡牌】REMEMod","?留之物","篝火指南"],"gold_per_floor":[112,112,144,0,175,175,219,239,239,254,28,28,28,45,45,45,45,147,147,160,60,98,98,98,124,124,39,39,39,39,53,90,120,120,225,225,237,250,266,282,297,297,317,317,341,380,78,93,93,112,112,112,112,112,26,51,51],"floor_reached":58,"language":"ZHS","playtime":2744,"items_purged":["Doubt","TheSimpletonMod:Defend_TheSimpleton"],"score":1376,"play_id":"2eef03aa-2661-4f2d-b49f-8ddf454adb10","local_time":"20210127213546","is_ascension_mode":false,"campfire_choices":[{"floor":6,"key":"RECALL"},{"data":"blackbeard:BountyHunter","floor":17,"key":"SMITH"},{"floor":26,"key":"REST"},{"data":"TheSimpletonMod:SaltTheEarth","floor":29,"key":"SMITH"},{"data":"TheSimpletonMod:Sunchoke","floor":42,"key":"SMITH"},{"data":"TheSimpletonMod:KeenEdge","floor":54,"key":"SMITH"}],"circlet_count":0,"master_deck":["TheSimpletonMod:Strike_TheSimpleton","TheSimpletonMod:Strike_TheSimpleton","TheSimpletonMod:Strike_TheSimpleton","TheSimpletonMod:Strike_TheSimpleton","TheSimpletonMod:Defend_TheSimpleton","TheSimpletonMod:Haymaker","TheSimpletonMod:ReapAndSow","AT_FamilyPortrait","blackbeard:BountyHunter+1","TheSimpletonMod:Squash","TheSimpletonMod:Corn","TheSimpletonMod:CloseScrape","TheSimpletonMod:PestManagement","TheSimpletonMod:Surplus","theSenshi:SailorChibiMoonAssists","TheSimpletonMod:DigIn+1","TheSimpletonMod:SaltTheEarth+1","TheSimpletonMod:KeenEdge+1","TheSimpletonMod:CullingStrike+1","TheSimpletonMod:Sunchoke+1","TheSimpletonMod:Rake+1","TheSimpletonMod:SlashAndBurn","TheSimpletonMod:DoubleBarrel+1","TheSimpletonMod:StockTheCellar+1","TheSimpletonMod:ResistantStrain+1","TheSimpletonMod:Sunchoke+1","TheSimpletonMod:SlashAndBurn","TheSimpletonMod:RootDown+1","Parasite","TheSimpletonMod:PestManagement+1","TheSimpletonMod:CullingStrike+1","TheSimpletonMod:DoubleBarrel+1","TheSimpletonMod:PestManagement","TheSimpletonMod:SlashAndBurn+1","TheSimpletonMod:Aerate+1","TheSimpletonMod:ToughenUp+1"],"relics":["TheSimpletonMod:SpudOfTheInnocent","TheSimpletonMod:NightSoil","TheSimpletonMod:TheHarvester","AT_ATBox","DaveBox","testmod-TestBox","REME_ComplimentaryCards","LagranYue:RandomDrawCardRelic","testmod-ObsoleteBoomerang","PatriotShield","aspiration:Nostalgia","construct:Cogwheel","SynthV:TestCard","Ancient Tea Set","testmod-Muramasa","ClockworkSouvenir","Blue Candle","testmod-Prudence","aspiration:RitualStick","AT_ChloranthyRing","Hololive_LightStick","TheSimpletonMod:Moonshine","Replay:Multitool","FeatherPendant","WarlordEmblem:MantleJean","Vajra","Dota2Spire:DrumOfEndurance","Mercury Hourglass"],"acts_visited":["Exordium","TheCity","TheBeyond","TheEnding"],"potions_floor_usage":[7,7,25,37,40,48,52,56,57],"damage_taken":[{"damage":0,"enemies":"Jaw Worm","floor":1,"turns":2},{"damage":0,"enemies":"2 Louse","floor":3,"turns":1},{"damage":0,"enemies":"Lagavulin","floor":7,"turns":2},{"damage":0,"enemies":"Cultist","floor":8,"turns":1},{"damage":0,"enemies":"3 Louse","floor":10,"turns":2},{"damage":0,"enemies":"Blue Slaver","floor":14,"turns":1},{"damage":0,"enemies":"Hexaghost","floor":18,"turns":3},{"damage":0,"enemies":"3 Byrds","floor":20,"turns":3},{"damage":0,"enemies":"Chosen","floor":22,"turns":3},{"damage":0,"enemies":"Slavers","floor":25,"turns":1},{"damage":0,"enemies":"Snecko","floor":31,"turns":1},{"damage":0,"enemies":"3 Cultists","floor":32,"turns":1},{"damage":0,"enemies":"Replay:Snechameleon","floor":33,"turns":2},{"damage":0,"enemies":"Champ","floor":35,"turns":3},{"damage":0,"enemies":"Orb Walker","floor":37,"turns":1},{"damage":0,"enemies":"3 Shapes","floor":38,"turns":1},{"damage":10,"enemies":"Sphere and 2 Shapes","floor":39,"turns":1},{"damage":0,"enemies":"Writhing Mass","floor":40,"turns":2},{"damage":0,"enemies":"Maw","floor":41,"turns":2},{"damage":0,"enemies":"3 Darklings","floor":43,"turns":1},{"damage":0,"enemies":"Transient","floor":46,"turns":3},{"damage":0,"enemies":"Spire Growth","floor":48,"turns":2},{"damage":0,"enemies":"Jaw Worm Horde","floor":50,"turns":2},{"damage":0,"enemies":"Replay:Hell Engine","floor":52,"turns":2},{"damage":0,"enemies":"Shield and Spear","floor":56,"turns":1},{"damage":0,"enemies":"NeowBoss","floor":57,"turns":4}],"seed_played":"1372044001161987417","potions_obtained":[{"floor":1,"key":"Elixir"},{"floor":2,"key":"Block Potion"},{"floor":2,"key":"champ:CounterPotion"},{"floor":2,"key":"TheSimpletonMod:KindlingPotion"},{"floor":7,"key":"Dexterity Potion"},{"floor":8,"key":"testmod-EscapePotion"},{"floor":10,"key":"Fire Potion"},{"floor":25,"key":"SteroidPotion"},{"floor":38,"key":"Regen Potion"},{"floor":40,"key":"SneckoOil"},{"floor":46,"key":"SteroidPotion"},{"floor":56,"key":"Strength Potion"}],"is_trial":false,"path_per_floor":["M","?","M","$","?","R","E","M","T","M","$","?","?","M","PTL","R_BF","R","B",null,"M","$","M","?","?","E","R","?","T","R","$","M","M","E","R_BF","B",null,"M","M","M","M","M","R","M","?","T","M","$","M","?","M","R_BF","B",null,"R","$","E","B",null],"character_chosen":"THE_SIMPLETON","items_purchased":["Ancient Tea Set","ClockworkSouvenir","Vajra","Dota2Spire:DrumOfEndurance","SkillPotion","Elixir"],"campfire_rested":1,"item_purchase_floors":[4,11,47,47,55,55],"current_hp_per_floor":[75,75,75,75,75,75,75,75,75,75,75,70,70,70,70,70,70,70,75,75,75,75,75,60,60,75,75,75,75,75,75,75,75,75,75,75,75,75,65,70,70,70,70,70,70,75,75,75,75,75,75,75,75,75,75,75,75],"gold":51,"neow_bonus":"NOSTALGIA","is_daily":false,"chose_seed":false,"campfire_upgraded":4,"win_rate":0.0,"timestamp":1611754546,"path_taken":["M","?","M","?","?","R","E","M","T","?","$","?","?","M","PTL","R_BF","R","BOSS","M","$","?","?","?","E","R","?","T","R","$","M","M","E","R_BF","BOSS","M","M","M","M","M","R","M","?","T","M","?","?","?","M","R_BF","BOSS","R","$","E","BOSS"],"items_purchased_type":["Relic","Relic","Relic","Relic","Potion","Potion"],"build_version":"2020-12-22","purchased_purges":2,"victory":true,"max_hp_per_floor":[75,75,75,75,75,75,75,75,75,75,75,75,75,75,75,75,75,75,75,75,75,75,75,75,75,75,75,75,75,75,75,75,75,75,75,75,75,75,75,75,75,75,75,75,75,75,75,75,75,75,75,75,75,75,75,75,75],"card_choices":[{"not_picked":["TheSimpletonMod:Innovate","TheSimpletonMod:DoubleBarrel"],"picked":"TheSimpletonMod:Squash","floor":1},{"not_picked":["TheSimpletonMod:Aerate","TheSimpletonMod:Thresh","TheSimpletonMod:CropRotation","TheSimpletonMod:SoilSample"],"picked":"TheSimpletonMod:Corn","floor":3},{"not_picked":["TheSimpletonMod:Squash","TheSimpletonMod:Swelter","TheSimpletonMod:Aerate","TheSimpletonMod:Thresh"],"picked":"TheSimpletonMod:CloseScrape","floor":7},{"not_picked":["TheSimpletonMod:DigIn","TheSimpletonMod:Innovate","TheSimpletonMod:Thresh","TheSimpletonMod:Corn"],"picked":"TheSimpletonMod:PestManagement","floor":8},{"not_picked":["TheSimpletonMod:Pruning","TheSimpletonMod:Fertilaser","TheSimpletonMod:Innovate","TheSimpletonMod:KeenEdge"],"picked":"TheSimpletonMod:Surplus","floor":10},{"not_picked":["TheSimpletonMod:CropRotation","TheSimpletonMod:BumperCrop","TheSimpletonMod:SeedCoat","TheSimpletonMod:Germinate"],"picked":"TheSimpletonMod:DigIn","floor":14},{"not_picked":["TheSimpletonMod:DesperatePlunge","TheSimpletonMod:VolatileFumes","TheSimpletonMod:HitTheSack","TheSimpletonMod:Biorefinement"],"picked":"TheSimpletonMod:SaltTheEarth","floor":18},{"not_picked":["TheSimpletonMod:Aerate","TheSimpletonMod:CullingStrike","TheSimpletonMod:Innovate","TheSimpletonMod:DigIn"],"picked":"TheSimpletonMod:KeenEdge","floor":20},{"not_picked":["TheSimpletonMod:SeedCoat+1","TheSimpletonMod:GoToMarket","TheSimpletonMod:TakeHeart","TheSimpletonMod:DoubleBarrel"],"picked":"TheSimpletonMod:CullingStrike+1","floor":22},{"not_picked":["TheSimpletonMod:DoubleBarrel+1","TheSimpletonMod:SlashAndBurn","TheSimpletonMod:Sunseed","TheSimpletonMod:OnionBloom"],"picked":"TheSimpletonMod:Rake+1","floor":25},{"not_picked":["TheSimpletonMod:RootDown","TheSimpletonMod:OnionBloom","TheSimpletonMod:Sunseed+1","TheSimpletonMod:DoubleBarrel"],"picked":"TheSimpletonMod:SlashAndBurn","floor":31},{"not_picked":["TheSimpletonMod:Rake","TheSimpletonMod:Germinate","TheSimpletonMod:SoilSample","TheSimpletonMod:Corn"],"picked":"TheSimpletonMod:DoubleBarrel+1","floor":32},{"not_picked":["TheSimpletonMod:ErosionControl","TheSimpletonMod:VineRipen+1","TheSimpletonMod:Rake","TheSimpletonMod:Rototilling"],"picked":"TheSimpletonMod:StockTheCellar+1","floor":33},{"not_picked":["TheSimpletonMod:HitTheSack","TheSimpletonMod:ResearchGrant","TheSimpletonMod:TakeHeart","TheSimpletonMod:Biorefinement"],"picked":"TheSimpletonMod:ResistantStrain","floor":35},{"not_picked":["TheSimpletonMod:CloseScrape","TheSimpletonMod:PestManagement","TheSimpletonMod:SpiceUp+1","TheSimpletonMod:CullingStrike"],"picked":"TheSimpletonMod:Sunchoke+1","floor":37},{"not_picked":["TheSimpletonMod:SpiceUp","TheSimpletonMod:Squash+1","TheSimpletonMod:Innovate","TheSimpletonMod:SoilSample+1"],"picked":"TheSimpletonMod:SlashAndBurn","floor":38},{"not_picked":["TheSimpletonMod:BumperCrop","TheSimpletonMod:BirdFeeder","TheSimpletonMod:Rototilling+1","TheSimpletonMod:SaladShooter+1"],"picked":"TheSimpletonMod:RootDown+1","floor":39},{"not_picked":["TheSimpletonMod:Pruning+1","TheSimpletonMod:Aerate+1","TheSimpletonMod:GoToMarket+1","TheSimpletonMod:BumperCrop"],"picked":"TheSimpletonMod:PestManagement+1","floor":40},{"not_picked":["TheSimpletonMod:CropRotation+1","TheSimpletonMod:ControlledBurn+1","TheSimpletonMod:Squash","TheSimpletonMod:RootDown"],"picked":"TheSimpletonMod:CullingStrike+1","floor":41},{"not_picked":["TheSimpletonMod:Spinach","TheSimpletonMod:Squash+1","TheSimpletonMod:SaladShooter+1","TheSimpletonMod:RootDown"],"picked":"TheSimpletonMod:DoubleBarrel+1","floor":43},{"not_picked":["TheSimpletonMod:SpiceUp+1","TheSimpletonMod:BumperCrop","TheSimpletonMod:Ferment+1","TheSimpletonMod:SoilSample"],"picked":"TheSimpletonMod:PestManagement","floor":46},{"not_picked":["TheSimpletonMod:Ferment","TheSimpletonMod:VolatileFumes","TheSimpletonMod:BumperCrop","TheSimpletonMod:KeenEdge+1"],"picked":"TheSimpletonMod:SlashAndBurn+1","floor":48},{"not_picked":["TheSimpletonMod:Thresh","TheSimpletonMod:Rototilling","TheSimpletonMod:Mulch+1","TheSimpletonMod:OnionBloom"],"picked":"TheSimpletonMod:Aerate+1","floor":50},{"not_picked":["TheSimpletonMod:Germinate+1","TheSimpletonMod:BirdFeeder","TheSimpletonMod:Ferment","TheSimpletonMod:SoilSample+1"],"picked":"TheSimpletonMod:ToughenUp+1","floor":56}],"player_experience":327934,"relics_obtained":[{"floor":1,"key":"SynthV:TestCard"},{"floor":7,"key":"testmod-Muramasa"},{"floor":25,"key":"AT_ChloranthyRing"},{"floor":28,"key":"TheSimpletonMod:Moonshine"},{"floor":33,"key":"Replay:Multitool"},{"floor":45,"key":"WarlordEmblem:MantleJean"},{"floor":56,"key":"Mercury Hourglass"}],"event_choices":[{"damage_healed":0,"gold_gain":0,"player_choice":"Got Potions","damage_taken":0,"max_hp_gain":0,"max_hp_loss":0,"event_name":"Lab","floor":2,"gold_loss":0},{"damage_healed":0,"gold_gain":175,"player_choice":"AGREE","damage_taken":0,"max_hp_gain":0,"max_hp_loss":0,"event_name":"Liars Game","floor":5,"gold_loss":0,"cards_obtained":["Doubt"]},{"cards_removed":["TheSimpletonMod:Defend_TheSimpleton"],"damage_healed":0,"gold_gain":0,"player_choice":"Took Card","damage_taken":0,"max_hp_gain":0,"max_hp_loss":0,"event_name":"NoteForYourself","floor":13,"gold_loss":0,"cards_obtained":["theSenshi:SailorChibiMoonAssists"]},{"damage_healed":0,"gold_gain":0,"player_choice":"Read","damage_taken":0,"max_hp_gain":0,"max_hp_loss":0,"event_name":"The Library","floor":23,"gold_loss":0,"cards_obtained":["TheSimpletonMod:Sunchoke"]},{"damage_healed":0,"gold_gain":0,"player_choice":"Obtained Relic","damage_taken":0,"relics_obtained":["Hololive_LightStick"],"max_hp_gain":0,"max_hp_loss":0,"event_name":"Addict","floor":27,"gold_loss":85},{"damage_healed":0,"gold_gain":0,"player_choice":"Leave","damage_taken":0,"max_hp_gain":0,"max_hp_loss":0,"event_name":"conspire:Investor","floor":44,"gold_loss":0},{"cards_removed":["TheSimpletonMod:Defend_TheSimpleton"],"damage_healed":0,"gold_gain":0,"player_choice":"Removed Skill","damage_taken":0,"max_hp_gain":0,"max_hp_loss":0,"event_name":"Falling","floor":49,"gold_loss":0}],"is_beta":false,"boss_relics":[{"not_picked":["SynthV:MejaisSoulstealer","ReplayTheSpireMod:DimensionalGlitch"],"picked":"testmod-Prudence"},{"not_picked":["WarlordEmblem:BadgeBless","TakeMeEscape"],"picked":"FeatherPendant"}],"items_purged_floors":[11,21],"is_endless":false,"potions_floor_spawned":[1,7,8,10,25,32,33,35,38,40,41,46,56],"ascension_level":0}}