{"host":"fflyk188z5ncxlup","time":1611754357,"event":{"mods":["AchievementEnabler","BaseMod","Bestiary","Better Third Choice","Block Reminder","Colored Map","Colored Powertips","DeckTracker","Googly Eyes","Minty Spire (QoL Compilation)","StSLib","SuperFastMode"],"gold_per_floor":[112,112,132,151,151,179,75,90,90,90,107,124,152,166,166,243,243,243,314,314,333,348,57,72,72,72,98,114,114,114,114,129,140,140,140,152,152,226,226,300,300,317,448,468,165,183,183,212,212,237,237,250,269,269,269,279,279,279,279,279,37,64,64],"floor_reached":64,"language":"ENG","playtime":2932,"items_purged":[],"score":3030,"play_id":"72a75bf3-274d-4082-a6c1-27c1e3b2bad4","local_time":"20210127223237","is_ascension_mode":true,"campfire_choices":[{"data":"Ball Lightning","floor":10,"key":"SMITH"},{"floor":15,"key":"REST"},{"floor":18,"key":"REST"},{"data":"Electrodynamics","floor":26,"key":"SMITH"},{"data":"Loop","floor":29,"key":"SMITH"},{"data":"Biased Cognition","floor":35,"key":"SMITH"},{"data":"Defragment","floor":37,"key":"SMITH"},{"data":"Echo Form","floor":39,"key":"SMITH"},{"floor":47,"key":"RECALL"},{"data":"Buffer","floor":49,"key":"SMITH"},{"data":"Loop","floor":57,"key":"SMITH"},{"data":"Thunder Strike","floor":60,"key":"SMITH"}],"circlet_count":0,"master_deck":["AscendersBane","Defend_B","Defend_B","Defend_B+1","Zap+1","Dualcast","Loop+1","Ball Lightning+1","Consume","Self Repair","Lockon","Conserve Battery","Self Repair","Coolheaded+1","Conserve Battery+1","Tempest+1","Reboot+1","Electrodynamics+1","Double Energy+1","Lockon","Biased Cognition+1","Double Energy+1","Defragment+1","Echo Form+1","Thunder Strike+1","Blizzard+1","Electrodynamics+1","Multi-Cast+1","Glacier+1","Metamorphosis+1","Creative AI","Buffer+1","Biased Cognition","Double Energy+1","White Noise+1","Mayhem","Loop+1","Panacea+1"],"relics":["Cracked Core","NeowsBlessing","Bronze Scales","Toxic Egg 2","Lizard Tail","Nuclear Battery","Sozu","TungstenRod","Question Card","HornCleat","Sundial","Astrolabe","Mercury Hourglass","Orrery","Bag of Preparation","Centennial Puzzle","Chemical X","CaptainsWheel"],"acts_visited":["Exordium","TheCity","TheBeyond","TheEnding"],"potions_floor_usage":[6,6,16,40,40],"damage_taken":[{"damage":0.0,"enemies":"2 Louse","floor":1.0,"turns":1.0},{"damage":0.0,"enemies":"Cultist","floor":3.0,"turns":1.0},{"damage":0.0,"enemies":"Jaw Worm","floor":4.0,"turns":1.0},{"damage":5,"enemies":"Gremlin Nob","floor":6,"turns":4},{"damage":9,"enemies":"Exordium Wildlife","floor":8,"turns":3},{"damage":4,"enemies":"Red Slaver","floor":11,"turns":3},{"damage":0,"enemies":"Large Slime","floor":12,"turns":6},{"damage":34,"enemies":"3 Sentries","floor":13,"turns":6},{"damage":11,"enemies":"Lots of Slimes","floor":14,"turns":3},{"damage":25,"enemies":"Slime Boss","floor":16,"turns":7},{"damage":0,"enemies":"Slime Boss","floor":19,"turns":6},{"damage":7,"enemies":"Shell Parasite","floor":21,"turns":3},{"damage":0,"enemies":"3 Byrds","floor":22,"turns":2},{"damage":19,"enemies":"Snake Plant","floor":24,"turns":3},{"damage":21,"enemies":"Book of Stabbing","floor":27,"turns":5},{"damage":5,"enemies":"3 Cultists","floor":28,"turns":3},{"damage":1,"enemies":"Centurion and Healer","floor":32,"turns":2},{"damage":6,"enemies":"Cultist and Chosen","floor":33,"turns":3},{"damage":0,"enemies":"Snecko","floor":36,"turns":3},{"damage":15,"enemies":"Automaton","floor":38,"turns":6},{"damage":48,"enemies":"Automaton","floor":40,"turns":10},{"damage":0,"enemies":"3 Shapes","floor":42,"turns":2},{"damage":0,"enemies":"Orb Walker","floor":44,"turns":2},{"damage":10,"enemies":"Jaw Worm Horde","floor":46,"turns":2},{"damage":28,"enemies":"Reptomancer","floor":48,"turns":5},{"damage":14,"enemies":"Giant Head","floor":50,"turns":5},{"damage":10,"enemies":"Sphere and 2 Shapes","floor":52,"turns":4},{"damage":6,"enemies":"Spire Growth","floor":53,"turns":3},{"damage":0,"enemies":"3 Darklings","floor":56,"turns":2},{"damage":21,"enemies":"Time Eater","floor":58,"turns":7},{"damage":1,"enemies":"Shield and Spear","floor":62,"turns":5},{"damage":64,"enemies":"The Heart","floor":63,"turns":7}],"seed_played":"5014521077075124906","potions_obtained":[{"floor":1.0,"key":"Block Potion"},{"floor":4.0,"key":"DistilledChaos"},{"floor":12,"key":"Strength Potion"},{"floor":14,"key":"FocusPotion"},{"floor":19,"key":"LiquidBronze"}],"is_trial":false,"path_per_floor":["M","?","M","M","?","E","$","M","T","R","M","M","E","M","R","B",null,"R","B",null,"M","M","$","M","?","R","E","M","R","T","T","M","M","?","R","M","R","B","R","B",null,"M","?","M","$","M","R","E","R","E","T","M","M","?","?","M","R","B",null,"R","$","E","B",null],"character_chosen":"DEFECT","items_purchased":["Self Repair","Lockon","TungstenRod","Creative AI","Orrery","Chemical X","Panacea+1"],"campfire_rested":2,"item_purchase_floors":[7,7,23,45,45,61,61],"current_hp_per_floor":[64,64,64,64,43,38,38,36,36,36,39,53,33,29,50,32,32,53,60,68,68,71,71,66,66,66,59,68,68,68,68,71,71,71,71,71,71,56,56,22,59,66,66,66,66,63,63,56,56,49,49,60,68,68,68,71,71,50,66,66,66,71,14],"gold":64,"neow_bonus":"THREE_ENEMY_KILL","is_daily":false,"chose_seed":false,"campfire_upgraded":9,"win_rate":0.0,"timestamp":1611754357,"path_taken":["M","?","?","M","?","E","?","M","T","R","?","M","E","M","R","BOSS","R","BOSS","M","M","$","M","?","R","E","?","R","T","T","M","M","?","R","M","R","BOSS","R","BOSS","M","?","M","$","?","R","E","R","E","T","M","M","?","?","M","R","BOSS","R","$","E","BOSS"],"items_purchased_type":["Card","Card","Relic","Card","Relic","Relic","Card"],"build_version":"2020-12-22","purchased_purges":0,"victory":true,"max_hp_per_floor":[71,71,71,71,71,71,71,71,71,71,71,71,71,71,71,71,71,71,71,71,71,71,71,71,71,71,71,71,71,71,71,71,71,71,71,71,71,71,71,71,71,71,71,71,71,71,71,71,71,71,71,71,71,71,71,71,71,71,71,71,71,71,71],"card_choices":[{"not_picked":["Skim","Tempest","Redo"],"picked":"SKIP","floor":1.0},{"not_picked":["Gash","Steam"],"picked":"Loop","floor":3.0},{"not_picked":["Conserve Battery","Auto Shields"],"picked":"Ball Lightning","floor":4.0},{"not_picked":["Barrage","Leap"],"picked":"Consume","floor":6},{"not_picked":["All For One","Steam"],"picked":"Conserve Battery","floor":8},{"not_picked":["Turbo+1","Beam Cell"],"picked":"Self Repair","floor":11},{"not_picked":["Sweeping Beam","Cold Snap"],"picked":"Coolheaded+1","floor":12},{"not_picked":["Static Discharge","Gash"],"picked":"Conserve Battery+1","floor":13},{"not_picked":["Go for the Eyes","Sweeping Beam"],"picked":"Tempest+1","floor":14},{"not_picked":["Amplify+1","Core Surge"],"picked":"Reboot+1","floor":16},{"not_picked":["Fission+1","Creative AI"],"picked":"Electrodynamics","floor":19},{"not_picked":["Conserve Battery+1","Steam+1"],"picked":"Double Energy+1","floor":21},{"not_picked":["Turbo+1","Beam Cell","Steam+1"],"picked":"SKIP","floor":22},{"not_picked":["Sweeping Beam","Compile Driver","FTL"],"picked":"SKIP","floor":24},{"not_picked":["Hologram+1","Steam+1"],"picked":"Lockon","floor":27},{"not_picked":["Redo+1","Conserve Battery+1","Stack+1","Beam Cell"],"picked":"SKIP","floor":28},{"not_picked":["Blizzard","Redo+1","Beam Cell","Reprogram+1"],"picked":"SKIP","floor":32},{"not_picked":["BootSequence+1","Stack+1","Lockon"],"picked":"Biased Cognition","floor":33},{"not_picked":["Leap+1","Redo+1","Hologram+1"],"picked":"Defragment","floor":36},{"not_picked":["Creative AI","Reboot+1","Multi-Cast+1"],"picked":"Echo Form","floor":38},{"not_picked":["Creative AI","All For One","Electrodynamics"],"picked":"Thunder Strike","floor":40},{"not_picked":["Redo+1","Turbo+1","Chaos+1"],"picked":"Glacier+1","floor":42},{"not_picked":["Deep Breath+1","Bandage Up+1","Forethought+1"],"picked":"Metamorphosis+1","floor":43},{"not_picked":["Rebound","Leap+1","Cold Snap","Compile Driver+1"],"picked":"SKIP","floor":44},{"not_picked":["Skim+1","Static Discharge","Multi-Cast+1"],"picked":"Buffer","floor":45},{"not_picked":["Barrage","Leap+1","Coolheaded+1"],"picked":"Biased Cognition","floor":45},{"not_picked":["Gash","Reprogram+1","Redo+1"],"picked":"Double Energy+1","floor":46},{"not_picked":["Barrage","Sweeping Beam+1","Sunder","Stack+1"],"picked":"SKIP","floor":48},{"not_picked":["Redo+1","Compile Driver","Rip and Tear+1","Chill+1"],"picked":"SKIP","floor":50},{"not_picked":["Lockon","Steam Power+1","FTL","BootSequence+1"],"picked":"SKIP","floor":52},{"not_picked":["Go for the Eyes","Cold Snap","Streamline"],"picked":"White Noise+1","floor":53},{"not_picked":["Sadistic Nature","PanicButton+1","Transmutation+1"],"picked":"Mayhem","floor":55},{"not_picked":["Rebound+1","Tempest+1","Stack+1"],"picked":"Loop","floor":56},{"not_picked":["Rebound","FTL","Streamline","Gash"],"picked":"SKIP","floor":62}],"player_experience":395651,"relics_obtained":[{"floor":6,"key":"Bronze Scales"},{"floor":9,"key":"Toxic Egg 2"},{"floor":13,"key":"Lizard Tail"},{"floor":27,"key":"Question Card"},{"floor":30,"key":"HornCleat"},{"floor":31,"key":"Sundial"},{"floor":43,"key":"Mercury Hourglass"},{"floor":48,"key":"Bag of Preparation"},{"floor":50,"key":"Centennial Puzzle"},{"floor":62,"key":"CaptainsWheel"}],"event_choices":[{"cards_removed":["Strike_B"],"damage_healed":0.0,"max_hp_gain":0.0,"max_hp_loss":0.0,"gold_gain":0.0,"event_name":"Wheel of Change","player_choice":"Card Removal","floor":2.0,"gold_loss":0.0,"damage_taken":0.0},{"damage_healed":64,"gold_gain":0,"player_choice":"Upgrade","damage_taken":21,"max_hp_gain":0,"max_hp_loss":71,"event_name":"betterThird:BetterShining","floor":5,"gold_loss":0,"cards_upgraded":["Zap","Defend_B"]},{"cards_removed":["Strike_B"],"damage_healed":0,"gold_gain":0,"player_choice":"Purged","damage_taken":0,"max_hp_gain":0,"max_hp_loss":0,"event_name":"Purifier","floor":25,"gold_loss":0},{"damage_healed":0,"gold_gain":0,"player_choice":"Read","damage_taken":0,"max_hp_gain":0,"max_hp_loss":0,"event_name":"The Library","floor":34,"gold_loss":0,"cards_obtained":["Double Energy"]},{"damage_healed":0,"gold_gain":0,"player_choice":"Random: Red","damage_taken":0,"max_hp_gain":0,"max_hp_loss":0,"event_name":"betterThird:BetterPortal","floor":43,"gold_loss":0},{"damage_healed":0,"gold_gain":0,"player_choice":"Ignored","damage_taken":0,"max_hp_gain":0,"max_hp_loss":0,"event_name":"Mysterious Sphere","floor":54,"gold_loss":0},{"damage_healed":0,"gold_gain":0,"player_choice":"Memory 1","damage_taken":0,"max_hp_gain":0,"max_hp_loss":0,"event_name":"SensoryStone","floor":55,"gold_loss":0}],"is_beta":false,"boss_relics":[{"not_picked":["Runic Pyramid","Ectoplasm"],"picked":"Nuclear Battery"},{"not_picked":["SacredBark","Fusion Hammer"],"picked":"Sozu"},{"not_picked":["Black Star","Busted Crown"],"picked":"Astrolabe"}],"items_purged_floors":[],"is_endless":false,"potions_floor_spawned":[1,4,12,14,19,24,36,38,40,50,52,53,56,62],"ascension_level":15}}