{"host":"ming","time":1611752816,"event":{"mods":["BaseMod","Hermit","KinomotoSakuraMod(Ä¾Ö®±¾Ó£)","Minty Spire (QoL Compilation)","Replay The Spire","StSLib","The Bug Knight","The Senshi"],"gold_per_floor":[116,116,131,143,143,143,163,183,236,248,273,273,223,246,246,349,349,334,351,28,28,0,32,32,32,80,109,109,109],"floor_reached":28,"language":"ZHS","playtime":2065,"items_purged":[],"score":256,"play_id":"6779f167-5c24-4fd7-b599-8ceb1f057768","local_time":"20210127210656","is_ascension_mode":false,"campfire_choices":[{"data":"HollowMod:FocusHealStart","floor":6.0,"key":"SMITH"},{"data":"HollowMod:theNailsmith","floor":12,"key":"SMITH"},{"data":"HollowMod:QuirrelsAssistance","floor":15,"key":"SMITH"},{"data":"HollowMod:SoulEater","floor":25,"key":"SMITH"}],"circlet_count":0,"master_deck":["HollowMod:NailStrikeStart","HollowMod:NailStrikeStart+1","HollowMod:NailStrikeStart","HollowMod:QuickDashStart","HollowMod:QuickDashStart","HollowMod:QuickDashStart","HollowMod:QuickDashStart","HollowMod:FocusHealStart+1","HollowMod:PogoStrike","HollowMod:DesolateDive","HollowMod:QuirrelsAssistance+1","HollowMod:SoulEater+1","HollowMod:theNailsmith+1","HollowMod:CloakDash","HollowMod:VoidDash","HollowMod:SharpenedNail+1","HollowMod:QuirrelsAssistance+1","HollowMod:HuntersJournal","HollowMod:Grubsong"],"relics":["HollowMod:VesselMask","Pantograph","Blue Doll","Bag of Marbles","Odd Mushroom","Black Star","DollysMirror","Whetstone","Potion Belt","MealTicket","Blood Vial","Bag of Preparation","Replay:Bottled Snecko"],"acts_visited":["Exordium","TheCity"],"potions_floor_usage":[14,14,23,23,23,23],"damage_taken":[{"damage":5.0,"enemies":"Small Slimes","floor":1.0,"turns":3.0},{"damage":0.0,"enemies":"2 Louse","floor":3.0,"turns":3.0},{"damage":3.0,"enemies":"Jaw Worm","floor":4.0,"turns":4.0},{"damage":13.0,"enemies":"3 Louse","floor":7.0,"turns":5.0},{"damage":7.0,"enemies":"2 Fungi Beasts","floor":8.0,"turns":4.0},{"damage":32.0,"enemies":"Lots of Slimes","floor":10.0,"turns":4.0},{"damage":26.0,"enemies":"Replay:BlueRogue","floor":11.0,"turns":8.0},{"damage":5,"enemies":"The Mushroom Lair","floor":14,"turns":3},{"damage":43,"enemies":"Slime Boss","floor":16,"turns":11},{"damage":15,"enemies":"2 Thieves","floor":18,"turns":4},{"damage":32,"enemies":"3 Byrds","floor":19,"turns":6},{"damage":11,"enemies":"HollowMod:Nosk","floor":23,"turns":7},{"damage":37,"enemies":"Replay:Snechameleon","floor":27,"turns":7}],"seed_played":"-8500517432586092166","potions_obtained":[{"floor":1.0,"key":"Reflective Coating"},{"floor":4.0,"key":"SkillPotion"},{"floor":7.0,"key":"SpeedPotion"},{"floor":14,"key":"FearPotion"},{"floor":16,"key":"EntropicBrew"},{"floor":19,"key":"Reflective Coating"}],"is_trial":false,"path_per_floor":["M","?","M","M","?","R","M","M","T","M","E","R","?","?","R","B",null,"M","M","$","?","?","E","?","R","T","E","?"],"character_chosen":"THE_BUGKNIGHT","items_purchased":["DollysMirror","Whetstone","HollowMod:HuntersJournal"],"campfire_rested":0,"item_purchase_floors":[20,20,20],"current_hp_per_floor":[82,75,81,82,82,82,79,78,78,56,42,42,42,37,37,25,82,67,41,41,41,41,36,36,36,36,7,0,0],"gold":109,"neow_bonus":"TEN_PERCENT_HP_BONUS","is_daily":false,"chose_seed":false,"campfire_upgraded":4,"win_rate":0.0,"timestamp":1611752816,"path_taken":["M","?","M","M","?","R","M","M","T","M","E","R","?","?","R","BOSS","M","M","$","?","?","E","?","R","T","E","?"],"items_purchased_type":["Relic","Relic","Card"],"build_version":"2020-12-18","purchased_purges":0,"victory":false,"max_hp_per_floor":[82,82,82,82,82,82,82,82,82,82,82,82,82,82,82,82,82,82,82,82,82,82,82,82,82,82,82,82,82],"card_choices":[{"not_picked":["HollowMod:RecoilStrike","HollowMod:CoiledNail"],"picked":"HollowMod:DesolateDive","floor":1.0},{"not_picked":["HollowMod:LifebloodCocoon","HollowMod:DescendingDark"],"picked":"HollowMod:QuirrelsAssistance","floor":3.0},{"not_picked":["HollowMod:DesolateDive","HollowMod:DescendingDark","HollowMod:InfectedAttack"],"picked":"SKIP","floor":4.0},{"not_picked":["HollowMod:SiblingsSouls","HollowMod:SharpenedShadows"],"picked":"HollowMod:SoulEater","floor":7.0},{"not_picked":["HollowMod:VengefulVoid","HollowMod:SoulSplash","HollowMod:HowlingWraiths"],"picked":"SKIP","floor":8.0},{"not_picked":["HollowMod:NewInfectedGuardian","HollowMod:InfectedAttack","HollowMod:LifebloodCocoon"],"picked":"SKIP","floor":10.0},{"not_picked":["HollowMod:SharpenedNail","HollowMod:CycloneSlash"],"picked":"HollowMod:theNailsmith","floor":11.0},{"not_picked":["HollowMod:SiblingsSouls","HollowMod:SoulSplash"],"picked":"HollowMod:CloakDash","floor":14},{"not_picked":["HollowMod:LifebloodCore","HollowMod:NewInfectedGuardian"],"picked":"HollowMod:VoidDash","floor":16},{"not_picked":["HollowMod:InfectedAttack+1","HollowMod:CrystalDash"],"picked":"HollowMod:SharpenedNail","floor":18},{"not_picked":["HollowMod:HeavyBlow","HollowMod:DoubleDash","HollowMod:InfectionAssault"],"picked":"SKIP","floor":19},{"not_picked":["HollowMod:DoubleDash","HollowMod:SharpenedShadows","HollowMod:TaintedHusks"],"picked":"SKIP","floor":23},{"not_picked":["HollowMod:CornifersMapStart","HollowMod:SoulEater"],"picked":"HollowMod:Grubsong","floor":27}],"player_experience":704698,"relics_obtained":[{"floor":9.0,"key":"Blue Doll"},{"floor":11.0,"key":"Bag of Marbles"},{"floor":14,"key":"Odd Mushroom"},{"floor":23,"key":"Potion Belt"},{"floor":23,"key":"MealTicket"},{"floor":26,"key":"Blood Vial"},{"floor":27,"key":"Bag of Preparation"},{"floor":27,"key":"Replay:Bottled Snecko"}],"event_choices":[{"cards_removed":["HollowMod:NailStrikeStart"],"damage_healed":0.0,"max_hp_gain":0.0,"max_hp_loss":0.0,"gold_gain":0.0,"event_name":"Golden Wing","player_choice":"Card Removal","floor":2.0,"gold_loss":0.0,"damage_taken":7.0},{"damage_healed":0.0,"max_hp_gain":0.0,"max_hp_loss":0.0,"gold_gain":0.0,"event_name":"Big Fish","player_choice":"Box","floor":5.0,"gold_loss":0.0,"damage_taken":0.0,"relics_obtained":["Pantograph"],"cards_obtained":["Regret"]},{"cards_removed":["Regret"],"damage_healed":0,"gold_gain":0,"player_choice":"Card Removal","damage_taken":0,"max_hp_gain":0,"max_hp_loss":0,"event_name":"The Cleric","floor":13,"gold_loss":50},{"damage_healed":0,"gold_gain":0,"player_choice":"Fought Mushrooms","damage_taken":0,"max_hp_gain":0,"max_hp_loss":0,"event_name":"Mushrooms","floor":14,"gold_loss":0},{"damage_healed":0,"gold_gain":0,"player_choice":"Ignored","damage_taken":0,"max_hp_gain":0,"max_hp_loss":0,"event_name":"Vampires","floor":21,"gold_loss":0},{"damage_healed":0,"gold_gain":0,"player_choice":"Paid Fearfully","damage_taken":0,"max_hp_gain":0,"max_hp_loss":0,"event_name":"Masked Bandits","floor":22,"gold_loss":28}],"is_beta":true,"boss_relics":[{"not_picked":["Sozu","Replay:Drink Me"],"picked":"Black Star"}],"items_purged_floors":[],"is_endless":false,"potions_floor_spawned":[1,4,7,11,14,16,19],"ascension_level":0}}