{"host":"bq4pt811tk9yrmjl","time":1611711116,"event":{"mods":["AchievementEnabler","BaseMod","Colored Map","Colored Powertips","Defuse TimeMaze Blight","Hermit","Minty Spire (QoL Compilation)","StSLib","SuperFastMode"],"gold_per_floor":[118,118,70,145,145,145,160,203,203,203,221,246,267,287,287,287,287],"floor_reached":16,"language":"ENG","playtime":189,"items_purged":[],"score":133,"play_id":"4203bd15-46c6-48dd-a097-c803a4c18c11","local_time":"20210126233156","is_ascension_mode":true,"campfire_choices":[{"data":"Neutralize","floor":6,"key":"SMITH"},{"floor":10,"key":"REST"},{"data":"Leg Sweep","floor":15,"key":"SMITH"}],"circlet_count":0,"master_deck":["Strike_G","Strike_G","Strike_G","Strike_G","Strike_G","Defend_G","Defend_G","Defend_G","Defend_G","Defend_G","Survivor","Neutralize+1","PiercingWail","Blade Dance","Blade Dance","Leg Sweep+1","Slice"],"relics":["Ring of the Snake","NeowsBlessing","Golden Idol","Tiny Chest"],"acts_visited":["Exordium"],"potions_floor_usage":[12],"damage_taken":[{"damage":0.0,"enemies":"Small Slimes","floor":1.0,"turns":1.0},{"damage":0,"enemies":"Jaw Worm","floor":7,"turns":1},{"damage":0,"enemies":"Lagavulin","floor":8,"turns":1},{"damage":5,"enemies":"2 Louse","floor":11,"turns":2},{"damage":3,"enemies":"Exordium Wildlife","floor":12,"turns":4},{"damage":4,"enemies":"2 Fungi Beasts","floor":13,"turns":4},{"damage":0,"enemies":"Red Slaver","floor":14,"turns":5},{"damage":8,"enemies":"Slime Boss","floor":16,"turns":4}],"seed_played":"-8497870916091043345","potions_obtained":[{"floor":7,"key":"Explosive Potion"}],"is_trial":false,"path_per_floor":["M","?","$","?","?","R","M","E","T","R","M","M","M","M","R","B"],"character_chosen":"THE_SILENT","items_purchased":["Blade Dance"],"campfire_rested":1,"item_purchase_floors":[3],"current_hp_per_floor":[70,70,70,59,42,42,42,42,42,63,58,55,51,51,51,43,43],"gold":287,"neow_bonus":"THREE_ENEMY_KILL","is_daily":false,"chose_seed":false,"campfire_upgraded":2,"win_rate":0.0,"timestamp":1611711116,"path_taken":["M","?","$","?","?","R","M","E","T","R","?","M","M","M","R","BOSS"],"items_purchased_type":["Card"],"build_version":"2020-12-22","purchased_purges":0,"victory":false,"max_hp_per_floor":[70,70,70,70,70,70,70,70,70,70,70,70,70,70,70,70,70],"card_choices":[{"not_picked":["Deflect","Backstab"],"picked":"PiercingWail","floor":1.0},{"not_picked":["All Out Attack","Catalyst","Backflip"],"picked":"SKIP","floor":7},{"not_picked":["Finisher","A Thousand Cuts"],"picked":"Blade Dance","floor":8},{"not_picked":["Prepared","Concentrate","Dagger Throw"],"picked":"SKIP","floor":11},{"not_picked":["Terror","Underhanded Strike"],"picked":"Leg Sweep","floor":12},{"not_picked":["Grand Finale","Poisoned Stab"],"picked":"Slice","floor":13},{"not_picked":["Dodge and Roll","Deadly Poison","Sucker Punch"],"picked":"SKIP","floor":14}],"player_experience":266010,"relics_obtained":[{"floor":8,"key":"Tiny Chest"}],"event_choices":[{"damage_healed":0,"gold_gain":0,"player_choice":"Ignored","damage_taken":0,"max_hp_gain":0,"max_hp_loss":0,"event_name":"Shining Light","floor":2,"gold_loss":0},{"damage_healed":0,"gold_gain":75,"player_choice":"Gather Gold","damage_taken":11,"max_hp_gain":0,"max_hp_loss":0,"event_name":"World of Goop","floor":4,"gold_loss":0},{"damage_healed":0,"gold_gain":0,"player_choice":"Take Damage","damage_taken":17,"relics_obtained":["Golden Idol"],"max_hp_gain":0,"max_hp_loss":0,"event_name":"Golden Idol","floor":5,"gold_loss":0}],"is_beta":false,"boss_relics":[],"items_purged_floors":[],"is_endless":false,"potions_floor_spawned":[7],"killed_by":"Slime Boss","ascension_level":1}}