{"host":"neeznpvpgo0qgfkd","time":1611721465,"event":{"mods":["AchievementEnabler","BaseMod","BetterRewards","Colored Map","Colored Powertips","Exacting","Minty Spire (QoL Compilation)","Permanent Neow","Quick Restart","Shop Mod"],"gold_per_floor":[127,127,277,291,291,316,329,329,375,407,426,461,461,479,479,479,479],"floor_reached":16,"language":"ENG","playtime":749,"items_purged":[],"score":298,"play_id":"e9625bad-7917-4e29-963b-e612900e2125","local_time":"20210126232425","is_ascension_mode":true,"campfire_choices":[{"floor":8,"key":"REST"},{"floor":13,"key":"REST"},{"floor":15,"key":"RECALL"}],"circlet_count":0,"master_deck":["AscendersBane","Strike_G","Strike_G","Strike_G","Strike_G","Strike_G","Defend_G","Defend_G","Defend_G","Defend_G","Defend_G","Survivor","Neutralize","Noxious Fumes","Blade Dance","Caltrops","Flying Knee","Noxious Fumes","Regret","Doubt","Cloak And Dagger","Bane","Accuracy","Die Die Die","Dodge and Roll","Dagger Throw"],"relics":["Ring of the Snake","Mummified Hand","Pen Nib","Bird Faced Urn","The Courier","StrikeDummy"],"acts_visited":["Exordium"],"potions_floor_usage":[6,6,10,10,14],"damage_taken":[{"damage":0,"enemies":"2 Louse","floor":1,"turns":2},{"damage":3,"enemies":"Small Slimes","floor":4,"turns":4},{"damage":32,"enemies":"3 Sentries","floor":6,"turns":8},{"damage":9,"enemies":"Cultist","floor":7,"turns":2},{"damage":33,"enemies":"Gremlin Nob","floor":10,"turns":5},{"damage":15,"enemies":"Large Slime","floor":11,"turns":5},{"damage":15,"enemies":"3 Sentries","floor":12,"turns":5},{"damage":14,"enemies":"3 Louse","floor":14,"turns":2},{"damage":55,"enemies":"The Guardian","floor":16,"turns":9}],"seed_played":"4447799502266178833","potions_obtained":[{"floor":1,"key":"Regen Potion"},{"floor":4,"key":"DuplicationPotion"},{"floor":6,"key":"Fruit Juice"},{"floor":6,"key":"AttackPotion"},{"floor":14,"key":"Fruit Juice"}],"is_trial":false,"path_per_floor":["M","?","?","M","?","E","M","R","T","E","M","E","R","M","R","B"],"character_chosen":"THE_SILENT","items_purchased":["Mummified Hand","Noxious Fumes","Blade Dance","Caltrops","Flying Knee"],"campfire_rested":2,"item_purchase_floors":[0,0,0,0,0],"current_hp_per_floor":[59,59,59,56,47,35,30,51,51,26,29,32,53,46,46,0,0],"gold":479,"neow_bonus":"","is_daily":false,"chose_seed":false,"campfire_upgraded":0,"win_rate":0.0,"timestamp":1611721465,"path_taken":["M","?","?","M","?","E","M","R","T","E","M","E","R","M","R","BOSS"],"items_purchased_type":["Relic","Card","Card","Card","Card"],"build_version":"2020-12-22","purchased_purges":0,"victory":false,"max_hp_per_floor":[66,66,66,66,66,71,71,71,71,71,71,71,71,76,76,76,76],"card_choices":[{"not_picked":["Endless Agony","Quick Slash"],"picked":"Noxious Fumes","floor":1},{"not_picked":["Acrobatics","Leg Sweep"],"picked":"Cloak And Dagger","floor":4},{"not_picked":["Outmaneuver","Calculated Gamble"],"picked":"Bane","floor":6},{"not_picked":["Deadly Poison","Poisoned Stab"],"picked":"Accuracy","floor":7},{"not_picked":["Deflect","Acrobatics"],"picked":"Die Die Die","floor":10},{"not_picked":["Quick Slash","Reflex"],"picked":"Dodge and Roll","floor":11},{"not_picked":["Predator","Catalyst"],"picked":"Dagger Throw","floor":12},{"not_picked":["Acrobatics","Dagger Throw","Quick Slash"],"picked":"SKIP","floor":14}],"player_experience":1928763,"relics_obtained":[{"floor":6,"key":"Bird Faced Urn"},{"floor":10,"key":"The Courier"},{"floor":12,"key":"StrikeDummy"}],"event_choices":[{"damage_healed":0,"gold_gain":0,"player_choice":"Box","damage_taken":0,"relics_obtained":["Pen Nib"],"max_hp_gain":0,"max_hp_loss":0,"event_name":"Big Fish","floor":2,"gold_loss":0,"cards_obtained":["Regret"]},{"damage_healed":0,"gold_gain":150,"player_choice":"AGREE","damage_taken":0,"max_hp_gain":0,"max_hp_loss":0,"event_name":"Liars Game","floor":3,"gold_loss":0,"cards_obtained":["Doubt"]},{"damage_healed":0,"gold_gain":0,"player_choice":"Damaged","damage_taken":9,"max_hp_gain":0,"max_hp_loss":0,"event_name":"Wheel of Change","floor":5,"gold_loss":0}],"is_beta":false,"boss_relics":[],"items_purged_floors":[],"is_endless":false,"potions_floor_spawned":[1,4,6,14],"killed_by":"The Guardian","ascension_level":15}}