{"host":"zk71suw73lg2r165","time":1611722654,"event":{"mods":["BaseMod","Colored Map","Minty Spire (QoL Compilation)","Permanent Neow","Relic Stats","StSLib"],"gold_per_floor":[119,119,119,130,141,175,195,195,218,51,71,71,102,121,121,197,197,211,211,0,17,52,84,99,189,189,224,224,242,262,277,277,355,355,375,386,386,21,33,67,67,67,67,17,17,37,37,47,47,47,47],"floor_reached":50,"language":"ENG","playtime":1801,"items_purged":["Strike_R","Strike_R","Strike_R"],"score":1123,"play_id":"2ee36b8f-15e5-44a4-bdeb-446c146f29c7","local_time":"20210126234414","is_ascension_mode":true,"campfire_choices":[{"floor":12.0,"key":"REST"},{"data":"Perfected Strike","floor":15.0,"key":"SMITH"},{"floor":28.0,"key":"REST"},{"floor":32.0,"key":"REST"},{"floor":41.0,"key":"REST"},{"floor":47.0,"key":"REST"},{"floor":49,"key":"RECALL"}],"circlet_count":0,"master_deck":["AscendersBane","Defend_R","Defend_R","Defend_R","Defend_R","Bash+1","Twin Strike","Pommel Strike","Demon Form","Blood for Blood","Barricade","Clothesline","Heavy Blade","Reaper","Pommel Strike+1","Headbutt","Burning Pact","Entrench","Body Slam+1","Intimidate+1","Metallicize+1","Madness","Madness","Armaments","Shrug It Off"],"relics":["Snecko Eye","Dream Catcher","Bronze Scales","MealTicket","Smiling Mask","Sozu","ClockworkSouvenir","Red Mask","HornCleat","Gremlin Horn","Singing Bowl","Astrolabe","Meat on the Bone","Unceasing Top"],"acts_visited":["Exordium","TheCity","TheBeyond"],"potions_floor_usage":[],"damage_taken":[{"damage":1.0,"enemies":"Cultist","floor":1.0,"turns":3.0},{"damage":7.0,"enemies":"Jaw Worm","floor":4.0,"turns":2.0},{"damage":3.0,"enemies":"Small Slimes","floor":5.0,"turns":3.0},{"damage":35.0,"enemies":"3 Sentries","floor":6.0,"turns":9.0},{"damage":11.0,"enemies":"Blue Slaver","floor":7.0,"turns":3.0},{"damage":12.0,"enemies":"Looter","floor":11.0,"turns":3.0},{"damage":6.0,"enemies":"Gremlin Nob","floor":13.0,"turns":3.0},{"damage":1.0,"enemies":"3 Louse","floor":14.0,"turns":2.0},{"damage":13.0,"enemies":"Hexaghost","floor":16.0,"turns":5.0},{"damage":0.0,"enemies":"Chosen","floor":18.0,"turns":2.0},{"damage":18.0,"enemies":"2 Thieves","floor":21.0,"turns":4.0},{"damage":16.0,"enemies":"Masked Bandits","floor":22.0,"turns":3.0},{"damage":42.0,"enemies":"Book of Stabbing","floor":23.0,"turns":5.0},{"damage":10.0,"enemies":"Centurion and Healer","floor":24.0,"turns":4.0},{"damage":14.0,"enemies":"Slavers","floor":27.0,"turns":3.0},{"damage":24.0,"enemies":"Shelled Parasite and Fungi","floor":29.0,"turns":4.0},{"damage":0.0,"enemies":"Snecko","floor":30.0,"turns":3.0},{"damage":11.0,"enemies":"Centurion and Healer","floor":31.0,"turns":5.0},{"damage":56.0,"enemies":"Collector","floor":33.0,"turns":6.0},{"damage":16.0,"enemies":"3 Darklings","floor":35.0,"turns":5.0},{"damage":30.0,"enemies":"3 Shapes","floor":36.0,"turns":5.0},{"damage":0.0,"enemies":"Transient","floor":39.0,"turns":6.0},{"damage":53.0,"enemies":"Giant Head","floor":40.0,"turns":9.0},{"damage":68.0,"enemies":"Writhing Mass","floor":46.0,"turns":7.0},{"damage":42.0,"enemies":"4 Shapes","floor":48.0,"turns":7.0},{"damage":45,"enemies":"Awakened One","floor":50,"turns":5}],"seed_played":"7961715425524707148","potions_obtained":[{"floor":4.0,"key":"Explosive Potion"},{"floor":7.0,"key":"Weak Potion"},{"floor":11.0,"key":"FearPotion"},{"floor":13.0,"key":"Dexterity Potion"}],"is_trial":false,"path_per_floor":["M","?","?","M","M","E","M","?","T","$","M","R","E","M","R","B",null,"M","?","$","M","?","E","M","?","T","E","R","M","M","M","R","B",null,"M","M","?","$","M","E","R","?","T","$","$","M","R","M","R","B"],"character_chosen":"IRONCLAD","items_purchased":["Barricade","ClockworkSouvenir","Meat on the Bone","Armaments"],"campfire_rested":5,"item_purchase_floors":[10,20,38,38],"current_hp_per_floor":[67,67,62,55,52,17,6,31,31,46,34,56,50,49,49,36,65,71,71,75,61,55,25,27,15,15,17,40,24,32,33,59,19,70,56,42,26,41,52,23,53,53,53,68,83,34,63,53,53,16,16],"gold":47,"neow_bonus":"BOSS_RELIC","is_daily":false,"chose_seed":false,"campfire_upgraded":1,"win_rate":0.0,"timestamp":1611722654,"path_taken":["M","?","?","M","M","E","M","?","T","?","M","R","E","M","R","BOSS","M","?","$","M","?","E","M","?","T","E","R","?","M","M","R","BOSS","M","M","?","$","M","E","R","?","T","?","$","M","R","?","R","BOSS"],"items_purchased_type":["Card","Relic","Relic","Card"],"build_version":"2020-12-22","purchased_purges":3,"victory":false,"max_hp_per_floor":[75,75,75,75,75,75,75,75,75,75,75,75,75,75,75,75,75,75,75,75,75,75,75,75,75,75,77,77,79,81,83,85,87,87,89,91,91,91,93,95,97,97,97,97,97,99,99,101,101,101,101],"relic_stats":{"Gremlin Horn":[16,16],"Singing Bowl":26,"counters":[26,116],"Astrolabe":["Body Slam","Intimidate","Metallicize"],"Smiling Mask":150,"Sozu":6,"Dream Catcher":5,"Bronze Scales":[298],"Snecko Eye":[221,221,204,205],"MealTicket":64,"obtain_stats":[{"Gremlin Horn":26,"Singing Bowl":27,"Astrolabe":34,"Smiling Mask":13,"Burning Blood":0,"ClockworkSouvenir":20,"Sozu":17,"Dream Catcher":3,"HornCleat":23,"Bronze Scales":6,"Snecko Eye":0,"MealTicket":9,"Red Mask":22,"Unceasing Top":40,"Meat on the Bone":38},{"Gremlin Horn":14,"Singing Bowl":15,"Astrolabe":19,"Smiling Mask":7,"Burning Blood":0,"ClockworkSouvenir":10,"Sozu":9,"Dream Catcher":1,"HornCleat":13,"Bronze Scales":4,"Snecko Eye":0,"MealTicket":5,"Red Mask":12,"Unceasing Top":23,"Meat on the Bone":21},{"Gremlin Horn":51,"Singing Bowl":54,"Astrolabe":72,"Smiling Mask":26,"Burning Blood":0,"ClockworkSouvenir":35,"Sozu":33,"Dream Catcher":3,"HornCleat":47,"Bronze Scales":17,"Snecko Eye":0,"MealTicket":20,"Red Mask":42,"Unceasing Top":97,"Meat on the Bone":82}],"Unceasing Top":[0],"Meat on the Bone":24},"card_choices":[{"not_picked":["Armaments","Warcry"],"picked":"Twin Strike","floor":1.0},{"not_picked":["Havoc","Warcry","Twin Strike"],"picked":"SKIP","floor":4.0},{"not_picked":["Wild Strike","Inflame"],"picked":"Pommel Strike","floor":5.0},{"not_picked":["Headbutt","Entrench"],"picked":"Demon Form","floor":6.0},{"not_picked":["Clash","Wild Strike"],"picked":"Blood for Blood","floor":7.0},{"not_picked":["Twin Strike","Shrug It Off"],"picked":"Clothesline","floor":11.0},{"not_picked":["Reckless Charge","Corruption"],"picked":"Heavy Blade","floor":12.0},{"not_picked":["Seeing Red","Dropkick","Anger"],"picked":"SKIP","floor":13.0},{"not_picked":["Headbutt","Fire Breathing"],"picked":"Perfected Strike","floor":14.0},{"not_picked":["Barricade","Berserk"],"picked":"Reaper","floor":16.0},{"not_picked":["Armaments","Cleave","Battle Trance"],"picked":"SKIP","floor":18.0},{"not_picked":["Battle Trance+1","Body Slam"],"picked":"Pommel Strike+1","floor":21.0},{"not_picked":["Body Slam","Thunderclap"],"picked":"Headbutt","floor":23.0},{"not_picked":["Clothesline","Combust"],"picked":"Burning Pact","floor":24.0},{"not_picked":["Warcry","Cleave","Power Through"],"picked":"Singing Bowl","floor":27.0},{"not_picked":["Body Slam","Burning Pact"],"picked":"Entrench","floor":28.0},{"not_picked":["Warcry","Perfected Strike","Berserk"],"picked":"Singing Bowl","floor":29.0},{"not_picked":["Spot Weakness","True Grit","Armaments"],"picked":"Singing Bowl","floor":30.0},{"not_picked":["Wild Strike","Fire Breathing","Shrug It Off"],"picked":"Singing Bowl","floor":31.0},{"not_picked":["Cleave+1","Havoc","Anger"],"picked":"Singing Bowl","floor":32.0},{"not_picked":["Berserk","Fiend Fire","Corruption"],"picked":"Singing Bowl","floor":33.0},{"not_picked":["Clothesline+1","Second Wind","Rampage"],"picked":"Singing Bowl","floor":35.0},{"not_picked":["Rampage","Twin Strike+1","Burning Pact"],"picked":"Singing Bowl","floor":36.0},{"not_picked":["Headbutt+1","Wild Strike+1","Flex"],"picked":"Singing Bowl","floor":39.0},{"not_picked":["Reckless Charge","Perfected Strike","Body Slam+1"],"picked":"Singing Bowl","floor":40.0},{"not_picked":["Reckless Charge","Body Slam","Thunderclap"],"picked":"Singing Bowl","floor":41.0},{"not_picked":["Sentinel","Spot Weakness","Iron Wave"],"picked":"Singing Bowl","floor":46.0},{"not_picked":["Cleave+1","Wild Strike"],"picked":"Shrug It Off","floor":47.0},{"not_picked":["Iron Wave","Flex+1","Havoc"],"picked":"Singing Bowl","floor":48.0}],"player_experience":1386851,"relics_obtained":[{"floor":6.0,"key":"Bronze Scales"},{"floor":9.0,"key":"MealTicket"},{"floor":13.0,"key":"Smiling Mask"},{"floor":22.0,"key":"Red Mask"},{"floor":23.0,"key":"HornCleat"},{"floor":26.0,"key":"Gremlin Horn"},{"floor":27.0,"key":"Singing Bowl"},{"floor":40.0,"key":"Unceasing Top"}],"event_choices":[{"damage_healed":0.0,"max_hp_gain":0.0,"max_hp_loss":0.0,"gold_gain":0.0,"event_name":"Living Wall","player_choice":"Grow","floor":2.0,"gold_loss":0.0,"damage_taken":0.0,"cards_upgraded":["Bash"]},{"damage_healed":0.0,"max_hp_gain":0.0,"max_hp_loss":0.0,"gold_gain":0.0,"event_name":"Scrap Ooze","player_choice":"Success","floor":3.0,"gold_loss":0.0,"damage_taken":5.0,"relics_obtained":["Dream Catcher"]},{"damage_healed":25.0,"max_hp_gain":0.0,"max_hp_loss":0.0,"gold_gain":0.0,"event_name":"Big Fish","player_choice":"Banana","floor":8.0,"gold_loss":0.0,"damage_taken":0.0},{"damage_healed":0.0,"max_hp_gain":0.0,"max_hp_loss":0.0,"gold_gain":0.0,"event_name":"Vampires","player_choice":"Ignored","floor":19.0,"gold_loss":0.0,"damage_taken":0.0},{"damage_healed":0.0,"max_hp_gain":0.0,"max_hp_loss":0.0,"gold_gain":0.0,"event_name":"Masked Bandits","player_choice":"Fought Bandits","floor":22.0,"gold_loss":0.0,"damage_taken":0.0},{"damage_healed":0.0,"max_hp_gain":0.0,"max_hp_loss":0.0,"gold_gain":90.0,"event_name":"Knowing Skull","player_choice":"GOLD ","floor":25.0,"potions_obtained":[],"gold_loss":0.0,"damage_taken":12.0,"cards_obtained":[]},{"damage_healed":0.0,"max_hp_gain":0.0,"max_hp_loss":0.0,"gold_gain":0.0,"event_name":"Winding Halls","player_choice":"Embrace Madness","floor":37.0,"gold_loss":0.0,"damage_taken":16.0,"cards_obtained":["Madness","Madness"]},{"damage_healed":0.0,"max_hp_gain":0.0,"max_hp_loss":0.0,"gold_gain":0.0,"event_name":"Mysterious Sphere","player_choice":"Ignored","floor":42.0,"gold_loss":0.0,"damage_taken":0.0}],"is_beta":false,"boss_relics":[{"not_picked":["Ectoplasm","Black Star"],"picked":"Sozu"},{"not_picked":["Velvet Choker","Runic Dome"],"picked":"Astrolabe"}],"items_purged_floors":[20,38,44],"is_endless":false,"potions_floor_spawned":[4,7,11,13,14,21,27,30,33,40,46],"killed_by":"Awakened One","ascension_level":20}}