{"host":"htz0vj76zckzolyr","time":1611732983,"event":{"mods":["Act Like it!","Arknights The Spire","BaseMod","CapriCore","Colored Map","Colored Powertips","Downfall","Friendly Minions","Gensokyo","KinomotoSakuraMod(Ä¾Ö®±¾Ó£)","Lobotomy","LobotomyExtend","Marisa£¨ìFÓê¡¡Ä§ÀíÉ³£©","Minty Spire (QoL Compilation)","Quick Restart","Relic Stats","Shop Mod","StSLib","The Administrix","The Animator"],"gold_per_floor":[99,116,196,215,22,41,121,21,21,21,21],"floor_reached":9,"language":"ZHS","playtime":711,"items_purged":[],"score":51,"play_id":"2011f57a-648b-42b4-b483-33ba8379e339","local_time":"20210127153623","is_ascension_mode":false,"campfire_choices":[{"data":"champ:HeavySlash","floor":1.0,"key":"SMITH"},{"data":"champ:Execute","floor":8.0,"key":"SMITH"}],"circlet_count":0,"master_deck":["champ:Strike","champ:Strike","champ:Strike","champ:Strike","champ:Defend","champ:Defend","champ:Defend","champ:Defend","champ:Execute+1","champ:Taunt","champ:HeavySlash+1","champ:CalledShot","Gensokyo:DepletedGenerator","champ:EnGarde+1","Gensokyo:SummonJeweledCobra"],"relics":["champ:ChampionCrown","LetterFromLob","downfall:HeartBlessingBlue"],"acts_visited":["Gensokyo:Gensokyo"],"potions_floor_usage":[],"damage_taken":[{"damage":10.0,"enemies":"Gensokyo:3_Fairies","floor":2.0,"turns":6.0},{"damage":11.0,"enemies":"Gensokyo:Python","floor":4.0,"turns":4.0},{"damage":16.0,"enemies":"Gensokyo:2_Kodama","floor":6.0,"turns":4.0},{"damage":18,"enemies":"Gensokyo:Aya","floor":9,"turns":5}],"seed_played":"5978930936632433051","potions_obtained":[{"floor":2.0,"key":"Energy Potion"},{"floor":6.0,"key":"Ancient Potion"}],"is_trial":false,"path_per_floor":["R","M","?","M","COS","M","T","R","E"],"character_chosen":"THE_CHAMP","items_purchased":[],"campfire_rested":0,"item_purchase_floors":[],"current_hp_per_floor":[90,90,90,89,89,83,83,93,75,75,75],"gold":21,"neow_bonus":"ONE_RANDOM_RARE_CARD","is_daily":false,"chose_seed":false,"campfire_upgraded":2,"win_rate":0.0,"timestamp":1611732983,"path_taken":["R","M","?","M","COS","M","T","R","E"],"items_purchased_type":[],"build_version":"2020-12-22","purchased_purges":0,"victory":false,"max_hp_per_floor":[90,90,90,90,90,90,90,100,100,100,100],"relic_stats":{"counters":[4,19],"obtain_stats":[{"downfall:HeartBlessingBlue":8,"champ:ChampionCrown":0,"LetterFromLob":2},{"downfall:HeartBlessingBlue":3,"champ:ChampionCrown":0,"LetterFromLob":1},{"downfall:HeartBlessingBlue":14,"champ:ChampionCrown":0,"LetterFromLob":6}]},"card_choices":[{"not_picked":["champ:BladeFlurry","champ:Lariat","champ:FanOfKnives"],"picked":"SKIP","floor":2.0},{"not_picked":["champ:Duel","champ:PerfectedStrike"],"picked":"champ:CalledShot","floor":4.0},{"not_picked":["champ:PerfectedStrike+1","champ:Parry+1"],"picked":"champ:EnGarde+1","floor":6.0},{"not_picked":["champ:Haymaker","champ:FlashCut","champ:BringItOn"],"picked":"SKIP","floor":6.0}],"player_experience":670554,"relics_obtained":[{"floor":2.0,"key":"LetterFromLob"}],"event_choices":[],"is_beta":false,"boss_relics":[],"items_purged_floors":[],"is_endless":false,"potions_floor_spawned":[2,6],"killed_by":"Gensokyo:Aya","ascension_level":0}}