{"host":"15dd7v8o90xso62x","time":1611722521,"event":{"mods":["BaseMod","Minty Spire (QoL Compilation)","Quick Restart","StSLib","SuperFastMode"],"gold_per_floor":[112,71,87,3,3,3,37,56,83,83,118,138,156,81,81,155,155,155,14,14,14,14,14,14,14,14,14,14,14,14,14,14,14,14,14,14,14,14,14,14,14,14,14,14,14,14,14],"floor_reached":46,"language":"KOR","playtime":1589,"items_purged":["Strike_G","Strike_G"],"score":1036,"play_id":"f6184d54-ab1e-478d-a525-679cbd0fb672","local_time":"20210127134201","is_ascension_mode":true,"campfire_choices":[{"data":"Neutralize","floor":6.0,"key":"SMITH"},{"data":"Dash","floor":10.0,"key":"SMITH"},{"data":"Acrobatics","floor":15.0,"key":"SMITH"},{"floor":24.0,"key":"REST"},{"floor":27.0,"key":"REST"},{"data":"Wraith Form v2","floor":32.0,"key":"SMITH"},{"data":"Bouncing Flask","floor":40,"key":"SMITH"}],"circlet_count":0,"master_deck":["AscendersBane","Strike_G","Strike_G","Defend_G","Defend_G","Defend_G","Defend_G+1","Survivor","Neutralize+1","Heel Hook","Backstab","Bouncing Flask+1","Tactician+1","Eviscerate","Dash+1","Noxious Fumes+1","Acrobatics+1","Venomology","Deadly Poison+1","Footwork","Wraith Form v2+1","Malaise","CurseOfTheBell","Backflip+1","PiercingWail","Blur","Flash of Steel","Catalyst"],"relics":["Ring of the Snake","NeowsBlessing","War Paint","Centennial Puzzle","Blood Vial","Ectoplasm","Old Coin","Bag of Marbles","Shuriken","Calling Bell","Anchor","Frozen Egg 2","The Specimen","Regal Pillow","Calipers"],"acts_visited":["Exordium","TheCity","TheBeyond"],"potions_floor_usage":[39,45,45,46],"damage_taken":[{"damage":0.0,"enemies":"Cultist","floor":1.0,"turns":1.0},{"damage":0.0,"enemies":"2 Louse","floor":3.0,"turns":1.0},{"damage":0.0,"enemies":"Lagavulin","floor":7.0,"turns":1.0},{"damage":4.0,"enemies":"Jaw Worm","floor":8.0,"turns":2.0},{"damage":0.0,"enemies":"Gremlin Nob","floor":11.0,"turns":3.0},{"damage":3.0,"enemies":"Exordium Wildlife","floor":12.0,"turns":3.0},{"damage":3.0,"enemies":"Looter","floor":13.0,"turns":2.0},{"damage":4.0,"enemies":"Slime Boss","floor":16.0,"turns":6.0},{"damage":10.0,"enemies":"Spheric Guardian","floor":18.0,"turns":4.0},{"damage":28.0,"enemies":"3 Byrds","floor":22.0,"turns":6.0},{"damage":16.0,"enemies":"Gremlin Leader","floor":23.0,"turns":8.0},{"damage":19.0,"enemies":"Book of Stabbing","floor":25.0,"turns":4.0},{"damage":6.0,"enemies":"Snake Plant","floor":28.0,"turns":3.0},{"damage":1.0,"enemies":"Centurion and Healer","floor":30.0,"turns":6.0},{"damage":8.0,"enemies":"Sentry and Sphere","floor":31.0,"turns":3.0},{"damage":21.0,"enemies":"Collector","floor":33.0,"turns":9.0},{"damage":10.0,"enemies":"Orb Walker","floor":35.0,"turns":4.0},{"damage":0,"enemies":"3 Shapes","floor":37,"turns":4},{"damage":5,"enemies":"Sphere and 2 Shapes","floor":39,"turns":5},{"damage":1,"enemies":"Mind Bloom Boss Battle","floor":44,"turns":7},{"damage":27,"enemies":"Jaw Worm Horde","floor":45,"turns":4},{"damage":23,"enemies":"3 Darklings","floor":46,"turns":2}],"seed_played":"3711182869756268986","potions_obtained":[{"floor":1.0,"key":"Poison Potion"},{"floor":8.0,"key":"LiquidMemories"},{"floor":12.0,"key":"Poison Potion"},{"floor":22.0,"key":"DuplicationPotion"},{"floor":25.0,"key":"BlessingOfTheForge"},{"floor":31.0,"key":"Weak Potion"},{"floor":35.0,"key":"DistilledChaos"}],"is_trial":false,"path_per_floor":["M","$","M","$","?","R","E","M","T","R","E","M","M","$","R","B",null,"M","$","?","?","M","E","R","E","T","R","M","?","M","M","R","B",null,"M","?","M","?","M","R","$","?","T","?","M","M"],"character_chosen":"THE_SILENT","items_purchased":["Backstab","Tactician","Footwork"],"campfire_rested":2,"item_purchase_floors":[2,4,19],"current_hp_per_floor":[59,59,59,59,59,59,59,55,55,55,55,54,53,53,53,51,62,54,54,54,54,28,14,33,16,16,35,31,13,29,23,23,4,54,46,46,48,48,45,45,45,35,35,36,11,0,0],"gold":14,"neow_bonus":"THREE_ENEMY_KILL","is_daily":false,"chose_seed":false,"campfire_upgraded":5,"win_rate":0.0,"timestamp":1611722521,"path_taken":["M","$","M","?","?","R","E","M","T","R","E","M","M","$","R","BOSS","M","$","?","?","M","E","R","E","T","R","M","?","M","M","R","BOSS","M","?","M","?","?","R","?","?","T","?","?","M"],"items_purchased_type":["Card","Card","Card"],"build_version":"2020-12-22","purchased_purges":2,"victory":false,"max_hp_per_floor":[66,66,66,66,66,66,66,66,66,66,66,66,66,66,66,66,66,66,66,66,66,66,66,66,66,66,66,66,71,71,71,71,71,71,71,71,71,71,71,71,71,71,71,71,71,71,71],"card_choices":[{"not_picked":["All Out Attack","Blur"],"picked":"Heel Hook","floor":1.0},{"not_picked":["PiercingWail","Poisoned Stab"],"picked":"Bouncing Flask","floor":3.0},{"not_picked":["Blade Dance","Well Laid Plans"],"picked":"Dash","floor":7.0},{"not_picked":["Dodge and Roll","Cloak And Dagger"],"picked":"Noxious Fumes","floor":8.0},{"not_picked":["Dodge and Roll","Dagger Spray","Riddle With Holes"],"picked":"SKIP","floor":11.0},{"not_picked":["Expertise","Blade Dance"],"picked":"Acrobatics","floor":12.0},{"not_picked":["Outmaneuver","Cloak And Dagger","All Out Attack"],"picked":"SKIP","floor":13.0},{"not_picked":["Bullet Time","Malaise"],"picked":"Venomology","floor":16.0},{"not_picked":["Cloak And Dagger","Flechettes"],"picked":"Deadly Poison+1","floor":18.0},{"not_picked":["Eviscerate+1","Setup","Blade Dance"],"picked":"SKIP","floor":22.0},{"not_picked":["Accuracy","Deadly Poison","All Out Attack"],"picked":"SKIP","floor":23.0},{"not_picked":["Tactician","Accuracy","Setup"],"picked":"SKIP","floor":25.0},{"not_picked":["Setup+1","Riddle With Holes+1","Caltrops+1"],"picked":"SKIP","floor":28.0},{"not_picked":["Skewer+1","Sucker Punch","Predator+1"],"picked":"SKIP","floor":30.0},{"not_picked":["Backflip","Masterful Stab"],"picked":"Wraith Form v2","floor":31.0},{"not_picked":["Storm of Steel","Doppelganger"],"picked":"Malaise","floor":33.0},{"not_picked":["Dagger Throw","Calculated Gamble"],"picked":"Backflip+1","floor":35.0},{"not_picked":["Finisher","Outmaneuver"],"picked":"PiercingWail","floor":37},{"not_picked":["Choke+1","Flechettes"],"picked":"Blur","floor":39},{"not_picked":["Impatience","Discovery"],"picked":"Flash of Steel","floor":42},{"not_picked":["Dagger Spray","Heel Hook"],"picked":"Catalyst","floor":44},{"not_picked":["Dagger Throw","Quick Slash","Cloak And Dagger"],"picked":"SKIP","floor":45}],"player_experience":893515,"relics_obtained":[{"floor":7.0,"key":"War Paint"},{"floor":9.0,"key":"Centennial Puzzle"},{"floor":11.0,"key":"Blood Vial"},{"floor":23.0,"key":"Old Coin"},{"floor":25.0,"key":"Bag of Marbles"},{"floor":26.0,"key":"Shuriken"},{"floor":34.0,"key":"Anchor"},{"floor":34.0,"key":"Frozen Egg 2"},{"floor":34.0,"key":"The Specimen"},{"floor":43,"key":"Regal Pillow"},{"floor":44,"key":"Calipers"}],"event_choices":[{"damage_healed":0.0,"max_hp_gain":0.0,"max_hp_loss":0.0,"gold_gain":0.0,"cards_transformed":["Defend_G"],"event_name":"Living Wall","player_choice":"Change","floor":5.0,"gold_loss":0.0,"damage_taken":0.0,"cards_obtained":["Eviscerate"]},{"cards_removed":["Strike_G"],"damage_healed":0.0,"max_hp_gain":0.0,"max_hp_loss":0.0,"gold_gain":0.0,"event_name":"Back to Basics","player_choice":"Elegance","floor":21.0,"gold_loss":0.0,"damage_taken":0.0},{"damage_healed":0.0,"max_hp_gain":5.0,"max_hp_loss":0.0,"gold_gain":0.0,"event_name":"Forgotten Altar","player_choice":"Shed Blood","floor":29.0,"gold_loss":0.0,"damage_taken":23.0},{"damage_healed":0,"gold_gain":0,"player_choice":"Ignored","damage_taken":0,"max_hp_gain":0,"max_hp_loss":0,"event_name":"Mysterious Sphere","floor":36,"gold_loss":0},{"damage_healed":0,"gold_gain":0,"player_choice":"Forge","damage_taken":0,"max_hp_gain":0,"max_hp_loss":0,"event_name":"Accursed Blacksmith","floor":38,"gold_loss":0,"cards_upgraded":["Noxious Fumes"]},{"damage_healed":0,"gold_gain":0,"player_choice":"Memory 3","damage_taken":10,"max_hp_gain":0,"max_hp_loss":0,"event_name":"SensoryStone","floor":42,"gold_loss":0},{"damage_healed":0,"gold_gain":0,"player_choice":"Fight","damage_taken":0,"max_hp_gain":0,"max_hp_loss":0,"event_name":"MindBloom","floor":44,"gold_loss":0}],"is_beta":false,"boss_relics":[{"not_picked":["Cursed Key","SlaversCollar"],"picked":"Ectoplasm"},{"not_picked":["WristBlade","Runic Pyramid"],"picked":"Calling Bell"}],"items_purged_floors":[14,19],"is_endless":false,"potions_floor_spawned":[1,8,12,13,22,25,31,35,37,44],"killed_by":"3 Darklings","ascension_level":20}}