{"host":"9viy3memdfgcf4vy","time":1611762162,"event":{"mods":["BaseMod","Colored Map","Downfall","Minty Spire (QoL Compilation)","StSLib"],"gold_per_floor":[99,111,126,226,10,41,68,68,95,115,15,0,0,31,42,42,42,42],"floor_reached":16,"language":"ENG","playtime":1083,"items_purged":[],"score":183,"play_id":"c6c51ffa-89e9-402c-a823-28cd11f01daf","local_time":"20210127174242","is_ascension_mode":true,"campfire_choices":[{"data":"Slimebound:Split","floor":1,"key":"SMITH"},{"data":"Slimebound:SlimeSlap","floor":8,"key":"SMITH"},{"floor":11,"key":"REST"}],"circlet_count":0,"master_deck":["AscendersBane","Slimebound:Strike_Slimebound","Slimebound:Strike_Slimebound","Slimebound:Strike_Slimebound","Slimebound:Tackle","Slimebound:Defend_Slimebound","Slimebound:Defend_Slimebound","Slimebound:Defend_Slimebound","Slimebound:Defend_Slimebound","Slimebound:Split+1","Slimebound:CorrosiveSpit","Slimebound:SlimeSlap+1","Slimebound:SplitBruiser","Slimebound:SplitMire","Slimebound:LivingWall","Slimebound:HauntingLick","Slimebound:SlimeSpikes","Slimebound:MassFeed","Slimebound:SplitLeeching","Slimebound:SelfFormingGoo","Slimebound:SplitLeeching"],"relics":["Slimebound:AbsorbEndCombat","Slimebound:AggressiveSlimeRelic","Incense Burner","Ornamental Fan","downfall:HeartBlessingBlue","Regal Pillow"],"acts_visited":["Exordium"],"potions_floor_usage":[9,16,16],"damage_taken":[{"damage":13,"enemies":"Jaw Worm","floor":2,"turns":4},{"damage":1,"enemies":"Cultist","floor":3,"turns":3},{"damage":10,"enemies":"downfall:FleeingMerchant","floor":5,"turns":4},{"damage":25,"enemies":"Lagavulin","floor":6,"turns":5},{"damage":19,"enemies":"3 Sentries","floor":9,"turns":7},{"damage":7,"enemies":"2 Louse","floor":10,"turns":2},{"damage":6,"enemies":"downfall:FleeingMerchant","floor":12,"turns":4},{"damage":3,"enemies":"downfall:FleeingMerchant","floor":13,"turns":4},{"damage":59,"enemies":"Gremlin Nob","floor":14,"turns":5},{"damage":0,"enemies":"Exordium Wildlife","floor":15,"turns":5},{"damage":31,"enemies":"WA_ARCHETYPE_RETAIN","floor":16,"turns":6}],"seed_played":"-3364561169557320180","potions_obtained":[{"floor":6,"key":"EssenceOfSteel"},{"floor":10,"key":"Strength Potion"},{"floor":14,"key":"hexamod:SoulburnPotion"}],"is_trial":false,"path_per_floor":["R","M","M","?","$","E","T","R","E","M","R","$","$","E","M","B"],"character_chosen":"SLIMEBOUND","items_purchased":["Slimebound:AggressiveSlimeRelic","Slimebound:HauntingLick"],"campfire_rested":1,"item_purchase_floors":[5,5],"current_hp_per_floor":[59,52,55,55,53,36,36,36,23,19,52,54,57,4,6,0,0,0],"gold":42,"neow_bonus":"ONE_RANDOM_RARE_CARD","is_daily":false,"chose_seed":false,"campfire_upgraded":2,"win_rate":0.0,"timestamp":1611762162,"path_taken":["R","M","M","?","$","E","T","R","E","M","R","?","$","E","M","BOSS"],"items_purchased_type":["Relic","Card"],"build_version":"2020-12-22","purchased_purges":0,"victory":false,"max_hp_per_floor":[65,65,65,65,65,65,65,65,65,68,78,78,78,78,78,78,78,78],"card_choices":[{"not_picked":["Slimebound:GoopTackle","Slimebound:PressTheAttack"],"picked":"Slimebound:SplitBruiser","floor":2},{"not_picked":["Slimebound:SplitBruiser","Slimebound:LivingWall"],"picked":"Slimebound:SplitMire","floor":3},{"not_picked":["Slimebound:AcidTongue","Slimebound:ComboTackle"],"picked":"Slimebound:LivingWall","floor":5},{"not_picked":["Slimebound:PrepareCrush","Slimebound:SplitLeeching"],"picked":"Slimebound:SlimeSpikes","floor":6},{"not_picked":["Slimebound:HungryTackle","Slimebound:ProtectTheBoss"],"picked":"Slimebound:MassFeed","floor":9},{"not_picked":["Slimebound:FinishingTackle","Slimebound:SplitBruiser"],"picked":"Slimebound:SplitLeeching","floor":10},{"not_picked":["Slimebound:Replication","Slimebound:HauntingLick"],"picked":"Slimebound:SelfFormingGoo","floor":12},{"not_picked":["Slimebound:OneTwoCombo","Slimebound:Chomp"],"picked":"Slimebound:SplitLeeching","floor":13},{"not_picked":["Slimebound:RejuvenatingLick","Slimebound:AcidTongue","Slimebound:BestDefense"],"picked":"SKIP","floor":14},{"not_picked":["Slimebound:SplitAcid","Slimebound:LeechingTouch","Slimebound:Grow"],"picked":"SKIP","floor":15}],"player_experience":405181,"relics_obtained":[{"floor":6,"key":"Incense Burner"},{"floor":9,"key":"Ornamental Fan"},{"floor":14,"key":"Regal Pillow"}],"event_choices":[],"is_beta":false,"boss_relics":[],"items_purged_floors":[],"is_endless":false,"potions_floor_spawned":[6,10,14],"killed_by":"WA_ARCHETYPE_RETAIN","ascension_level":11}}