{"host":"\u003c无名\u003e","time":1611742657,"event":{"mods":["BaseMod","Downfall","Lobotomy","Minty Spire (QoL Compilation)","Quick Restart","Remilia（蕾米莉亚）","Replay The Spire","Robot Space Explorer","StSLib","The Bug Knight"],"gold_per_floor":[117,148,98,173,193,193,220,220],"floor_reached":7,"language":"ZHS","playtime":455,"items_purged":[],"score":84,"play_id":"e159f77b-ec8a-4ebe-bf99-474d10656a60","local_time":"20210127181737","is_ascension_mode":true,"campfire_choices":[{"data":"DemonKingCradle","floor":6,"key":"SMITH"}],"circlet_count":0,"master_deck":["Strike_RM","Strike_RM","Strike_RM","Defend_RM","Defend_RM","Defend_RM","Defend_RM","RedMoon","ScarletShoot","FavorOfDestiny","UniverseFragment","DemonKingCradle+1","Wellcheers","BombardNight","Bloodbath","ScarletNetherworld","CrumblingArmor"],"relics":["ScarletHat","CogitoBucket"],"acts_visited":["Exordium"],"potions_floor_usage":[7],"damage_taken":[{"damage":0,"enemies":"Small Slimes","floor":1,"turns":4},{"damage":0,"enemies":"2 Louse","floor":2,"turns":5},{"damage":9,"enemies":"Jaw Worm","floor":5,"turns":5},{"damage":0,"enemies":"Gremlin Nob","floor":7,"turns":4}],"seed_played":"-3398239943939666247","potions_obtained":[{"floor":2,"key":"champ:CounterPotion"},{"floor":5,"key":"AttackPotion"},{"floor":7,"key":"Flashbang"}],"is_trial":false,"path_per_floor":["M","M","?","?","M","R","E"],"character_chosen":"REMILIA","items_purchased":[],"campfire_rested":0,"item_purchase_floors":[],"current_hp_per_floor":[75,75,75,64,55,55,58,58],"gold":220,"neow_bonus":"","is_daily":false,"chose_seed":false,"campfire_upgraded":1,"win_rate":0.0,"timestamp":1611742657,"path_taken":["M","M","?","?","M","R","E"],"items_purchased_type":[],"build_version":"2020-12-18","purchased_purges":0,"victory":false,"max_hp_per_floor":[75,75,75,75,75,75,75,75],"card_choices":[{"not_picked":["RedMagic","CharismaGuard"],"picked":"FavorOfDestiny","floor":1},{"not_picked":["CrumblingArmor","OSAHOGD"],"picked":"UniverseFragment","floor":1},{"not_picked":["UnderTheZenith","DiffusionOfMisfortune"],"picked":"DemonKingCradle","floor":2},{"not_picked":["WallGazer","HappyTeddy"],"picked":"Wellcheers","floor":2},{"not_picked":["BloodHunter","ScarletImprint"],"picked":"BombardNight","floor":5},{"not_picked":["WallGazer","MeatLantern"],"picked":"Bloodbath","floor":5},{"not_picked":["BlasphemousPunishment","DiffusionOfMisfortune"],"picked":"ScarletNetherworld","floor":7},{"not_picked":["Murderer","OSAHOGD"],"picked":"CrumblingArmor","floor":7}],"player_experience":577804,"relics_obtained":[],"event_choices":[{"cards_removed":["Strike_RM"],"damage_healed":0,"gold_gain":0,"player_choice":"Card Removal","damage_taken":0,"max_hp_gain":0,"max_hp_loss":0,"event_name":"The Cleric","floor":3,"gold_loss":50},{"damage_healed":0,"gold_gain":75,"player_choice":"Gather Gold","damage_taken":11,"max_hp_gain":0,"max_hp_loss":0,"event_name":"World of Goop","floor":4,"gold_loss":0}],"is_beta":true,"boss_relics":[],"items_purged_floors":[],"is_endless":false,"potions_floor_spawned":[2],"killed_by":"Gremlin Nob","ascension_level":2}}