{"host":"w2kjv12xyhtt0cv2","time":1611768037,"event":{"mods":["Act Like it!","BaseMod","Colored Map","Friendly Minions","Gensokyo","GifTheSpireLib","Highlight Path","Hubris","Kiyohime（清姬）","Marisa（F雨　魔理沙）","Minty Spire (QoL Compilation)","Quick Restart","Reimu（博丽灵梦）","Relic Stats","Replay The Spire","RumiaBox-露米娅的神秘盒子","Shop Mod","Spicy Shops","StSLib","The Cursed","The Servant 0.9.4","UnlockEverythingMod","Waifu the Spire","[功能]功能增强和修复MOD","vexMod","【功能Mod】Neow奖励","【遗物卡牌】REMEMod","没有小屋子和绿帽子啦"],"gold_per_floor":[115,115,115,129,160,187,187,212,212,212,212],"floor_reached":10,"language":"ZHS","playtime":527,"items_purged":[],"score":107,"play_id":"cba7ae0c-024b-4089-8689-28406b8dbc20","local_time":"20210128012037","is_ascension_mode":true,"campfire_choices":[{"data":"DevaForm","floor":7,"key":"SMITH"}],"circlet_count":0,"master_deck":["TheCursedMod:Strike_TheCursed","TheCursedMod:Strike_TheCursed","TheCursedMod:Strike_TheCursed","TheCursedMod:Strike_TheCursed","TheCursedMod:Defend_TheCursed","TheCursedMod:Defend_TheCursed+1","TheCursedMod:Defend_TheCursed","TheCursedMod:Defend_TheCursed","TheCursedMod:CursedWand","TheCursedMod:CleanUpWorkshop+1","TheCursedMod:Dregs","DevaForm+1","TheCursedMod:SaltUponWound","TheCursedMod:SaltUponWound","TheCursedMod:CursedSpellbook"],"relics":["REME_ComplimentaryCards","hubris:GrandSneckoEye","FaceOfCleric","Replay:Kaleidoscope","Ancient Tea Set","Pen Nib","GodSword5"],"acts_visited":["Exordium"],"potions_floor_usage":[],"damage_taken":[{"damage":12.0,"enemies":"Jaw Worm","floor":1.0,"turns":3.0},{"damage":0.0,"enemies":"Cultist","floor":4.0,"turns":3.0},{"damage":7,"enemies":"3 Sentries","floor":6,"turns":7},{"damage":17,"enemies":"Lagavulin","floor":8,"turns":5},{"damage":34,"enemies":"Gremlin Nob","floor":10,"turns":3}],"seed_played":"-1095348869405454737","potions_obtained":[{"floor":1.0,"key":"Milkshake"}],"is_trial":false,"path_per_floor":["M","?","?","M","?","E","R","E","T","E"],"character_chosen":"THE_CURSED","items_purchased":[],"campfire_rested":0,"item_purchase_floors":[],"current_hp_per_floor":[56,41,41,42,42,36,36,20,20,0,0],"gold":212,"neow_bonus":"BOSS_RELIC","is_daily":false,"chose_seed":false,"campfire_upgraded":1,"win_rate":0.0,"timestamp":1611768037,"path_taken":["M","?","?","?","?","E","R","E","T","E"],"items_purchased_type":[],"build_version":"2020-12-22","purchased_purges":0,"victory":false,"max_hp_per_floor":[75,75,75,76,76,77,77,78,78,78,78],"relic_stats":{"FaceOfCleric":3,"counters":[5,21],"Pen Nib":[0],"obtain_stats":[{"TheCursedMod:BlackMagic101":0,"FaceOfCleric":3,"Pen Nib":8,"hubris:GrandSneckoEye":0,"Replay:Kaleidoscope":5,"GodSword5":9,"Ancient Tea Set":6,"REME_ComplimentaryCards":0},{"TheCursedMod:BlackMagic101":0,"FaceOfCleric":1,"Pen Nib":4,"hubris:GrandSneckoEye":0,"Replay:Kaleidoscope":2,"GodSword5":4,"Ancient Tea Set":3,"REME_ComplimentaryCards":0},{"TheCursedMod:BlackMagic101":0,"FaceOfCleric":3,"Pen Nib":18,"hubris:GrandSneckoEye":0,"Replay:Kaleidoscope":6,"GodSword5":18,"Ancient Tea Set":13,"REME_ComplimentaryCards":0}]},"card_choices":[{"not_picked":["TheCursedMod:Mangle","TheCursedMod:WearCloak","TheCursedMod:CursedBlade"],"picked":"SKIP","floor":1.0},{"not_picked":["TheCursedMod:CircleOfFlame","TheCursedMod:SurpriseAttack"],"picked":"TheCursedMod:SaltUponWound","floor":4.0},{"not_picked":["TheCursedMod:AbyssShockwave","TheCursedMod:SmokeScreen"],"picked":"TheCursedMod:SaltUponWound","floor":5.0},{"not_picked":["TheCursedMod:SurpriseAttack","TheCursedMod:PrepareRite"],"picked":"TheCursedMod:CursedSpellbook","floor":6},{"not_picked":["TheCursedMod:Stigma","TheCursedMod:PrepareRite","TheCursedMod:FleshFromBone"],"picked":"SKIP","floor":8},{"not_picked":["TheCursedMod:Stigma","TheCursedMod:PrepareRite","TheCursedMod:FleshFromBone"],"picked":"SKIP","floor":8}],"player_experience":225365,"relics_obtained":[{"floor":5.0,"key":"Replay:Kaleidoscope"},{"floor":6,"key":"Ancient Tea Set"},{"floor":8,"key":"Pen Nib"},{"floor":9,"key":"GodSword5"}],"event_choices":[{"damage_healed":0.0,"max_hp_gain":0.0,"max_hp_loss":0.0,"gold_gain":0.0,"event_name":"Shining Light","player_choice":"Entered Light","floor":2.0,"gold_loss":0.0,"damage_taken":15.0,"cards_upgraded":["TheCursedMod:Defend_TheCursed","TheCursedMod:CleanUpWorkshop"]},{"damage_healed":0.0,"max_hp_gain":0.0,"max_hp_loss":0.0,"gold_gain":0.0,"event_name":"FaceTrader","player_choice":"Trade","floor":3.0,"gold_loss":0.0,"damage_taken":0.0,"relics_obtained":["FaceOfCleric"]}],"is_beta":false,"boss_relics":[],"items_purged_floors":[],"is_endless":false,"potions_floor_spawned":[1],"killed_by":"Gremlin Nob","ascension_level":9}}