{"host":"vv4pm74vrxtrj1uw","time":1611758386,"event":{"mods":["Act Like it!","BaseMod","Minty Spire (QoL Compilation)","Rare Cards Sparkle","Spicy Shops","StSLib"],"gold_per_floor":[117,117,117,135,148,148,182,182,182,202,237,254,289,24,24,121,121,132,132,151,151,151],"floor_reached":21,"language":"ZHS","playtime":1132,"items_purged":[],"score":249,"play_id":"bfd1d962-da52-4bfc-9cf7-c219c9e6711b","local_time":"20210127223946","is_ascension_mode":true,"campfire_choices":[{"data":"Neutralize","floor":6,"key":"SMITH"},{"data":"Underhanded Strike","floor":8,"key":"SMITH"},{"data":"Crippling Poison","floor":15,"key":"SMITH"}],"circlet_count":0,"master_deck":["Strike_G","Strike_G","Strike_G","Strike_G","Defend_G","Defend_G","Defend_G","Defend_G","Defend_G","Survivor","Neutralize+1","Underhanded Strike+1","Blade Dance","Flying Knee","Adrenaline","Escape Plan","Unload","Flechettes","Crippling Poison+1","Predator","Storm of Steel","Blade Dance+1","Dodge and Roll"],"relics":["Ring of the Snake","NeowsBlessing","Orichalcum","Pantograph","Regal Pillow","Ornamental Fan","Chemical X","Medical Kit","Black Star"],"acts_visited":["Exordium","TheCity"],"potions_floor_usage":[11,16],"damage_taken":[{"damage":0,"enemies":"Jaw Worm","floor":1,"turns":1},{"damage":0,"enemies":"Cultist","floor":4,"turns":1},{"damage":0,"enemies":"2 Louse","floor":5,"turns":1},{"damage":29,"enemies":"Gremlin Nob","floor":7,"turns":5},{"damage":4,"enemies":"Gremlin Gang","floor":10,"turns":3},{"damage":4,"enemies":"3 Sentries","floor":11,"turns":9},{"damage":0,"enemies":"Exordium Wildlife","floor":12,"turns":3},{"damage":1,"enemies":"Gremlin Nob","floor":13,"turns":3},{"damage":49,"enemies":"Slime Boss","floor":16,"turns":13},{"damage":23,"enemies":"Chosen","floor":18,"turns":5},{"damage":16,"enemies":"2 Thieves","floor":20,"turns":4},{"damage":24,"enemies":"Snake Plant","floor":21,"turns":4}],"seed_played":"6553989008507384986","potions_obtained":[{"floor":4,"key":"SneckoOil"},{"floor":5,"key":"Regen Potion"},{"floor":7,"key":"Weak Potion"},{"floor":11,"key":"Explosive Potion"},{"floor":16,"key":"SkillPotion"},{"floor":18,"key":"BlessingOfTheForge"}],"is_trial":false,"path_per_floor":["M","?","$","M","M","R","E","R","T","M","E","M","E","$","R","B",null,"M","?","M","M"],"character_chosen":"THE_SILENT","items_purchased":["Chemical X","Medical Kit","Predator"],"campfire_rested":0,"item_purchase_floors":[14,14,14],"current_hp_per_floor":[70,70,70,70,70,70,41,41,41,37,48,48,47,47,47,21,58,35,35,19,0,0],"gold":151,"neow_bonus":"THREE_ENEMY_KILL","is_daily":false,"chose_seed":false,"campfire_upgraded":3,"win_rate":0.0,"timestamp":1611758386,"path_taken":["M","?","?","M","?","R","E","R","T","M","E","M","E","$","R","BOSS","M","?","M","?"],"items_purchased_type":["Relic","Relic","Card"],"build_version":"2020-12-22","purchased_purges":0,"victory":false,"max_hp_per_floor":[70,70,70,70,70,70,70,70,70,70,70,70,70,70,70,70,70,70,70,70,70,70],"card_choices":[{"not_picked":["Deadly Poison","Dodge and Roll"],"picked":"Underhanded Strike","floor":1},{"not_picked":["Concentrate","Deflect"],"picked":"Blade Dance","floor":4},{"not_picked":["Underhanded Strike","Slice"],"picked":"Flying Knee","floor":5},{"not_picked":["Blade Dance","Well Laid Plans"],"picked":"Adrenaline","floor":7},{"not_picked":["Quick Slash","Blade Dance"],"picked":"Escape Plan","floor":10},{"not_picked":["All Out Attack","Dash"],"picked":"Unload","floor":11},{"not_picked":["Acrobatics","Slice"],"picked":"Flechettes","floor":12},{"not_picked":["Deadly Poison","Dagger Throw"],"picked":"Crippling Poison","floor":13},{"not_picked":["Phantasmal Killer","Unload"],"picked":"Storm of Steel","floor":16},{"not_picked":["Flechettes","Bane"],"picked":"Blade Dance+1","floor":18},{"not_picked":["PiercingWail","Dagger Spray+1"],"picked":"Dodge and Roll","floor":20}],"player_experience":149286,"relics_obtained":[{"floor":7,"key":"Orichalcum"},{"floor":9,"key":"Pantograph"},{"floor":11,"key":"Regal Pillow"},{"floor":13,"key":"Ornamental Fan"}],"event_choices":[{"damage_healed":0,"gold_gain":0,"player_choice":"0 cards matched","damage_taken":0,"max_hp_gain":0,"max_hp_loss":0,"event_name":"Match and Keep!","floor":2,"gold_loss":0,"cards_obtained":[]},{"cards_removed":["Strike_G"],"damage_healed":0,"gold_gain":0,"player_choice":"Purged","damage_taken":0,"max_hp_gain":0,"max_hp_loss":0,"event_name":"Purifier","floor":19,"gold_loss":0}],"is_beta":false,"boss_relics":[{"not_picked":["SlaversCollar","Empty Cage"],"picked":"Black Star"}],"items_purged_floors":[],"is_endless":false,"potions_floor_spawned":[4,5,7,11,12,16,18,20],"killed_by":"Snake Plant","ascension_level":5}}