{"host":"mi0eibewekhugwl1","time":1611733127,"event":{"mods":["AchievementEnabler","BaseMod","Colored Map","Colored Powertips","DeckTracker","Keyboard Shortcuts","Minty Spire (QoL Compilation)","Quick Restart","Rare Cards Sparkle","Relic Stats","StSLib","SuperFastMode","everything is the same but u backflip on backflip"],"gold_per_floor":[112,124,124,139,149,149,149,149,175,12,30,30,44,56,56,56,56],"floor_reached":16,"language":"KOR","playtime":239,"items_purged":["Strike_P"],"score":188,"play_id":"a0a4fd2c-d5a2-412a-87a1-6c92a1378911","local_time":"20210127163847","is_ascension_mode":true,"campfire_choices":[{"data":"Eruption","floor":6,"key":"SMITH"},{"floor":8,"key":"REST"},{"data":"CrushJoints","floor":12,"key":"SMITH"},{"data":"MentalFortress","floor":15,"key":"SMITH"}],"circlet_count":0,"master_deck":["AscendersBane","Strike_P","Strike_P+1","Strike_P","Defend_P+1","Defend_P","Defend_P","Eruption+1","Vigilance","WheelKick","CrushJoints+1","Meditate","Vengeance","FearNoEvil","EmptyFist","MentalFortress+1","Tantrum"],"relics":["PureWater","Damaru","Ancient Tea Set"],"acts_visited":["Exordium"],"potions_floor_usage":[],"damage_taken":[{"damage":5,"enemies":"Small Slimes","floor":1,"turns":5},{"damage":2,"enemies":"Cultist","floor":2,"turns":3},{"damage":9,"enemies":"2 Louse","floor":4,"turns":4},{"damage":5,"enemies":"Blue Slaver","floor":5,"turns":2},{"damage":5,"enemies":"Gremlin Gang","floor":11,"turns":6},{"damage":4,"enemies":"2 Fungi Beasts","floor":13,"turns":2},{"damage":2,"enemies":"Red Slaver","floor":14,"turns":3},{"damage":29,"enemies":"The Guardian","floor":16,"turns":4}],"seed_played":"5729585493826557656","potions_obtained":[{"floor":4,"key":"Dexterity Potion"},{"floor":11,"key":"Dexterity Potion"},{"floor":13,"key":"Weak Potion"}],"is_trial":false,"path_per_floor":["M","M","?","M","M","R","?","R","T","$","M","R","M","M","R","B"],"character_chosen":"WATCHER","items_purchased":["FearNoEvil"],"campfire_rested":1,"item_purchase_floors":[10],"current_hp_per_floor":[56,54,34,25,20,20,20,40,40,40,35,35,31,29,29,0,0],"gold":56,"neow_bonus":"REMOVE_CARD","is_daily":false,"chose_seed":false,"campfire_upgraded":3,"win_rate":0.0,"timestamp":1611733127,"path_taken":["M","M","?","M","M","R","?","R","T","$","?","R","M","M","R","BOSS"],"items_purchased_type":["Card"],"build_version":"2020-12-22","purchased_purges":1,"victory":false,"max_hp_per_floor":[68,68,68,68,68,68,68,68,68,68,68,68,68,68,68,68,68],"relic_stats":{"counters":[8,29],"obtain_stats":[{"Damaru":7,"PureWater":0,"Ancient Tea Set":9},{"Damaru":4,"PureWater":0,"Ancient Tea Set":4},{"Damaru":14,"PureWater":0,"Ancient Tea Set":14}]},"card_choices":[{"not_picked":["Evaluate","Protect"],"picked":"WheelKick","floor":1},{"not_picked":["Swivel","WreathOfFlame","CrushJoints"],"picked":"SKIP","floor":2},{"not_picked":["Swivel","WreathOfFlame"],"picked":"CrushJoints","floor":2},{"not_picked":["FlurryOfBlows","WheelKick"],"picked":"Meditate","floor":4},{"not_picked":["SandsOfTime","Weave"],"picked":"Vengeance","floor":5},{"not_picked":["ThirdEye","BowlingBash"],"picked":"EmptyFist","floor":11},{"not_picked":["DeceiveReality","PathToVictory"],"picked":"MentalFortress","floor":13},{"not_picked":["Evaluate","Crescendo"],"picked":"Tantrum","floor":14}],"player_experience":1769875,"relics_obtained":[{"floor":9,"key":"Ancient Tea Set"}],"event_choices":[{"damage_healed":0,"gold_gain":0,"player_choice":"Entered Light","damage_taken":20,"max_hp_gain":0,"max_hp_loss":0,"event_name":"Shining Light","floor":3,"gold_loss":0,"cards_upgraded":["Strike_P","Defend_P"]},{"damage_healed":0,"gold_gain":0,"player_choice":"Gave Potion","damage_taken":0,"relics_obtained":["Damaru"],"max_hp_gain":0,"max_hp_loss":0,"event_name":"WeMeetAgain","floor":7,"gold_loss":0}],"is_beta":false,"boss_relics":[],"items_purged_floors":[10],"is_endless":false,"potions_floor_spawned":[4,11,13,14],"killed_by":"The Guardian","ascension_level":20}}