{"host":"1gh1pdv85cipbjj7","time":1611766691,"event":{"mods":["BaseMod","Colored Map","Downfall","GifTheSpireLib","Infinite Spire","Minty Spire (QoL Compilation)","Permanent Neow","Replay The Spire","StSLib","The Jungle"],"gold_per_floor":[99,109,109,15,15,27,27,44,29,29,47,47,58,69,80,180,180,180,191,12,24,24,124,124,134,154,154,154,154,154],"floor_reached":28,"language":"ENG","playtime":5084,"items_purged":[],"score":212,"play_id":"a2e98110-5d58-4623-902b-7a89804bd2c7","local_time":"20210127105810","is_ascension_mode":false,"campfire_choices":[{"data":"hexamod:Float","floor":1,"key":"SMITH"},{"data":"hexamod:GhostOfSpirePast","floor":10,"key":"SMITH"},{"floor":12,"key":"REST"},{"data":"hexamod:GhostOfSpirePresent","floor":18,"key":"SMITH"}],"circlet_count":0,"master_deck":["hexamod:Strike+1","hexamod:Strike","hexamod:Strike+1","hexamod:Defend","hexamod:Defend","hexamod:Defend+1","hexamod:Sear+1","hexamod:Float+1","hexamod:SwordOfDarkness","hexamod:FastForward+1","hexamod:PhantomFireball","hexamod:InspiringFlames","hexamod:GhostOfSpirePast+1","hexamod:SixthSeal","hexamod:Firestarter+1","hexamod:ThirdSeal","hexamod:CatchUp+1","hexamod:HeatCrush","hexamod:BurningTouch","hexamod:WildfireWeapon+1","hexamod:GhostOfSpirePresent+1","hexamod:AdvancingGuard+1","hexamod:Incineration+1","hexamod:FirstSeal","Panacea","hexamod:GhostShield+1","hexamod:Hexaguard+1","hexamod:EtherealExpedition","hexamod:GiftsFromTheDead","J.A.X.","hexamod:ExtraCrispy","hexamod:SoulSteal","infinitespire:Gouge"],"relics":["hexamod:SpiritBrand","Replay:Wax Seal","Onion Ring","Replay:Fungal Core","MutagenicStrength","ReplayTheSpireMod:Shallot","InkBottle"],"acts_visited":["Exordium","TheCity"],"potions_floor_usage":[16,16,23,25],"damage_taken":[{"damage":1,"enemies":"2 Louse","floor":2,"turns":2},{"damage":0,"enemies":"downfall:FleeingMerchant","floor":4,"turns":4},{"damage":0,"enemies":"Cultist","floor":6,"turns":4},{"damage":6,"enemies":"Jaw Worm","floor":8,"turns":2},{"damage":10,"enemies":"downfall:FleeingMerchant","floor":9,"turns":4},{"damage":20,"enemies":"Exordium Thugs","floor":11,"turns":4},{"damage":1,"enemies":"3 Louse","floor":13,"turns":3},{"damage":7,"enemies":"Blue Slaver","floor":14,"turns":3},{"damage":0,"enemies":"Large Slime","floor":15,"turns":5},{"damage":25,"enemies":"IC_STATUS_ARCHETYPE","floor":16,"turns":7},{"damage":15,"enemies":"Spheric Guardian","floor":19,"turns":4},{"damage":9,"enemies":"downfall:FleeingMerchant","floor":20,"turns":4},{"damage":17,"enemies":"3 Byrds","floor":21,"turns":6},{"damage":22,"enemies":"downfall:Augmenter","floor":23,"turns":7},{"damage":15,"enemies":"Snake Plant","floor":25,"turns":5},{"damage":9,"enemies":"Cultist and Chosen","floor":26,"turns":6},{"damage":11,"enemies":"downfall:FleeingMerchant","floor":28,"turns":2}],"seed_played":"-578788222345310345","potions_obtained":[{"floor":6,"key":"Ancient Potion"},{"floor":11,"key":"Milkshake"},{"floor":13,"key":"Cursed Concoction"},{"floor":14,"key":"champ:CounterPotion"},{"floor":21,"key":"LifebloodPotion"},{"floor":23,"key":"AttackPotion"},{"floor":25,"key":"Milkshake"}],"is_trial":false,"path_per_floor":["R_BF","M","?","$","T","M","T","M","$","R","M","R","M","M","M","B",null,"R","M","$","M","?","?","T","M","M","AVR","$"],"character_chosen":"THE_SPIRIT","items_purchased":["hexamod:PhantomFireball","hexamod:FirstSeal","Panacea"],"campfire_rested":1,"item_purchase_floors":[4,20,20],"current_hp_per_floor":[70,69,69,69,69,69,69,63,53,53,33,54,53,46,46,21,70,70,55,46,36,36,21,21,13,11,11,0,0,0],"gold":154,"neow_bonus":"THREE_CARDS","is_daily":false,"chose_seed":false,"campfire_upgraded":3,"win_rate":0.0,"timestamp":1611766690,"path_taken":["R_BF","M","?","?","?","?","T","M","$","R","M","R","M","M","M","BOSS","R","M","$","M","?","?","T","M","M","AVR","?"],"items_purchased_type":["Card","Card","Card"],"build_version":"2020-12-22","purchased_purges":0,"victory":false,"max_hp_per_floor":[70,70,70,70,70,70,70,70,70,70,70,70,70,70,70,70,70,70,70,70,70,70,70,70,70,70,70,70,70,70],"card_choices":[{"not_picked":["hexamod:GhostLash","hexamod:BacktrackSmack"],"picked":"hexamod:SwordOfDarkness","floor":0},{"not_picked":["hexamod:DynamicBlow","hexamod:BacktrackSmack"],"picked":"hexamod:HeatMetal","floor":2},{"not_picked":["hexamod:SwordOfDarkness","hexamod:Hexaguard"],"picked":"hexamod:FastForward","floor":4},{"not_picked":["hexamod:HeatCrush","hexamod:FlamesFromBeyond"],"picked":"hexamod:InspiringFlames","floor":6},{"not_picked":["hexamod:BurningTouch","hexamod:GhostLash"],"picked":"hexamod:GhostOfSpirePast","floor":8},{"not_picked":["hexamod:NightmareGuise","hexamod:GhostShield"],"picked":"hexamod:SixthSeal","floor":9},{"not_picked":["hexamod:InspiringFlames","hexamod:GhostLash"],"picked":"hexamod:Firestarter","floor":11},{"not_picked":["hexamod:BacktrackSmack","hexamod:InspiringFlames"],"picked":"hexamod:ThirdSeal","floor":13},{"not_picked":["hexamod:SpectersWail","hexamod:BacktrackSmack"],"picked":"hexamod:CatchUp","floor":14},{"not_picked":["hexamod:Haunt","hexamod:PowerFromBeyond"],"picked":"hexamod:HeatCrush","floor":15},{"not_picked":["hexamod:InspiringFlames","hexamod:SkipABeat"],"picked":"hexamod:BurningTouch","floor":15},{"not_picked":["hexamod:TurnItUp","hexamod:ForkedFlame"],"picked":"hexamod:WildfireWeapon","floor":16},{"not_picked":["hexamod:TimeOfNeed","hexamod:HexaLevel"],"picked":"hexamod:GhostOfSpirePresent","floor":16},{"not_picked":["hexamod:Haunt","hexamod:ShieldOfDarkness+1"],"picked":"hexamod:AdvancingGuard+1","floor":19},{"not_picked":["hexamod:EtherealExpedition+1","hexamod:NecessarySacrifice"],"picked":"hexamod:Incineration+1","floor":20},{"not_picked":["hexamod:SpectersWail+1","hexamod:NightmareGuise","hexamod:SpectralAdrenaline+1"],"picked":"SKIP","floor":20},{"not_picked":["hexamod:HeatMetal","hexamod:Hexaguard"],"picked":"hexamod:GhostShield+1","floor":21},{"not_picked":["hexamod:SkipABeat","hexamod:BurningTouch","hexamod:FastForward"],"picked":"SKIP","floor":21},{"not_picked":["hexamod:SkipABeat","hexamod:BurningTouch","hexamod:FastForward"],"picked":"SKIP","floor":21},{"not_picked":["hexamod:Haunt","hexamod:GhostShield"],"picked":"hexamod:Hexaguard+1","floor":23},{"not_picked":[],"picked":"J.A.X.","floor":23},{"not_picked":["hexamod:SpectralAdrenaline+1","hexamod:ThermalTransfer","hexamod:Incineration"],"picked":"SKIP","floor":25},{"not_picked":["hexamod:SpectralAdrenaline","hexamod:NightmareStrike","hexamod:FlamesFromBeyond+1"],"picked":"SKIP","floor":25},{"not_picked":["hexamod:InspiringFlames","hexamod:HeatMetal"],"picked":"hexamod:ExtraCrispy","floor":26},{"not_picked":["hexamod:FlamesFromBeyond","hexamod:Hexaguard"],"picked":"hexamod:SoulSteal","floor":26}],"player_experience":740956,"relics_obtained":[{"floor":5,"key":"Replay:Wax Seal"},{"floor":7,"key":"Onion Ring"},{"floor":23,"key":"MutagenicStrength"},{"floor":24,"key":"ReplayTheSpireMod:Shallot"}],"event_choices":[{"cards_removed":["hexamod:HeatMetal"],"damage_healed":0,"gold_gain":0,"player_choice":"Took Card","damage_taken":0,"max_hp_gain":0,"max_hp_loss":0,"event_name":"NoteForYourself","floor":3,"gold_loss":0,"cards_obtained":["Strike_R"]}],"is_beta":false,"boss_relics":[{"not_picked":["Black Star","Abe\u0027s Treasure"],"picked":"Replay:Fungal Core"}],"items_purged_floors":[],"is_endless":false,"potions_floor_spawned":[6,11,13,14,15,21,23,25],"killed_by":"downfall:FleeingMerchant","ascension_level":0}}