{"host":"5hj512uv6i1x1iks","time":1611777914,"event":{"mods":["BaseMod","Colored Powertips","Downfall","Minty Spire (QoL Compilation)","Rare Cards Sparkle","Relic Stats","Reliquary","StSLib"],"gold_per_floor":[99,119,119,136,152,252,252,252,263,281,281,81,81,91,102,102,102,102],"floor_reached":16,"language":"ENG","playtime":555,"items_purged":[],"score":119,"play_id":"bbfb13de-b0bf-4ca6-ae2c-222dcfb7c4e0","local_time":"20210127140514","is_ascension_mode":false,"campfire_choices":[{"data":"Slimebound:Split","floor":1,"key":"SMITH"},{"floor":8,"key":"RECALL"},{"data":"Slimebound:CorrosiveSpit","floor":12,"key":"SMITH"}],"circlet_count":0,"master_deck":["Slimebound:Strike_Slimebound","Slimebound:Strike_Slimebound","Slimebound:Tackle+1","Slimebound:Defend_Slimebound","Slimebound:Defend_Slimebound","Slimebound:Defend_Slimebound","Slimebound:Defend_Slimebound","Slimebound:Split+1","Slimebound:CorrosiveSpit+1","Slimebound:RollThrough+1","Slimebound:AcidTongue","Slimebound:Repurpose","Slimebound:SplitMire","Injury","Slimebound:HauntingLick","Slimebound:BestDefense"],"relics":["Slimebound:AbsorbEndCombat","downfall:HeartBlessingRed","downfall:HeartBlessingBlue"],"acts_visited":["Exordium"],"potions_floor_usage":[16],"damage_taken":[{"damage":9,"enemies":"Jaw Worm","floor":2,"turns":3},{"damage":3,"enemies":"Cultist","floor":4,"turns":3},{"damage":2,"enemies":"2 Louse","floor":5,"turns":3},{"damage":13,"enemies":"Large Slime","floor":9,"turns":6},{"damage":34,"enemies":"Exordium Thugs","floor":10,"turns":7},{"damage":20,"enemies":"Exordium Wildlife","floor":14,"turns":3},{"damage":12,"enemies":"2 Fungi Beasts","floor":15,"turns":2},{"damage":30,"enemies":"WA_ARCHETYPE_RETAIN","floor":16,"turns":4}],"seed_played":"1352982411318611657","potions_obtained":[{"floor":4,"key":"Dexterity Potion"},{"floor":5,"key":"Slimebound:SlimyTonguePotion"},{"floor":9,"key":"BlessingOfTheForge"}],"is_trial":false,"path_per_floor":["R","M","?","M","M","?","T","R","M","M","?","R","?","M","M","B"],"character_chosen":"SLIMEBOUND","items_purchased":[],"campfire_rested":0,"item_purchase_floors":[],"current_hp_per_floor":[71,66,66,65,67,67,67,67,60,32,32,42,42,28,18,0,0,0],"gold":102,"neow_bonus":"TEN_PERCENT_HP_BONUS","is_daily":false,"chose_seed":false,"campfire_upgraded":2,"win_rate":0.0,"timestamp":1611777914,"path_taken":["R","M","?","?","M","?","T","R","M","M","?","R","?","M","M","BOSS"],"items_purchased_type":[],"build_version":"2020-12-22","purchased_purges":0,"victory":false,"max_hp_per_floor":[71,71,71,71,71,71,71,71,71,71,71,81,81,81,81,81,81,81],"relic_stats":{"counters":[8,30],"obtain_stats":[{"downfall:HeartBlessingRed":12,"downfall:HeartBlessingBlue":12,"Slimebound:AbsorbEndCombat":0},{"downfall:HeartBlessingRed":5,"downfall:HeartBlessingBlue":5,"Slimebound:AbsorbEndCombat":0},{"downfall:HeartBlessingRed":22,"downfall:HeartBlessingBlue":22,"Slimebound:AbsorbEndCombat":0}]},"card_choices":[{"not_picked":["Slimebound:ComboTackle","Slimebound:GoopTackle","Slimebound:LeechingTouch"],"picked":"SKIP","floor":2},{"not_picked":["Slimebound:GoopSpray","Slimebound:SlimeBrawl"],"picked":"Slimebound:RollThrough","floor":4},{"not_picked":["Slimebound:SlimeTap","Slimebound:PressTheAttack"],"picked":"Slimebound:AcidTongue","floor":5},{"not_picked":["Slimebound:LeechLife","Slimebound:DivideAndConquer"],"picked":"Slimebound:Repurpose","floor":9},{"not_picked":["Slimebound:Recollect","Slimebound:Prepare"],"picked":"Slimebound:SplitMire","floor":10},{"not_picked":["Slimebound:SplitBruiser","Slimebound:ServeAndProtect"],"picked":"Slimebound:HauntingLick","floor":14},{"not_picked":["Slimebound:HauntingLick","Slimebound:GoopSpray"],"picked":"Slimebound:BestDefense","floor":15}],"player_experience":603149,"relics_obtained":[],"event_choices":[{"damage_healed":0,"gold_gain":0,"player_choice":"Ignored","damage_taken":0,"max_hp_gain":0,"max_hp_loss":0,"event_name":"NoteForYourself","floor":3,"gold_loss":0}],"is_beta":false,"boss_relics":[],"items_purged_floors":[],"is_endless":false,"potions_floor_spawned":[4,5,9,14],"killed_by":"WA_ARCHETYPE_RETAIN","ascension_level":0}}