{"host":"b1dzdo8uo7e6jx8g","time":1611773484,"event":{"mods":["AchievementEnabler","BaseMod","BetterRewards","Colored Map","Downfall","Highlight Path","Minty Spire (QoL Compilation)","StSLib"],"gold_per_floor":[134,134,134,174,190,190,35,35,60,87,87,123,73,92,92,243,243,283,324,324,324,339,379,419,419,446,491,550,14,33,53,53,176,176,210,293,393,57,73,73,114,139,139,139,139,163,163,183,183,183,183,183,30,71,71,71],"floor_reached":55,"language":"ENG","playtime":2046,"items_purged":["Sunder"],"score":914,"play_id":"53c0fdba-0f51-468b-88eb-725415f5c939","local_time":"20210127195124","is_ascension_mode":false,"campfire_choices":[{"floor":6.0,"key":"REST"},{"floor":8.0,"key":"REST"},{"data":"Machine Learning","floor":15.0,"key":"SMITH"},{"floor":25.0,"key":"RECALL"},{"floor":32.0,"key":"REST"},{"floor":40,"key":"REST"},{"floor":45,"key":"REST"},{"floor":47,"key":"REST"},{"floor":49,"key":"REST"},{"data":"Buffer","floor":52,"key":"SMITH"}],"circlet_count":1,"master_deck":["Zap","Dualcast","HandOfGreed","Sweeping Beam","Tempest","Go for the Eyes","Machine Learning+1","Electrodynamics","Lockon","Ball Lightning+1","Seek","Capacitor","Ball Lightning","Echo Form","Tempest","Auto Shields","Cold Snap","Reprogram","Buffer+1","Genetic Algorithm","Storm","Static Discharge+1","Conserve Battery+1","Capacitor+1","Echo Form","Seek"],"relics":["Cracked Core","Bronze Scales","Thread and Needle","Ginger","Anchor","Happy Flower","Torii","Golden Idol","Nuclear Battery","Enchiridion","Boot","Art of War","Lizard Tail","PreservedInsect","Pandora\u0027s Box","Prayer Wheel","Sundial","Pantograph","Ice Cream","MealTicket","DollysMirror","Circlet"],"acts_visited":["Exordium","TheCity","TheBeyond","TheEnding"],"potions_floor_usage":[50,50,55,55,55,55,55],"damage_taken":[{"damage":0.0,"enemies":"2 Louse","floor":1.0,"turns":1.0},{"damage":2.0,"enemies":"Jaw Worm","floor":4.0,"turns":2.0},{"damage":0.0,"enemies":"Small Slimes","floor":5.0,"turns":2.0},{"damage":4.0,"enemies":"Gremlin Nob","floor":10.0,"turns":3.0},{"damage":0.0,"enemies":"2 Fungi Beasts","floor":12.0,"turns":2.0},{"damage":0.0,"enemies":"Looter","floor":14.0,"turns":2.0},{"damage":16.0,"enemies":"Hexaghost","floor":16.0,"turns":9.0},{"damage":2.0,"enemies":"2 Thieves","floor":18.0,"turns":3.0},{"damage":1.0,"enemies":"3 Byrds","floor":19.0,"turns":3.0},{"damage":1.0,"enemies":"Shelled Parasite and Fungi","floor":22.0,"turns":3.0},{"damage":1.0,"enemies":"HollowMod:Nosk","floor":23.0,"turns":5.0},{"damage":0.0,"enemies":"Centurion and Healer","floor":24.0,"turns":3.0},{"damage":0.0,"enemies":"Cultist and Chosen","floor":27.0,"turns":3.0},{"damage":13.0,"enemies":"Gremlin Leader","floor":28.0,"turns":5.0},{"damage":6.0,"enemies":"Sentry and Sphere","floor":30.0,"turns":3.0},{"damage":1.0,"enemies":"Centurion and Healer","floor":31.0,"turns":3.0},{"damage":69.0,"enemies":"Automaton","floor":33.0,"turns":8.0},{"damage":6,"enemies":"Orb Walker","floor":35,"turns":4},{"damage":26,"enemies":"Mind Bloom Boss Battle","floor":36,"turns":5},{"damage":7,"enemies":"3 Darklings","floor":39,"turns":3},{"damage":39,"enemies":"Nemesis","floor":41,"turns":5},{"damage":14,"enemies":"Jaw Worm Horde","floor":42,"turns":3},{"damage":0,"enemies":"Transient","floor":46,"turns":5},{"damage":6,"enemies":"Writhing Mass","floor":48,"turns":5},{"damage":90,"enemies":"Time Eater","floor":50,"turns":11},{"damage":30,"enemies":"Shield and Spear","floor":54,"turns":5},{"damage":70,"enemies":"The Heart","floor":55,"turns":3}],"seed_played":"-5021137832836569744","potions_obtained":[{"floor":5.0,"key":"Ancient Potion"},{"floor":10.0,"key":"Block Potion"},{"floor":12.0,"key":"construct:ShiftPotion"},{"floor":33.0,"key":"CultistPotion"},{"floor":48,"key":"Ancient Potion"},{"floor":54,"key":"EntropicBrew"}],"is_trial":false,"path_per_floor":["M","?","?","M","M","R","$","R","T","E","?","M","?","M","R","B",null,"M","M","?","?","M","E","M","R","T","M","E","$","M","M","R","B",null,"M","?","?","$","M","R","E","M","T","T","R","M","R","M","R","B",null,"R","$","E","B"],"character_chosen":"DEFECT","items_purchased":["HandOfGreed","Bronze Scales","Sweeping Beam","Anchor","Capacitor","Lizard Tail","PreservedInsect","Sundial","DollysMirror"],"campfire_rested":7,"item_purchase_floors":[0,0,0,7,29,29,29,38,53],"current_hp_per_floor":[50,25,25,23,23,45,45,67,67,63,63,63,63,63,63,47,75,73,72,56,75,74,73,73,73,73,73,60,60,54,53,75,6,75,69,43,43,43,36,58,19,5,5,5,27,27,49,43,65,37,75,75,75,45,0,0],"gold":71,"neow_bonus":"","is_daily":false,"chose_seed":false,"campfire_upgraded":2,"win_rate":0.0,"timestamp":1611773484,"path_taken":["M","?","?","M","?","R","$","R","T","E","?","M","?","M","R","BOSS","M","M","?","?","M","E","?","R","T","M","E","$","M","M","R","BOSS","M","?","?","$","?","R","E","M","T","?","R","M","R","M","R","BOSS","R","$","E","BOSS"],"items_purchased_type":["Card","Relic","Card","Relic","Card","Relic","Relic","Relic","Relic"],"build_version":"2020-12-22","purchased_purges":1,"victory":false,"max_hp_per_floor":[75,75,75,75,75,75,75,75,75,75,75,75,75,75,75,75,75,75,75,75,75,75,75,75,75,75,75,75,75,75,75,75,75,75,75,75,75,75,75,75,75,75,75,75,75,75,75,75,75,75,75,75,75,75,75,75],"card_choices":[{"not_picked":["Doom and Gloom","Barrage"],"picked":"Tempest","floor":1.0},{"not_picked":["Rip and Tear","Coolheaded"],"picked":"Go for the Eyes","floor":4.0},{"not_picked":["Stack","Leap","Hologram"],"picked":"SKIP","floor":5.0},{"not_picked":["Force Field","Redo","Scrape"],"picked":"SKIP","floor":10.0},{"not_picked":["Force Field","Stack","Undo"],"picked":"SKIP","floor":12.0},{"not_picked":["Storm","Barrage"],"picked":"Machine Learning","floor":14.0},{"not_picked":["Buffer","Meteor Strike"],"picked":"Electrodynamics","floor":16.0},{"not_picked":["Coolheaded","Beam Cell"],"picked":"Lockon","floor":18.0},{"not_picked":["Self Repair","Go for the Eyes"],"picked":"Ball Lightning+1","floor":19.0},{"not_picked":["Gash","Doom and Gloom","Fusion"],"picked":"SKIP","floor":22.0},{"not_picked":["Heatsinks","Aggregate"],"picked":"Seek","floor":23.0},{"not_picked":["Compile Driver","Sweeping Beam","Lockon"],"picked":"SKIP","floor":24.0},{"not_picked":["Sweeping Beam","Streamline","Steam"],"picked":"SKIP","floor":27.0},{"not_picked":["Force Field","Storm","Steam"],"picked":"SKIP","floor":28.0},{"not_picked":["FTL","Stack","Compile Driver"],"picked":"SKIP","floor":30.0},{"not_picked":["Hello World","Barrage"],"picked":"Ball Lightning","floor":31.0},{"not_picked":["Rainbow","All For One"],"picked":"Echo Form","floor":33.0},{"not_picked":["Sunder","Steam","Scrape+1"],"picked":"SKIP","floor":35},{"not_picked":["Leap+1","Rebound+1","Genetic Algorithm+1"],"picked":"SKIP","floor":39},{"not_picked":["Go for the Eyes","Lockon","Barrage"],"picked":"SKIP","floor":39},{"not_picked":["Ball Lightning","Beam Cell+1"],"picked":"Static Discharge+1","floor":41},{"not_picked":["Reinforced Body+1","Chill+1"],"picked":"Conserve Battery+1","floor":42},{"not_picked":["Go for the Eyes","Stack","Hologram+1"],"picked":"SKIP","floor":42},{"not_picked":["BootSequence+1","Streamline","Leap"],"picked":"SKIP","floor":46},{"not_picked":["Cold Snap+1","Multi-Cast","Rebound"],"picked":"SKIP","floor":46},{"not_picked":["Coolheaded","Turbo+1"],"picked":"Capacitor+1","floor":48},{"not_picked":["Doom and Gloom+1","Skim+1","Ball Lightning"],"picked":"SKIP","floor":48},{"not_picked":["Rebound+1","Sunder"],"picked":"Seek","floor":54}],"player_experience":241931,"relics_obtained":[{"floor":9.0,"key":"Happy Flower"},{"floor":10.0,"key":"Torii"},{"floor":20.0,"key":"Enchiridion"},{"floor":23.0,"key":"Boot"},{"floor":28.0,"key":"Art of War"},{"floor":36,"key":"Prayer Wheel"},{"floor":41,"key":"Pantograph"},{"floor":43,"key":"Ice Cream"},{"floor":44,"key":"MealTicket"},{"floor":54,"key":"Circlet"}],"event_choices":[{"damage_healed":0.0,"max_hp_gain":0.0,"max_hp_loss":0.0,"gold_gain":0.0,"event_name":"Scrap Ooze","player_choice":"Success","floor":2.0,"gold_loss":0.0,"damage_taken":25.0,"relics_obtained":["Ginger"]},{"damage_healed":0.0,"max_hp_gain":0.0,"max_hp_loss":0.0,"gold_gain":0.0,"event_name":"Shining Light","player_choice":"Ignored","floor":3.0,"gold_loss":0.0,"damage_taken":0.0},{"damage_healed":0.0,"max_hp_gain":0.0,"max_hp_loss":0.0,"gold_gain":0.0,"event_name":"Golden Idol","player_choice":"Take Wound","floor":11.0,"gold_loss":0.0,"damage_taken":0.0,"relics_obtained":["Golden Idol"],"cards_obtained":["Injury"]},{"cards_removed":["Injury"],"damage_healed":0.0,"max_hp_gain":0.0,"max_hp_loss":0.0,"gold_gain":0.0,"event_name":"The Cleric","player_choice":"Card Removal","floor":13.0,"gold_loss":50.0,"damage_taken":0.0},{"damage_healed":0.0,"max_hp_gain":0.0,"max_hp_loss":0.0,"gold_gain":0.0,"event_name":"Cursed Tome","player_choice":"Obtained Book","floor":20.0,"gold_loss":0.0,"damage_taken":16.0},{"damage_healed":19.0,"max_hp_gain":0.0,"max_hp_loss":0.0,"gold_gain":0.0,"event_name":"Wheel of Change","player_choice":"Full Heal","floor":21.0,"gold_loss":0.0,"damage_taken":0.0},{"damage_healed":0,"gold_gain":0,"player_choice":"Fight","damage_taken":0,"max_hp_gain":0,"max_hp_loss":0,"event_name":"MindBloom","floor":36,"gold_loss":0},{"damage_healed":0,"gold_gain":100,"player_choice":"Pray","damage_taken":0,"max_hp_gain":0,"max_hp_loss":0,"event_name":"Golden Shrine","floor":37,"gold_loss":0}],"is_beta":false,"boss_relics":[{"not_picked":["Busted Crown","Runesmith:UraniumAnvil"],"picked":"Nuclear Battery"},{"not_picked":["Astrolabe","construct:WeddingRing"],"picked":"Pandora\u0027s Box"}],"items_purged_floors":[38],"is_endless":false,"potions_floor_spawned":[5,10,12,19,23,24,33,39,42,48,54],"killed_by":"The Heart","ascension_level":0}}