{"host":"gfmw02tnhhvp9jba","time":1611778465,"event":{"mods":["AchievementEnabler","BaseMod","Colored Map","Conspire","Downfall","Highlight Path","Minty Spire (QoL Compilation)","Replay The Spire","StSLib"],"gold_per_floor":[117,117,128,147,72,105,105,131,181,181,214,36,36,51,51,146,146,164,179,278,278,23,23,23,58,83,115,115,125,143,168,168,168,168,266,266,278,297,297,297,315,315,6,38,38,89,103,138,138,138,138,138],"floor_reached":53,"language":"ENG","playtime":2495,"items_purged":["Pain","downfall:Bewildered"],"score":1155,"play_id":"c84adca6-9280-4a74-a049-f8cdaf42357b","local_time":"20210127211425","is_ascension_mode":true,"campfire_choices":[{"floor":7,"key":"REST"},{"data":"Cloak And Dagger","floor":10,"key":"SMITH"},{"floor":15,"key":"REST"},{"data":"Infinite Blades","floor":23,"key":"SMITH"},{"data":"Venomology","floor":28,"key":"SMITH"},{"data":"ReplayTheSpireMod:Scrap Shanks","floor":34,"key":"SMITH"},{"data":"After Image","floor":42,"key":"SMITH"},{"data":"Accuracy","floor":49,"key":"SMITH"},{"data":"conspire:PoisonWeapons","floor":49,"key":"SMITH"},{"floor":51,"key":"DIG"}],"circlet_count":0,"master_deck":["Strike_G","Strike_G","Strike_G","Strike_G+1","Strike_G","Defend_G","Defend_G","Defend_G","Defend_G","Defend_G","Survivor","Neutralize","Quick Slash","Hidden Blade","Cloak And Dagger+1","ReplayTheSpireMod:Scrap Shanks+1","Venomology+1","PiercingWail","Hidden Blade","Hidden Blade","Dash","Glass Knife","Dagger Throw","Infinite Blades+1","Expertise","PiercingWail","Accuracy+1","ReplayTheSpireMod:The Works","conspire:PoisonWeapons+1","After Image+1","Flechettes","Fluid Movement+1","Choke+1","Backstab","ReplayTheSpireMod:The Works","Deflect+1"],"relics":["SlaversCollar","WarpedTongs","Orichalcum","Ninja Scroll","Gremlin Food","Thread and Needle","ReplayTheSpireMod:TigerMarble","Honey Jar","sneckomod:BabySnecko","Medical Kit","Blue Candle","Toy Ornithopter","Happy Flower","Shuriken","Nunchaku","WristBlade","Replay:Arrowhead","Lantern","Shovel","Centennial Puzzle","conspire:TopHat","Mercury Hourglass","Durian"],"acts_visited":["Exordium","TheCity","TheBeyond"],"potions_floor_usage":[11,16,18,25,25,25,25,30,30,31,35,38,41,47,47,47,48,48],"damage_taken":[{"damage":9,"enemies":"Jaw Worm","floor":1,"turns":5},{"damage":4,"enemies":"Cultist","floor":3,"turns":4},{"damage":8,"enemies":"Small Slimes","floor":4,"turns":3},{"damage":17,"enemies":"Replay:BlueRogue","floor":6,"turns":6},{"damage":1,"enemies":"Lagavulin","floor":8,"turns":9},{"damage":9,"enemies":"Replay:BlueRogue","floor":11,"turns":4},{"damage":0,"enemies":"2 Fungi Beasts","floor":14,"turns":3},{"damage":0,"enemies":"Slime Boss","floor":16,"turns":6},{"damage":4,"enemies":"3 Byrds","floor":18,"turns":5},{"damage":0,"enemies":"Chosen","floor":19,"turns":4},{"damage":0,"enemies":"Book of Stabbing","floor":25,"turns":2},{"damage":0,"enemies":"conspire:SneckoGhost","floor":27,"turns":5},{"damage":6,"enemies":"Centurion and Healer","floor":29,"turns":4},{"damage":0,"enemies":"Snecko","floor":30,"turns":2},{"damage":0,"enemies":"Gremlin Leader","floor":31,"turns":4},{"damage":45,"enemies":"conspire:MysteriousRune","floor":35,"turns":5},{"damage":0,"enemies":"3 Shapes","floor":37,"turns":4},{"damage":1,"enemies":"Orb Walker","floor":38,"turns":2},{"damage":7,"enemies":"Spire Growth","floor":41,"turns":3},{"damage":0,"enemies":"Giant Head","floor":44,"turns":5},{"damage":0,"enemies":"Maw","floor":47,"turns":5},{"damage":1,"enemies":"R_Hoarder","floor":48,"turns":3},{"damage":7,"enemies":"Awakened One","floor":52,"turns":6}],"seed_played":"4686007792687038297","potions_obtained":[{"floor":3,"key":"SteroidPotion"},{"floor":8,"key":"champ:CounterPotion"},{"floor":14,"key":"ColorlessPotion"},{"floor":25,"key":"Dexterity Potion"},{"floor":29,"key":"ColorlessPotion"},{"floor":35,"key":"DuplicationPotion"},{"floor":47,"key":"Cursed Concoction"}],"is_trial":false,"path_per_floor":["M","?","M","M","$","E","R","E","T","R","E","$","?","M","R_BF","B",null,"M","M","?","?","$","R","?","E","T","E","R","M","M","E","PTL","PTL","R","B",null,"M","M","?","?","M","R","$","E","T","T","M","E","R","T","R","B",null],"character_chosen":"THE_SILENT","items_purchased":["ReplayTheSpireMod:TigerMarble","Hidden Blade","Medical Kit","Replay:Arrowhead"],"campfire_rested":2,"item_purchase_floors":[12,12,22,43],"current_hp_per_floor":[61,61,57,49,49,32,53,52,52,52,43,43,43,43,64,64,70,66,66,66,66,66,66,61,61,61,61,61,55,65,70,70,70,70,30,70,70,69,66,66,64,64,64,66,66,66,66,65,65,65,70,63],"gold":138,"neow_bonus":"BOSS_RELIC","is_daily":false,"chose_seed":false,"campfire_upgraded":7,"win_rate":0.0,"timestamp":1611778465,"path_taken":["M","?","M","?","$","E","R","E","T","R","E","?","?","M","R_BF","BOSS","M","M","?","?","$","R","?","E","T","E","R","M","M","E","PTL","PTL","R","BOSS","M","M","?","?","M","R","$","E","T","?","M","E","R","?","R","BOSS"],"items_purchased_type":["Relic","Card","Relic","Relic"],"build_version":"2020-12-22","purchased_purges":2,"victory":true,"max_hp_per_floor":[70,70,70,70,70,70,70,70,70,70,70,70,70,70,70,70,70,70,70,70,70,70,70,70,70,70,70,70,70,70,70,70,70,70,70,70,70,70,66,66,66,66,66,66,66,66,66,66,66,66,71,71],"card_choices":[{"not_picked":["Sucker Punch","Prepared"],"picked":"Quick Slash","floor":1},{"not_picked":["Prepared","Replay:Poison Smokescreen"],"picked":"Hidden Blade","floor":3},{"not_picked":["Sneak Up","Bane"],"picked":"Cloak And Dagger","floor":4},{"not_picked":["Backstab","Riddle With Holes"],"picked":"ReplayTheSpireMod:Scrap Shanks","floor":6},{"not_picked":["Sucker Punch","Caltrops"],"picked":"Venomology","floor":8},{"not_picked":["Wraith Form v2","Dodge and Roll"],"picked":"PiercingWail","floor":11},{"not_picked":["Hidden Blade","Flying Knee"],"picked":"Dash","floor":14},{"not_picked":["ReplayTheSpireMod:From All Sides","Doppelganger"],"picked":"Glass Knife","floor":16},{"not_picked":["Backflip","Acrobatics","Expertise+1"],"picked":"Dagger Throw","floor":18},{"not_picked":["Escape Plan","Dodge and Roll","Poisoned Stab"],"picked":"Infinite Blades","floor":19},{"not_picked":["Catalyst","ReplayTheSpireMod:Necrosis","Bane"],"picked":"Expertise","floor":25},{"not_picked":["Backflip","Dash","Dodge and Roll"],"picked":"PiercingWail","floor":27},{"not_picked":["Flechettes+1","Well Laid Plans","Blade Dance+1"],"picked":"Accuracy","floor":29},{"not_picked":["Masterful Stab","Well Laid Plans","Underhanded Strike+1"],"picked":"ReplayTheSpireMod:The Works","floor":30},{"not_picked":["Hidden Blade","Footwork","Heel Hook+1"],"picked":"conspire:PoisonWeapons","floor":31},{"not_picked":["A Thousand Cuts","Die Die Die","Venomology"],"picked":"After Image","floor":35},{"not_picked":["Hidden Blade","Bane","Backstab+1"],"picked":"Flechettes","floor":37},{"not_picked":["Cloak And Dagger","Underhanded Strike+1","Deflect+1"],"picked":"Fluid Movement+1","floor":38},{"not_picked":["Acrobatics+1","Dodge and Roll","Outmaneuver+1"],"picked":"Choke+1","floor":41},{"not_picked":["Poisoned Stab","Dodge and Roll+1","conspire:DoublingDagger"],"picked":"Backstab","floor":44},{"not_picked":["Predator+1","Unload","Cloak And Dagger"],"picked":"ReplayTheSpireMod:The Works","floor":47},{"not_picked":["Bane","Dodge and Roll+1","Slice+1"],"picked":"Deflect+1","floor":48}],"player_experience":93148,"relics_obtained":[{"floor":6,"key":"Orichalcum"},{"floor":8,"key":"Ninja Scroll"},{"floor":9,"key":"Gremlin Food"},{"floor":11,"key":"Thread and Needle"},{"floor":25,"key":"Toy Ornithopter"},{"floor":26,"key":"Happy Flower"},{"floor":27,"key":"Shuriken"},{"floor":31,"key":"Nunchaku"},{"floor":44,"key":"Lantern"},{"floor":45,"key":"Shovel"},{"floor":46,"key":"Centennial Puzzle"},{"floor":48,"key":"conspire:TopHat"},{"floor":50,"key":"Mercury Hourglass"},{"floor":51,"key":"Durian"}],"event_choices":[{"damage_healed":0,"gold_gain":0,"player_choice":"Rummage","damage_taken":0,"relics_obtained":["WarpedTongs"],"max_hp_gain":0,"max_hp_loss":0,"event_name":"Accursed Blacksmith","floor":2,"gold_loss":0,"cards_obtained":["Pain"]},{"damage_healed":0,"gold_gain":0,"player_choice":"Leave","damage_taken":0,"max_hp_gain":0,"max_hp_loss":0,"event_name":"conspire:Investor","floor":13,"gold_loss":0},{"damage_healed":0,"gold_gain":99,"player_choice":"Stole From Cult","damage_taken":0,"max_hp_gain":0,"max_hp_loss":0,"event_name":"Nest","floor":20,"gold_loss":0},{"damage_healed":0,"gold_gain":0,"player_choice":"Max HP","damage_taken":0,"max_hp_gain":0,"max_hp_loss":4,"event_name":"Winding Halls","floor":39,"gold_loss":0},{"damage_healed":0,"gold_gain":0,"player_choice":"Ignored","damage_taken":0,"max_hp_gain":0,"max_hp_loss":0,"event_name":"Tomb of Lord Red Mask","floor":40,"gold_loss":0}],"is_beta":false,"boss_relics":[{"not_picked":["Velvet Choker","SacredBark"],"picked":"Honey Jar"},{"not_picked":["Philosopher\u0027s Stone","Cursed Key"],"picked":"WristBlade"}],"items_purged_floors":[5,22],"is_endless":false,"potions_floor_spawned":[3,8,14,25,29,35,38,41,47],"ascension_level":3}}