{"host":"qrt7o4dq2qslzw13","time":1611723911,"event":{"mods":["BaseMod","Colored Map","Colored Powertips","Minty Spire (QoL Compilation)","Quick Restart","Replay The Spire","Shop Mod","StSLib","SuperFastMode"],"gold_per_floor":[111,286,286,302,302,302,326,326,375,375,399,422,447,467,467,467,467],"floor_reached":16,"language":"ENG","playtime":315,"items_purged":[],"score":115,"play_id":"a334d8f5-e2b5-46bf-a032-b51d0510de6a","local_time":"20210127000511","is_ascension_mode":true,"campfire_choices":[{"data":"Fasting2","floor":6,"key":"SMITH"},{"data":"Eruption","floor":8,"key":"SMITH"},{"data":"Vigilance","floor":10,"key":"SMITH"},{"data":"Replay:Vibes","floor":15,"key":"SMITH"}],"circlet_count":0,"master_deck":["Strike_P","Strike_P","Strike_P","Strike_P","Defend_P","Defend_P","Defend_P","Defend_P","Eruption+1","Vigilance+1","Replay:AtTheReady+1","Doubt","Fasting2+1","Injury","Meditate","Replay:Anticipation","SandsOfTime","Replay:Vibes+1"],"relics":["PureWater","NeowsBlessing","Golden Idol","ReplayTheSpireMod:Lightbulb","Centennial Puzzle"],"acts_visited":["Exordium"],"potions_floor_usage":[14,16,16],"damage_taken":[{"damage":0,"enemies":"2 Louse","floor":1,"turns":1},{"damage":0,"enemies":"Small Slimes","floor":4,"turns":1},{"damage":0,"enemies":"Cultist","floor":7,"turns":1},{"damage":17,"enemies":"Blue Slaver","floor":11,"turns":5},{"damage":0,"enemies":"Red Slaver","floor":12,"turns":6},{"damage":10,"enemies":"Gremlin Gang","floor":14,"turns":5},{"damage":38,"enemies":"Slime Boss","floor":16,"turns":12}],"seed_played":"-8574009745596527038","potions_obtained":[{"floor":11,"key":"Weak Potion"},{"floor":12,"key":"BottledMiracle"},{"floor":14,"key":"Elixir"}],"is_trial":false,"path_per_floor":["M","?","?","M","?","R","M","R","T","R","M","M","T","M","R","B"],"character_chosen":"WATCHER","items_purchased":[],"campfire_rested":0,"item_purchase_floors":[],"current_hp_per_floor":[72,72,72,72,72,72,72,72,72,72,55,55,55,45,45,7,7],"gold":467,"neow_bonus":"THREE_ENEMY_KILL","is_daily":false,"chose_seed":false,"campfire_upgraded":4,"win_rate":0.0,"timestamp":1611723911,"path_taken":["M","?","?","M","?","R","M","R","T","R","M","M","?","M","R","BOSS"],"items_purchased_type":[],"build_version":"2020-12-22","purchased_purges":0,"victory":false,"max_hp_per_floor":[72,72,72,72,72,72,72,72,72,72,72,72,72,72,72,72,72],"card_choices":[{"not_picked":["FlyingSleeves","Sanctity"],"picked":"Replay:AtTheReady","floor":1},{"not_picked":["FearNoEvil","Nirvana"],"picked":"Fasting2","floor":4},{"not_picked":["JustLucky","ThirdEye"],"picked":"Meditate","floor":7},{"not_picked":["CrushJoints","FlurryOfBlows"],"picked":"Replay:Anticipation","floor":11},{"not_picked":["ThirdEye","TalkToTheHand"],"picked":"SandsOfTime","floor":12},{"not_picked":["Halt","Collect"],"picked":"Replay:Vibes","floor":14}],"player_experience":593691,"relics_obtained":[{"floor":9,"key":"ReplayTheSpireMod:Lightbulb"},{"floor":13,"key":"Centennial Puzzle"}],"event_choices":[{"damage_healed":0,"gold_gain":175,"player_choice":"AGREE","damage_taken":0,"max_hp_gain":0,"max_hp_loss":0,"event_name":"Liars Game","floor":2,"gold_loss":0,"cards_obtained":["Doubt"]},{"damage_healed":0,"gold_gain":0,"player_choice":"Grow","damage_taken":0,"max_hp_gain":0,"max_hp_loss":0,"event_name":"Living Wall","floor":3,"gold_loss":0,"cards_upgraded":["Replay:AtTheReady"]},{"damage_healed":0,"gold_gain":0,"player_choice":"Take Wound","damage_taken":0,"relics_obtained":["Golden Idol"],"max_hp_gain":0,"max_hp_loss":0,"event_name":"Golden Idol","floor":5,"gold_loss":0,"cards_obtained":["Injury"]}],"is_beta":false,"boss_relics":[],"items_purged_floors":[],"is_endless":false,"potions_floor_spawned":[11,12,14],"killed_by":"Slime Boss","ascension_level":5}}