{"host":"kdt6w7ix8lwe69i9","time":1611712107,"event":{"mods":["100% Spire Juice","Bartender","BaseMod","ChefMod","Downfall","Evolution","Fiend Mod","Jorbs\u0027s Wanderer Trilogy","Minty Spire (QoL Compilation)","Reimu（博丽灵梦）","Robot Space Explorer","Shade Mod","StSLib","The Caster","The Cursed","The Disciple","The Dragon Tamer","The Druid","The Fake Hero","The Forsaken","The Gatherer","The Marked","TheBandit","TheSwordswoman"],"gold_per_floor":[117,292,303,303,268,301,312,331,331,331,331,341,352,384,384,484,484,497,513,513,544,544,544,560,560,587,587,599,6,6,19,19,19,19,19],"floor_reached":33,"language":"ENG","playtime":34304,"items_purged":[],"score":282,"play_id":"d371801b-f249-4ee7-aecd-d025dacca84a","local_time":"20210126204827","is_ascension_mode":false,"campfire_choices":[{"floor":15,"key":"RECALL"},{"floor":23,"key":"REST"},{"floor":27,"key":"REST"},{"data":"wariomod:FabulousPrizes","floor":30,"key":"SMITH"},{"floor":32,"key":"REST"}],"circlet_count":0,"master_deck":["wariomod:DanceDash","wariomod:Strike","wariomod:Strike","wariomod:Strike","wariomod:Defend","wariomod:Defend","wariomod:Defend","wariomod:Defend","wariomod:Step","wariomod:Leap","wariomod:SmackSlam","wariomod:SmallSprint","wariomod:AbandonGame","wariomod:Leapslam","wariomod:EmptyMind","wariomod:Purify","wariomod:TreasureDig","wariomod:DisarmingMoves","wariomod:ChargeForth","wariomod:BumRush","wariomod:Leapslam","wariomod:BlastDash","wariomod:FabulousPrizes+1","wariomod:BoomBoom+1","wariomod:DoubleDash+1","wariomod:RacingSpeed","wariomod:Hopshield+1","wariomod:ChargeForth","wariomod:ChargeForth","wariomod:Boomsmack","wariomod:SmackSlam+1","wariomod:WhirlwindBurst+1","wariomod:SpaceSwap","wariomod:GreaterGuard","wariomod:Game+1","wariomod:Bombshield"],"relics":["wariomod:SuperHat","EVO:Axolotl","Strawberry","Blood Vial","Prayer Wheel","White Beast Statue","Orichalcum","Red Mask","Meat on the Bone","Dead Branch","Chemical X"],"acts_visited":["Exordium","TheCity"],"potions_floor_usage":[7,16,16,16,16,21,24,28,31,33,33,33],"damage_taken":[{"damage":0,"enemies":"Cultist","floor":1,"turns":3},{"damage":0,"enemies":"2 Louse","floor":3,"turns":3},{"damage":22,"enemies":"Gremlin Nob","floor":6,"turns":6},{"damage":2,"enemies":"Small Slimes","floor":7,"turns":2},{"damage":17,"enemies":"Exordium Wildlife","floor":8,"turns":5},{"damage":8,"enemies":"3 Louse","floor":12,"turns":4},{"damage":0,"enemies":"Looter","floor":13,"turns":3},{"damage":1,"enemies":"Lagavulin","floor":14,"turns":9},{"damage":17,"enemies":"The Guardian","floor":16,"turns":9},{"damage":20,"enemies":"2 Thieves","floor":18,"turns":4},{"damage":9,"enemies":"Chosen","floor":19,"turns":5},{"damage":26,"enemies":"Masked Bandits","floor":21,"turns":4},{"damage":54,"enemies":"Sentry and Sphere","floor":24,"turns":6},{"damage":11,"enemies":"Centurion and Healer","floor":28,"turns":7},{"damage":46,"enemies":"Cultist and Chosen","floor":31,"turns":8},{"damage":61,"enemies":"Collector","floor":33,"turns":6}],"seed_played":"-5794178355078355580","potions_obtained":[{"floor":6,"key":"Explosive Potion"},{"floor":12,"key":"Weak Potion"},{"floor":13,"key":"DuplicationPotion"},{"floor":14,"key":"EntropicBrew"},{"floor":16,"key":"FearPotion"},{"floor":18,"key":"Slimebound:ThreeZeroPotion"},{"floor":21,"key":"PowerPotion"},{"floor":24,"key":"AttackPotion"},{"floor":28,"key":"SkillPotion"},{"floor":31,"key":"SteroidPotion"}],"is_trial":false,"path_per_floor":["M","?","M","?","?","E","M","M","T","?","?","M","M","E","R","B",null,"M","M","?","?","T","R","M","?","T","R","M","$","R","M","R","B"],"character_chosen":"THE_BANDIT","items_purchased":["Dead Branch","wariomod:SpaceSwap","Chemical X","wariomod:GreaterGuard"],"campfire_rested":3,"item_purchase_floors":[29,29,29,29],"current_hp_per_floor":[87,87,87,62,83,63,63,48,48,48,77,71,73,74,74,59,87,67,60,60,36,36,62,22,22,22,48,51,51,51,19,45,0,0,0],"gold":19,"neow_bonus":"RANDOM_COMMON_RELIC","is_daily":false,"chose_seed":false,"campfire_upgraded":1,"win_rate":0.0,"timestamp":1611712107,"path_taken":["M","?","M","?","?","E","?","M","T","?","?","M","M","E","R","BOSS","M","M","?","?","?","R","M","?","T","R","M","$","R","M","R","BOSS"],"items_purchased_type":["Relic","Card","Relic","Card"],"build_version":"2020-12-22","purchased_purges":0,"victory":false,"max_hp_per_floor":[87,87,87,87,87,87,87,87,87,87,87,87,87,87,87,87,87,87,87,87,87,87,87,87,87,87,87,87,87,87,87,87,87,87,87],"card_choices":[{"not_picked":["wariomod:CursedSpaces","wariomod:GreaterGuard"],"picked":"wariomod:SmackSlam","floor":1},{"not_picked":["wariomod:BodyBlock","wariomod:Hopshield"],"picked":"wariomod:SmallSprint","floor":3},{"not_picked":["wariomod:DoubleDash","wariomod:ThatsNotAll"],"picked":"wariomod:AbandonGame","floor":6},{"not_picked":["wariomod:DanceDash","wariomod:HappyHop"],"picked":"wariomod:Leapslam","floor":7},{"not_picked":["wariomod:BodyBlock","wariomod:DropBash"],"picked":"wariomod:EmptyMind","floor":7},{"not_picked":["wariomod:Leapslam","wariomod:DeepDig"],"picked":"wariomod:Purify","floor":8},{"not_picked":["wariomod:SpacialMastery","wariomod:Boomsmack"],"picked":"wariomod:TreasureDig","floor":8},{"not_picked":["wariomod:SimpleShield","wariomod:DeepDig"],"picked":"wariomod:DisarmingMoves","floor":12},{"not_picked":["wariomod:Game","wariomod:BoomBoom"],"picked":"wariomod:ChargeForth","floor":12},{"not_picked":["wariomod:AwfulLook","wariomod:ForbiddenMagic"],"picked":"wariomod:BumRush","floor":13},{"not_picked":["wariomod:SimpleShield","wariomod:BodyBlock"],"picked":"wariomod:Leapslam","floor":13},{"not_picked":["wariomod:BumRush","wariomod:TempestBlasts"],"picked":"wariomod:BlastDash","floor":14},{"not_picked":["wariomod:KeyFinisher","wariomod:GoAgain"],"picked":"wariomod:FabulousPrizes","floor":16},{"not_picked":["wariomod:Smackflip","wariomod:DanceDash"],"picked":"wariomod:BoomBoom+1","floor":18},{"not_picked":["wariomod:AwfulLook","wariomod:DisarmingMoves"],"picked":"wariomod:DoubleDash+1","floor":18},{"not_picked":["wariomod:DisarmingMoves+1","wariomod:BigUpgrade"],"picked":"wariomod:RacingSpeed","floor":19},{"not_picked":["wariomod:DisarmingMoves","wariomod:BodyBlock"],"picked":"wariomod:Hopshield+1","floor":19},{"not_picked":["wariomod:DoubleDip+1","wariomod:TheGrandJourney"],"picked":"wariomod:ChargeForth","floor":21},{"not_picked":["wariomod:GreaterGuard","wariomod:Leapslam+1"],"picked":"wariomod:ChargeForth","floor":24},{"not_picked":["wariomod:PayItForwards","wariomod:ForbiddenMagic"],"picked":"wariomod:Boomsmack","floor":24},{"not_picked":["wariomod:BodyBlock","wariomod:GreaterGuard"],"picked":"wariomod:SmackSlam+1","floor":28},{"not_picked":["wariomod:TreasureDig","wariomod:DropBash+1"],"picked":"wariomod:WhirlwindBurst+1","floor":28},{"not_picked":["wariomod:SpikeSlash","wariomod:SmallSprint+1"],"picked":"wariomod:Game+1","floor":31},{"not_picked":["wariomod:DamnedStrength","wariomod:HappyHit+1"],"picked":"wariomod:Bombshield","floor":31}],"player_experience":1898442,"relics_obtained":[{"floor":6,"key":"Prayer Wheel"},{"floor":9,"key":"White Beast Statue"},{"floor":14,"key":"Orichalcum"},{"floor":21,"key":"Red Mask"},{"floor":22,"key":"Meat on the Bone"}],"event_choices":[{"damage_healed":0,"gold_gain":175,"player_choice":"AGREE","damage_taken":0,"max_hp_gain":0,"max_hp_loss":0,"event_name":"Liars Game","floor":2,"gold_loss":0,"cards_obtained":["Doubt"]},{"damage_healed":0,"gold_gain":0,"player_choice":"Success","damage_taken":25,"relics_obtained":["Blood Vial"],"max_hp_gain":0,"max_hp_loss":0,"event_name":"Scrap Ooze","floor":4,"gold_loss":0},{"damage_healed":21,"gold_gain":0,"player_choice":"Healed","damage_taken":0,"max_hp_gain":0,"max_hp_loss":0,"event_name":"The Cleric","floor":5,"gold_loss":35},{"cards_removed":["Doubt"],"damage_healed":0,"gold_gain":0,"player_choice":"Forget","damage_taken":0,"max_hp_gain":0,"max_hp_loss":0,"event_name":"Living Wall","floor":10,"gold_loss":0},{"damage_healed":29,"gold_gain":0,"player_choice":"Banana","damage_taken":0,"max_hp_gain":0,"max_hp_loss":0,"event_name":"Big Fish","floor":11,"gold_loss":0},{"damage_healed":0,"gold_gain":0,"player_choice":"Ignored","damage_taken":0,"max_hp_gain":0,"max_hp_loss":0,"event_name":"Beggar","floor":20,"gold_loss":0},{"damage_healed":0,"gold_gain":0,"player_choice":"Fought Bandits","damage_taken":0,"max_hp_gain":0,"max_hp_loss":0,"event_name":"Masked Bandits","floor":21,"gold_loss":0},{"damage_healed":0,"gold_gain":0,"player_choice":"Ignored","damage_taken":0,"max_hp_gain":0,"max_hp_loss":0,"event_name":"Vampires","floor":25,"gold_loss":0}],"is_beta":false,"boss_relics":[{"not_picked":["theForsaken:PaleLantern","Philosopher\u0027s Stone"],"picked":"wariomod:SuperHat"}],"items_purged_floors":[],"is_endless":false,"potions_floor_spawned":[6,7,12,13,14,16,18,19,21,24,28,31],"killed_by":"Collector","ascension_level":0}}