{"host":"vdr09qmawei9b8kz","time":1611720735,"event":{"mods":["BaseMod","Hermit","Minty Spire (QoL Compilation)","StSLib"],"gold_per_floor":[117,117,128,147,158,186,186,33,56,56,56,56,56,231,231,231,231],"floor_reached":16,"language":"ENG","playtime":1032,"items_purged":[],"score":98,"play_id":"2647aeb7-ce8f-452b-80d9-61b04968e9ab","local_time":"20210126231215","is_ascension_mode":false,"campfire_choices":[{"floor":7,"key":"REST"},{"floor":10,"key":"REST"},{"data":"hermit:Headshot","floor":12,"key":"SMITH"},{"data":"hermit:Ricochet","floor":15,"key":"SMITH"}],"circlet_count":0,"master_deck":["hermit:Strike_Hermit","hermit:Strike_Hermit","hermit:Strike_Hermit","hermit:Strike_Hermit","hermit:Defend_Hermit","hermit:Defend_Hermit","hermit:Defend_Hermit","hermit:Defend_Hermit","hermit:Snapshot","hermit:Covet","hermit:Vantage","hermit:Headshot+1","hermit:CalledShot","hermit:Ricochet+1","hermit:Dive+1","hermit:Cheat","Parasite","Doubt"],"relics":["hermit:Momento","Potion Belt","MealTicket","Akabeko"],"acts_visited":["Exordium"],"potions_floor_usage":[],"damage_taken":[{"damage":0,"enemies":"2 Louse","floor":1,"turns":3},{"damage":0,"enemies":"Small Slimes","floor":3,"turns":3},{"damage":0,"enemies":"Jaw Worm","floor":4,"turns":4},{"damage":5,"enemies":"3 Louse","floor":5,"turns":3},{"damage":56,"enemies":"3 Sentries","floor":6,"turns":16},{"damage":80,"enemies":"Hexaghost","floor":16,"turns":11}],"seed_played":"8283533122978553365","potions_obtained":[{"floor":6,"key":"SteroidPotion"}],"is_trial":false,"path_per_floor":["M","?","M","M","M","E","R","$","T","R","?","R","?","?","R","B"],"character_chosen":"HERMIT","items_purchased":["MealTicket"],"campfire_rested":2,"item_purchase_floors":[8],"current_hp_per_floor":[75,75,75,75,70,14,36,36,36,58,58,58,75,75,75,0,0],"gold":231,"neow_bonus":"THREE_CARDS","is_daily":false,"chose_seed":false,"campfire_upgraded":2,"win_rate":0.0,"timestamp":1611720735,"path_taken":["M","?","M","M","M","E","R","$","T","R","?","R","?","?","R","BOSS"],"items_purchased_type":["Relic"],"build_version":"2020-12-22","purchased_purges":0,"victory":false,"max_hp_per_floor":[75,75,75,75,75,75,75,75,75,75,75,75,75,75,75,75,75],"card_choices":[{"not_picked":["hermit:Malice","hermit:EyeOfTheStorm"],"picked":"hermit:Vantage","floor":0},{"not_picked":["hermit:Roulette","hermit:Malice"],"picked":"hermit:Headshot","floor":1},{"not_picked":["hermit:Dive","hermit:Headshot"],"picked":"hermit:CalledShot","floor":3},{"not_picked":["hermit:Vantage","hermit:HighCaliber"],"picked":"hermit:Ricochet","floor":4},{"not_picked":["hermit:Glare","hermit:Enervate"],"picked":"hermit:Dive","floor":5},{"not_picked":["hermit:BodyArmor","hermit:Feint"],"picked":"hermit:Cheat","floor":6}],"player_experience":326320,"relics_obtained":[{"floor":6,"key":"Potion Belt"},{"floor":9,"key":"Akabeko"}],"event_choices":[{"damage_healed":0,"gold_gain":0,"player_choice":"Leave","damage_taken":0,"max_hp_gain":0,"max_hp_loss":0,"event_name":"The Cleric","floor":2,"gold_loss":0},{"damage_healed":0,"gold_gain":0,"player_choice":"Grow","damage_taken":0,"max_hp_gain":0,"max_hp_loss":0,"event_name":"Living Wall","floor":11,"gold_loss":0,"cards_upgraded":["hermit:Dive"]},{"damage_healed":18,"gold_gain":0,"player_choice":"Healed and dodged fight","damage_taken":0,"max_hp_gain":0,"max_hp_loss":0,"event_name":"Mushrooms","floor":13,"gold_loss":0,"cards_obtained":["Parasite"]},{"damage_healed":0,"gold_gain":175,"player_choice":"AGREE","damage_taken":0,"max_hp_gain":0,"max_hp_loss":0,"event_name":"Liars Game","floor":14,"gold_loss":0,"cards_obtained":["Doubt"]}],"is_beta":false,"boss_relics":[],"items_purged_floors":[],"is_endless":false,"potions_floor_spawned":[6],"killed_by":"Hexaghost","ascension_level":0}}