{"host":"y6zg4wwu39otf01a","time":1611713392,"event":{"mods":["Act Like it!","Aspiration","BaseMod","Better Altar","Better Match","Better Note","Better Sensory Stone","Better Skull","Better Third Choice","Challenge The Spire","Colored Map","Colored Powertips","Conspire","GifTheSpireLib","Glutton Mod","Halation","Hermit","Highlight Path","Hubris","Infinite Spire","Mimic Mod","Minty Spire (QoL Compilation)","Puzzle Mod","Quick Restart","Random Character Button","Rare Cards Sparkle","Replay The Spire","Retaliation","Robot Space Explorer","Shade Mod","Spicy Shops","Spire Arcade","StSLib","Stuff the Spire","The Blue Laboratory","The Jungle","The Marked","thorton"],"gold_per_floor":[113,132,62,77,7,7,27,57,57,37,50,67,67,67,67,163,163,182,182,199,215,215,215],"floor_reached":22,"language":"ENG","playtime":1055,"items_purged":[],"score":188,"play_id":"cbae387d-8c26-4463-b995-b169dd51efa5","local_time":"20210126210952","is_ascension_mode":false,"campfire_choices":[{"data":"Defragment","floor":6,"key":"SMITH"},{"data":"hubris:SpecializedCircuitry","floor":15,"key":"SMITH"}],"circlet_count":0,"master_deck":["Strike_B","Strike_B","Strike_B","Strike_B","Defend_B","Defend_B","Defend_B","Defend_B","Zap","Dualcast","Hyperbeam","Static Discharge","Defragment+1","Panic Button","Beam Cell","Tempest","Panic Button","Redo","hubris:SpecializedCircuitry+1","Rainbow","Panic Button","ReplayTheSpireMod:Echo Chamber","ReplayTheSpireMod:Dual Polarity+1","ReplayTheSpireMod:Calculation Training"],"relics":["Cracked Core","Gremlin Food","infinitespire:Joker Card","halation:PinkSoulGem","aspiration:PoetsPen_weak","Black Star","halation:TrafficLight"],"acts_visited":["Exordium","TheCity"],"potions_floor_usage":[8,8,16,16,21],"damage_taken":[{"damage":1,"enemies":"Cultist","floor":1,"turns":3},{"damage":0,"enemies":"Small Slimes","floor":2,"turns":2},{"damage":1,"enemies":"2 Louse","floor":4,"turns":2},{"damage":0,"enemies":"Gremlin Gang","floor":7,"turns":1},{"damage":31,"enemies":"Lagavulin","floor":8,"turns":5},{"damage":2,"enemies":"Blue Slaver","floor":11,"turns":2},{"damage":0,"enemies":"Large Slime","floor":12,"turns":4},{"damage":16,"enemies":"The Guardian","floor":16,"turns":7},{"damage":29,"enemies":"Shell Parasite","floor":18,"turns":5},{"damage":10,"enemies":"Chosen","floor":20,"turns":4},{"damage":45,"enemies":"Snecko","floor":21,"turns":5},{"damage":3,"enemies":"Chosen and Byrds","floor":22,"turns":1}],"seed_played":"5873491531402236826","potions_obtained":[{"floor":1,"key":"Milkshake"},{"floor":4,"key":"ColorlessPotion"},{"floor":10,"key":"blueLaboratory:ImpenetrablePotion"},{"floor":12,"key":"blueLaboratory:RelayPotion"},{"floor":20,"key":"Regen Potion"}],"is_trial":false,"path_per_floor":["M","M","$","M","$","R","M","E","T","?","M","M","?","?","R","B",null,"M","AVR","M","M","M"],"character_chosen":"DEFECT","items_purchased":["Defragment","Beam Cell"],"campfire_rested":0,"item_purchase_floors":[3,5],"current_hp_per_floor":[74,74,74,73,73,73,73,42,42,42,40,40,40,33,33,17,75,46,46,36,3,0,0],"gold":215,"neow_bonus":"ONE_RANDOM_RARE_CARD","is_daily":false,"chose_seed":false,"campfire_upgraded":2,"win_rate":0.0,"timestamp":1611713392,"path_taken":["M","M","$","?","?","R","M","E","T","?","M","?","?","?","R","BOSS","M","AVR","?","M","M"],"items_purchased_type":["Card","Card"],"build_version":"2020-12-22","purchased_purges":0,"victory":false,"max_hp_per_floor":[75,75,75,75,75,75,75,75,75,75,75,75,75,75,75,75,75,75,75,75,75,75,75],"card_choices":[{"not_picked":["Sunder","Ball Lightning"],"picked":"Static Discharge","floor":1},{"not_picked":["Go for the Eyes","Coolheaded","Hello World"],"picked":"SKIP","floor":2},{"not_picked":["Conserve Battery","Melter"],"picked":"Panic Button","floor":4},{"not_picked":["Hologram","Force Field"],"picked":"Tempest","floor":7},{"not_picked":["Rebound","Aggregate"],"picked":"Panic Button","floor":8},{"not_picked":["Beam Cell","Steam"],"picked":"Redo","floor":11},{"not_picked":["Steam","StuffTheSpire:CleanHardDrive"],"picked":"hubris:SpecializedCircuitry","floor":12},{"not_picked":["Hyperbeam","Multi-Cast"],"picked":"Rainbow","floor":16},{"not_picked":["Sweeping Beam+1","StuffTheSpire:Plugnplay"],"picked":"Panic Button","floor":18},{"not_picked":["Reprogram","Panic Button"],"picked":"ReplayTheSpireMod:Dual Polarity+1","floor":20},{"not_picked":["Redo","Sweeping Beam"],"picked":"ReplayTheSpireMod:Calculation Training","floor":21}],"player_experience":725568,"relics_obtained":[{"floor":8,"key":"Gremlin Food"},{"floor":9,"key":"infinitespire:Joker Card"}],"event_choices":[{"damage_healed":0,"gold_gain":0,"player_choice":"Bought 1 Potion","damage_taken":0,"max_hp_gain":0,"max_hp_loss":0,"event_name":"The Woman in Blue","floor":10,"gold_loss":0},{"damage_healed":0,"gold_gain":0,"player_choice":"Damaged","damage_taken":7,"max_hp_gain":0,"max_hp_loss":0,"event_name":"Wheel of Change","floor":14,"gold_loss":0}],"is_beta":false,"boss_relics":[{"not_picked":["halation:Prosthetics","conspire:SlowCooker"],"picked":"aspiration:PoetsPen_weak"}],"items_purged_floors":[],"is_endless":false,"potions_floor_spawned":[1,4,12,20],"killed_by":"Chosen and Byrds","ascension_level":0}}