{"host":"d7fiu2yjkssjxoz6","time":1611709422,"event":{"mods":["AchievementEnabler","BaseMod","Duelist Mod","Minty Spire (QoL Compilation)","StSLib"],"gold_per_floor":[135,285,301,222,222,253,113,113,113],"floor_reached":8,"language":"ENG","playtime":351,"items_purged":[],"score":95,"play_id":"621a7b82-28d7-48d8-8de0-7fe3ba4241b8","local_time":"20210126170342","is_ascension_mode":true,"campfire_choices":[],"circlet_count":0,"master_deck":["theDuelist:ArchfiendSoldier","theDuelist:ArmoredZombie","AscendersBane","theDuelist:CastleWalls","theDuelist:CastleWalls","theDuelist:ClownZombie","theDuelist:PatricianDarkness","theDuelist:ShallowGrave","theDuelist:Sparks","theDuelist:Sparks","theDuelist:SummonedSkull","theDuelist:CallMummy","Doubt","theDuelist:FiendSkull","theDuelist:CallGrave","theDuelist:VendreadCore"],"relics":["theDuelist:MillenniumPuzzle","theDuelist:CardPoolRelic","theDuelist:CardPoolBasicRelic","theDuelist:BoosterPackPoolRelic","theDuelist:CardPoolAddRelic","theDuelist:CardPoolMinusRelic","theDuelist:CardPoolSaveRelic","theDuelist:CardPoolOptionsRelic","theDuelist:DuelistLetterOpener","Orichalcum","theDuelist:DuelistLetterOpener"],"acts_visited":["Exordium"],"potions_floor_usage":[8],"damage_taken":[{"damage":0,"enemies":"Cultist","floor":1,"turns":3},{"damage":0,"enemies":"2 Louse","floor":3,"turns":2},{"damage":34,"enemies":"Lagavulin","floor":6,"turns":7},{"damage":31,"enemies":"3 Sentries","floor":8,"turns":6}],"seed_played":"-1388340627676928910","potions_obtained":[{"floor":6,"key":"theDuelist:TokenPotionB"}],"is_trial":false,"path_per_floor":["M","?","M","?","?","E","?","E"],"character_chosen":"THE_DUELIST","items_purchased":[],"campfire_rested":0,"item_purchase_floors":[],"current_hp_per_floor":[70,70,70,70,62,28,28,0,0],"gold":113,"neow_bonus":"TEN_PERCENT_HP_BONUS","is_daily":false,"chose_seed":false,"campfire_upgraded":0,"win_rate":0.0,"timestamp":1611709422,"path_taken":["M","?","M","?","?","E","?","E"],"items_purchased_type":[],"build_version":"2020-12-22","purchased_purges":0,"victory":false,"max_hp_per_floor":[77,77,77,77,77,77,77,77,77],"card_choices":[{"not_picked":["theDuelist:PotDuality","theDuelist:YukiOnnaIce","theDuelist:RegenMummy","theDuelist:Mezuki"],"picked":"theDuelist:CallMummy","floor":1},{"not_picked":["theDuelist:RedEyesZombie","theDuelist:GreyGreedOni","theDuelist:PurplePainOni","theDuelist:RainbowKuriboh"],"picked":"theDuelist:FiendSkull","floor":3},{"not_picked":["theDuelist:ShadowVampire","theDuelist:DarkDustSpirit","theDuelist:GhostReaper","theDuelist:AlienTelepath"],"picked":"theDuelist:VendreadCore","floor":6}],"player_experience":320441,"relics_obtained":[{"floor":6,"key":"Orichalcum"}],"event_choices":[{"damage_healed":0,"gold_gain":150,"player_choice":"AGREE","damage_taken":0,"max_hp_gain":0,"max_hp_loss":0,"event_name":"Liars Game","floor":2,"gold_loss":0,"cards_obtained":["Doubt"]},{"damage_healed":0,"gold_gain":0,"player_choice":"Purchased Call of Grave for 79 Gold.","duelist":true,"damage_taken":0,"max_hp_gain":0,"max_hp_loss":0,"event_name":"Card Trader","floor":4,"gold_loss":0},{"damage_healed":0,"gold_gain":0,"player_choice":"Dig - random Duelist relic","duelist":true,"damage_taken":0,"max_hp_gain":0,"max_hp_loss":0,"event_name":"Aknamkanon\u0027s Tomb","floor":5,"gold_loss":0},{"damage_healed":0,"gold_gain":0,"player_choice":"Duplicated Relic - Paladin Scrollcleaver","duelist":true,"damage_taken":0,"max_hp_gain":0,"max_hp_loss":0,"event_name":"Relic Duplicator","floor":7,"gold_loss":0}],"is_beta":false,"boss_relics":[],"items_purged_floors":[],"is_endless":false,"potions_floor_spawned":[6],"killed_by":"3 Sentries","ascension_level":15}}