{"host":"jpcy2bclvs7juczu","time":1611759305,"event":{"mods":["Alarm Clock","BaseMod","Bestiary","Block Reminder","Colored Map","Colored Powertips","Curses Come First","Dark Map","Minty Spire (QoL Compilation)","Quick Restart","RNG Fix","Relic Stats","Slay the Relics Exporter","StSLib","ojb\u0027s Better Paths Mod","ojb\u0027s Info Mod","slay the spire mod where everything is the same but ironclad has a cowboy hat"],"gold_per_floor":[117,192,202,222,242,267,267,286,310,324,354,366,36,54,54,127,127,141,141,159,26,44,44,44,44],"floor_reached":24,"language":"ENG","playtime":1069,"items_purged":["WreathOfFlame+1"],"score":474,"play_id":"11b24560-4239-4fee-aacc-ca881ebd4b5b","local_time":"20210127095505","is_ascension_mode":true,"campfire_choices":[{"data":"Eruption","floor":7,"key":"SMITH"},{"data":"CrushJoints","floor":15,"key":"SMITH"},{"data":"CrushJoints","floor":23,"key":"SMITH"}],"circlet_count":0,"master_deck":["AscendersBane","Eruption+1","Vigilance+1","BowlingBash+1","EmptyBody+1","Weave+1","TalkToTheHand","FlurryOfBlows","LessonLearned","Wallop","Meditate+1","FearNoEvil+1","CrushJoints+1","Scrawl","ThirdEye+1","FollowUp+1","Conclude","CrushJoints+1","EmptyMind","Sanctity","EmptyBody"],"relics":["Astrolabe","Nunchaku","War Paint","PreservedInsect","Incense Burner","Pandora\u0027s Box"],"acts_visited":["Exordium","TheCity"],"potions_floor_usage":[11,16,16,20],"damage_taken":[{"damage":0,"enemies":"2 Louse","floor":1,"turns":3},{"damage":0,"enemies":"Small Slimes","floor":3,"turns":2},{"damage":0,"enemies":"Jaw Worm","floor":4,"turns":3},{"damage":5,"enemies":"Large Slime","floor":5,"turns":4},{"damage":10,"enemies":"3 Sentries","floor":6,"turns":5},{"damage":0,"enemies":"2 Fungi Beasts","floor":8,"turns":3},{"damage":4,"enemies":"3 Louse","floor":10,"turns":3},{"damage":0,"enemies":"Lagavulin","floor":11,"turns":4},{"damage":6,"enemies":"Lots of Slimes","floor":12,"turns":4},{"damage":14,"enemies":"Exordium Wildlife","floor":14,"turns":9},{"damage":8,"enemies":"Slime Boss","floor":16,"turns":11},{"damage":0,"enemies":"Chosen","floor":18,"turns":3},{"damage":18,"enemies":"Spheric Guardian","floor":20,"turns":4},{"damage":3,"enemies":"3 Cultists","floor":22,"turns":4},{"damage":32,"enemies":"Book of Stabbing","floor":24,"turns":4}],"seed_played":"7552958820501156586","potions_obtained":[{"floor":1,"key":"BlessingOfTheForge"},{"floor":4,"key":"LiquidBronze"},{"floor":6,"key":"EssenceOfSteel"},{"floor":8,"key":"LiquidMemories"},{"floor":11,"key":"DistilledChaos"},{"floor":14,"key":"StancePotion"},{"floor":16,"key":"ColorlessPotion"}],"is_trial":false,"path_per_floor":["M","?","M","M","M","E","R","M","T","M","E","M","$","M","R","B",null,"M","?","M","$","M","R","E"],"character_chosen":"WATCHER","items_purchased":["Incense Burner","EmptyBody"],"campfire_rested":0,"item_purchase_floors":[13,21],"current_hp_per_floor":[61,50,50,50,45,35,35,35,35,31,31,25,25,11,11,3,52,52,52,34,34,31,31,0,0],"gold":44,"neow_bonus":"BOSS_RELIC","is_daily":false,"chose_seed":false,"campfire_upgraded":3,"win_rate":0.0,"timestamp":1611759305,"path_taken":["M","?","?","M","M","E","R","M","T","M","E","?","$","M","R","BOSS","M","?","M","$","?","R","E"],"items_purchased_type":["Relic","Card"],"build_version":"2020-12-22","purchased_purges":1,"victory":false,"max_hp_per_floor":[68,68,68,68,68,68,68,68,68,68,68,68,68,68,68,68,68,68,68,68,68,68,68,68,68],"relic_stats":{"Nunchaku":[12],"counters":[15,66],"Astrolabe":["BowlingBash","EmptyBody","Weave"],"Pandora\u0027s Box":["WreathOfFlame","ThirdEye","FollowUp","Conclude","CrushJoints"],"PreservedInsect":43,"War Paint":["Defend_P","Vigilance"],"obtain_stats":[{"Nunchaku":6,"Astrolabe":0,"Pandora\u0027s Box":17,"PreservedInsect":11,"Incense Burner":13,"PureWater":0,"War Paint":9},{"Nunchaku":5,"Astrolabe":0,"Pandora\u0027s Box":11,"PreservedInsect":8,"Incense Burner":9,"PureWater":0,"War Paint":6},{"Nunchaku":17,"Astrolabe":0,"Pandora\u0027s Box":51,"PreservedInsect":27,"Incense Burner":31,"PureWater":0,"War Paint":20}]},"card_choices":[{"not_picked":["Adaptation","CutThroughFate"],"picked":"TalkToTheHand","floor":1},{"not_picked":["Sanctity","EmptyBody","Collect"],"picked":"SKIP","floor":3},{"not_picked":["FlyingSleeves","ThirdEye"],"picked":"FlurryOfBlows","floor":4},{"not_picked":["Prostrate","JustLucky","ClearTheMind"],"picked":"SKIP","floor":5},{"not_picked":["Evaluate","SashWhip","LikeWater"],"picked":"SKIP","floor":6},{"not_picked":["Vengeance","Protect"],"picked":"LessonLearned","floor":8},{"not_picked":["Protect","DeceiveReality"],"picked":"Wallop","floor":10},{"not_picked":["Worship","Perseverance"],"picked":"Meditate","floor":11},{"not_picked":["CutThroughFate","PathToVictory"],"picked":"FearNoEvil","floor":12},{"not_picked":["FlyingSleeves","Halt"],"picked":"CrushJoints","floor":14},{"not_picked":["Devotion","ConjureBlade"],"picked":"Scrawl","floor":16},{"not_picked":["ClearTheMind","Protect"],"picked":"EmptyMind","floor":18},{"not_picked":["Pray","FlyingSleeves"],"picked":"Sanctity","floor":20},{"not_picked":["ClearTheMind","Consecrate","WreathOfFlame"],"picked":"SKIP","floor":22}],"player_experience":1499547,"relics_obtained":[{"floor":6,"key":"Nunchaku"},{"floor":9,"key":"War Paint"},{"floor":11,"key":"PreservedInsect"}],"event_choices":[{"damage_healed":0,"gold_gain":75,"player_choice":"Gather Gold","damage_taken":11,"max_hp_gain":0,"max_hp_loss":0,"event_name":"World of Goop","floor":2,"gold_loss":0},{"damage_healed":0,"gold_gain":0,"player_choice":"Ignored","damage_taken":0,"max_hp_gain":0,"max_hp_loss":0,"event_name":"Ghosts","floor":19,"gold_loss":0}],"is_beta":false,"boss_relics":[{"not_picked":["SlaversCollar","Busted Crown"],"picked":"Pandora\u0027s Box"}],"items_purged_floors":[21],"is_endless":false,"potions_floor_spawned":[1,4,6,8,11,14,16],"killed_by":"Book of Stabbing","ascension_level":20}}