{"host":"fyvphxqbgz2qvgcm","time":1611761214,"event":{"mods":["AchievementEnabler","BaseMod","Better Altar","Better Third Choice","BetterRewards","Card Forge","Custom Start","Minty Spire (QoL Compilation)","Quick Restart","Shop Mod","Spicy Shops","StSLib","Thieving Mod","UnlockEverythingMod"],"gold_per_floor":[119,119,135,186,98,98,130,130,156,168,205,217,245,257,269,281,281],"floor_reached":16,"language":"ZHS","playtime":295,"items_purged":[],"score":312,"play_id":"79e1e23d-bb02-4c1c-872d-6f0bb65d1508","local_time":"20210127232654","is_ascension_mode":true,"campfire_choices":[{"data":"Bash","floor":6,"key":"SMITH"},{"data":"Metallicize","floor":8,"key":"SMITH"},{"data":"Power Through","floor":10,"key":"SMITH"},{"data":"Inflame","floor":15,"key":"SMITH"}],"circlet_count":0,"master_deck":["AscendersBane","Strike_R","Strike_R","Strike_R","Strike_R","Strike_R","Defend_R","Defend_R","Defend_R","Defend_R","Bash+1","Power Through+1","Hemokinesis","Shrug It Off","Metallicize+1","Inflame+1","Regret","Seeing Red","Combust","Injury"],"relics":["Burning Blood","Hammer of Thor","Seething Fire","Anvil of the Gods","NeowsBlessing","Tiny Chest","Question Card","Membership Card","Regal Pillow","Prayer Wheel","Orichalcum","MawBank","Blood Vial","Nunchaku","Golden Idol"],"acts_visited":["Exordium"],"potions_floor_usage":[11],"damage_taken":[{"damage":0.0,"enemies":"Small Slimes","floor":1.0,"turns":1.0},{"damage":0.0,"enemies":"Jaw Worm","floor":3.0,"turns":1.0},{"damage":0,"enemies":"Lagavulin","floor":7,"turns":1},{"damage":2,"enemies":"Gremlin Nob","floor":11,"turns":3},{"damage":10,"enemies":"2 Louse","floor":13,"turns":2},{"damage":47,"enemies":"Hexaghost","floor":16,"turns":9}],"seed_played":"-3902522846299432332","potions_obtained":[{"floor":7,"key":"AttackPotion"},{"floor":11,"key":"PowerPotion"}],"is_trial":false,"path_per_floor":["M","?","M","?","$","R","E","R","T","R","E","?","M","?","R","B"],"character_chosen":"IRONCLAD","items_purchased":["Prayer Wheel","Shrug It Off"],"campfire_rested":0,"item_purchase_floors":[5,5],"current_hp_per_floor":[74,64,70,70,70,70,75,75,75,75,75,75,71,71,71,26,26],"gold":281,"neow_bonus":"THREE_ENEMY_KILL","is_daily":false,"chose_seed":false,"campfire_upgraded":4,"win_rate":0.0,"timestamp":1611761214,"path_taken":["M","?","M","?","$","R","E","R","T","R","E","?","M","?","R","BOSS"],"items_purchased_type":["Relic","Card"],"build_version":"2020-12-22","purchased_purges":0,"victory":false,"max_hp_per_floor":[75,75,75,75,75,75,75,75,75,75,75,75,75,75,75,75,75],"card_choices":[{"not_picked":["Heavy Blade","Shrug It Off"],"picked":"Power Through","floor":1.0},{"not_picked":["Pummel","Warcry","Rampage"],"picked":"Hemokinesis","floor":3.0},{"not_picked":["Flex","Clash","Shrug It Off"],"picked":"Metallicize","floor":7},{"not_picked":["Infernal Blade","Combust","Anger"],"picked":"Inflame","floor":11},{"not_picked":["Pommel Strike","Thunderclap","Twin Strike"],"picked":"Seeing Red","floor":13},{"not_picked":["Feel No Pain","Body Slam","Thunderclap"],"picked":"Combust","floor":13}],"player_experience":8252,"relics_obtained":[{"floor":7,"key":"Orichalcum"},{"floor":9,"key":"MawBank"},{"floor":11,"key":"Blood Vial"}],"event_choices":[{"damage_healed":0.0,"max_hp_gain":0.0,"max_hp_loss":0.0,"gold_gain":1.0,"event_name":"betterThird:BetterScrap","player_choice":"Relic Relic ","floor":2.0,"gold_loss":0.0,"damage_taken":10.0,"cards_obtained":["Reboot"]},{"damage_healed":0.0,"max_hp_gain":0.0,"max_hp_loss":0.0,"gold_gain":51.0,"event_name":"Golden Wing","player_choice":"Gained Gold","floor":4.0,"gold_loss":0.0,"damage_taken":0.0},{"damage_healed":0,"gold_gain":0,"player_choice":"Box","damage_taken":0,"relics_obtained":["Nunchaku"],"max_hp_gain":0,"max_hp_loss":0,"event_name":"Big Fish","floor":12,"gold_loss":0,"cards_obtained":["Regret"]},{"damage_healed":0,"gold_gain":0,"player_choice":"Take Wound","damage_taken":0,"relics_obtained":["Golden Idol"],"max_hp_gain":0,"max_hp_loss":0,"event_name":"Golden Idol","floor":14,"gold_loss":0,"cards_obtained":["Injury"]}],"is_beta":false,"boss_relics":[],"items_purged_floors":[],"is_endless":false,"potions_floor_spawned":[7,11,13],"killed_by":"Hexaghost","ascension_level":20}}