{"host":"g5k24uqcth2ihc11","time":1611727203,"event":{"mods":["Arknights The Spire","BaseMod","Downfall","Jorbs\u0027s Wanderer Trilogy","Marisa????????","Minty Spire (QoL Compilation)","Robot Space Explorer","StSLib","The Cursed","The Dragon Tamer","The Marked","The Servant 0.9.4"],"gold_per_floor":[99,117,128,142,157,157,157,157,184,184,199,214,214,364,381,480,480,480,490,508,508,508,523,548,560,589,627,539,1,1,101,118,222,222,222,237,254,280,296,296,319,339,374,274,274,174,174,30,40,40,40,67,67,67,67,67],"floor_reached":57,"language":"ENG","playtime":7615,"items_purged":["downfall:Icky"],"score":1204,"play_id":"03e2711a-88d4-4201-863f-0484721a8f89","local_time":"20210126220003","daily_mods":["SealedDeck","Flight"],"is_ascension_mode":false,"campfire_choices":[{"data":"Guardian:TemporalStrike","floor":1,"key":"SMITH"},{"data":"Guardian:SentryBeam","floor":6,"key":"SMITH"},{"data":"Guardian:PiercingHide","floor":8,"key":"SMITH"},{"data":"Guardian:StasisField","floor":13,"key":"SMITH"},{"data":"Guardian:StasisStrike","floor":18,"key":"SMITH"},{"data":"Guardian:Suspension","floor":25,"key":"SMITH"},{"floor":28,"key":"REST"},{"data":"expansioncontent:YouAreMine","floor":30,"key":"SMITH"},{"data":"Guardian:AncientConstruct","floor":35,"key":"SMITH"},{"floor":44,"key":"RECALL"},{"data":"Guardian:AncientConstruct","floor":46,"key":"SMITH"},{"data":"Guardian:StasisField","floor":47,"key":"SMITH"},{"data":"Guardian:StasisField","floor":54,"key":"SMITH"}],"circlet_count":0,"master_deck":["Guardian:TemporalStrike+1","Guardian:Recover","Guardian:Incinerate","Guardian:PiercingHide+1","Guardian:TemporalStrike","Guardian:SentryBeam+1","Guardian:PrimingBeam","Guardian:StasisField+1","Guardian:DonusPower","Guardian:TimeSifter","Guardian:StasisStrike+1","Guardian:TemporalStrike","Necronomicurse","Guardian:StasisField+1","Guardian:FloatingOrbs","expansioncontent:YouAreMine+1","Guardian:AncientConstruct+1","Guardian:RollAttack","Guardian:VentSteam+1","Guardian:ExploitGems","Guardian:AncientConstruct+1","Guardian:CrystalBeam","expansioncontent:AwakenDeath","Guardian:StasisField+1"],"relics":["Guardian:ModeShifter","Nunchaku","Bronze Scales","Philosopher\u0027s Stone","Necronomicon","Nloth\u0027s Gift","MawBank","Toy Ornithopter","downfall:HeartBlessingGreen","Lee\u0027s Waffle","Guardian:PocketSentry","SlaversCollar","Strawberry","bronze:BronzeIdol","downfall:HeartBlessingBlue","downfall:HeartBlessingRed","Oddly Smooth Stone"],"acts_visited":["Exordium","TheCity","TheBeyond","TheEnding"],"potions_floor_usage":[20,33,33,39,39,55],"damage_taken":[{"damage":0,"enemies":"Cultist","floor":2,"turns":2},{"damage":0,"enemies":"Small Slimes","floor":3,"turns":2},{"damage":1,"enemies":"Jaw Worm","floor":4,"turns":2},{"damage":0,"enemies":"Large Slime","floor":5,"turns":4},{"damage":9,"enemies":"3 Sentries","floor":9,"turns":5},{"damage":0,"enemies":"2 Fungi Beasts","floor":11,"turns":2},{"damage":0,"enemies":"Red Slaver","floor":12,"turns":2},{"damage":6,"enemies":"Exordium Wildlife","floor":15,"turns":3},{"damage":4,"enemies":"IC_STATUS_ARCHETYPE","floor":16,"turns":8},{"damage":0,"enemies":"Chosen","floor":19,"turns":3},{"damage":0,"enemies":"3 Byrds","floor":20,"turns":3},{"damage":10,"enemies":"3 Cultists","floor":23,"turns":4},{"damage":11,"enemies":"Snake Plant","floor":26,"turns":4},{"damage":21,"enemies":"Slavers","floor":27,"turns":5},{"damage":0,"enemies":"downfall:FleeingMerchant","floor":29,"turns":4},{"damage":0,"enemies":"Cultist and Chosen","floor":32,"turns":3},{"damage":1,"enemies":"DF_ARCHETYPE_CLAW","floor":33,"turns":7},{"damage":14,"enemies":"3 Shapes","floor":36,"turns":4},{"damage":16,"enemies":"Orb Walker","floor":37,"turns":4},{"damage":32,"enemies":"Writhing Mass","floor":39,"turns":5},{"damage":5,"enemies":"Maw","floor":42,"turns":7},{"damage":10,"enemies":"Giant Head","floor":43,"turns":7},{"damage":9,"enemies":"downfall:FleeingMerchant","floor":48,"turns":4},{"damage":6,"enemies":"Sphere and 2 Shapes","floor":49,"turns":3},{"damage":7,"enemies":"SI_POISON_ARCHETYPE","floor":50,"turns":8},{"damage":0,"enemies":"downfall:CharBossMerchant","floor":52,"turns":8},{"damage":8,"enemies":"downfall:NeowBoss","floor":55,"turns":15},{"damage":39,"enemies":"downfall:NeowBossFinal","floor":56,"turns":12}],"seed_played":"-1619894807211363192","potions_obtained":[{"floor":2,"key":"BlessingOfTheForge"},{"floor":5,"key":"SpeedPotion"},{"floor":9,"key":"Swift Potion"},{"floor":27,"key":"Energy Potion"},{"floor":32,"key":"Fire Potion"},{"floor":33,"key":"Regen Potion"},{"floor":37,"key":"Weak Potion"}],"is_trial":true,"path_per_floor":["R","M","M","M","M","R","T","R","E","T","M","M","R","?","M","B",null,"R","M","M","?","?","M","T","R","M","E","R","$","R","?","M","B",null,"R","M","M","?","M","?","T","M","E","R","?","R","R","$","M","B",null,"E","$","R","B","B",null],"character_chosen":"GUARDIAN","items_purchased":["Lee\u0027s Waffle","Guardian:PocketSentry","expansioncontent:YouAreMine","Guardian:Gem_Green","Guardian:Gem_Lightblue","expansioncontent:AwakenDeath","Guardian:Gem_Purple"],"campfire_rested":1,"item_purchase_floors":[29,29,29,29,29,48,48],"current_hp_per_floor":[80,80,80,79,79,79,79,79,70,70,70,70,70,70,64,60,80,80,80,80,64,64,54,54,54,43,22,46,87,87,87,87,86,87,87,73,57,57,47,47,54,49,39,49,91,91,91,82,76,69,91,91,91,91,83,44],"gold":67,"neow_bonus":"","is_daily":false,"chose_seed":false,"campfire_upgraded":11,"win_rate":0.0,"timestamp":1611727203,"path_taken":["R","M","M","M","?","R","T","R","E","?","M","M","R","?","M","BOSS","R","M","M","?","?","?","T","R","M","E","R","$","R","?","M","BOSS","R","M","M","?","M","?","T","?","E","R","?","R","R","$","M","BOSS","E","$","R","BOSS","BOSS"],"items_purchased_type":["Relic","Relic","Card","Card","Card","Card","Card"],"build_version":"2020-12-22","purchased_purges":1,"victory":true,"max_hp_per_floor":[80,80,80,80,80,80,80,80,80,80,80,80,80,80,80,80,80,80,80,80,80,80,80,80,80,80,80,80,87,87,87,87,87,87,87,87,87,87,87,87,94,94,94,104,91,91,91,91,91,91,91,91,91,91,91,91],"card_choices":[{"not_picked":["Guardian:Gem_Purple","Guardian:Gem_Cyan"],"picked":"Guardian:SentryBeam","floor":2},{"not_picked":["Guardian:ShieldCharger","Guardian:Suspension","Guardian:Harden"],"picked":"SKIP","floor":3},{"not_picked":["Guardian:Harden","Guardian:BronzeOrb"],"picked":"Guardian:PrimingBeam","floor":4},{"not_picked":["Guardian:ChargeCore","Guardian:PiercingHide"],"picked":"Guardian:Gem_Red","floor":5},{"not_picked":["Guardian:Planning","Guardian:Gem_Green"],"picked":"Guardian:StasisField","floor":9},{"not_picked":["Guardian:Incinerate","Guardian:Gem_White"],"picked":"Guardian:DonusPower","floor":11},{"not_picked":["Guardian:PolyBeam","Guardian:Gem_Cyan"],"picked":"Guardian:TimeSifter","floor":12},{"not_picked":["Guardian:Incinerate","Guardian:PrimingBeam","Guardian:Reroute"],"picked":"SKIP","floor":15},{"not_picked":["Guardian:ConstructionForm","Guardian:StasisField"],"picked":"Guardian:StasisStrike","floor":16},{"not_picked":["Guardian:Preprogram","Guardian:GuardianWhirl+1"],"picked":"Guardian:TemporalStrike","floor":19},{"not_picked":["Guardian:Gem_Purple","Guardian:Reroute"],"picked":"Guardian:Gem_Crimson","floor":20},{"not_picked":["Guardian:Gem_Red","Guardian:Reroute"],"picked":"Guardian:StasisField","floor":23},{"not_picked":["Guardian:Reroute+1","Guardian:BronzeArmor"],"picked":"Guardian:FloatingOrbs","floor":26},{"not_picked":["Guardian:TimeBomb+1","Guardian:PiercingHide"],"picked":"Guardian:Gem_Blue","floor":27},{"not_picked":["Guardian:PrimingBeam","Guardian:ChargeCore+1"],"picked":"Guardian:Gem_Yellow","floor":29},{"not_picked":["Guardian:Suspension+1","Guardian:SpikerProtocol"],"picked":"Guardian:Gem_Orange","floor":32},{"not_picked":["Guardian:TimeSifter","Guardian:Gem_Orange"],"picked":"Guardian:AncientConstruct","floor":33},{"not_picked":["Guardian:Suspension+1","Guardian:TimeBomb+1","Guardian:ChargeCore+1"],"picked":"SKIP","floor":36},{"not_picked":["Guardian:PiercingHide","Guardian:Reroute+1"],"picked":"Guardian:RollAttack","floor":37},{"not_picked":["Guardian:Incinerate","Guardian:ChargeCore"],"picked":"Guardian:VentSteam+1","floor":39},{"not_picked":["Guardian:TemporalStrike+1","Guardian:Clone","Guardian:Gem_Blue"],"picked":"SKIP","floor":42},{"not_picked":["Guardian:BronzeOrb","Guardian:FloatingOrbs"],"picked":"Guardian:AncientConstruct","floor":43},{"not_picked":["Guardian:TemporalStrike","Guardian:Gem_Lightblue"],"picked":"Guardian:CrystalBeam","floor":48},{"not_picked":["Guardian:TemporalStrike+1","Guardian:Incinerate+1","Guardian:ShieldCharger"],"picked":"SKIP","floor":49},{"not_picked":["Guardian:Gem_Yellow","Guardian:DonusPower+1"],"picked":"Guardian:StasisField","floor":52}],"player_experience":43656,"relics_obtained":[{"floor":7,"key":"Nunchaku"},{"floor":9,"key":"Gremlin Horn"},{"floor":10,"key":"Bronze Scales"},{"floor":21,"key":"Necronomicon"},{"floor":24,"key":"MawBank"},{"floor":27,"key":"Toy Ornithopter"},{"floor":41,"key":"Strawberry"},{"floor":43,"key":"bronze:BronzeIdol"},{"floor":52,"key":"Oddly Smooth Stone"}],"event_choices":[],"is_beta":false,"boss_relics":[{"not_picked":["Empty Cage","bronze:MakeshiftBattery"],"picked":"Philosopher\u0027s Stone"},{"not_picked":["Astrolabe","Runic Dome"],"picked":"SlaversCollar"}],"items_purged_floors":[29],"is_endless":false,"potions_floor_spawned":[2,5,9,15,27,32,33,37],"ascension_level":0}}