{"host":"l6vifo5ajdb3p20b","time":1611761411,"event":{"mods":["2.2 Compatiblity","BaseMod","Better Altar","Better Sensory Stone","Better Skull","Better Third Choice","BetterRewards","Block Reminder","Booster Modes","Card Forge","Colored Map","Defuse TimeMaze Blight","Energized Spire","Evolution","Marisa????????","Minty Spire (QoL Compilation)","Relic Stats","StSLib","The Blackbeard"],"gold_per_floor":[112,129,129,129,149,175,175,187,187,199,209,239,259,288,288,384,384,399,399,415,427,439,464,464,464,464],"floor_reached":25,"language":"ENG","playtime":2122,"items_purged":[],"score":286,"play_id":"ab9cbb9d-47dc-4c27-a88a-871eaf1d6c73","local_time":"20210127223011","is_ascension_mode":true,"campfire_choices":[{"data":"Secret Technique","floor":7,"key":"SMITH"},{"data":"BlazeAway","floor":15,"key":"SMITH"},{"floor":24,"key":"REST"}],"circlet_count":0,"master_deck":["MasterSpark","UpSweep+1","Acceleration","MagicChant","Secret Technique+1","IllusionStar","WitchLeyline","Acceleration","GrandCross","BlazeAway+1","ShootTheMoon","BlazingStar","GalacticHalo","TreasureHunter","ChargingUp","CollectingQuirk","SuperPerseids","DarkMatter","EventHorizon","IllusionStar","FairyDestructionRay","MilkyWay","SporeBomb+1","OortCloud","UltimateShortwave"],"relics":["MiniHakkero","Seething Fire","Anvil of the Gods","EVO:Axolotl","NeowsBlessing","HandmadeGrimoire","Singing Bowl","Whetstone","Juzu Bracelet","Pandora\u0027s Box","Nloth\u0027s Gift","Darkstone Periapt"],"acts_visited":["Exordium","TheCity"],"potions_floor_usage":[10,12,12,14,16,25],"damage_taken":[{"damage":0,"enemies":"Small Slimes","floor":1,"turns":1},{"damage":0,"enemies":"2 Louse","floor":2,"turns":1},{"damage":0,"enemies":"Jaw Worm","floor":5,"turns":1},{"damage":32,"enemies":"Gremlin Nob","floor":6,"turns":4},{"damage":3,"enemies":"Large Slime","floor":8,"turns":4},{"damage":2,"enemies":"Exordium Thugs","floor":10,"turns":3},{"damage":0,"enemies":"2 Fungi Beasts","floor":11,"turns":2},{"damage":6,"enemies":"3 Sentries","floor":12,"turns":4},{"damage":0,"enemies":"Looter","floor":13,"turns":2},{"damage":0,"enemies":"Gremlin Nob","floor":14,"turns":2},{"damage":11,"enemies":"Slime Boss","floor":16,"turns":6},{"damage":14,"enemies":"Shell Parasite","floor":18,"turns":2},{"damage":10,"enemies":"Spheric Guardian","floor":20,"turns":3},{"damage":23,"enemies":"Snake Plant","floor":21,"turns":2},{"damage":0,"enemies":"Centurion and Healer","floor":22,"turns":2},{"damage":20,"enemies":"Book of Stabbing","floor":23,"turns":4},{"damage":35,"enemies":"Gremlin Leader","floor":25,"turns":7}],"seed_played":"9180316540017218133","potions_obtained":[{"floor":6,"key":"PowerPotion"},{"floor":8,"key":"SkillPotion"},{"floor":11,"key":"BottledSpark"},{"floor":13,"key":"FearPotion"},{"floor":14,"key":"FearPotion"},{"floor":23,"key":"FearPotion"}],"is_trial":false,"path_per_floor":["M","M","?","?","M","E","R","M","T","M","M","E","M","E","R","B",null,"M","?","M","M","M","E","R","E"],"character_chosen":"MARISA","items_purchased":[],"campfire_rested":1,"item_purchase_floors":[],"current_hp_per_floor":[75,75,75,75,75,43,43,40,40,38,38,32,32,34,34,23,77,63,63,53,32,32,12,35,0,0],"gold":464,"neow_bonus":"THREE_ENEMY_KILL","is_daily":false,"chose_seed":false,"campfire_upgraded":2,"win_rate":0.0,"timestamp":1611761411,"path_taken":["M","M","?","?","M","E","R","M","T","M","M","E","M","E","R","BOSS","M","?","M","M","M","E","R","E"],"items_purchased_type":[],"build_version":"2020-12-22","purchased_purges":0,"victory":false,"max_hp_per_floor":[75,75,75,75,75,75,75,75,75,75,75,75,75,77,77,77,77,77,77,77,79,79,79,79,79,79],"relic_stats":{"Darkstone Periapt":0,"Singing Bowl":4,"counters":[17,50],"Pandora\u0027s Box":["ChargingUp","CollectingQuirk","SuperPerseids","DarkMatter","EventHorizon","IllusionStar","FairyDestructionRay"],"Juzu Bracelet":0,"Nloth\u0027s Gift":2,"Whetstone":["UpSweep","Strike_MRS"],"obtain_stats":[{"Darkstone Periapt":23,"NeowsBlessing":0,"Singing Bowl":9,"Hammer of Thor":0,"Juzu Bracelet":14,"EVO:Axolotl":0,"Seething Fire":0,"Whetstone":12,"Anvil of the Gods":0,"Pandora\u0027s Box":17,"HandmadeGrimoire":6,"Nloth\u0027s Gift":19,"MiniHakkero":0},{"Darkstone Periapt":16,"NeowsBlessing":0,"Singing Bowl":5,"Hammer of Thor":0,"Juzu Bracelet":10,"EVO:Axolotl":0,"Seething Fire":0,"Whetstone":8,"Anvil of the Gods":0,"Pandora\u0027s Box":11,"HandmadeGrimoire":4,"Nloth\u0027s Gift":12,"MiniHakkero":0},{"Darkstone Periapt":43,"NeowsBlessing":0,"Singing Bowl":11,"Hammer of Thor":0,"Juzu Bracelet":24,"EVO:Axolotl":0,"Seething Fire":0,"Whetstone":20,"Anvil of the Gods":0,"Pandora\u0027s Box":30,"HandmadeGrimoire":7,"Nloth\u0027s Gift":32,"MiniHakkero":0}]},"card_choices":[{"not_picked":["SporeBomb","PowerUp"],"picked":"Acceleration","floor":1},{"not_picked":["LuminesStrike","Acceleration"],"picked":"MagicChant","floor":2},{"not_picked":["Impatience","Panacea"],"picked":"Secret Technique","floor":3},{"not_picked":["DragonMeteor","GravityBeat"],"picked":"WitchLeyline","floor":5},{"not_picked":["SuperNova","DoubleSpark"],"picked":"Acceleration","floor":6},{"not_picked":["Acceleration","MilkyWay"],"picked":"GrandCross","floor":8},{"not_picked":["NonDirectionalLaser","6A"],"picked":"BlazeAway","floor":10},{"not_picked":["EnergyRecoil","GrandCross"],"picked":"ShootTheMoon","floor":11},{"not_picked":["WitchLeyline","UnstableBomb"],"picked":"BlazingStar","floor":12},{"not_picked":["DarkMatter","OrrerysSun"],"picked":"GalacticHalo","floor":13},{"not_picked":["ShootTheMoon","Acceleration","UnstableBomb"],"picked":"Singing Bowl","floor":14},{"not_picked":["SatelliteIllusion","EscapeVelocity"],"picked":"TreasureHunter","floor":16},{"not_picked":["UnstableBomb+1","Acceleration"],"picked":"MilkyWay","floor":18},{"not_picked":["UnstableBomb","GrandCross"],"picked":"SporeBomb+1","floor":20},{"not_picked":["SatelliteIllusion","DragonMeteor","SporeBomb"],"picked":"Singing Bowl","floor":21},{"not_picked":["SporeBomb+1","MachineGunSpark"],"picked":"OortCloud","floor":22},{"not_picked":["Orbital","CasketOfStar"],"picked":"UltimateShortwave","floor":23}],"player_experience":923886,"relics_obtained":[{"floor":6,"key":"HandmadeGrimoire"},{"floor":9,"key":"Singing Bowl"},{"floor":12,"key":"Whetstone"},{"floor":14,"key":"Juzu Bracelet"},{"floor":23,"key":"Darkstone Periapt"}],"event_choices":[{"damage_healed":0,"gold_gain":1,"player_choice":"1","damage_taken":0,"max_hp_gain":0,"max_hp_loss":0,"event_name":"betterStone:BetterStone","floor":3,"gold_loss":0},{"damage_healed":0,"gold_gain":0,"cards_transformed":["Strike_MRS"],"player_choice":"Change","damage_taken":0,"max_hp_gain":0,"max_hp_loss":0,"event_name":"Living Wall","floor":4,"gold_loss":0,"cards_obtained":["IllusionStar"]},{"damage_healed":0,"gold_gain":0,"player_choice":"Traded Relic","damage_taken":0,"relics_obtained":["Nloth\u0027s Gift"],"max_hp_gain":0,"max_hp_loss":0,"event_name":"N\u0027loth","floor":19,"relics_lost":["Hammer of Thor"],"gold_loss":0}],"is_beta":false,"boss_relics":[{"not_picked":["SacredBark","energizedSpire:StickyHand"],"picked":"Pandora\u0027s Box"}],"items_purged_floors":[],"is_endless":false,"potions_floor_spawned":[6,8,11,13,14,23],"killed_by":"Gremlin Leader","ascension_level":1}}