{"host":"p9t7qd83igtcp2bh","time":1611719049,"event":{"mods":["2.2 Compatiblity","AchievementEnabler","BaseMod","Colored Map","Colored Powertips","Custom Start","DeckTracker","Keyboard Shortcuts","Minty Spire (QoL Compilation)","Permanent Neow","StSLib","SuperFastMode","everything is the same but u backflip on backflip"],"gold_per_floor":[110,120,136,136,61,100,100,114,114,114,114],"floor_reached":10,"language":"KOR","playtime":259,"items_purged":["Strike_G"],"score":136,"play_id":"849d47d3-c105-4b5c-a4e0-a2b40a1594c1","local_time":"20210127124409","is_ascension_mode":true,"campfire_choices":[{"data":"Corpse Explosion","floor":7.0,"key":"SMITH"}],"circlet_count":0,"master_deck":["AscendersBane","Strike_G","Strike_G","Strike_G","Strike_G","Defend_G","Defend_G","Defend_G","Defend_G","Defend_G","Survivor","Neutralize","Corpse Explosion+1","Dagger Throw","Backflip","Calculated Gamble","Acrobatics","Masterful Stab"],"relics":["Ring of the Snake","Golden Idol","Bronze Scales","The Courier"],"acts_visited":["Exordium"],"potions_floor_usage":[10],"damage_taken":[{"damage":1.0,"enemies":"Small Slimes","floor":1.0,"turns":3.0},{"damage":6.0,"enemies":"Jaw Worm","floor":2.0,"turns":6.0},{"damage":7.0,"enemies":"2 Louse","floor":3.0,"turns":2.0},{"damage":1.0,"enemies":"3 Sentries","floor":6.0,"turns":4.0},{"damage":17,"enemies":"Large Slime","floor":8,"turns":9},{"damage":30,"enemies":"Lagavulin","floor":10,"turns":5}],"seed_played":"5079275631829698188","potions_obtained":[{"floor":2.0,"key":"EssenceOfSteel"},{"floor":3.0,"key":"CunningPotion"},{"floor":6.0,"key":"AttackPotion"}],"is_trial":false,"path_per_floor":["M","M","M","?","$","E","R","M","T","E"],"character_chosen":"THE_SILENT","items_purchased":[],"campfire_rested":0,"item_purchase_floors":[],"current_hp_per_floor":[58,52,45,45,45,44,44,27,27,0,0],"gold":114,"neow_bonus":"ONE_RANDOM_RARE_CARD","is_daily":false,"chose_seed":false,"campfire_upgraded":1,"win_rate":0.0,"timestamp":1611719049,"path_taken":["M","M","M","?","$","E","R","M","T","E"],"items_purchased_type":[],"build_version":"2020-12-22","purchased_purges":1,"victory":false,"max_hp_per_floor":[66,66,66,60,60,60,60,60,60,60,60],"card_choices":[{"not_picked":["Deadly Poison","Heel Hook"],"picked":"Dagger Throw","floor":1.0},{"not_picked":["Deflect","Underhanded Strike"],"picked":"Backflip","floor":2.0},{"not_picked":["Predator","Slice"],"picked":"Calculated Gamble","floor":3.0},{"not_picked":["Poisoned Stab","Flying Knee"],"picked":"Acrobatics","floor":6.0},{"not_picked":["Underhanded Strike","Sucker Punch"],"picked":"Masterful Stab","floor":8}],"player_experience":688074,"relics_obtained":[{"floor":6.0,"key":"Bronze Scales"},{"floor":9,"key":"The Courier"}],"event_choices":[{"damage_healed":0.0,"max_hp_gain":0.0,"max_hp_loss":6.0,"gold_gain":0.0,"event_name":"Golden Idol","player_choice":"Lose Max HP","floor":4.0,"gold_loss":0.0,"damage_taken":0.0,"relics_obtained":["Golden Idol"]}],"is_beta":false,"boss_relics":[],"items_purged_floors":[5],"is_endless":false,"potions_floor_spawned":[2,3,6],"killed_by":"Lagavulin","ascension_level":20}}