{"host":"ubyp1yuphwcqvn8x","time":1611720605,"event":{"mods":["BaseMod","Colored Map","Minty Spire (QoL Compilation)","Permanent Neow","Replay The Spire","StSLib","SuperFastMode","The Construct"],"gold_per_floor":[119,119,119,133,145,180,180,9,83,103,138,138,148,166,166,271,271,290,300,313,238,238,269,286,316,391,403,5,25,55,96,96,232,232,256,274,301,381,439,439,486,32,78,87,149,197,230,258,258,284,284,284,13,104,108],"floor_reached":56,"language":"ENG","playtime":15946,"items_purged":["Replay:Undeath\u0027s Touch","Normality"],"score":1584,"play_id":"c4a19dbe-2a0a-487a-9c8d-4a6a3274ef66","local_time":"20210126231005","is_ascension_mode":true,"campfire_choices":[{"data":"Demonic Infusion","floor":7.0,"key":"SMITH"},{"data":"Fire Breathing","floor":12.0,"key":"SMITH"},{"floor":15.0,"key":"REST"},{"floor":27.0,"key":"REST"},{"floor":32.0,"key":"REST"},{"floor":40.0,"key":"REST"},{"floor":49.0,"key":"RECALL"},{"floor":52,"key":"DIG"}],"circlet_count":0,"master_deck":["Bash+1","Reckless Charge","Sword Boomerang+1","Fire Breathing+1","Immolate","Battle Trance","Inflame","Hemokinesis","Voices","Demonic Infusion+1","Defy Death","Berserk+1","Dual Wield","Abandon","Immolate+1","Shrug It Off+1","Demonic Infusion","Disarm","Pummel","Spreading Infection","Feed+1","Madness","Madness","Survey Options","Metamorphosis+1","Crow Ritual+1","ReplayTheSpireMod:IOU","Injury","ReplayTheSpireMod:Splinters","Secret Technique+1","Doubt","Overencumbered","Power Through+1","Sickly","Delirium","Secret Weapon+1","Pot Of Greed+1","Pot Of Greed+1","Pot Of Greed+1","Pot Of Greed+1","Dark Shackles+1","Clumsy","Storm"],"relics":["Pandora\u0027s Box","ReplayTheSpireMod:Ring of Collecting","Ring of Searing","Pet Ghost","Membership Card","Ring of Misfortune","The Courier","Mirror","construct:WeddingRing","ReplayTheSpireMod:Ninjato","Gremlin Food","Ring of Greed","Blue Doll","MawBank","Guide Book","Darkstone Periapt","CeramicFish","Replay:Bandana","Golden Egg","Ooze Armor","Incense Burner","Juzu Bracelet","PrismaticShard","Thread and Needle","Replay:Multitool","Anchor","ReplayTheSpireMod:Ring of Exchange","MealTicket","Shovel","Ring of Peace","Ancient Tea Set","Shuriken","Grinning Jar","Centennial Puzzle","Replay:Rubber Ducky","ReplayFunnel"],"acts_visited":["Exordium","TheCity","TheBeyond","TheEnding"],"potions_floor_usage":[55,55,55,55,55,55],"damage_taken":[{"damage":2.0,"enemies":"Jaw Worm","floor":1.0,"turns":1.0},{"damage":0.0,"enemies":"2 Louse","floor":4.0,"turns":1.0},{"damage":7.0,"enemies":"Cultist","floor":5.0,"turns":2.0},{"damage":37.0,"enemies":"Lagavulin","floor":6.0,"turns":4.0},{"damage":0.0,"enemies":"Gremlin Gang","floor":10.0,"turns":1.0},{"damage":2.0,"enemies":"Gremlin Nob","floor":11.0,"turns":3.0},{"damage":0.0,"enemies":"Large Slime","floor":13.0,"turns":2.0},{"damage":12.0,"enemies":"Blue Slaver","floor":14.0,"turns":2.0},{"damage":3.0,"enemies":"The Guardian","floor":16.0,"turns":4.0},{"damage":9.0,"enemies":"Chosen","floor":18.0,"turns":3.0},{"damage":14.0,"enemies":"Spheric Guardian","floor":19.0,"turns":3.0},{"damage":0.0,"enemies":"Centurion and Healer","floor":20.0,"turns":5.0},{"damage":21.0,"enemies":"Replay:Snechameleon","floor":23.0,"turns":4.0},{"damage":9.0,"enemies":"Snecko","floor":24.0,"turns":3.0},{"damage":23.0,"enemies":"Slavers","floor":25.0,"turns":4.0},{"damage":20.0,"enemies":"Snake Plant","floor":29.0,"turns":2.0},{"damage":5.0,"enemies":"Shelled Parasite and Fungi","floor":30.0,"turns":4.0},{"damage":4.0,"enemies":"Snecko","floor":31.0,"turns":4.0},{"damage":19.0,"enemies":"Automaton","floor":33.0,"turns":5.0},{"damage":16.0,"enemies":"3 Shapes","floor":35.0,"turns":4.0},{"damage":51.0,"enemies":"2 Orb Walkers","floor":38.0,"turns":4.0},{"damage":10.0,"enemies":"Orb Walker","floor":39.0,"turns":2.0},{"damage":31.0,"enemies":"Reptomancer","floor":41.0,"turns":5.0},{"damage":25.0,"enemies":"R_Hoarder","floor":45.0,"turns":7.0},{"damage":20.0,"enemies":"Sphere and 2 Shapes","floor":47.0,"turns":4.0},{"damage":0.0,"enemies":"4 Shapes","floor":48.0,"turns":3.0},{"damage":37,"enemies":"Donu and Deca","floor":50,"turns":7},{"damage":42,"enemies":"Shield and Spear","floor":54,"turns":5},{"damage":0,"enemies":"The Heart","floor":55,"turns":8}],"seed_played":"-5501205353339632852","potions_obtained":[{"floor":6.0,"key":"LifebloodPotion"},{"floor":10.0,"key":"LiquidMemories"},{"floor":13.0,"key":"EntropicBrew"},{"floor":19.0,"key":"Toxic Potion"},{"floor":20.0,"key":"PowerPotion"},{"floor":25.0,"key":"ColorlessPotion"},{"floor":31.0,"key":"BlessingOfTheForge"},{"floor":35.0,"key":"LiquidBronze"},{"floor":39.0,"key":"BloodPotion"},{"floor":48.0,"key":"AttackPotion"}],"is_trial":false,"path_per_floor":["M","?","?","M","M","E","R","$","T","M","E","R","M","M","R","B",null,"M","M","M","?","?","E","M","E","T","R","$","M","M","M","R","B",null,"M","?","?","?","M","R","E","$","T","?","E","T","M","M","R_BF","B",null,"R","$","E","B",null],"character_chosen":"IRONCLAD","items_purchased":["Membership Card","Adrenaline Potion","Guide Book","Darkstone Periapt","CeramicFish","Replay:Bandana","Golden Egg","Secret Technique","PrismaticShard","Thread and Needle","Replay:Multitool","Anchor","PowerPotion","Secret Weapon","Grinning Jar","Centennial Puzzle","Replay:Rubber Ducky","EntropicBrew","Dark Shackles"],"campfire_rested":4,"item_purchase_floors":[8,8,28,28,28,28,28,42,42,42,42,42,42,53,53,53,53,53,53],"current_hp_per_floor":[78,83,83,83,76,39,39,39,39,39,37,37,37,25,50,47,85,76,62,62,62,62,41,32,9,9,34,34,14,9,11,38,25,97,81,69,59,14,22,58,27,51,51,127,108,108,88,92,92,67,149,149,149,113,113],"gold":108,"neow_bonus":"BOSS_RELIC","is_daily":false,"chose_seed":false,"campfire_upgraded":2,"win_rate":0.0,"timestamp":1611720605,"path_taken":["M","?","?","M","?","E","R","?","T","M","E","R","M","M","R","BOSS","M","M","?","?","?","E","M","E","T","R","$","M","?","M","R","BOSS","M","?","?","?","M","R","E","$","T","?","E","?","M","M","R_BF","BOSS","R","$","E","BOSS"],"items_purchased_type":["Relic","Potion","Relic","Relic","Relic","Relic","Relic","Card","Relic","Relic","Relic","Relic","Potion","Card","Relic","Relic","Relic","Potion","Card"],"build_version":"2020-12-22","purchased_purges":2,"victory":true,"max_hp_per_floor":[80,85,85,85,85,85,85,85,85,85,85,85,85,85,85,85,85,85,85,85,85,85,85,85,85,85,85,85,85,85,91,91,97,97,97,97,97,103,121,121,121,121,121,127,133,133,133,137,137,149,149,149,149,155,155],"card_choices":[{"not_picked":["Twin Strike","True Grit"],"picked":"Replay:Undeath\u0027s Touch","floor":1.0},{"not_picked":["Flex","Clash","Combust"],"picked":"SKIP","floor":4.0},{"not_picked":["Armaments","Uppercut"],"picked":"Demonic Infusion","floor":5.0},{"not_picked":["Heavy Blade","Clash","True Grit"],"picked":"SKIP","floor":6.0},{"not_picked":["Anger","Bloodletting","Perfected Strike"],"picked":"SKIP","floor":10.0},{"not_picked":["Twin Strike","Burning Pact","Seeing Red"],"picked":"SKIP","floor":11.0},{"not_picked":["Shrug It Off","Power Through","Searing Blow"],"picked":"SKIP","floor":13.0},{"not_picked":["Sword Boomerang","Replay:Undeath\u0027s Touch"],"picked":"Defy Death","floor":14.0},{"not_picked":["Offering","Brutality"],"picked":"Berserk","floor":16.0},{"not_picked":["Blood for Blood","True Grit","Rupture"],"picked":"SKIP","floor":18.0},{"not_picked":["Perfected Strike","Armaments"],"picked":"Dual Wield","floor":19.0},{"not_picked":["Flex+1","Run Through+1","Uppercut"],"picked":"SKIP","floor":20.0},{"not_picked":["ReplayTheSpireMod:Strike From Hell","Defy Death"],"picked":"Immolate","floor":23.0},{"not_picked":["Body Slam","Clothesline"],"picked":"Shrug It Off+1","floor":24.0},{"not_picked":["Disarm","Carnage"],"picked":"Demonic Infusion","floor":25.0},{"not_picked":["ReplayTheSpireMod:Corrosion Curse","True Grit","Thunderclap"],"picked":"SKIP","floor":29.0},{"not_picked":["Clothesline","Armaments+1"],"picked":"Disarm","floor":30.0},{"not_picked":["Perfected Strike","Replay:Undeath\u0027s Touch"],"picked":"Pummel","floor":31.0},{"not_picked":["Immolate","Exhume"],"picked":"Feed","floor":33.0},{"not_picked":["Body Slam+1","ReplayTheSpireMod:LeadingStrike+1","Cleave+1"],"picked":"SKIP","floor":35.0},{"not_picked":["Trip","Jack Of All Trades"],"picked":"Survey Options","floor":37.0},{"not_picked":["Dark Shackles","ReplayTheSpireMod:Uncanny Aura"],"picked":"Metamorphosis","floor":37.0},{"not_picked":["Discovery","Swift Strike"],"picked":"Crow Ritual","floor":37.0},{"not_picked":["Perfected Strike","Headbutt+1","Blood for Blood"],"picked":"SKIP","floor":39.0},{"not_picked":["Replay:Undeath\u0027s Touch","Clothesline+1","Dropkick+1"],"picked":"SKIP","floor":41.0},{"not_picked":["Stack","Meteor Strike","construct:ClusterMines"],"picked":"SKIP","floor":45.0},{"not_picked":["Gash+1","construct:VentSteam","Anger"],"picked":"SKIP","floor":47.0},{"not_picked":["Blur","CrushJoints"],"picked":"Power Through+1","floor":48.0},{"not_picked":["Power Through","Anger"],"picked":"Storm","floor":54}],"player_experience":1087135,"relics_obtained":[{"floor":3.0,"key":"ReplayTheSpireMod:Ring of Collecting"},{"floor":3.0,"key":"Ring of Searing"},{"floor":6.0,"key":"Pet Ghost"},{"floor":9.0,"key":"Ring of Misfortune"},{"floor":9.0,"key":"The Courier"},{"floor":11.0,"key":"Mirror"},{"floor":23.0,"key":"ReplayTheSpireMod:Ninjato"},{"floor":25.0,"key":"Gremlin Food"},{"floor":26.0,"key":"Ring of Greed"},{"floor":26.0,"key":"Blue Doll"},{"floor":26.0,"key":"MawBank"},{"floor":38.0,"key":"Incense Burner"},{"floor":41.0,"key":"Juzu Bracelet"},{"floor":43.0,"key":"ReplayTheSpireMod:Ring of Exchange"},{"floor":43.0,"key":"MealTicket"},{"floor":45.0,"key":"Shovel"},{"floor":46.0,"key":"Ring of Peace"},{"floor":46.0,"key":"Ancient Tea Set"},{"floor":52,"key":"Shuriken"},{"floor":54,"key":"ReplayFunnel"}],"event_choices":[{"damage_healed":0.0,"max_hp_gain":5.0,"max_hp_loss":0.0,"gold_gain":0.0,"event_name":"Big Fish","player_choice":"Donut","floor":2.0,"gold_loss":0.0,"damage_taken":0.0},{"cards_removed":["Entrench"],"damage_healed":0.0,"max_hp_gain":0.0,"max_hp_loss":0.0,"gold_gain":0.0,"event_name":"Beggar","player_choice":"Gave Gold","floor":21.0,"gold_loss":75.0,"damage_taken":0.0},{"damage_healed":0.0,"max_hp_gain":0.0,"max_hp_loss":0.0,"gold_gain":0.0,"cards_transformed":["Metallicize"],"event_name":"Transmorgrifier","player_choice":"Transformed","floor":22.0,"gold_loss":0.0,"damage_taken":0.0,"cards_obtained":["Abandon"]},{"damage_healed":0.0,"max_hp_gain":0.0,"max_hp_loss":0.0,"gold_gain":0.0,"event_name":"Winding Halls","player_choice":"Embrace Madness","floor":36.0,"gold_loss":0.0,"damage_taken":12.0,"cards_obtained":["Madness","Madness"]},{"damage_healed":0.0,"max_hp_gain":0.0,"max_hp_loss":0.0,"gold_gain":0.0,"event_name":"SensoryStone","player_choice":"Memory 3","floor":37.0,"gold_loss":0.0,"damage_taken":10.0},{"damage_healed":0.0,"max_hp_gain":0.0,"max_hp_loss":0.0,"gold_gain":0.0,"event_name":"Mysterious Sphere","player_choice":"Fight","floor":38.0,"gold_loss":0.0,"damage_taken":0.0},{"damage_healed":70.0,"max_hp_gain":0.0,"max_hp_loss":0.0,"gold_gain":0.0,"event_name":"MindBloom","player_choice":"Heal","floor":44.0,"gold_loss":0.0,"damage_taken":0.0,"cards_obtained":["Doubt"]}],"is_beta":false,"boss_relics":[{"not_picked":["Ring of Chaos","Painkiller Herb"],"picked":"construct:WeddingRing"},{"not_picked":["Fusion Hammer","Electric Blood"],"picked":"Ooze Armor"}],"items_purged_floors":[28,42],"is_endless":false,"potions_floor_spawned":[6,10,13,19,20,25,31,35,39,47,48],"ascension_level":1}}