{"host":"jpcy2bclvs7juczu","time":1611754440,"event":{"mods":["Alarm Clock","BaseMod","Bestiary","Block Reminder","Colored Map","Colored Powertips","Curses Come First","Dark Map","Minty Spire (QoL Compilation)","Quick Restart","RNG Fix","Relic Stats","Slay the Relics Exporter","StSLib","ojb\u0027s Better Paths Mod","ojb\u0027s Info Mod","slay the spire mod where everything is the same but ironclad has a cowboy hat"],"gold_per_floor":[114,129,140,215,226,226,226,226],"floor_reached":7,"language":"ENG","playtime":853,"items_purged":[],"score":86,"play_id":"0925a443-fafc-409f-b2ba-3c9a5b5bf34c","local_time":"20210127083400","is_ascension_mode":true,"campfire_choices":[{"data":"Twin Strike","floor":6,"key":"SMITH"}],"circlet_count":0,"master_deck":["AscendersBane","Strike_R","Strike_R","Strike_R","Strike_R","Defend_R","Defend_R","Defend_R","Bash","Twin Strike+1","Iron Wave","Ghostly Armor"],"relics":["Empty Cage"],"acts_visited":["Exordium"],"potions_floor_usage":[7],"damage_taken":[{"damage":7,"enemies":"2 Louse","floor":1,"turns":3},{"damage":4,"enemies":"Small Slimes","floor":2,"turns":4},{"damage":1,"enemies":"Cultist","floor":3,"turns":3},{"damage":12,"enemies":"Looter","floor":5,"turns":3},{"damage":35,"enemies":"3 Sentries","floor":7,"turns":10}],"seed_played":"-4187129209683234905","potions_obtained":[{"floor":3,"key":"FearPotion"}],"is_trial":false,"path_per_floor":["M","M","M","?","M","R","E"],"character_chosen":"IRONCLAD","items_purchased":[],"campfire_rested":0,"item_purchase_floors":[],"current_hp_per_floor":[61,57,56,45,33,33,0,0],"gold":226,"neow_bonus":"BOSS_RELIC","is_daily":false,"chose_seed":false,"campfire_upgraded":1,"win_rate":0.0,"timestamp":1611754440,"path_taken":["M","M","M","?","M","R","E"],"items_purchased_type":[],"build_version":"2020-12-22","purchased_purges":0,"victory":false,"max_hp_per_floor":[75,75,75,75,75,75,75,75],"relic_stats":{"counters":[5,23],"obtain_stats":[{"Empty Cage":0,"Burning Blood":0},{"Empty Cage":0,"Burning Blood":0},{"Empty Cage":0,"Burning Blood":0}]},"card_choices":[{"not_picked":["Fire Breathing","Evolve"],"picked":"Twin Strike","floor":1},{"not_picked":["Headbutt","Havoc"],"picked":"Iron Wave","floor":2},{"not_picked":["Sword Boomerang","Rupture","Metallicize"],"picked":"SKIP","floor":3},{"not_picked":["Flame Barrier","Armaments"],"picked":"Ghostly Armor","floor":5}],"player_experience":1495102,"relics_obtained":[],"event_choices":[{"damage_healed":0,"gold_gain":75,"player_choice":"Gather Gold","damage_taken":11,"max_hp_gain":0,"max_hp_loss":0,"event_name":"World of Goop","floor":4,"gold_loss":0}],"is_beta":false,"boss_relics":[],"items_purged_floors":[],"is_endless":false,"potions_floor_spawned":[3],"killed_by":"3 Sentries","ascension_level":20}}