{"host":"c97twqu0op5dg8i4","time":1611770196,"event":{"mods":["AchievementEnabler","BaseMod","Colored Map","Minty Spire (QoL Compilation)","Permanent Neow"],"gold_per_floor":[113,113,78,30,42,42,67,67,141,141,141,161,193,212,212,212,307,307,277,277],"floor_reached":19,"language":"ENG","playtime":472,"items_purged":[],"score":242,"play_id":"57f11f73-ef12-491c-bbcc-61e629d699dc","local_time":"20210127125636","is_ascension_mode":true,"campfire_choices":[{"data":"Inflame","floor":11,"key":"SMITH"},{"floor":16,"key":"REST"}],"circlet_count":0,"master_deck":["Strike_R","Strike_R","Strike_R","Strike_R+1","Strike_R","Defend_R","Defend_R","Defend_R","Defend_R+1","Bash","Impervious","Inflame+1","Shrug It Off","Uppercut+1","Entrench","Thunderclap","Flame Barrier","Juggernaut"],"relics":["Black Blood","Ornamental Fan","StrikeDummy","Dream Catcher","Potion Belt","White Beast Statue"],"acts_visited":["Exordium","TheCity"],"potions_floor_usage":[14,17],"damage_taken":[{"damage":15,"enemies":"Small Slimes","floor":1,"turns":4},{"damage":4,"enemies":"Jaw Worm","floor":5,"turns":4},{"damage":28,"enemies":"Lagavulin","floor":7,"turns":6},{"damage":0,"enemies":"2 Louse","floor":12,"turns":3},{"damage":28,"enemies":"Gremlin Nob","floor":13,"turns":4},{"damage":9,"enemies":"Blue Slaver","floor":14,"turns":3},{"damage":35,"enemies":"The Guardian","floor":17,"turns":15},{"damage":5,"enemies":"2 Thieves","floor":19,"turns":2}],"seed_played":"-8572058351968664943","potions_obtained":[{"floor":1,"key":"FearPotion"},{"floor":5,"key":"FearPotion"},{"floor":7,"key":"Dexterity Potion"},{"floor":14,"key":"BloodPotion"},{"floor":17,"key":"LiquidMemories"}],"is_trial":false,"path_per_floor":["M","?","?","$","M","?","E","$","T","T","R","M","E","M","?","R","B",null,"M"],"character_chosen":"IRONCLAD","items_purchased":["Shrug It Off"],"campfire_rested":1,"item_purchase_floors":[4],"current_hp_per_floor":[63,47,67,67,69,69,47,47,47,47,47,53,31,44,19,43,14,64,59,59],"gold":277,"neow_bonus":"ONE_RANDOM_RARE_CARD","is_daily":false,"chose_seed":false,"campfire_upgraded":1,"win_rate":0.0,"timestamp":1611770196,"path_taken":["M","?","?","?","?","?","E","$","T","T","R","M","E","M","?","R","BOSS","M"],"items_purchased_type":["Card"],"build_version":"2020-12-22","purchased_purges":0,"victory":false,"max_hp_per_floor":[80,80,80,80,80,80,80,80,80,80,80,80,80,80,80,80,80,80,80,80],"card_choices":[{"not_picked":["Warcry","Power Through"],"picked":"Inflame","floor":1},{"not_picked":["Clash","Cleave"],"picked":"Uppercut","floor":5},{"not_picked":["Sword Boomerang","Feel No Pain"],"picked":"Entrench","floor":7},{"not_picked":["Evolve","Havoc"],"picked":"Thunderclap","floor":12},{"not_picked":["Second Wind","Thunderclap","Ghostly Armor"],"picked":"SKIP","floor":13},{"not_picked":["Dark Embrace","Body Slam","Clash"],"picked":"SKIP","floor":14},{"not_picked":["Clothesline","Whirlwind"],"picked":"Flame Barrier","floor":16},{"not_picked":["Bludgeon","Fiend Fire"],"picked":"Juggernaut","floor":17}],"player_experience":314649,"relics_obtained":[{"floor":7,"key":"Ornamental Fan"},{"floor":9,"key":"StrikeDummy"},{"floor":10,"key":"Dream Catcher"},{"floor":13,"key":"Potion Belt"}],"event_choices":[{"damage_healed":0,"gold_gain":0,"player_choice":"Entered Light","damage_taken":16,"max_hp_gain":0,"max_hp_loss":0,"event_name":"Shining Light","floor":2,"gold_loss":0,"cards_upgraded":["Strike_R","Defend_R"]},{"damage_healed":20,"gold_gain":0,"player_choice":"Healed","damage_taken":0,"max_hp_gain":0,"max_hp_loss":0,"event_name":"The Cleric","floor":3,"gold_loss":35},{"damage_healed":0,"gold_gain":0,"player_choice":"Grow","damage_taken":0,"max_hp_gain":0,"max_hp_loss":0,"event_name":"Living Wall","floor":6,"gold_loss":0,"cards_upgraded":["Uppercut"]},{"damage_healed":0,"gold_gain":0,"player_choice":"Success","damage_taken":25,"relics_obtained":["White Beast Statue"],"max_hp_gain":0,"max_hp_loss":0,"event_name":"Scrap Ooze","floor":15,"gold_loss":0}],"is_beta":false,"boss_relics":[{"not_picked":["Ectoplasm","Fusion Hammer"],"picked":"Black Blood"}],"items_purged_floors":[],"is_endless":false,"potions_floor_spawned":[1,5,7,14,17],"killed_by":"2 Thieves","ascension_level":8}}