{"host":"v711dtdb46xe9u7l","time":1611765476,"event":{"mods":["BaseMod","Bestiary","Highlight Path","Minty Spire (QoL Compilation)","Quick Restart","StSLib"],"gold_per_floor":[115,65,65,78,7,7,39,58,58,92,23,41,58,58,58,153,153,170,43,43,63,17,17,37,64,64,84,110,125,144,174,174,174,174],"floor_reached":33,"language":"ENG","playtime":1975,"items_purged":["Defend_R"],"score":513,"play_id":"db04b4b0-d128-4e1b-926b-cd8102b90edd","local_time":"20210127163756","is_ascension_mode":true,"campfire_choices":[{"data":"Rampage","floor":6,"key":"SMITH"},{"data":"Pommel Strike","floor":15,"key":"SMITH"},{"data":"Shockwave","floor":23,"key":"SMITH"},{"floor":32,"key":"REST"}],"circlet_count":0,"master_deck":["AscendersBane","Strike_R","Strike_R+1","Strike_R+1","Defend_R","Defend_R","Defend_R","Bash","Disarm+1","Headbutt+1","Rampage+1","Shockwave+1","Disarm+1","Shrug It Off+1","Pommel Strike+1","Hemokinesis","Anger","Offering+1","Warcry+1","Shrug It Off+1","Entrench+1","Intimidate+1","Warcry+1","Shrug It Off+1","Immolate","Body Slam","Headbutt","Pommel Strike+1","Thunderclap+1"],"relics":["Black Blood","NeowsBlessing","Self Forming Clay","Ancient Tea Set","Toxic Egg 2","Whetstone","Magic Flower","Akabeko","Calipers"],"acts_visited":["Exordium","TheCity"],"potions_floor_usage":[10,16,25,29,31,33],"damage_taken":[{"damage":0,"enemies":"Jaw Worm","floor":1,"turns":1},{"damage":0,"enemies":"2 Louse","floor":4,"turns":1},{"damage":0,"enemies":"3 Sentries","floor":7,"turns":2},{"damage":2,"enemies":"Small Slimes","floor":8,"turns":3},{"damage":7,"enemies":"Lagavulin","floor":10,"turns":7},{"damage":11,"enemies":"3 Louse","floor":12,"turns":3},{"damage":1,"enemies":"Exordium Wildlife","floor":13,"turns":3},{"damage":5,"enemies":"The Guardian","floor":16,"turns":8},{"damage":11,"enemies":"3 Byrds","floor":18,"turns":7},{"damage":12,"enemies":"Shell Parasite","floor":21,"turns":5},{"damage":15,"enemies":"Cultist and Chosen","floor":24,"turns":7},{"damage":19,"enemies":"Gremlin Leader","floor":25,"turns":7},{"damage":7,"enemies":"Snake Plant","floor":27,"turns":6},{"damage":24,"enemies":"Book of Stabbing","floor":28,"turns":8},{"damage":22,"enemies":"Sentry and Sphere","floor":29,"turns":4},{"damage":24,"enemies":"Centurion and Healer","floor":30,"turns":6},{"damage":57,"enemies":"Gremlin Leader","floor":31,"turns":9},{"damage":99,"enemies":"Champ","floor":33,"turns":10}],"seed_played":"-8403733641933546409","potions_obtained":[{"floor":1,"key":"Fire Potion"},{"floor":8,"key":"Ancient Potion"},{"floor":13,"key":"SteroidPotion"},{"floor":21,"key":"Explosive Potion"},{"floor":27,"key":"Ancient Potion"},{"floor":28,"key":"SkillPotion"},{"floor":29,"key":"SkillPotion"},{"floor":31,"key":"BloodPotion"}],"is_trial":false,"path_per_floor":["M","?","?","M","$","R","E","M","T","E","$","M","M","?","R","B",null,"M","$","?","M","$","R","M","E","T","M","E","M","M","E","R","B"],"character_chosen":"IRONCLAD","items_purchased":["Rampage","Shrug It Off+1","Pommel Strike","Shrug It Off+1","Warcry+1"],"campfire_rested":1,"item_purchase_floors":[5,11,11,19,22],"current_hp_per_floor":[78,78,62,68,68,68,74,78,78,77,77,72,77,77,77,78,80,80,80,80,80,80,80,77,70,70,80,74,70,64,25,49,0,0],"gold":174,"neow_bonus":"THREE_ENEMY_KILL","is_daily":false,"chose_seed":false,"campfire_upgraded":3,"win_rate":0.0,"timestamp":1611765476,"path_taken":["M","?","?","M","$","R","E","M","T","E","$","?","M","?","R","BOSS","M","?","?","M","?","R","M","E","T","?","E","M","M","E","R","BOSS"],"items_purchased_type":["Card","Card","Card","Card","Card"],"build_version":"2020-12-22","purchased_purges":1,"victory":false,"max_hp_per_floor":[80,80,80,80,80,80,80,80,80,80,80,80,80,80,80,80,80,80,80,80,80,80,80,80,80,80,80,80,80,80,80,80,80,80],"card_choices":[{"not_picked":["Headbutt","Searing Blow"],"picked":"Disarm","floor":1},{"not_picked":["Body Slam","Perfected Strike"],"picked":"Headbutt","floor":4},{"not_picked":["Bloodletting","Iron Wave"],"picked":"Shockwave","floor":7},{"not_picked":["Fire Breathing","Rupture","Anger"],"picked":"SKIP","floor":8},{"not_picked":["Shockwave+1","Rampage"],"picked":"Disarm+1","floor":10},{"not_picked":["Flex+1","Havoc+1"],"picked":"Hemokinesis","floor":12},{"not_picked":["Reckless Charge","Thunderclap","Wild Strike"],"picked":"SKIP","floor":13},{"not_picked":["Brutality","Juggernaut"],"picked":"Offering+1","floor":16},{"not_picked":["Armaments+1","Havoc+1"],"picked":"Warcry+1","floor":18},{"not_picked":["Flex+1","Uppercut"],"picked":"Intimidate+1","floor":21},{"not_picked":["Second Wind+1","Twin Strike"],"picked":"Shrug It Off+1","floor":24},{"not_picked":["Uppercut","Shrug It Off+1"],"picked":"Immolate","floor":25},{"not_picked":["Clothesline","Heavy Blade"],"picked":"Body Slam","floor":27},{"not_picked":["Immolate","Thunderclap"],"picked":"Headbutt","floor":28},{"not_picked":["Uppercut","Iron Wave"],"picked":"Pommel Strike+1","floor":29},{"not_picked":["Clothesline","Reckless Charge","Wild Strike+1"],"picked":"SKIP","floor":30},{"not_picked":["Reaper","Evolve"],"picked":"Thunderclap+1","floor":31}],"player_experience":392430,"relics_obtained":[{"floor":7,"key":"Self Forming Clay"},{"floor":9,"key":"Ancient Tea Set"},{"floor":10,"key":"Toxic Egg 2"},{"floor":25,"key":"Whetstone"},{"floor":26,"key":"Magic Flower"},{"floor":28,"key":"Akabeko"},{"floor":31,"key":"Calipers"}],"event_choices":[{"cards_removed":["Strike_R"],"damage_healed":0,"gold_gain":0,"player_choice":"Card Removal","damage_taken":0,"max_hp_gain":0,"max_hp_loss":0,"event_name":"The Cleric","floor":2,"gold_loss":50},{"damage_healed":0,"gold_gain":0,"player_choice":"Entered Light","damage_taken":16,"max_hp_gain":0,"max_hp_loss":0,"event_name":"Shining Light","floor":3,"gold_loss":0,"cards_upgraded":["Disarm","Strike_R"]},{"damage_healed":0,"gold_gain":0,"cards_transformed":["Strike_R"],"player_choice":"Transformed","damage_taken":0,"max_hp_gain":0,"max_hp_loss":0,"event_name":"Transmorgrifier","floor":14,"gold_loss":0,"cards_obtained":["Anger"]},{"damage_healed":0,"gold_gain":0,"player_choice":"Read","damage_taken":0,"max_hp_gain":0,"max_hp_loss":0,"event_name":"The Library","floor":20,"gold_loss":0,"cards_obtained":["Entrench"]}],"is_beta":false,"boss_relics":[{"not_picked":["Cursed Key","Philosopher\u0027s Stone"],"picked":"Black Blood"}],"items_purged_floors":[19],"is_endless":false,"potions_floor_spawned":[1,8,13,21,27,28,29,31],"killed_by":"Champ","ascension_level":10}}