{"host":"2q82lssse0ckn8xu","time":1611742256,"event":{"mods":["AchievementEnabler","BaseMod","Colored Map","Colored Powertips","Minty Spire (QoL Compilation)","Permanent Neow","Quick Restart","StSLib","The Saiyan","Unceasing Turn Reminder"],"gold_per_floor":[20,33,48,63,82,111,111,186,238,238,238,286,286,305,305,382,382,402,402,160,184,200,200,220,270,294,294,307,342,361,395,395,468,468,478,478,503,264,264,294,294,323,323,339,371,388,388,402,402,402],"floor_reached":51,"language":"ENG","playtime":2057,"items_purged":[],"score":1544,"play_id":"df369c1a-64ec-4978-b80b-2acaae7ad684","local_time":"20210127154056","is_ascension_mode":true,"campfire_choices":[{"floor":7.0,"key":"REST"},{"floor":11.0,"key":"REST"},{"floor":13.0,"key":"REST"},{"data":"Storm","floor":15.0,"key":"SMITH"},{"data":"Hologram","floor":23.0,"key":"SMITH"},{"data":"Buffer","floor":27.0,"key":"SMITH"},{"floor":32.0,"key":"REST"},{"data":"Amplify","floor":41.0,"key":"SMITH"},{"data":"Fission","floor":47,"key":"SMITH"},{"floor":49,"key":"REST"}],"circlet_count":0,"master_deck":["AscendersBane","Strike_B","Strike_B","Strike_B","Strike_B","Defend_B","Defend_B","Defend_B","Defend_B","Zap","Dualcast","Storm+1","Undo","Self Repair","Conserve Battery","Sweeping Beam","Sunder","Hologram+1","Redo","Loop","Buffer+1","Self Repair+1","Stack","Biased Cognition+1","Turbo","Loop+1","Defragment+1","Leap","Self Repair+1","Static Discharge+1","Static Discharge+1","Leap+1","White Noise+1","Defragment+1","Storm+1","Coolheaded+1","Amplify+1","Machine Learning+1","Undo","Flash of Steel","Force Field","Madness","Madness","Fusion","Hologram+1","Fission+1"],"relics":["Cracked Core","Prayer Wheel","CaptainsWheel","Nunchaku","Frozen Egg 2","Akabeko","Philosopher\u0027s Stone","Bronze Scales","PreservedInsect","Regal Pillow","Pen Nib","Matryoshka","Mercury Hourglass","Inserter","Emotion Chip","Strawberry","Bag of Preparation","Smiling Mask","Vajra","Pantograph","Toy Ornithopter"],"acts_visited":["Exordium","TheCity","TheBeyond"],"potions_floor_usage":[45,50],"damage_taken":[{"damage":4.0,"enemies":"Small Slimes","floor":1.0,"turns":4.0},{"damage":2.0,"enemies":"2 Louse","floor":2.0,"turns":2.0},{"damage":2.0,"enemies":"Jaw Worm","floor":3.0,"turns":4.0},{"damage":9.0,"enemies":"Blue Slaver","floor":4.0,"turns":4.0},{"damage":6.0,"enemies":"Exordium Thugs","floor":5.0,"turns":4.0},{"damage":30.0,"enemies":"3 Sentries","floor":6.0,"turns":9.0},{"damage":1.0,"enemies":"Looter","floor":14.0,"turns":4.0},{"damage":24.0,"enemies":"The Guardian","floor":16.0,"turns":12.0},{"damage":0.0,"enemies":"Spheric Guardian","floor":18.0,"turns":3.0},{"damage":9.0,"enemies":"Chosen","floor":22.0,"turns":3.0},{"damage":19.0,"enemies":"3 Cultists","floor":24.0,"turns":4.0},{"damage":2.0,"enemies":"Cultist and Chosen","floor":28.0,"turns":5.0},{"damage":57.0,"enemies":"Gremlin Leader","floor":29.0,"turns":3.0},{"damage":7.0,"enemies":"Chosen and Byrds","floor":30.0,"turns":2.0},{"damage":20.0,"enemies":"Slavers","floor":31.0,"turns":3.0},{"damage":0.0,"enemies":"Automaton","floor":33.0,"turns":5.0},{"damage":17.0,"enemies":"3 Shapes","floor":35.0,"turns":3.0},{"damage":0.0,"enemies":"Mind Bloom Boss Battle","floor":37.0,"turns":2.0},{"damage":8.0,"enemies":"Nemesis","floor":40.0,"turns":3.0},{"damage":0.0,"enemies":"Reptomancer","floor":42.0,"turns":3.0},{"damage":24.0,"enemies":"3 Darklings","floor":44.0,"turns":3.0},{"damage":0,"enemies":"Giant Head","floor":45,"turns":2},{"damage":7,"enemies":"Spire Growth","floor":46,"turns":3},{"damage":3,"enemies":"Maw","floor":48,"turns":4},{"damage":26,"enemies":"Donu and Deca","floor":50,"turns":4}],"seed_played":"3280492349188041914","potions_obtained":[{"floor":1.0,"key":"CultistPotion"},{"floor":2.0,"key":"ColorlessPotion"},{"floor":4.0,"key":"SpeedPotion"},{"floor":6.0,"key":"Fruit Juice"},{"floor":14.0,"key":"LiquidBronze"},{"floor":18.0,"key":"SteroidPotion"},{"floor":29.0,"key":"Swift Potion"},{"floor":33.0,"key":"SteroidPotion"},{"floor":37.0,"key":"AttackPotion"},{"floor":40.0,"key":"ColorlessPotion"},{"floor":45,"key":"Fruit Juice"}],"is_trial":false,"path_per_floor":["M","M","M","M","M","E","R","?","T","?","R","T","R","M","R","B",null,"M","?","$","T","M","R","M","?","T","R","M","E","M","E","R","B",null,"M","?","?","$","?","E","R","E","T","M","E","M","R","M","R","B",null],"character_chosen":"DEFECT","items_purchased":["PreservedInsect","Defragment+1","Leap","Strawberry","Fruit Juice"],"campfire_rested":5,"item_purchase_floors":[20,20,20,38,38],"current_hp_per_floor":[60,58,63,61,55,37,59,48,48,13,35,35,57,63,63,56,71,76,76,76,76,76,76,76,76,76,76,76,29,39,36,73,76,76,76,76,76,88,72,71,71,81,81,57,69,62,62,76,93,93],"gold":402,"neow_bonus":"ONE_RARE_RELIC","is_daily":false,"chose_seed":false,"campfire_upgraded":5,"win_rate":0.0,"timestamp":1611742256,"path_taken":["M","M","M","M","M","E","R","?","T","?","R","?","R","M","R","BOSS","M","?","$","?","M","R","M","?","T","R","M","E","?","E","R","BOSS","M","?","?","?","?","E","R","E","T","M","E","M","R","?","R","BOSS"],"items_purchased_type":["Relic","Card","Card","Relic","Potion"],"build_version":"2020-12-22","purchased_purges":0,"victory":true,"max_hp_per_floor":[71,71,71,71,71,76,76,76,76,76,76,76,76,76,76,76,76,76,76,76,76,76,76,76,76,76,76,76,76,76,76,76,76,76,76,76,76,88,88,88,88,88,88,88,93,93,93,93,93,93],"card_choices":[{"not_picked":["Aggregate","Lockon"],"picked":"Storm","floor":1.0},{"not_picked":["Leap","Darkness"],"picked":"Undo","floor":1.0},{"not_picked":["Steam","FTL"],"picked":"Self Repair","floor":2.0},{"not_picked":["Self Repair","Compile Driver"],"picked":"Conserve Battery","floor":2.0},{"not_picked":["Sunder","Leap"],"picked":"Sweeping Beam","floor":3.0},{"not_picked":["Barrage","Rebound"],"picked":"Sunder","floor":3.0},{"not_picked":["Undo","Streamline"],"picked":"Hologram","floor":4.0},{"not_picked":["Go for the Eyes","Beam Cell","Steam"],"picked":"SKIP","floor":4.0},{"not_picked":["Turbo","Rip and Tear"],"picked":"Redo","floor":5.0},{"not_picked":["Rebound","Fusion"],"picked":"Loop","floor":5.0},{"not_picked":["Redo","Compile Driver"],"picked":"Buffer","floor":6.0},{"not_picked":["Ball Lightning","Doom and Gloom"],"picked":"Self Repair+1","floor":14.0},{"not_picked":["Beam Cell","Rebound"],"picked":"Stack","floor":14.0},{"not_picked":["Hyperbeam","Core Surge"],"picked":"Biased Cognition+1","floor":16.0},{"not_picked":["Sweeping Beam","Stack"],"picked":"Turbo","floor":18.0},{"not_picked":["Stack","Ball Lightning"],"picked":"Loop+1","floor":18.0},{"not_picked":["Rebound","Compile Driver"],"picked":"Self Repair+1","floor":22.0},{"not_picked":["Turbo","Cold Snap"],"picked":"Static Discharge+1","floor":22.0},{"not_picked":["Rebound","BootSequence"],"picked":"Static Discharge+1","floor":24.0},{"not_picked":["Coolheaded","Doom and Gloom"],"picked":"Leap+1","floor":24.0},{"not_picked":["Stack","Self Repair+1"],"picked":"White Noise+1","floor":28.0},{"not_picked":["Conserve Battery+1","Auto Shields"],"picked":"Defragment+1","floor":28.0},{"not_picked":["Lockon","Hologram+1"],"picked":"Storm+1","floor":29.0},{"not_picked":["Streamline","Ball Lightning"],"picked":"Coolheaded+1","floor":30.0},{"not_picked":["Steam","Cold Snap","Barrage"],"picked":"SKIP","floor":30.0},{"not_picked":["Rebound","Leap"],"picked":"Amplify","floor":31.0},{"not_picked":["Reboot","Creative AI+1"],"picked":"Machine Learning+1","floor":33.0},{"not_picked":["Ball Lightning+1","Stack"],"picked":"Undo","floor":35.0},{"not_picked":["Rebound","Go for the Eyes","Streamline"],"picked":"SKIP","floor":35.0},{"not_picked":["Finesse","HandOfGreed"],"picked":"Flash of Steel","floor":36.0},{"not_picked":["Leap","Compile Driver"],"picked":"Force Field","floor":37.0},{"not_picked":["Sweeping Beam","Leap"],"picked":"Fusion","floor":40.0},{"not_picked":["Hello World+1","Gash","Cold Snap"],"picked":"SKIP","floor":42.0},{"not_picked":["Go for the Eyes+1","Ball Lightning"],"picked":"Hologram+1","floor":44.0},{"not_picked":["Beam Cell","Streamline","Coolheaded"],"picked":"SKIP","floor":44.0},{"not_picked":["Stack","Go for the Eyes","Recycle"],"picked":"SKIP","floor":45},{"not_picked":["Melter","Fusion"],"picked":"Fission","floor":46},{"not_picked":["Leap","Undo","Rebound"],"picked":"SKIP","floor":46},{"not_picked":["Go for the Eyes","Hologram","Compile Driver+1"],"picked":"SKIP","floor":48},{"not_picked":["Go for the Eyes","Barrage","Redo"],"picked":"SKIP","floor":48}],"player_experience":636174,"relics_obtained":[{"floor":6.0,"key":"CaptainsWheel"},{"floor":9.0,"key":"Nunchaku"},{"floor":12.0,"key":"Akabeko"},{"floor":21.0,"key":"Regal Pillow"},{"floor":26.0,"key":"Pen Nib"},{"floor":29.0,"key":"Matryoshka"},{"floor":31.0,"key":"Mercury Hourglass"},{"floor":37.0,"key":"Emotion Chip"},{"floor":40.0,"key":"Bag of Preparation"},{"floor":42.0,"key":"Smiling Mask"},{"floor":43.0,"key":"Vajra"},{"floor":43.0,"key":"Pantograph"},{"floor":45,"key":"Toy Ornithopter"}],"event_choices":[{"damage_healed":0.0,"max_hp_gain":0.0,"max_hp_loss":0.0,"gold_gain":75.0,"event_name":"World of Goop","player_choice":"Gather Gold","floor":8.0,"gold_loss":0.0,"damage_taken":11.0},{"damage_healed":0.0,"max_hp_gain":0.0,"max_hp_loss":0.0,"gold_gain":0.0,"event_name":"Scrap Ooze","player_choice":"Success","floor":10.0,"gold_loss":0.0,"damage_taken":35.0,"relics_obtained":["Frozen Egg 2"]},{"damage_healed":0.0,"max_hp_gain":0.0,"max_hp_loss":0.0,"gold_gain":0.0,"event_name":"WeMeetAgain","player_choice":"Gave Potion","floor":19.0,"gold_loss":0.0,"damage_taken":0.0,"relics_obtained":["Bronze Scales"]},{"damage_healed":0.0,"max_hp_gain":0.0,"max_hp_loss":0.0,"gold_gain":50.0,"event_name":"Nest","player_choice":"Stole From Cult","floor":25.0,"gold_loss":0.0,"damage_taken":0.0},{"damage_healed":0.0,"max_hp_gain":0.0,"max_hp_loss":0.0,"gold_gain":0.0,"event_name":"SensoryStone","player_choice":"Memory 1","floor":36.0,"gold_loss":0.0,"damage_taken":0.0},{"damage_healed":0.0,"max_hp_gain":0.0,"max_hp_loss":0.0,"gold_gain":0.0,"event_name":"MindBloom","player_choice":"Fight","floor":37.0,"gold_loss":0.0,"damage_taken":0.0},{"damage_healed":0.0,"max_hp_gain":0.0,"max_hp_loss":0.0,"gold_gain":0.0,"event_name":"Winding Halls","player_choice":"Embrace Madness","floor":39.0,"gold_loss":0.0,"damage_taken":16.0,"cards_obtained":["Madness","Madness"]}],"is_beta":false,"boss_relics":[{"not_picked":["Coffee Dripper","Velvet Choker"],"picked":"Philosopher\u0027s Stone"},{"not_picked":["FrozenCore","SacredBark"],"picked":"Inserter"}],"items_purged_floors":[],"is_endless":false,"potions_floor_spawned":[1,2,4,6,14,18,29,33,37,40,45],"ascension_level":15}}