{"host":"gmuvwrmxgyh1poc6","time":1611734122,"event":{"mods":["BaseMod","Better Third Choice","BetterRewards","Conspire","Downfall","Infinite Spire","Minty Spire (QoL Compilation)","Relic Stats","Replay The Spire","StSLib"],"gold_per_floor":[277,288,306,306,322,322,322,332,9814,9814,9843,9858,9877,9933,9945,10049,10049,10049,10060,10060,10080,10098,10109,10135,10155,10155,10155,10174,10174,10187,10265,10281,10383,10383,10283,10301,10320,10320,10420,10520,10520,10520,5073,5089,4073,4098,3998,7295,7326,7352],"floor_reached":51,"language":"ENG","playtime":2667,"items_purged":["Guardian:Defend_Guardian","Guardian:Gem_Cyan"],"score":1123,"play_id":"d8a5e7fb-94e4-46ba-9e33-af2b4ad736f4","local_time":"20210127005522","is_ascension_mode":false,"campfire_choices":[{"data":"Guardian:SpikerProtocol","floor":6.0,"key":"SMITH"},{"data":"Guardian:Orbwalk","floor":18.0,"key":"SMITH"},{"data":"Guardian:SpikerProtocol","floor":29.0,"key":"SMITH"},{"data":"Guardian:ExploitGems","floor":35.0,"key":"SMITH"},{"floor":47,"key":"DIG"}],"circlet_count":1,"master_deck":["Guardian:SpikerProtocol+1","Guardian:SpikerProtocol+1","Guardian:ExploitGems+1"],"relics":["Guardian:ModeShifter","Unceasing Top","Replay:Mystery Machine","ReplayFunnel","Calipers","Blue Candle","Peace Pipe","Coffee Dripper","The Courier","Toy Ornithopter","MutagenicStrength","conspire:SpecialSausage","Busted Crown","downfall:HeartBlessingBlue","Replay:Multitool","Circlet","Replay:WaspNest","Replay:Bottled Flurry","Toxic Egg 2","infinitespire:CheckeredPen","ReplayTheSpireMod:Shallot","MealTicket","PreservedInsect","conspire:Boomerang","HornCleat","Mango","Strawberry","infinitespire:Lucky Rock","Shuriken","Nunchaku","Gremlin Food","Incense Burner","Shovel","Bronze Scales","Art of War","Divine Protection","Snack Pack","Sundial","Onion Ring","infinitespire:Golems Mask","Kunai","conspire:Flyswatter","infinitespire:EmpoweringShard","Meat on the Bone","Replay:Baseball","conspire:GiftBox","Guardian:SackOfGems","Blood Vial","infinitespire:FocusingShard","Anchor","Omamori","White Beast Statue","Torii","Smiling Mask","downfall:HeartBlessingGreen","Chameleon Ring","TungstenRod","conspire:InfiniteJournal","Counterbalance","Lizard Tail","Bag of Preparation","Orrery","infinitespire:Broken Mirror","Garlic","Bird Faced Urn","Pear","Bag of Marbles","Ancient Tea Set","Dream Catcher","War Paint","Replay:Bottled Eggs","Happy Flower","infinitespire:Midas Blood","Oddly Smooth Stone","Potion Belt","Ice Cream","conspire:DecoderRing","Whetstone","Du-Vu Doll","Replay:Bandana","Pen Nib","conspire:TopHat","Blue Doll","infinitespire:Satchel","Quantum Egg","ReplayTheSpireMod:Lightbulb","Replay:Accelerometer","Replay:Wax Seal","Replay:Ringing Soul","Lantern","Eternal Feather","Replay:Rubber Ducky","Vajra","Orichalcum","infinitespire:Beetle Shell","InkBottle","Question Card"],"acts_visited":["Exordium","TheCity","TheBeyond"],"potions_floor_usage":[],"damage_taken":[{"damage":0.0,"enemies":"2 Louse","floor":2.0,"turns":1.0},{"damage":0.0,"enemies":"Cultist","floor":3.0,"turns":3.0},{"damage":0.0,"enemies":"Jaw Worm","floor":5.0,"turns":1.0},{"damage":0.0,"enemies":"2 Fungi Beasts","floor":8.0,"turns":1.0},{"damage":0.0,"enemies":"downfall:FleeingMerchant","floor":9.0,"turns":1.0},{"damage":0.0,"enemies":"Large Slime","floor":12.0,"turns":1.0},{"damage":0.0,"enemies":"Exordium Thugs","floor":13.0,"turns":1.0},{"damage":0.0,"enemies":"Lagavulin Event","floor":14.0,"turns":1.0},{"damage":0.0,"enemies":"2 Fungi Beasts","floor":15.0,"turns":1.0},{"damage":0.0,"enemies":"WA_ARCHETYPE_RETAIN","floor":16.0,"turns":1.0},{"damage":0.0,"enemies":"3 Byrds","floor":19.0,"turns":1.0},{"damage":0.0,"enemies":"Snake Plant","floor":21.0,"turns":1.0},{"damage":0.0,"enemies":"Centurion and Healer","floor":22.0,"turns":1.0},{"damage":0.0,"enemies":"Snecko","floor":23.0,"turns":1.0},{"damage":0.0,"enemies":"Cultist and Chosen","floor":25.0,"turns":1.0},{"damage":0.0,"enemies":"Shelled Parasite and Fungi","floor":28.0,"turns":1.0},{"damage":0.0,"enemies":"Snake Plant","floor":30.0,"turns":1.0},{"damage":0.0,"enemies":"Snecko","floor":32.0,"turns":1.0},{"damage":0.0,"enemies":"DF_ARCHETYPE_CLAW","floor":33.0,"turns":1.0},{"damage":0.0,"enemies":"Orb Walker","floor":36.0,"turns":1.0},{"damage":0.0,"enemies":"3 Darklings","floor":37.0,"turns":1.0},{"damage":0.0,"enemies":"infinitespire:Three Voidlings","floor":39.0,"turns":1.0},{"damage":0.0,"enemies":"Nightmare_Alpha","floor":39.0,"turns":3.0},{"damage":0,"enemies":"Maw","floor":44,"turns":1},{"damage":0,"enemies":"Nightmare","floor":46,"turns":1},{"damage":0,"enemies":"Writhing Mass","floor":49,"turns":1},{"damage":0,"enemies":"IC_BLOCK_ARCHETYPE","floor":50,"turns":1}],"seed_played":"8498007062230642211","potions_obtained":[{"floor":3.0,"key":"Block Potion"},{"floor":5.0,"key":"LiquidMemories"},{"floor":11.0,"key":"Ancient Potion"},{"floor":11.0,"key":"Fruit Juice"},{"floor":11.0,"key":"Adrenaline Potion"},{"floor":12.0,"key":"CultistPotion"},{"floor":21.0,"key":"Adrenaline Potion"},{"floor":22.0,"key":"SkillPotion"},{"floor":33.0,"key":"Guardian:AcceleratePotion"},{"floor":36.0,"key":"Fire Potion"},{"floor":39,"key":"Energy Potion"},{"floor":46,"key":"Guardian:BlockOnCardUsePotion"},{"floor":49,"key":"Guardian:AcceleratePotion"}],"is_trial":false,"path_per_floor":["R","M","M","?","M","R","T","M","$","?","?","M","M","?","M","B",null,"R","M","?","M","M","M","T","M","?","AVR","M","R","M","T","M","B",null,"R","M","M","?","?","R","T","T","$","M","$","NM","R","$","M","B",null],"character_chosen":"GUARDIAN","items_purchased":["ReplayFunnel","Calipers","PrismaticShard","Guardian:Gem_White","Guardian:RefractedBeam","Toxic Egg 2","infinitespire:CheckeredPen","ReplayTheSpireMod:Shallot","MealTicket","PreservedInsect","conspire:Boomerang","HornCleat","Mango","Strawberry","infinitespire:Lucky Rock","Shuriken","Nunchaku","Gremlin Food","Incense Burner","Shovel","Bronze Scales","Art of War","Divine Protection","Snack Pack","Sundial","Onion Ring","infinitespire:Golems Mask","Kunai","conspire:Flyswatter","infinitespire:EmpoweringShard","Meat on the Bone","Replay:Baseball","conspire:GiftBox","Guardian:SackOfGems","Blood Vial","infinitespire:FocusingShard","Anchor","Omamori","White Beast Statue","Torii","TungstenRod","conspire:InfiniteJournal","Counterbalance","Lizard Tail","Bag of Preparation","Orrery","infinitespire:Broken Mirror","Garlic","Bird Faced Urn","Pear","Bag of Marbles","Ancient Tea Set","Dream Catcher","War Paint","Replay:Bottled Eggs","Happy Flower","infinitespire:Midas Blood","Oddly Smooth Stone","Potion Belt","Ice Cream","conspire:DecoderRing","Whetstone","Du-Vu Doll","Replay:Bandana","Pen Nib","conspire:TopHat","Blue Doll","infinitespire:Satchel","Quantum Egg","ReplayTheSpireMod:Lightbulb","Replay:Accelerometer","Replay:Wax Seal","Replay:Ringing Soul","Lantern","Eternal Feather","Replay:Rubber Ducky","Vajra","Orichalcum","infinitespire:Beetle Shell","InkBottle","Question Card"],"campfire_rested":0,"item_purchase_floors":[9,9,9,9,9,43,43,43,43,43,43,43,43,43,43,43,43,43,43,43,43,43,43,43,43,43,43,43,43,43,43,43,43,43,45,45,45,45,45,45,48,48,48,48,48,48,48,48,48,48,48,48,48,48,48,48,48,48,48,48,48,48,48,48,48,48,48,48,48,48,48,48,48,48,48,48,48,48,48,48,48],"current_hp_per_floor":[80,80,80,80,80,80,80,80,80,75,80,80,80,80,80,80,85,85,85,85,85,85,85,85,85,85,85,85,85,85,85,85,85,85,95,95,95,95,95,95,95,95,116,116,116,116,116,126,126,126],"gold":7352,"neow_bonus":"HUNDRED_GOLD","is_daily":false,"chose_seed":false,"campfire_upgraded":4,"win_rate":0.0,"timestamp":1611734122,"path_taken":["R","M","M","?","M","R","T","M","?","?","?","M","?","?","M","BOSS","R","M","?","M","M","M","T","M","?","AVR","M","R","M","?","M","BOSS","R","M","M","?","?","R","T","?","$","M","?","NM","R","$","M","BOSS"],"items_purchased_type":["Relic","Relic","Relic","Card","Card","Relic","Relic","Relic","Relic","Relic","Relic","Relic","Relic","Relic","Relic","Relic","Relic","Relic","Relic","Relic","Relic","Relic","Relic","Relic","Relic","Relic","Relic","Relic","Relic","Relic","Relic","Relic","Relic","Relic","Relic","Relic","Relic","Relic","Relic","Relic","Relic","Relic","Relic","Relic","Relic","Relic","Relic","Relic","Relic","Relic","Relic","Relic","Relic","Relic","Relic","Relic","Relic","Relic","Relic","Relic","Relic","Relic","Relic","Relic","Relic","Relic","Relic","Relic","Relic","Relic","Relic","Relic","Relic","Relic","Relic","Relic","Relic","Relic","Relic","Relic","Relic"],"build_version":"2020-12-22","purchased_purges":2,"victory":true,"max_hp_per_floor":[80,80,80,80,80,80,80,80,80,80,85,85,85,85,85,85,85,85,85,85,85,85,85,85,85,85,85,85,85,85,85,85,85,85,95,95,95,95,95,95,95,95,116,116,116,116,116,126,126,126],"relic_stats":{"Torii":0,"Bag of Preparation":[0],"Whetstone":[],"Smiling Mask":0,"Blood Vial":0,"Nunchaku":[4],"Lizard Tail":0,"Dream Catcher":0,"Shovel":1,"Sundial":[26],"MealTicket":0,"Kunai":[14],"InkBottle":[4],"Happy Flower":[0],"counters":[27,31],"Blue Candle":[0],"Eternal Feather":0,"PreservedInsect":110,"Pen Nib":[1],"War Paint":[],"Orichalcum":[6],"Question Card":2,"Peace Pipe":0,"Busted Crown":32,"Shuriken":[14],"Bronze Scales":[0],"Bird Faced Urn":[0],"Art of War":[0],"obtain_stats":[{"Replay:Accelerometer":48,"downfall:HeartBlessingGreen":47,"Whetstone":48,"Blood Vial":45,"Replay:Ringing Soul":48,"Sundial":43,"MealTicket":43,"infinitespire:Golems Mask":43,"Replay:Bottled Flurry":42,"Kunai":43,"Replay:Wax Seal":48,"Pear":48,"Blue Candle":10,"Counterbalance":48,"Eternal Feather":48,"Pen Nib":48,"infinitespire:Broken Mirror":48,"MutagenicStrength":26,"Bird Faced Urn":48,"Unceasing Top":5,"conspire:Flyswatter":43,"Lantern":48,"Torii":45,"Blue Doll":48,"Replay:Multitool":39,"Bag of Preparation":48,"Smiling Mask":46,"Ancient Tea Set":48,"conspire:InfiniteJournal":48,"Replay:Rubber Ducky":48,"Shovel":43,"Replay:Bottled Eggs":48,"InkBottle":48,"Potion Belt":48,"Circlet":39,"The Courier":19,"PreservedInsect":43,"Omamori":45,"infinitespire:CheckeredPen":43,"infinitespire:Lucky Rock":43,"Busted Crown":34,"Orrery":48,"Art of War":43,"Garlic":48,"ReplayTheSpireMod:Lightbulb":48,"Toy Ornithopter":24,"infinitespire:Midas Blood":48,"Ice Cream":48,"Divine Protection":43,"Calipers":9,"Vajra":48,"Guardian:SackOfGems":43,"Lizard Tail":48,"HornCleat":43,"Strawberry":43,"conspire:DecoderRing":48,"Toxic Egg 2":43,"Happy Flower":48,"Guardian:ModeShifter":0,"Oddly Smooth Stone":48,"infinitespire:Beetle Shell":48,"conspire:Boomerang":43,"War Paint":48,"Question Card":48,"Du-Vu Doll":48,"Replay:Baseball":43,"conspire:GiftBox":43,"ReplayTheSpireMod:Shallot":43,"Shuriken":43,"Bronze Scales":43,"Onion Ring":43,"infinitespire:EmpoweringShard":43,"Meat on the Bone":43,"ReplayFunnel":9,"conspire:SpecialSausage":27,"Mango":43,"Incense Burner":43,"Replay:Mystery Machine":7,"PrismaticShard":9,"conspire:TopHat":48,"Nunchaku":43,"Dream Catcher":48,"Replay:Bandana":48,"Chameleon Ring":47,"downfall:HeartBlessingBlue":35,"Gremlin Food":43,"Quantum Egg":48,"Replay:WaspNest":41,"infinitespire:FocusingShard":45,"Orichalcum":48,"White Beast Statue":45,"Peace Pipe":14,"Anchor":45,"infinitespire:Satchel":48,"Coffee Dripper":17,"Snack Pack":43,"Bag of Marbles":48,"TungstenRod":48},{"Replay:Accelerometer":25,"downfall:HeartBlessingGreen":25,"Whetstone":25,"Blood Vial":24,"Replay:Ringing Soul":25,"Sundial":23,"MealTicket":23,"infinitespire:Golems Mask":23,"Replay:Bottled Flurry":23,"Kunai":23,"Replay:Wax Seal":25,"Pear":25,"Blue Candle":5,"Counterbalance":25,"Eternal Feather":25,"Pen Nib":25,"infinitespire:Broken Mirror":25,"MutagenicStrength":15,"Bird Faced Urn":25,"Unceasing Top":3,"conspire:Flyswatter":23,"Lantern":25,"Torii":24,"Blue Doll":25,"Replay:Multitool":23,"Bag of Preparation":25,"Smiling Mask":25,"Ancient Tea Set":25,"conspire:InfiniteJournal":25,"Replay:Rubber Ducky":25,"Shovel":23,"Replay:Bottled Eggs":25,"InkBottle":25,"Potion Belt":25,"Circlet":23,"The Courier":11,"PreservedInsect":23,"Omamori":24,"infinitespire:CheckeredPen":23,"infinitespire:Lucky Rock":23,"Busted Crown":19,"Orrery":25,"Art of War":23,"Garlic":25,"ReplayTheSpireMod:Lightbulb":25,"Toy Ornithopter":14,"infinitespire:Midas Blood":25,"Ice Cream":25,"Divine Protection":23,"Calipers":5,"Vajra":25,"Guardian:SackOfGems":23,"Lizard Tail":25,"HornCleat":23,"Strawberry":23,"conspire:DecoderRing":25,"Toxic Egg 2":23,"Happy Flower":25,"Guardian:ModeShifter":0,"Oddly Smooth Stone":25,"infinitespire:Beetle Shell":25,"conspire:Boomerang":23,"War Paint":25,"Question Card":25,"Du-Vu Doll":25,"Replay:Baseball":23,"conspire:GiftBox":23,"ReplayTheSpireMod:Shallot":23,"Shuriken":23,"Bronze Scales":23,"Onion Ring":23,"infinitespire:EmpoweringShard":23,"Meat on the Bone":23,"ReplayFunnel":5,"conspire:SpecialSausage":15,"Mango":23,"Incense Burner":23,"Replay:Mystery Machine":3,"PrismaticShard":5,"conspire:TopHat":25,"Nunchaku":23,"Dream Catcher":25,"Replay:Bandana":25,"Chameleon Ring":25,"downfall:HeartBlessingBlue":19,"Gremlin Food":23,"Quantum Egg":25,"Replay:WaspNest":23,"infinitespire:FocusingShard":24,"Orichalcum":25,"White Beast Statue":24,"Peace Pipe":7,"Anchor":24,"infinitespire:Satchel":25,"Coffee Dripper":10,"Snack Pack":23,"Bag of Marbles":25,"TungstenRod":25},{"Replay:Accelerometer":29,"downfall:HeartBlessingGreen":29,"Whetstone":29,"Blood Vial":28,"Replay:Ringing Soul":29,"Sundial":27,"MealTicket":27,"infinitespire:Golems Mask":27,"Replay:Bottled Flurry":27,"Kunai":27,"Replay:Wax Seal":29,"Pear":29,"Blue Candle":7,"Counterbalance":29,"Eternal Feather":29,"Pen Nib":29,"infinitespire:Broken Mirror":29,"MutagenicStrength":17,"Bird Faced Urn":29,"Unceasing Top":5,"conspire:Flyswatter":27,"Lantern":29,"Torii":28,"Blue Doll":29,"Replay:Multitool":27,"Bag of Preparation":29,"Smiling Mask":29,"Ancient Tea Set":29,"conspire:InfiniteJournal":29,"Replay:Rubber Ducky":29,"Shovel":27,"Replay:Bottled Eggs":29,"InkBottle":29,"Potion Belt":29,"Circlet":27,"The Courier":13,"PreservedInsect":27,"Omamori":28,"infinitespire:CheckeredPen":27,"infinitespire:Lucky Rock":27,"Busted Crown":21,"Orrery":29,"Art of War":27,"Garlic":29,"ReplayTheSpireMod:Lightbulb":29,"Toy Ornithopter":16,"infinitespire:Midas Blood":29,"Ice Cream":29,"Divine Protection":27,"Calipers":7,"Vajra":29,"Guardian:SackOfGems":27,"Lizard Tail":29,"HornCleat":27,"Strawberry":27,"conspire:DecoderRing":29,"Toxic Egg 2":27,"Happy Flower":29,"Guardian:ModeShifter":0,"Oddly Smooth Stone":29,"infinitespire:Beetle Shell":29,"conspire:Boomerang":27,"War Paint":29,"Question Card":29,"Du-Vu Doll":29,"Replay:Baseball":27,"conspire:GiftBox":27,"ReplayTheSpireMod:Shallot":27,"Shuriken":27,"Bronze Scales":27,"Onion Ring":27,"infinitespire:EmpoweringShard":27,"Meat on the Bone":27,"ReplayFunnel":7,"conspire:SpecialSausage":17,"Mango":27,"Incense Burner":27,"Replay:Mystery Machine":5,"PrismaticShard":7,"conspire:TopHat":29,"Nunchaku":27,"Dream Catcher":29,"Replay:Bandana":29,"Chameleon Ring":29,"downfall:HeartBlessingBlue":21,"Gremlin Food":27,"Quantum Egg":29,"Replay:WaspNest":27,"infinitespire:FocusingShard":28,"Orichalcum":29,"White Beast Statue":28,"Peace Pipe":9,"Anchor":28,"infinitespire:Satchel":29,"Coffee Dripper":12,"Snack Pack":27,"Bag of Marbles":29,"TungstenRod":29}],"Unceasing Top":[202],"Toy Ornithopter":0,"TungstenRod":0,"Meat on the Bone":0},"card_choices":[{"not_picked":["Guardian:WalkerClaw","Guardian:Incinerate"],"picked":"Guardian:SpikerProtocol","floor":2.0},{"not_picked":["Guardian:Gem_Green","Guardian:TemporalShield"],"picked":"Guardian:Gem_Red","floor":3.0},{"not_picked":["Guardian:Harden","Guardian:WalkerClaw","Guardian:TemporalStrike"],"picked":"SKIP","floor":5.0},{"not_picked":["Guardian:ChargeCore","Guardian:BronzeOrb","Guardian:FloatingOrbs"],"picked":"SKIP","floor":8.0},{"not_picked":["Guardian:WalkerClaw","Guardian:Gem_Purple","Guardian:DecasProtection"],"picked":"SKIP","floor":9.0},{"not_picked":["hexamod:ForkedFlame","Slimebound:LivingWall","Bane"],"picked":"SKIP","floor":12.0},{"not_picked":["Guardian:Gem_Lightblue","Guardian:Reroute"],"picked":"Guardian:Gem_Red","floor":13.0},{"not_picked":["Guardian:ChargeCore","Guardian:Emergency"],"picked":"Guardian:Orbwalk","floor":14.0},{"not_picked":["Guardian:BronzeArmor","Guardian:PiercingHide","Guardian:Incinerate"],"picked":"SKIP","floor":15.0},{"not_picked":["Guardian:AncientConstruct","Guardian:TimeSifter"],"picked":"Guardian:ExploitGems","floor":16.0},{"not_picked":["Guardian:ShieldCharger","Guardian:Gem_Cyan","Guardian:PiercingHide"],"picked":"SKIP","floor":19.0},{"not_picked":["Guardian:Orbwalk","Guardian:DonusPower","Guardian:Recover"],"picked":"SKIP","floor":21.0},{"not_picked":["Guardian:Gem_White","Guardian:Suspension","Guardian:Emergency"],"picked":"SKIP","floor":22.0},{"not_picked":["Guardian:TimeCapacitor+1","Guardian:PrimingBeam"],"picked":"Guardian:Gem_Fragmented","floor":23.0},{"not_picked":["Guardian:Suspension","Guardian:MultiBeam","Guardian:VentSteam"],"picked":"SKIP","floor":25.0},{"not_picked":["Guardian:Repulse","Guardian:PrimingBeam+1","Guardian:Incinerate"],"picked":"SKIP","floor":28.0},{"not_picked":["Guardian:Gem_Green","Guardian:Gem_Cyan","Guardian:PrimingBeam+1"],"picked":"SKIP","floor":30.0},{"not_picked":["Guardian:ShieldCharger","Guardian:PolyBeam+1","Guardian:Planning+1"],"picked":"SKIP","floor":32.0},{"not_picked":["Guardian:StasisStrike","Guardian:GatlingBeam"],"picked":"Guardian:ExploitGems","floor":33.0},{"not_picked":["Guardian:ChargeCore+1"],"picked":"SKIP","floor":36.0},{"not_picked":["Guardian:Repulse"],"picked":"SKIP","floor":37.0},{"not_picked":["Guardian:CrystalBeam"],"picked":"SKIP","floor":44},{"not_picked":["Guardian:CrystalBeam"],"picked":"SKIP","floor":44},{"not_picked":["Guardian:CrystalBeam"],"picked":"SKIP","floor":44},{"not_picked":["Guardian:PrimingBeam"],"picked":"SKIP","floor":46},{"not_picked":["Guardian:PrimingBeam+1","Guardian:Gem_Crimson"],"picked":"SKIP","floor":49}],"player_experience":114266,"relics_obtained":[{"floor":7.0,"key":"Replay:Mystery Machine"},{"floor":24.0,"key":"Toy Ornithopter"},{"floor":39,"key":"Replay:Multitool"},{"floor":41,"key":"Replay:WaspNest"},{"floor":42,"key":"Replay:Bottled Flurry"},{"floor":46,"key":"Smiling Mask"},{"floor":47,"key":"Chameleon Ring"}],"event_choices":[{"damage_healed":0.0,"max_hp_gain":0.0,"max_hp_loss":0.0,"gold_gain":0.0,"event_name":"Drug Dealer","player_choice":"Inject Mutagens","floor":26.0,"gold_loss":0.0,"damage_taken":0.0,"relics_obtained":["MutagenicStrength"]},{"damage_healed":0,"gold_gain":0,"player_choice":"Inject Mutagens","damage_taken":0,"relics_obtained":["Circlet"],"max_hp_gain":0,"max_hp_loss":0,"event_name":"Drug Dealer","floor":39,"gold_loss":0}],"is_beta":false,"boss_relics":[{"not_picked":["ChewingGum","Runic Pyramid"],"picked":"Coffee Dripper"},{"not_picked":["Replay:Drink Me","ReplayTheSpireMod:SealedPack"],"picked":"Busted Crown"}],"items_purged_floors":[9,43],"is_endless":true,"potions_floor_spawned":[3,5,12,13,21,22,25,33,36,39,46,49],"ascension_level":0}}