{"host":"ucx3368bquyf080x","time":1611760257,"event":{"mods":["BaseMod","Minty Spire (QoL Compilation)","Replay The Spire","StSLib","[IsaacMod]ÒÔÈö¼âËþ"],"gold_per_floor":[112,112,37,37,56,84,84,117,117,117,148,159,174,185,185,281,281,297,297,297,297,297,314,334,378,378,416,442,442,470,496,496,531,531,642,642,665,692,692,692,706,738,738,767,767,767,567,567,586,536,536,536,536],"floor_reached":52,"language":"ZHS","playtime":2410,"items_purged":["Defend_G","Strike_G","Atom Bomb","Defend_G+1"],"score":1055,"play_id":"75d0cb37-c404-4216-a08e-98ed8aba85e0","local_time":"20210127231057","is_ascension_mode":true,"campfire_choices":[{"data":"DoctorFetus","floor":7.0,"key":"SMITH"},{"floor":10.0,"key":"REST"},{"data":"Footwork","floor":15.0,"key":"SMITH"},{"data":"Adrenaline","floor":26.0,"key":"SMITH"},{"data":"Caltrops","floor":29.0,"key":"SMITH"},{"data":"After Image","floor":32.0,"key":"SMITH"},{"data":"Ghostly","floor":34.0,"key":"SMITH"},{"floor":43,"key":"RECALL"},{"data":"Ghostly","floor":46,"key":"SMITH"},{"data":"Strike_G+2","floor":51,"key":"SMITH"}],"circlet_count":0,"master_deck":["Strike_G+1","Strike_G+2","Strike_G+3","Defend_G+1","Defend_G+1","Survivor+1","Neutralize+1","DoctorFetus+1","Cloak And Dagger+1","Dodge and Roll+1","Footwork+1","Accuracy+1","Caltrops+1","After Image+1","Adrenaline+1","Infinite Blades+1","Ghostly+1","Ghostly+1","Ghostly+1","Ghostly+1","Ghostly+1","Backflip+1","Backflip+1","Fluid Movement+1","Escape Plan+1","Backstab+1","Glass Knife+1","Caltrops+1","Dagger Spray+1"],"relics":["Ring of the Snake","HushsDoor","MoneyPower","NeowsBlessing","DeadEye","Gambling Chip","Gremlin Horn","ReplayTheSpireMod:TigerMarble","Replay:Grab Bag","Velvet Choker","NineLifeCat","CeramicFish","BelialBook","War Paint","Simple Rune","Replay:Rubber Ducky","MagicMushroom","Smiling Mask","Happy Flower","Whetstone","Mark of the Bloom"],"acts_visited":["Exordium","TheCity","TheBeyond"],"potions_floor_usage":[],"damage_taken":[{"damage":0.0,"enemies":"Jaw Worm","floor":1.0,"turns":1.0},{"damage":0.0,"enemies":"2 Louse","floor":5.0,"turns":1.0},{"damage":0.0,"enemies":"Lagavulin","floor":6.0,"turns":1.0},{"damage":31.0,"enemies":"Gremlin Nob","floor":8.0,"turns":5.0},{"damage":17.0,"enemies":"3 Sentries","floor":11.0,"turns":4.0},{"damage":0.0,"enemies":"Cultist","floor":12.0,"turns":4.0},{"damage":4.0,"enemies":"Exordium Thugs","floor":13.0,"turns":4.0},{"damage":5.0,"enemies":"2 Fungi Beasts","floor":14.0,"turns":3.0},{"damage":17.0,"enemies":"Slime Boss","floor":16.0,"turns":6.0},{"damage":0.0,"enemies":"Chosen","floor":18.0,"turns":5.0},{"damage":0.0,"enemies":"2 Thieves","floor":23.0,"turns":5.0},{"damage":0.0,"enemies":"3 Cultists","floor":24.0,"turns":4.0},{"damage":2.0,"enemies":"Gremlin Leader","floor":25.0,"turns":6.0},{"damage":32.0,"enemies":"Book of Stabbing","floor":27.0,"turns":8.0},{"damage":0.0,"enemies":"Snecko","floor":30.0,"turns":5.0},{"damage":0.0,"enemies":"Replay:Snechameleon","floor":33.0,"turns":6.0},{"damage":7.0,"enemies":"Pondfish","floor":35.0,"turns":9.0},{"damage":0,"enemies":"3 Darklings","floor":37,"turns":5},{"damage":0,"enemies":"Orb Walker","floor":38,"turns":4},{"damage":0,"enemies":"4 Shapes","floor":41,"turns":4},{"damage":0,"enemies":"R_Hoarder","floor":42,"turns":11},{"damage":0,"enemies":"Reptomancer","floor":44,"turns":6},{"damage":0,"enemies":"Maw","floor":49,"turns":6},{"damage":10,"enemies":"Replay:Hell Engine","floor":52,"turns":6}],"seed_played":"-4793994174434678611","potions_obtained":[{"floor":6.0,"key":"SkillPotion"},{"floor":12.0,"key":"Milkshake"},{"floor":14.0,"key":"LiquidBronze"},{"floor":16.0,"key":"Fruit Juice"},{"floor":18.0,"key":"Venom Potion"},{"floor":30.0,"key":"Strength Potion"},{"floor":38,"key":"Regen Potion"}],"is_trial":false,"path_per_floor":["M","?","$","?","M","E","R","E","T","R","E","M","M","M","R","B",null,"M","?","?","PTL","PTL","M","M","E","R","E","T","R","M","T","R","E","R","B",null,"M","M","?","?","M","E","R","E","T","R","$","?","M","$","R","B"],"character_chosen":"THE_SILENT","items_purchased":["NineLifeCat","EntropicBrew","Atom Bomb","Whetstone"],"campfire_rested":1,"item_purchase_floors":[17,17,17,47],"current_hp_per_floor":[63,56,56,56,56,56,56,25,25,46,29,29,25,20,20,3,2,7,7,3,3,3,3,3,1,1,3,3,3,3,3,3,3,3,3,10,10,10,10,9,9,9,9,9,9,9,9,9,9,9,9,0,0],"gold":536,"neow_bonus":"THREE_ENEMY_KILL","is_daily":false,"chose_seed":false,"campfire_upgraded":8,"win_rate":0.0,"timestamp":1611760257,"path_taken":["M","?","?","?","M","E","R","E","T","R","E","M","?","M","R","BOSS","M","?","?","PTL","PTL","M","M","E","R","E","T","R","?","?","R","E","R","BOSS","M","M","?","?","M","E","R","E","T","R","$","?","?","$","R","BOSS"],"items_purchased_type":["Relic","Potion","Card","Relic"],"build_version":"2020-12-22","purchased_purges":4,"victory":false,"max_hp_per_floor":[70,70,70,70,70,70,70,70,70,70,70,70,70,70,70,70,2,7,7,3,3,3,3,3,3,3,3,3,3,3,3,3,3,3,3,10,10,10,10,9,9,9,9,9,9,9,9,9,9,9,9,9,9],"card_choices":[{"not_picked":[],"picked":"DoctorFetus","floor":0.0},{"not_picked":["Calculated Gamble","Choke"],"picked":"Cloak And Dagger","floor":1.0},{"not_picked":["Deflect","Bane"],"picked":"Footwork","floor":5.0},{"not_picked":["Draining Mist","Corpse Explosion"],"picked":"Accuracy","floor":6.0},{"not_picked":["Acrobatics","Sucker Punch"],"picked":"Caltrops","floor":8.0},{"not_picked":["Sneak Up","Bane"],"picked":"After Image","floor":11.0},{"not_picked":["Noxious Fumes","Accuracy","Distraction"],"picked":"SKIP","floor":12.0},{"not_picked":["Finisher","Cloak And Dagger","Deadly Poison"],"picked":"SKIP","floor":13.0},{"not_picked":["PiercingWail","Deadly Poison","Backflip"],"picked":"SKIP","floor":14.0},{"not_picked":["Replay:Bag of Tricks","ReplayTheSpireMod:Necrosis"],"picked":"Adrenaline","floor":16.0},{"not_picked":["Deflect+1","Dagger Throw+1"],"picked":"Infinite Blades","floor":18.0},{"not_picked":["Deadly Poison+1","Finisher","Endless Agony"],"picked":"SKIP","floor":23.0},{"not_picked":["Reflex","Poisoned Stab"],"picked":"Backflip+1","floor":24.0},{"not_picked":["Underhanded Strike","Caltrops"],"picked":"Backflip+1","floor":25.0},{"not_picked":["Endless Agony","ReplayTheSpireMod:Exploit Weakness"],"picked":"Fluid Movement+1","floor":27.0},{"not_picked":["Acrobatics","Prepared"],"picked":"Escape Plan","floor":30.0},{"not_picked":["Deadly Poison","Tactician+1"],"picked":"Backstab","floor":33.0},{"not_picked":["Bullet Time","Wraith Form v2"],"picked":"Glass Knife","floor":35.0},{"not_picked":["Catalyst+1","Noxious Fumes"],"picked":"Caltrops","floor":37},{"not_picked":["Slice","Skewer+1"],"picked":"Dagger Spray","floor":38},{"not_picked":["Flying Knee+1","Underhanded Strike+1","Acrobatics+1"],"picked":"SKIP","floor":41},{"not_picked":["Outmaneuver","Cloak And Dagger","Toxin Wave+1"],"picked":"SKIP","floor":42},{"not_picked":["ReplayTheSpireMod:Scrap Shanks+1","Concentrate","Venomology"],"picked":"SKIP","floor":44},{"not_picked":["Deadly Poison+1","Slice+1","Prepared"],"picked":"SKIP","floor":49}],"player_experience":616131,"relics_obtained":[{"floor":6.0,"key":"DeadEye"},{"floor":8.0,"key":"Gambling Chip"},{"floor":9.0,"key":"Gremlin Horn"},{"floor":11.0,"key":"ReplayTheSpireMod:TigerMarble"},{"floor":25.0,"key":"CeramicFish"},{"floor":27.0,"key":"BelialBook"},{"floor":28.0,"key":"War Paint"},{"floor":31.0,"key":"Simple Rune"},{"floor":33.0,"key":"Replay:Rubber Ducky"},{"floor":42,"key":"Smiling Mask"},{"floor":44,"key":"Happy Flower"}],"event_choices":[{"cards_removed":["Strike_G"],"damage_healed":0.0,"max_hp_gain":0.0,"max_hp_loss":0.0,"gold_gain":0.0,"event_name":"Golden Wing","player_choice":"Card Removal","floor":2.0,"gold_loss":0.0,"damage_taken":7.0},{"damage_healed":0.0,"max_hp_gain":0.0,"max_hp_loss":0.0,"gold_gain":0.0,"cards_transformed":["Defend_G"],"event_name":"Transmorgrifier","player_choice":"Transformed","floor":4.0,"gold_loss":0.0,"damage_taken":0.0,"cards_obtained":["Dodge and Roll"]},{"damage_healed":0.0,"max_hp_gain":0.0,"max_hp_loss":0.0,"gold_gain":0.0,"event_name":"Vampires","player_choice":"Ignored","floor":19.0,"gold_loss":0.0,"damage_taken":0.0},{"damage_healed":0.0,"max_hp_gain":0.0,"max_hp_loss":4.0,"gold_gain":0.0,"event_name":"Ghosts","player_choice":"Became a Ghost","floor":20.0,"gold_loss":0.0,"damage_taken":0.0,"cards_obtained":["Ghostly","Ghostly","Ghostly","Ghostly","Ghostly"]},{"damage_healed":0,"gold_gain":0,"player_choice":"Memory 1","damage_taken":0,"max_hp_gain":0,"max_hp_loss":0,"event_name":"SensoryStone","floor":39,"gold_loss":0},{"damage_healed":0,"gold_gain":0,"player_choice":"Max HP","damage_taken":0,"max_hp_gain":0,"max_hp_loss":1,"event_name":"Winding Halls","floor":40,"gold_loss":0},{"damage_healed":0,"gold_gain":0,"player_choice":"Upgrade","damage_taken":0,"relics_obtained":["Mark of the Bloom"],"max_hp_gain":0,"max_hp_loss":0,"event_name":"MindBloom","floor":48,"gold_loss":0,"cards_upgraded":["Strike_G","Strike_G","Strike_G","Defend_G","Defend_G","Defend_G","Survivor","Neutralize","Cloak And Dagger","Accuracy","Infinite Blades","Ghostly","Ghostly","Escape Plan","Glass Knife","Caltrops"]}],"is_beta":false,"boss_relics":[{"not_picked":["Busted Crown","Replay:Bronze Core"],"picked":"Replay:Grab Bag"},{"not_picked":["Sozu","Philosopher\u0027s Stone"],"picked":"Velvet Choker"},{"not_picked":[]},{"not_picked":["Ring of the Serpent","Pandora\u0027s Box"],"picked":"MagicMushroom"},{"not_picked":[]}],"items_purged_floors":[3,17,47,50],"is_endless":false,"potions_floor_spawned":[6,12,14,16,18,24,30,38,41],"killed_by":"Replay:Hell Engine","ascension_level":8}}