{"host":"hfcva6mq15ctj0gu","time":1611765224,"event":{"mods":["Abigail Mod","AchievementEnabler","Act Like it!","Alarm Clock","BaseMod","Better Altar","Better Match","Better Skull","Better Third Choice","BetterRewards","Booster Modes","CapriCore","Card Forge","Colored Map","Curses Come First","Disable Question Mark Monsters","Displayed Cursed Tome","Emptier Cage","FoggyMod","Friendly Minions","Gold Saver","Good Game Mod","Grow up Mod","Highlight Path","Kratos Character Expansion","Minty Spire (QoL Compilation)","Permanent Neow","Poem Panic","Remilia??????","Shade Mod","Shop Mod","StSLib","The Immortal","The Servant 0.9.4","The Vixen","Transform Curses","Virulent Crown","????"],"gold_per_floor":[1578,1753,1718,1255,1255,1281,592,609,609,208,208,229,10,85,85,184,184,199,79,354,67,80,115,115,190,244,257,257,270,303,33,33,128,128,139,139,189,189,237,237,266,43,43,43,43,43,70,70,70,70,70,70,7,42,42],"floor_reached":56,"language":"ENG","playtime":1558,"items_purged":[],"score":1979,"play_id":"9ec15f95-7066-458d-a712-1f3582ba54a4","local_time":"20210127173344","is_ascension_mode":false,"campfire_choices":[{"floor":15,"key":"DIG"},{"floor":28,"key":"RECALL"},{"floor":32,"key":"DIG"},{"floor":40,"key":"DIG"},{"floor":49,"key":"DIG"},{"floor":52,"key":"DIG"}],"circlet_count":0,"master_deck":["QueenOfMidnight+1","DiffusionOfMisfortune+1","FitfulNightmare+1","MastersStateliness+1","BloodAndWine+1","Sadistic Nature+1","EndlessAdversity+1","Doubt","NightLord+1","ChainGang+1","FitfulNightmare+1","ChainGang+1","MastersStateliness+1","Regret","EternalNight+1","ReincarnationDial+1","ScarletMeister+1","CharismaGuard+1","HeartBreak+1","BatForm+1","KillingBlow+1","ScarletSymphony+1","Regret","BloodAndWine+1","VampirishNight+1","Insight+1","ScarletImprint+1","RedRainbow+1","BloodAndWine+1","ForecastOfChange+1","ScarletImprint+1","Madness+1","Madness+1","HeartBreak+1","Dark Shackles+1","Master of Strategy+1","KratosMod:FullCounter+1","FitfulNightmare+1"],"relics":["ScarletHat","Hammer of Thor","Seething Fire","Anvil of the Gods","REME:ComplimentaryCards","MerchantsRug","Happy Flower","Unceasing Top","Ginger","Akabeko","Bottled Flame","KratosMod:chalice","InkBottle","Gremlin Horn","Medical Kit","The Courier","Membership Card","Ice Cream","Bag of Preparation","Shovel","Nunchaku","Odd Mushroom","Blue Candle","Letter Opener","Mummified Hand","Fusion Hammer","Vajra","Ornamental Fan","KratosMod:minohorn","FairyMaid","Oddly Smooth Stone","Pen Nib","Bronze Scales","CaptainsWheel","DollysMirror","TypeBBloodRedTea","Anchor","APieceOfRedMist","Singing Bowl","Bird Faced Urn","FossilizedHelix","Juzu Bracelet","Dream Catcher","Potion Belt","Cauldron","Question Card","Ancient Tea Set","PreservedInsect","Boot","Meat on the Bone","CeramicFish","ScarletDevilRocket","Pantograph","Chemical X","White Beast Statue"],"acts_visited":["Exordium","TheCity","TheBeyond","TheEnding"],"potions_floor_usage":[],"damage_taken":[{"damage":0,"enemies":"2 Louse","floor":1,"turns":1},{"damage":19,"enemies":"3 Sentries","floor":6,"turns":3},{"damage":8,"enemies":"Jaw Worm","floor":8,"turns":2},{"damage":6,"enemies":"The Mushroom Lair","floor":12,"turns":2},{"damage":2,"enemies":"Slime Boss","floor":16,"turns":2},{"damage":1,"enemies":"Chosen","floor":18,"turns":1},{"damage":3,"enemies":"3 Byrds","floor":22,"turns":1},{"damage":14,"enemies":"Slavers","floor":23,"turns":2},{"damage":1,"enemies":"Snake Plant","floor":27,"turns":1},{"damage":1,"enemies":"Centurion and Healer","floor":29,"turns":1},{"damage":4,"enemies":"Gremlin Leader","floor":30,"turns":2},{"damage":1,"enemies":"Automaton","floor":33,"turns":1},{"damage":1,"enemies":"3 Shapes","floor":35,"turns":1},{"damage":1,"enemies":"Mind Bloom Boss Battle","floor":37,"turns":1},{"damage":1,"enemies":"2 Orb Walkers","floor":39,"turns":1},{"damage":40,"enemies":"Reptomancer","floor":41,"turns":1},{"damage":0,"enemies":"Giant Head","floor":47,"turns":1},{"damage":52,"enemies":"Awakened One","floor":50,"turns":2},{"damage":6,"enemies":"Shield and Spear","floor":54,"turns":1},{"damage":12,"enemies":"The Heart","floor":55,"turns":2}],"seed_played":"8926626398244959062","potions_obtained":[{"floor":6,"key":"Energy Potion"},{"floor":12,"key":"Fire Potion"},{"floor":27,"key":"Dexterity Potion"},{"floor":30,"key":"Fire Potion"},{"floor":35,"key":"LiquidMemories"},{"floor":37,"key":"LiquidBronze"},{"floor":42,"key":"LiquidMemories"},{"floor":42,"key":"Fruit Juice"},{"floor":42,"key":"SkillPotion"},{"floor":42,"key":"PowerPotion"},{"floor":42,"key":"SteroidPotion"},{"floor":54,"key":"Regen Potion"}],"is_trial":false,"path_per_floor":["M","?","?","$","?","E","$","M","T","R","?","?","$","?","R","B",null,"M","$","?","$","M","E","?","?","T","M","R","M","E","$","R","B",null,"M","T","?","?","?","R","E","$","T","T","$","?","E","?","R","B",null,"R","$","E","B",null],"character_chosen":"REMILIA","items_purchased":["MerchantsRug","Happy Flower","QueenOfMidnight","DiffusionOfMisfortune","FitfulNightmare","MastersStateliness","BloodAndWine","Sadistic Nature","NightLord","Akabeko","Bottled Flame","InkBottle","Gremlin Horn","FitfulNightmare+1","ChainGang","Medical Kit","Membership Card","Ice Cream","Bag of Preparation","Shovel","Blue Candle","Letter Opener","ReincarnationDial","Vajra","Orrery","Ornamental Fan","Lizard Tail","KratosMod:minohorn","FairyMaid","Pen Nib","Bronze Scales","CaptainsWheel","DollysMirror","TypeBBloodRedTea","Potion Belt","Cauldron","Question Card","Ancient Tea Set","PreservedInsect","Chemical X"],"campfire_rested":0,"item_purchase_floors":[0,0,0,0,0,0,0,0,4,4,4,7,7,7,7,7,10,10,10,10,13,13,13,19,19,21,21,21,21,31,31,31,31,31,42,42,42,42,42,53],"current_hp_per_floor":[95,105,115,125,135,132,142,147,157,167,177,198,208,207,217,228,255,265,275,285,295,305,310,320,298,308,320,330,350,380,390,400,413,425,435,445,457,410,431,441,414,424,434,444,454,454,501,511,521,561,601,611,621,631,651],"gold":42,"neow_bonus":"","is_daily":false,"chose_seed":false,"campfire_upgraded":0,"win_rate":0.0,"timestamp":1611765224,"path_taken":["M","?","?","$","?","E","$","?","T","R","?","?","$","?","R","BOSS","M","$","?","$","?","E","?","?","T","?","R","?","E","?","R","BOSS","M","?","?","?","?","R","E","?","T","?","?","?","E","?","R","BOSS","R","$","E","BOSS"],"items_purchased_type":["Relic","Relic","Card","Card","Card","Card","Card","Card","Card","Relic","Relic","Relic","Relic","Card","Card","Relic","Relic","Relic","Relic","Relic","Relic","Relic","Card","Relic","Relic","Relic","Relic","Relic","Relic","Relic","Relic","Relic","Relic","Relic","Relic","Relic","Relic","Relic","Relic","Relic"],"build_version":"2020-12-22","purchased_purges":0,"victory":true,"max_hp_per_floor":[95,105,115,125,135,145,155,165,175,185,195,205,215,225,235,245,255,265,275,285,295,305,315,325,335,345,355,365,375,385,395,405,415,425,435,445,457,467,479,489,499,509,519,529,539,549,561,571,581,591,601,611,621,631,651],"card_choices":[{"not_picked":["ScarletNetherworld","ScarletGensokyo"],"picked":"EndlessAdversity","floor":1},{"not_picked":["StarOfDavid","BloodyTrap"],"picked":"ChainGang","floor":6},{"not_picked":["BloodHunter","UnderTheZenith"],"picked":"MastersStateliness+1","floor":8},{"not_picked":["ScarletImprint","BombardNight"],"picked":"EternalNight","floor":12},{"not_picked":["BloodySeventeenLaser","ScarletCoffin"],"picked":"ScarletMeister+1","floor":16},{"not_picked":["RedMagic","ScarletDevil+1","StarOfDavid"],"picked":"SKIP","floor":18},{"not_picked":["UltimateOffering","BloodHunter+1"],"picked":"CharismaGuard+1","floor":19},{"not_picked":["TransientEternity+1","Maim"],"picked":"HeartBreak","floor":19},{"not_picked":["StarOfDavid","VampireKiss"],"picked":"BatForm+1","floor":19},{"not_picked":["ScarletSymphony+1","StarOfDavid"],"picked":"KillingBlow","floor":19},{"not_picked":["UnstableMagic","ScarletGensokyo"],"picked":"ScarletSymphony","floor":19},{"not_picked":["BloodyTrap","UltimateOffering"],"picked":"BloodAndWine+1","floor":22},{"not_picked":["EquivalentExchange","DiffusionOfMisfortune"],"picked":"VampirishNight","floor":23},{"not_picked":["RedNightlessCastle","BloodHunter"],"picked":"ScarletImprint","floor":27},{"not_picked":["BloodHunter","VampireClaw+1"],"picked":"RedRainbow","floor":29},{"not_picked":["BloodHunter+1","Maim+1","ScarletImprint"],"picked":"SKIP","floor":30},{"not_picked":["TransientEternity","HellCatastrophe"],"picked":"ForecastOfChange","floor":33},{"not_picked":["FavorOfDestiny","ChainGang+1"],"picked":"ScarletImprint+1","floor":35},{"not_picked":["CharismaGuard+1","EndlessAdversity+1","StarOfDavid"],"picked":"Singing Bowl","floor":37},{"not_picked":["StarOfDavid+1","BombardNight","MastersStateliness+1"],"picked":"Singing Bowl","floor":39},{"not_picked":["UnderTheZenith+1","RedNightlessCastle"],"picked":"HeartBreak","floor":41},{"not_picked":["Secret Technique","Violence","Impatience"],"picked":"Dark Shackles","floor":46},{"not_picked":["Impatience","Purity","Violence"],"picked":"Master of Strategy","floor":46},{"not_picked":["Dark Shackles","The Bomb","Master of Strategy"],"picked":"KratosMod:FullCounter","floor":46},{"not_picked":["ChainGang","BombardNight","VampireKiss","TwelveNightmare"],"picked":"Singing Bowl","floor":47},{"not_picked":["TransientEternity","VampireClaw+1","MastersStateliness"],"picked":"FitfulNightmare+1","floor":54}],"player_experience":104091,"relics_obtained":[{"floor":6,"key":"Frozen Egg 2"},{"floor":9,"key":"The Courier"},{"floor":12,"key":"Odd Mushroom"},{"floor":15,"key":"Mummified Hand"},{"floor":23,"key":"Oddly Smooth Stone"},{"floor":30,"key":"Smiling Mask"},{"floor":32,"key":"Anchor"},{"floor":36,"key":"Singing Bowl"},{"floor":37,"key":"Bird Faced Urn"},{"floor":39,"key":"FossilizedHelix"},{"floor":40,"key":"Juzu Bracelet"},{"floor":41,"key":"Dream Catcher"},{"floor":43,"key":"Boot"},{"floor":44,"key":"Meat on the Bone"},{"floor":47,"key":"CeramicFish"},{"floor":49,"key":"ScarletDevilRocket"},{"floor":52,"key":"Pantograph"},{"floor":54,"key":"White Beast Statue"}],"event_choices":[{"damage_healed":0,"gold_gain":175,"player_choice":"AGREE","damage_taken":1578,"max_hp_gain":0,"max_hp_loss":0,"event_name":"betterThird:BetterSerpent","floor":2,"gold_loss":0},{"damage_healed":26,"gold_gain":0,"player_choice":"Healed","damage_taken":0,"max_hp_gain":0,"max_hp_loss":0,"event_name":"The Cleric","floor":3,"gold_loss":35},{"damage_healed":0,"gold_gain":0,"player_choice":"Box","damage_taken":0,"relics_obtained":["Nunchaku"],"max_hp_gain":0,"max_hp_loss":0,"event_name":"Big Fish","floor":11,"gold_loss":0,"cards_obtained":["Regret"]},{"damage_healed":0,"gold_gain":0,"player_choice":"Fought Mushrooms","damage_taken":0,"max_hp_gain":0,"max_hp_loss":0,"event_name":"Mushrooms","floor":12,"gold_loss":0},{"damage_healed":0,"gold_gain":75,"player_choice":"Gold","damage_taken":11,"max_hp_gain":1,"max_hp_loss":0,"event_name":"betterThird:BetterGoop","floor":14,"gold_loss":0},{"damage_healed":0,"gold_gain":275,"player_choice":"Desecrate","damage_taken":0,"max_hp_gain":0,"max_hp_loss":0,"event_name":"Golden Shrine","floor":20,"gold_loss":0,"cards_obtained":["Regret"]},{"damage_healed":0,"gold_gain":0,"player_choice":"Insight","damage_taken":0,"max_hp_gain":0,"max_hp_loss":0,"event_name":"betterThird:BetterWriting","floor":24,"gold_loss":0,"cards_obtained":["Insight"]},{"damage_healed":0,"gold_gain":75,"player_choice":"Touch","damage_taken":32,"max_hp_gain":0,"max_hp_loss":0,"event_name":"FaceTrader","floor":25,"gold_loss":0},{"damage_healed":0,"gold_gain":0,"player_choice":"Fight","damage_taken":0,"max_hp_gain":0,"max_hp_loss":0,"event_name":"MindBloom","floor":37,"gold_loss":0},{"damage_healed":0,"gold_gain":0,"player_choice":"Embrace Madness","damage_taken":57,"max_hp_gain":0,"max_hp_loss":0,"event_name":"Winding Halls","floor":38,"gold_loss":0,"cards_obtained":["Madness","Madness"]},{"damage_healed":0,"gold_gain":0,"player_choice":"Fight","damage_taken":0,"max_hp_gain":0,"max_hp_loss":0,"event_name":"Mysterious Sphere","floor":39,"gold_loss":0},{"damage_healed":0,"gold_gain":0,"player_choice":"Memory 3","damage_taken":10,"max_hp_gain":0,"max_hp_loss":0,"event_name":"SensoryStone","floor":46,"gold_loss":0},{"damage_healed":0,"gold_gain":0,"player_choice":"Ignored","damage_taken":0,"max_hp_gain":0,"max_hp_loss":0,"event_name":"Tomb of Lord Red Mask","floor":48,"gold_loss":0}],"is_beta":false,"boss_relics":[{"not_picked":["Ectoplasm","Busted Crown"],"picked":"Fusion Hammer"},{"not_picked":["SlaversCollar","ScarletEmblem"],"picked":"APieceOfRedMist"}],"items_purged_floors":[],"is_endless":false,"potions_floor_spawned":[6,12,27,30,35,37,54],"ascension_level":0}}