{"host":"3a5itcmwo6ddh3id","time":1611764897,"event":{"mods":["BaseMod","Colored Map","Colored Powertips","Minty Spire (QoL Compilation)","Relic Stats"],"gold_per_floor":[110,30,105,105,20,47,47,77,77,77,77,77,96,109,109,180,180,192,117,129,55,66,66,66,96,96,146,164,197,197,529,529,606,606,618,618,145,168,184,214,214,242,242,276,276,276,21,39,39,39,39,39,39,39,72,72,72],"floor_reached":56,"language":"ENG","playtime":2617,"items_purged":["Strike_R"],"score":2190,"play_id":"2e773fc9-d513-4f4b-8c60-fd2613a0a6dd","local_time":"20210127102817","is_ascension_mode":true,"campfire_choices":[{"floor":7.0,"key":"REST"},{"floor":10.0,"key":"REST"},{"data":"Hemokinesis","floor":12.0,"key":"SMITH"},{"data":"Sword Boomerang","floor":15.0,"key":"SMITH"},{"floor":24.0,"key":"REST"},{"floor":30.0,"key":"REST"},{"floor":32.0,"key":"REST"},{"floor":41.0,"key":"RECALL"},{"data":"Strike_R","floor":45.0,"key":"PURGE"},{"data":"Strike_R","floor":49.0,"key":"PURGE"},{"data":"Parasite","floor":53.0,"key":"PURGE"}],"circlet_count":0,"master_deck":["AscendersBane","Defend_R","Defend_R","Defend_R","Defend_R","Bash+1","Sword Boomerang+1","Cleave","Hemokinesis+1","Dropkick","Fiend Fire","Shrug It Off","Pommel Strike","Feed","Dark Embrace","Whirlwind","Spot Weakness","Shrug It Off","Limit Break+1","Heavy Blade+1","Flex+1","Berserk+1","Demon Form+1","Exhume+1","Uppercut","Dual Wield+1","Carnage","Exhume+1","Second Wind+1","Entrench+1","Feel No Pain+1"],"relics":["Burning Blood","Paper Frog","Bottled Flame","Nunchaku","Snecko Eye","Enchiridion","Toxic Egg 2","Frozen Egg 2","Peace Pipe","Old Coin","Fusion Hammer","Bag of Preparation","Sling","Centennial Puzzle","Bronze Scales","Gremlin Horn","Pantograph","PreservedInsect","Art of War"],"acts_visited":["Exordium","TheCity","TheBeyond","TheEnding"],"potions_floor_usage":[],"damage_taken":[{"damage":12.0,"enemies":"Cultist","floor":1.0,"turns":5.0},{"damage":37.0,"enemies":"3 Sentries","floor":6.0,"turns":7.0},{"damage":34.0,"enemies":"Gremlin Nob","floor":8.0,"turns":4.0},{"damage":10.0,"enemies":"Small Slimes","floor":13.0,"turns":2.0},{"damage":2.0,"enemies":"2 Louse","floor":14.0,"turns":2.0},{"damage":0.0,"enemies":"Slime Boss","floor":16.0,"turns":2.0},{"damage":17.0,"enemies":"3 Byrds","floor":18.0,"turns":6.0},{"damage":5.0,"enemies":"Spheric Guardian","floor":20.0,"turns":3.0},{"damage":46.0,"enemies":"Shelled Parasite and Fungi","floor":22.0,"turns":5.0},{"damage":12.0,"enemies":"Book of Stabbing","floor":25.0,"turns":3.0},{"damage":2.0,"enemies":"Snecko","floor":28.0,"turns":2.0},{"damage":0.0,"enemies":"Gremlin Leader","floor":29.0,"turns":4.0},{"damage":45.0,"enemies":"Book of Stabbing","floor":31.0,"turns":4.0},{"damage":65.0,"enemies":"Champ","floor":33.0,"turns":8.0},{"damage":11.0,"enemies":"3 Shapes","floor":35.0,"turns":7.0},{"damage":0.0,"enemies":"Orb Walker","floor":39.0,"turns":1.0},{"damage":9.0,"enemies":"Reptomancer","floor":40.0,"turns":2.0},{"damage":21.0,"enemies":"Giant Head","floor":42.0,"turns":4.0},{"damage":15.0,"enemies":"Nemesis","floor":44.0,"turns":3.0},{"damage":2.0,"enemies":"Writhing Mass","floor":48.0,"turns":3.0},{"damage":41.0,"enemies":"Donu and Deca","floor":50.0,"turns":5.0},{"damage":103.0,"enemies":"Awakened One","floor":51.0,"turns":8.0},{"damage":55.0,"enemies":"Shield and Spear","floor":55.0,"turns":4.0},{"damage":75,"enemies":"The Heart","floor":56,"turns":3}],"seed_played":"-5479032169632269190","potions_obtained":[{"floor":6.0,"key":"Energy Potion"},{"floor":8.0,"key":"Fruit Juice"},{"floor":14.0,"key":"SteroidPotion"},{"floor":20.0,"key":"FairyPotion"},{"floor":28.0,"key":"FairyPotion"},{"floor":35.0,"key":"Explosive Potion"},{"floor":44.0,"key":"PowerPotion"}],"is_trial":false,"path_per_floor":["M","$","?","?","$","E","R","E","T","R","?","R","M","M","R","B",null,"M","?","M","$","M","?","R","E","T","?","M","E","R","E","R","B",null,"M","?","$","T","M","E","R","E","T","E","R","?","$","M","R","B","B",null,"R","$","E","B"],"character_chosen":"IRONCLAD","items_purchased":["Cleave","SteroidPotion","Hemokinesis","Spot Weakness","Bag of Preparation","Dual Wield+1","Sling","PreservedInsect","Entrench+1"],"campfire_rested":5,"item_purchase_floors":[2,2,5,21,37,37,37,47,47],"current_hp_per_floor":[69,69,58,58,58,27,51,28,28,54,54,54,50,54,54,60,80,72,72,73,73,36,15,42,36,36,27,31,37,64,25,52,33,78,76,76,76,76,82,79,79,64,64,55,55,55,55,59,59,49,35,83,83,83,34,0,0],"gold":72,"neow_bonus":"TEN_PERCENT_HP_BONUS","is_daily":false,"chose_seed":false,"campfire_upgraded":2,"win_rate":0.0,"timestamp":1611764897,"path_taken":["M","?","?","?","$","E","R","E","T","R","?","R","M","?","R","BOSS","M","?","M","$","M","?","R","E","T","?","?","E","R","E","R","BOSS","M","?","$","?","M","E","R","E","T","E","R","?","$","?","R","BOSS","BOSS","R","$","E","BOSS"],"items_purchased_type":["Card","Potion","Card","Card","Relic","Card","Relic","Relic","Card"],"build_version":"2020-12-22","purchased_purges":1,"victory":false,"max_hp_per_floor":[82,82,82,82,82,82,82,87,87,87,87,87,87,87,87,87,87,90,90,90,90,93,93,93,93,93,93,93,93,93,93,93,93,93,96,96,96,96,96,96,96,96,96,96,96,96,96,96,96,96,99,99,96,96,96,96,96],"relic_stats":{"Gremlin Horn":[5,5],"counters":[24,97],"PreservedInsect":77,"Bag of Preparation":[18],"Burning Blood":138,"Peace Pipe":3,"Nunchaku":[18],"Centennial Puzzle":[24],"Bronze Scales":[120],"Pantograph":75,"Snecko Eye":[154,138,145,157],"Art of War":[1],"obtain_stats":[{"Gremlin Horn":42,"Enchiridion":23,"PreservedInsect":47,"Bag of Preparation":37,"Frozen Egg 2":26,"Sling":37,"Burning Blood":0,"Old Coin":31,"Peace Pipe":29,"Bottled Flame":8,"Nunchaku":9,"Centennial Puzzle":38,"Bronze Scales":40,"Pantograph":44,"Snecko Eye":17,"Fusion Hammer":34,"Art of War":55,"Toxic Egg 2":25,"Paper Frog":6},{"Gremlin Horn":18,"Enchiridion":9,"PreservedInsect":19,"Bag of Preparation":15,"Frozen Egg 2":10,"Sling":15,"Burning Blood":0,"Old Coin":13,"Peace Pipe":12,"Bottled Flame":3,"Nunchaku":3,"Centennial Puzzle":15,"Bronze Scales":17,"Pantograph":19,"Snecko Eye":6,"Fusion Hammer":14,"Art of War":23,"Toxic Egg 2":10,"Paper Frog":2},{"Gremlin Horn":71,"Enchiridion":36,"PreservedInsect":74,"Bag of Preparation":64,"Frozen Egg 2":39,"Sling":64,"Burning Blood":0,"Old Coin":49,"Peace Pipe":45,"Bottled Flame":16,"Nunchaku":16,"Centennial Puzzle":64,"Bronze Scales":67,"Pantograph":74,"Snecko Eye":22,"Fusion Hammer":57,"Art of War":94,"Toxic Egg 2":39,"Paper Frog":12}]},"card_choices":[{"not_picked":["Dual Wield","True Grit"],"picked":"Sword Boomerang","floor":1.0},{"not_picked":["Shrug It Off","Offering"],"picked":"Dropkick","floor":6.0},{"not_picked":["Warcry","Headbutt","Cleave"],"picked":"SKIP","floor":8.0},{"not_picked":["Anger","Clothesline"],"picked":"Shrug It Off","floor":13.0},{"not_picked":["Iron Wave","Havoc"],"picked":"Pommel Strike","floor":14.0},{"not_picked":["Limit Break","Reaper"],"picked":"Feed","floor":16.0},{"not_picked":["Perfected Strike","Iron Wave"],"picked":"Dark Embrace","floor":18.0},{"not_picked":["Entrench","Pummel"],"picked":"Whirlwind","floor":20.0},{"not_picked":["Warcry","Wild Strike"],"picked":"Shrug It Off","floor":22.0},{"not_picked":["Body Slam","Battle Trance+1"],"picked":"Limit Break+1","floor":25.0},{"not_picked":["Anger","Rupture+1"],"picked":"Heavy Blade+1","floor":28.0},{"not_picked":["Anger","Clash"],"picked":"Flex+1","floor":29.0},{"not_picked":["Perfected Strike","Twin Strike"],"picked":"Berserk+1","floor":31.0},{"not_picked":["Barricade+1","Double Tap+1"],"picked":"Demon Form+1","floor":33.0},{"not_picked":["Heavy Blade+1","Dropkick","Hemokinesis+1"],"picked":"SKIP","floor":35.0},{"not_picked":["Body Slam","Rampage"],"picked":"Carnage","floor":39.0},{"not_picked":["Clothesline","Havoc+1"],"picked":"Exhume+1","floor":40.0},{"not_picked":["Cleave+1","Flex+1","Rupture+1"],"picked":"SKIP","floor":42.0},{"not_picked":["Armaments+1","Clash"],"picked":"Second Wind+1","floor":44.0},{"not_picked":["Second Wind+1","Twin Strike","Flex+1"],"picked":"SKIP","floor":48.0},{"not_picked":["Spot Weakness+1","Clash"],"picked":"Feel No Pain+1","floor":55.0}],"player_experience":1098994,"relics_obtained":[{"floor":6.0,"key":"Paper Frog"},{"floor":8.0,"key":"Bottled Flame"},{"floor":9.0,"key":"Nunchaku"},{"floor":23.0,"key":"Enchiridion"},{"floor":25.0,"key":"Toxic Egg 2"},{"floor":26.0,"key":"Frozen Egg 2"},{"floor":29.0,"key":"Peace Pipe"},{"floor":31.0,"key":"Old Coin"},{"floor":38.0,"key":"Centennial Puzzle"},{"floor":40.0,"key":"Bronze Scales"},{"floor":42.0,"key":"Gremlin Horn"},{"floor":44.0,"key":"Pantograph"},{"floor":55.0,"key":"Art of War"}],"event_choices":[{"damage_healed":0.0,"max_hp_gain":0.0,"max_hp_loss":0.0,"gold_gain":75.0,"event_name":"World of Goop","player_choice":"Gather Gold","floor":3.0,"gold_loss":0.0,"damage_taken":11.0},{"damage_healed":0.0,"max_hp_gain":0.0,"max_hp_loss":0.0,"gold_gain":0.0,"event_name":"Living Wall","player_choice":"Grow","floor":4.0,"gold_loss":0.0,"damage_taken":0.0,"cards_upgraded":["Bash"]},{"damage_healed":0.0,"max_hp_gain":0.0,"max_hp_loss":0.0,"gold_gain":0.0,"cards_transformed":["Strike_R"],"event_name":"Transmorgrifier","player_choice":"Transformed","floor":11.0,"gold_loss":0.0,"damage_taken":0.0,"cards_obtained":["Fiend Fire"]},{"cards_removed":["Strike_R"],"damage_healed":0.0,"max_hp_gain":0.0,"max_hp_loss":0.0,"gold_gain":0.0,"event_name":"Beggar","player_choice":"Gave Gold","floor":19.0,"gold_loss":75.0,"damage_taken":0.0},{"damage_healed":0.0,"max_hp_gain":0.0,"max_hp_loss":0.0,"gold_gain":0.0,"event_name":"Cursed Tome","player_choice":"Obtained Book","floor":23.0,"gold_loss":0.0,"damage_taken":21.0},{"damage_healed":0.0,"max_hp_gain":0.0,"max_hp_loss":0.0,"gold_gain":50.0,"event_name":"FaceTrader","player_choice":"Touch","floor":27.0,"gold_loss":0.0,"damage_taken":9.0},{"damage_healed":0.0,"max_hp_gain":0.0,"max_hp_loss":0.0,"gold_gain":0.0,"event_name":"Match and Keep!","player_choice":"2 cards matched","floor":36.0,"gold_loss":0.0,"damage_taken":0.0,"cards_obtained":["Exhume","Uppercut"]},{"damage_healed":0.0,"max_hp_gain":0.0,"max_hp_loss":0.0,"gold_gain":0.0,"event_name":"Tomb of Lord Red Mask","player_choice":"Ignored","floor":46.0,"gold_loss":0.0,"damage_taken":0.0}],"is_beta":false,"boss_relics":[{"not_picked":["Astrolabe","Sozu"],"picked":"Snecko Eye"},{"not_picked":["Cursed Key","Empty Cage"],"picked":"Fusion Hammer"}],"items_purged_floors":[37],"is_endless":false,"potions_floor_spawned":[6,8,14,20,28,31,35,42,44],"killed_by":"The Heart","ascension_level":20}}