{"host":"j1eo1fqrqta44853","time":1611736208,"event":{"mods":["Act Like it!","Bartender","BaseMod","CatGirl Mod","Custom Start","Downfall","Elementarium","Gensokyo","GungeonMod","HololiveMod","Hubris","Infinite Spire","KinomotoSakuraMod(????)","Koishi","Lobotomy","LobotomyExtend","Marisa????????","Minty Spire (QoL Compilation)","Pale of the Ancients","Rare Cards Sparkle","Reimu??????","Reliquary","Replay The Spire","SIMod","Shedinja","Spire Arcade","StSLib","The Alterego","The Jungle","The Marked","The Mystic","The Runesmith","The Senshi","The Vixen","TheBandit","Waifu the Spire","WarShipGirlsR/????R mod","Yakumo Yukari mod"],"gold_per_floor":[111,111,123,69,133,165,165,165,165,165,165,165,165,177,177,197,197,300,300,314,332,292,304,32,49,49,49,49,49,60,60,95,95,95,115,115,224,224,249,284,61,61,81,81,119,145,168,198,198,225,260,295,295,295,334,367,409,284,284,315,315,58,58,58],"floor_reached":65,"language":"ENG","playtime":6443,"items_purged":["Burn","Decay","Burn"],"score":1822,"play_id":"e3d0d6d8-d303-48fb-a329-e4f21e19bc7d","local_time":"20210127023008","is_ascension_mode":false,"campfire_choices":[{"floor":10,"key":"RECALL"},{"floor":13,"key":"REST"},{"data":"Berserk","floor":15,"key":"SMITH"},{"data":"Disarm","floor":17,"key":"SMITH"},{"data":"Demon Form","floor":27,"key":"SMITH"},{"data":"Armaments","floor":29,"key":"SMITH"},{"data":"Metallicize","floor":31,"key":"SMITH"},{"floor":36,"key":"REST"},{"data":"infinitespire:Gouge","floor":44,"key":"SMITH"},{"data":"Demon Form","floor":49,"key":"SMITH"},{"floor":53,"key":"REST"},{"data":"Combust","floor":59,"key":"SMITH"},{"data":"Juggernaut","floor":61,"key":"SMITH"}],"circlet_count":0,"master_deck":["Strike_R","Strike_R","Strike_R","Strike_R","Strike_R+1","Defend_R","Defend_R","Defend_R+1","Defend_R","Bash","Trip+1","Metallicize","Cleave","Disarm+1","Berserk+1","Shrug It Off","Demon Form+1","Armaments+1","Metallicize+1","Feel No Pain","Inflame","Ghostly Armor","Pommel Strike","Juggernaut+1","Rage","Feel No Pain","Shrug It Off","infinitespire:Gouge+1","Demon Form+1","Combust+1","Dropkick","Pot Of Greed","Pot Of Greed","Pot Of Greed","Iron Wave","Thunderclap+1","Cleave+1","Thunderclap","Pot Of Greed"],"relics":["Burning Blood","Ancient Tea Set","Replay:Rubber Ducky","hubris:Backtick","alterego_mod:MasochisticConstitution","ZunR:ReiMu","DemoMod:MonsterBlood","Bag of Marbles","hubris:SphereOfDissonance","infinitespire:EvilPickle","DemoMod:RiddleOfLead","Replay:Bottled Flurry","Grinning Jar","infinitespire:Beetle Shell","paleoftheancients:Timepiece","paleoftheancients:KeyRelic","CultistMask","paleoftheancients:BlurryLens","paleoftheancients:SoulOfTheDefect","theSenshi:SuperSailorFukuRelic"],"acts_visited":["Exordium","TheCity","Gensokyo:Gensokyoest","paleoftheancients:PaleOfTheAncients"],"potions_floor_usage":[6,6,20,23,23,37,39,45,54,64,64,64],"damage_taken":[{"damage":9,"enemies":"2 Louse","floor":1,"turns":2},{"damage":7,"enemies":"Jaw Worm","floor":3,"turns":4},{"damage":23,"enemies":"Lagavulin","floor":6,"turns":9},{"damage":0,"enemies":"Small Slimes","floor":14,"turns":3},{"damage":3,"enemies":"2 Fungi Beasts","floor":16,"turns":4},{"damage":17,"enemies":"The Guardian","floor":18,"turns":14},{"damage":26,"enemies":"Shell Parasite","floor":20,"turns":5},{"damage":18,"enemies":"Chosen","floor":21,"turns":7},{"damage":16,"enemies":"Shelled Parasite and Fungi","floor":23,"turns":8},{"damage":13,"enemies":"Centurion and Healer","floor":25,"turns":6},{"damage":0,"enemies":"Cultist and Chosen","floor":30,"turns":8},{"damage":12,"enemies":"Replay:Snechameleon","floor":32,"turns":6},{"damage":4,"enemies":"Snake Plant","floor":35,"turns":6},{"damage":3,"enemies":"Pondfish","floor":37,"turns":12},{"damage":7,"enemies":"Gensokyo:3_Boulders","floor":39,"turns":6},{"damage":0,"enemies":"Gensokyo:AncientGuardian","floor":40,"turns":8},{"damage":0,"enemies":"Gensokyo:Sharpion","floor":43,"turns":5},{"damage":24,"enemies":"Gensokyo:Kasen","floor":45,"turns":9},{"damage":6,"enemies":"Gensokyo:3_Boulders","floor":46,"turns":6},{"damage":4,"enemies":"Gensokyo:4_Bats","floor":48,"turns":5},{"damage":4,"enemies":"Gensokyo:Dusk_and_Dawn","floor":51,"turns":5},{"damage":4,"enemies":"Gensokyo:AtlasGolem","floor":52,"turns":5},{"damage":4,"enemies":"Gensokyo:Yuyuko","floor":54,"turns":9},{"damage":10,"enemies":"Gensokyo:Yuyuko","floor":55,"turns":10},{"damage":61,"enemies":"Gensokyo:Yuyuko","floor":56,"turns":12},{"damage":0,"enemies":"paleoftheancients:BASlime2","floor":57,"turns":1},{"damage":76,"enemies":"paleoftheancients:BASlime2","floor":60,"turns":8},{"damage":112,"enemies":"paleoftheancients:N","floor":64,"turns":17}],"seed_played":"8288762914028652689","potions_obtained":[{"floor":3,"key":"PowerPotion"},{"floor":5,"key":"ColorlessPotion"},{"floor":5,"key":"Explosive Potion"},{"floor":18,"key":"BlessingOfTheForge"},{"floor":21,"key":"Regen Potion"},{"floor":30,"key":"Dexterity Potion"},{"floor":35,"key":"BlessingOfTheForge"},{"floor":37,"key":"hexamod:SoulburnPotion"},{"floor":40,"key":"Fire Potion"},{"floor":48,"key":"Elixir"},{"floor":56,"key":"Strength Potion"},{"floor":57,"key":"Swift Potion"}],"is_trial":false,"path_per_floor":["M","?","M","$","?","E","PTL","PTL","?","R","T","?","R","M","R","M","R","B",null,"M","M","?","M","$","M","?","R","T","R","M","R","E","PTL","PTL","M","R","B",null,"M","M","$","?","M","R","E","M","T","M","R","T","M","M","R","B","M","M","M","$","R","M","R","$","?","B",null],"character_chosen":"IRONCLAD","items_purchased":["Cleave","DemoMod:MonsterBlood","Inflame","Feel No Pain","Shrug It Off","theSenshi:SuperSailorFukuRelic"],"campfire_rested":3,"item_purchase_floors":[4,24,24,41,41,62],"current_hp_per_floor":[77,77,76,76,44,27,27,27,27,27,27,27,51,57,57,60,60,49,80,61,50,50,56,63,57,57,57,57,57,63,63,58,58,58,61,88,92,104,104,105,105,78,84,84,67,68,68,71,71,71,74,77,110,111,110,86,104,104,104,76,76,76,76,115],"gold":58,"neow_bonus":"RANDOM_COLORLESS","is_daily":false,"chose_seed":false,"campfire_upgraded":9,"win_rate":0.0,"timestamp":1611736208,"path_taken":["M","?","M","$","?","E","PTL","PTL","?","R","T","?","R","M","R","M","R","BOSS","M","M","?","M","$","M","?","R","T","R","?","R","E","PTL","PTL","?","R","BOSS","M","M","$","?","M","R","E","?","T","M","R","?","M","M","R","BOSS","M","M","?","$","R","M","R","$","?","BOSS"],"items_purchased_type":["Card","Relic","Card","Card","Card","Relic"],"build_version":"2020-12-22","purchased_purges":3,"victory":true,"max_hp_per_floor":[80,80,80,80,80,80,80,80,80,80,80,80,80,80,80,80,80,80,80,81,82,82,83,90,91,91,91,91,91,91,91,92,92,92,93,93,94,104,105,105,105,105,105,105,106,107,107,108,108,108,109,110,110,111,112,113,113,113,113,114,114,114,114,115],"card_choices":[{"not_picked":["Mind Blast","PanicButton"],"picked":"Trip","floor":0},{"not_picked":["Spot Weakness","Disarm"],"picked":"Metallicize","floor":1},{"not_picked":["Warcry","Whirlwind","Perfected Strike"],"picked":"SKIP","floor":3},{"not_picked":["ReplayTheSpireMod:Limb From Limb","Spot Weakness"],"picked":"Disarm","floor":5},{"not_picked":["Replay:Undeath\u0027s Touch","Uppercut"],"picked":"Berserk","floor":6},{"not_picked":["Heavy Blade","Replay:Undeath\u0027s Touch"],"picked":"Shrug It Off","floor":14},{"not_picked":["Twin Strike","Power Through","Replay:Undeath\u0027s Touch"],"picked":"SKIP","floor":16},{"not_picked":["hubris:StunningStrike","Offering"],"picked":"Demon Form","floor":18},{"not_picked":["Heavy Blade","ReplayReversal"],"picked":"Armaments","floor":20},{"not_picked":["Shrug It Off+1","Burning Pact+1"],"picked":"Metallicize","floor":21},{"not_picked":["Limit Break","Massacre+1"],"picked":"Feel No Pain","floor":23},{"not_picked":["Abandon","Spot Weakness"],"picked":"Ghostly Armor","floor":25},{"not_picked":["True Grit","Pummel+1","hubris:ReadiedAction+1"],"picked":"SKIP","floor":30},{"not_picked":["Twin Strike","Sword Boomerang"],"picked":"Pommel Strike","floor":32},{"not_picked":["hubris:ReadiedAction","Clash","Body Slam+1"],"picked":"SKIP","floor":35},{"not_picked":["Feed","Berserk"],"picked":"Juggernaut","floor":37},{"not_picked":["Power Through+1","Rampage","Havoc+1"],"picked":"SKIP","floor":39},{"not_picked":["Shockwave","Flex+1"],"picked":"Rage","floor":40},{"not_picked":["infinitespire:Execution","ReplayTheSpireMod:??????????????????????"],"picked":"infinitespire:Gouge","floor":42},{"not_picked":["Havoc+1","ReplayTheSpireMod:Muscle Training+1"],"picked":"Demon Form","floor":43},{"not_picked":["Life Link+1","Warcry+1"],"picked":"Combust","floor":45},{"not_picked":["Headbutt+1","Hemokinesis"],"picked":"Dropkick","floor":46},{"not_picked":["Run Through","Clash","Demonic Infusion"],"picked":"SKIP","floor":48},{"not_picked":["Havoc","hubris:ReadiedAction"],"picked":"Iron Wave","floor":51},{"not_picked":["Pommel Strike","Replay:Undeath\u0027s Touch+1"],"picked":"Thunderclap+1","floor":52},{"not_picked":["Iron Wave+1","Twin Strike"],"picked":"Cleave+1","floor":55},{"not_picked":["Anger+1","Perfected Strike","Rupture"],"picked":"SKIP","floor":56},{"not_picked":["Replay:Undeath\u0027s Touch+1","Feed"],"picked":"Thunderclap","floor":57},{"not_picked":["Clash","Pommel Strike","Blood for Blood+1"],"picked":"SKIP","floor":60}],"player_experience":1132811,"relics_obtained":[{"floor":5,"key":"Ancient Tea Set"},{"floor":6,"key":"Replay:Rubber Ducky"},{"floor":28,"key":"Bag of Marbles"},{"floor":32,"key":"hubris:SphereOfDissonance"},{"floor":45,"key":"Replay:Bottled Flurry"},{"floor":47,"key":"Grinning Jar"},{"floor":50,"key":"infinitespire:Beetle Shell"},{"floor":57,"key":"paleoftheancients:BlurryLens"},{"floor":60,"key":"paleoftheancients:SoulOfTheDefect"}],"event_choices":[{"damage_healed":0,"gold_gain":0,"player_choice":"Ignored","damage_taken":0,"max_hp_gain":0,"max_hp_loss":0,"event_name":"Liars Game","floor":12,"gold_loss":0},{"damage_healed":0,"gold_gain":0,"player_choice":"Keep O-miki","damage_taken":0,"relics_obtained":["ZunR:ReiMu"],"max_hp_gain":0,"max_hp_loss":0,"event_name":"ZunEvent","floor":22,"gold_loss":40},{"damage_healed":0,"gold_gain":0,"player_choice":"Cursed","damage_taken":0,"max_hp_gain":0,"max_hp_loss":0,"event_name":"Wheel of Change","floor":26,"gold_loss":0,"cards_obtained":["Decay"]}],"is_beta":false,"boss_relics":[{"not_picked":["Painkiller Herb","reliquary:KinkedSpring"],"picked":"hubris:Backtick"},{"not_picked":["Replay:Grab Bag","Mark of Pain"],"picked":"DemoMod:RiddleOfLead"}],"items_purged_floors":[24,41,58],"is_endless":false,"potions_floor_spawned":[3,18,21,30,35,37,40,48,56,57],"ascension_level":0}}