{"host":"7k2a2omxz3voj5ax","time":1611758386,"event":{"mods":["BaseMod","Marisa£¨ìFÓê¡¡Ä§ÀíÉ³£©","Minty Spire (QoL Compilation)","Quick Restart","Spicy Shops","StSLib","Starting Relic: Pandora\u0027s Box","Yakumo Yukari mod","¡¾ÒÅÎï¿¨ÅÆ¡¿REMEMod","óô»ðÖ¸ÄÏ"],"gold_per_floor":[111,126,4812,4887,4900,4445,4142,4156,4174,4244,4244,4244,4258,4288,4298,4223,4294,4294,4307,3792,3810,3810,3837,3250,3268,3296,3348,3383,3163,2784,2784,2784,2784,2863,2863,2874,2874,2887,2431,2431,2273,1929,1508,1508,1038,1206,1287,1334,1406,926,1001,1064,1064,555,555,624,726],"floor_reached":58,"language":"ZHS","playtime":1926,"items_purged":["Deadly Poison","Cloak And Dagger","Deflect","Cloak And Dagger","Dagger Throw","Prepared","PiercingWail","Concentrate","Survivor","Neutralize","Prepared"],"score":3556,"play_id":"aaa8b1a7-7b06-4b24-b6dd-64602563e586","local_time":"20210127233946","is_ascension_mode":true,"campfire_choices":[{"data":"Calculated Gamble","floor":12.0,"key":"SMITH"},{"data":"Apotheosis","floor":31.0,"key":"SMITH"},{"floor":33.0,"key":"RECALL"}],"circlet_count":1,"master_deck":["AscendersBane","Prepared+1","REME_SpectralBlade","Reflex","Tactician","REME_GreenPollution","Adrenaline","Acrobatics+1","Calculated Gamble+1","REME_GreenPollution","REME_GreenPollution","Apotheosis+1"],"relics":["Pandora\u0027s Box","REME_ComplimentaryCards","Prayer Wheel","Membership Card","Omamori","Bird Faced Urn","Anchor","Lantern","War Paint","OrangePellets","FossilizedHelix","Centennial Puzzle","Calling Bell","Boot","Paper Crane","WingedGreaves","Snake Skull","Tough Bandages","PrismaticShard","Art of War","ClockworkSouvenir","Potion Belt","Calipers","Ancient Tea Set","Molten Egg 2","Bag of Preparation","TheAbacus","Pantograph","REME_LowDesire","Bronze Scales","PreservedInsect","Medical Kit","Sundial","Mummified Hand","Frozen Egg 2","Juzu Bracelet","Torii","Akabeko","Gremlin Horn","Bottled Tornado","REME_HourglassOfDeath","Eternal Feather","REME_ArchaeologicalTools","Toxic Egg 2","Singing Bowl","HornCleat","Pear","Question Card","Lizard Tail","Ginger","CaptainsWheel","Unceasing Top","Ice Cream","The Specimen","Gambling Chip","Turnip","Circlet"],"acts_visited":["Exordium","TheCity","TheBeyond","TheEnding"],"potions_floor_usage":[57],"damage_taken":[{"damage":0.0,"enemies":"Cultist","floor":1.0,"turns":4.0},{"damage":3.0,"enemies":"Jaw Worm","floor":2.0,"turns":3.0},{"damage":6.0,"enemies":"Small Slimes","floor":5.0,"turns":3.0},{"damage":0.0,"enemies":"Blue Slaver","floor":8.0,"turns":2.0},{"damage":0.0,"enemies":"Exordium Thugs","floor":9.0,"turns":2.0},{"damage":0.0,"enemies":"Looter","floor":13.0,"turns":2.0},{"damage":0.0,"enemies":"3 Sentries","floor":14.0,"turns":1.0},{"damage":0.0,"enemies":"Blue Slaver","floor":15.0,"turns":1.0},{"damage":0.0,"enemies":"The Guardian","floor":17.0,"turns":2.0},{"damage":0.0,"enemies":"Chosen","floor":19.0,"turns":1.0},{"damage":0.0,"enemies":"Spheric Guardian","floor":21.0,"turns":1.0},{"damage":0.0,"enemies":"Snake Plant","floor":25.0,"turns":1.0},{"damage":0.0,"enemies":"Book of Stabbing","floor":26.0,"turns":2.0},{"damage":0.0,"enemies":"Gremlin Leader","floor":28.0,"turns":2.0},{"damage":0.0,"enemies":"Champ","floor":34.0,"turns":1.0},{"damage":0.0,"enemies":"3 Shapes","floor":36.0,"turns":1.0},{"damage":0.0,"enemies":"Orb Walker","floor":38.0,"turns":1.0},{"damage":0.0,"enemies":"Transient","floor":46.0,"turns":1.0},{"damage":0.0,"enemies":"Giant Head","floor":47.0,"turns":1.0},{"damage":0.0,"enemies":"Writhing Mass","floor":48.0,"turns":1.0},{"damage":0.0,"enemies":"Reptomancer","floor":49.0,"turns":1.0},{"damage":0.0,"enemies":"Awakened One","floor":51.0,"turns":2.0},{"damage":0.0,"enemies":"Time Eater","floor":52.0,"turns":2.0},{"damage":0,"enemies":"Shield and Spear","floor":56,"turns":1},{"damage":0,"enemies":"The Heart","floor":57,"turns":4}],"seed_played":"-2258337826692548580","potions_obtained":[{"floor":5.0,"key":"Poison Potion"},{"floor":9.0,"key":"SmokeBomb"},{"floor":17.0,"key":"PanachePotion"},{"floor":28.0,"key":"Dexterity Potion"},{"floor":34.0,"key":"CunningPotion"}],"is_trial":false,"path_per_floor":["M","M","$","?","M","R","$","M","M","T","?","R","M","E","M","R","B",null,"M","$","M","?","T","R","M","E","T","E","R","$","R","?","R","B",null,"M","?","M","$","?","R","$","R","T","R","M","E","M","E","R","B","B",null,"R","$","E","B",null],"character_chosen":"THE_SILENT","items_purchased":["REME_GreenPollution","Adrenaline","Membership Card","Omamori","Bird Faced Urn","Anchor","Lantern","War Paint","OrangePellets","Snake Skull","Tough Bandages","PrismaticShard","Art of War","Apotheosis","ClockworkSouvenir","Potion Belt","Bag of Preparation","TheAbacus","Pantograph","Medical Kit","Sundial","Mummified Hand","Frozen Egg 2","Juzu Bracelet","Torii","Akabeko","Gremlin Horn","Bottled Tornado","REME_HourglassOfDeath","Eternal Feather","Toxic Egg 2","Singing Bowl","HornCleat","Pear","Ginger","CaptainsWheel","Unceasing Top","Ice Cream","The Specimen","Gambling Chip","Turnip"],"campfire_rested":0,"item_purchase_floors":[3,3,6,6,6,6,7,7,7,20,20,20,24,24,24,24,29,30,30,39,39,39,41,41,42,42,42,43,43,43,45,45,45,45,50,50,50,50,54,54,54],"current_hp_per_floor":[44,41,41,30,24,24,24,26,28,28,28,28,30,32,36,36,40,60,64,64,66,66,66,66,66,66,66,66,66,66,66,66,66,66,66,66,56,62,62,62,62,62,62,62,73,77,79,83,85,85,85,85,85,85,85,87,87],"gold":726,"neow_bonus":"ONE_RARE_RELIC","is_daily":false,"chose_seed":false,"campfire_upgraded":2,"win_rate":0.0,"timestamp":1611758386,"path_taken":["M","M","$","?","M","R","?","?","M","T","?","R","?","E","M","R","BOSS","M","$","M","?","?","R","?","E","T","E","R","$","R","?","R","BOSS","M","?","M","$","?","R","$","R","T","R","M","E","M","E","R","BOSS","BOSS","R","$","E","BOSS"],"items_purchased_type":["Card","Card","Relic","Relic","Relic","Relic","Relic","Relic","Relic","Relic","Relic","Relic","Relic","Card","Relic","Relic","Relic","Relic","Relic","Relic","Relic","Relic","Relic","Relic","Relic","Relic","Relic","Relic","Relic","Relic","Relic","Relic","Relic","Relic","Relic","Relic","Relic","Relic","Relic","Relic","Relic"],"build_version":"2020-12-22","purchased_purges":11,"victory":true,"max_hp_per_floor":[66,66,66,66,66,66,66,66,66,66,66,66,66,66,66,66,66,66,66,66,66,66,66,66,66,66,66,66,66,66,66,66,66,66,66,66,66,66,66,63,63,63,63,63,73,77,79,83,85,85,85,85,85,85,85,87,87],"card_choices":[{"not_picked":["Endless Agony","Prepared"],"picked":"Reflex","floor":1.0},{"not_picked":["Caltrops","Deflect","Bouncing Flask"],"picked":"SKIP","floor":1.0},{"not_picked":["Sucker Punch","Poisoned Stab"],"picked":"Tactician","floor":2.0},{"not_picked":["Deflect","Dodge and Roll","Flechettes"],"picked":"SKIP","floor":2.0},{"not_picked":["Footwork","Accuracy"],"picked":"Acrobatics","floor":5.0},{"not_picked":["Expertise","Poisoned Stab","Outmaneuver"],"picked":"SKIP","floor":5.0},{"not_picked":["Flying Knee","Accuracy","Backflip"],"picked":"SKIP","floor":8.0},{"not_picked":["Cloak And Dagger","Bane","Poisoned Stab"],"picked":"SKIP","floor":8.0},{"not_picked":["Backflip","Well Laid Plans"],"picked":"Calculated Gamble","floor":9.0},{"not_picked":["Quick Slash","Dodge and Roll","Terror"],"picked":"SKIP","floor":9.0},{"not_picked":["Riddle With Holes","Leg Sweep","Outmaneuver"],"picked":"SKIP","floor":13.0},{"not_picked":["Accuracy","Acrobatics","Escape Plan"],"picked":"SKIP","floor":13.0},{"not_picked":["Masterful Stab","Footwork"],"picked":"REME_GreenPollution","floor":14.0},{"not_picked":["Cloak And Dagger","Wraith Form v2","Tactician"],"picked":"SKIP","floor":15.0},{"not_picked":["Footwork","Bane","Skewer"],"picked":"SKIP","floor":15.0},{"not_picked":["Noxious Fumes","Slice","Masterful Stab"],"picked":"SKIP","floor":19.0},{"not_picked":["Flying Knee","Acrobatics","Blur"],"picked":"SKIP","floor":19.0},{"not_picked":["Umbrella_purple","Reprogram","MeetDecomposer_purple"],"picked":"SKIP","floor":21.0},{"not_picked":["RuleDissolution_purple","Disarm+1","Shallow_ocean_purpleEX"],"picked":"SKIP","floor":21.0},{"not_picked":["Steam Power+1","Sever Soul","Power Through"],"picked":"SKIP","floor":25.0},{"not_picked":["WitchOfGreed","REME_LeechingPoison","Underhanded Strike"],"picked":"SKIP","floor":25.0},{"not_picked":["Armaments","REME_TheLastStrike","Dagger Spray"],"picked":"SKIP","floor":26.0},{"not_picked":["REME_FirmDetermination","Dash+1","Nest_LightFlightworm_purple+1"],"picked":"SKIP","floor":28.0},{"not_picked":["Gash+1","NonDirectionalLaser+1","Well Laid Plans","Sadistic Nature"],"picked":"SKIP","floor":36.0},{"not_picked":["Jack Of All Trades+1","DoubleSpark+1","FollowUp+1","REME_AllRoundStrike+1"],"picked":"SKIP","floor":36.0},{"not_picked":["StarlightTyphoon","True Grit","Fantasy_PerpetualMotionMachine_purple","Forethought+1"],"picked":"SKIP","floor":38.0},{"not_picked":["EmptyBody","Cleave+1","Bane+1","REME_BuildACard"],"picked":"SKIP","floor":38.0},{"not_picked":["Outmaneuver+1","ShootingEcho+1","WitchLeyline+1","REME_Flogging+1"],"picked":"Singing Bowl","floor":46.0},{"not_picked":["REME_BattleFury+1","AdvanceAttack_purple+1","OortCloud+1","Dramatic Entrance+1"],"picked":"Singing Bowl","floor":46.0},{"not_picked":["LikeWater+1","GalacticHalo+1","EmptyBody+1","Panache+1"],"picked":"Singing Bowl","floor":47.0},{"not_picked":["Havoc+1","RuleDissolution_purple+1","Acceleration+1","FTL+1","Swift Strike+1"],"picked":"Singing Bowl","floor":48.0},{"not_picked":["ShootingEcho+1","Umbrella_purple+1","Boundary_DreamRealityDamnation_purple+1","PowerUp+1","Enlightenment+1"],"picked":"Singing Bowl","floor":48.0},{"not_picked":["REME_CopyPotion+1","Gash+1","BigCrunch+1","Aggregate+1","Good Instincts+1"],"picked":"Singing Bowl","floor":49.0},{"not_picked":["StarlightTyphoon+1","Self Repair+1","FlyingSleeves+1","GalacticHalo+1","Discovery+1"],"picked":"Singing Bowl","floor":56}],"player_experience":308528,"relics_obtained":[{"floor":14.0,"key":"Centennial Puzzle"},{"floor":18.0,"key":"Boot"},{"floor":18.0,"key":"Paper Crane"},{"floor":18.0,"key":"WingedGreaves"},{"floor":26.0,"key":"Calipers"},{"floor":27.0,"key":"Ancient Tea Set"},{"floor":28.0,"key":"Molten Egg 2"},{"floor":35.0,"key":"Bronze Scales"},{"floor":35.0,"key":"PreservedInsect"},{"floor":44.0,"key":"REME_ArchaeologicalTools"},{"floor":47.0,"key":"Question Card"},{"floor":49.0,"key":"Lizard Tail"},{"floor":56,"key":"Circlet"}],"event_choices":[{"damage_healed":0.0,"max_hp_gain":0.0,"max_hp_loss":0.0,"gold_gain":75.0,"event_name":"World of Goop","player_choice":"Gather Gold","floor":4.0,"gold_loss":0.0,"damage_taken":11.0},{"damage_healed":0.0,"max_hp_gain":0.0,"max_hp_loss":0.0,"gold_gain":0.0,"event_name":"WeMeetAgain","player_choice":"Gave Potion","floor":11.0,"gold_loss":0.0,"damage_taken":0.0,"relics_obtained":["FossilizedHelix"]},{"damage_healed":0.0,"max_hp_gain":0.0,"max_hp_loss":0.0,"gold_gain":0.0,"event_name":"The Library","player_choice":"Read","floor":22.0,"gold_loss":0.0,"damage_taken":0.0,"cards_obtained":["REME_GreenPollution"]},{"damage_healed":0.0,"max_hp_gain":0.0,"max_hp_loss":0.0,"gold_gain":0.0,"event_name":"Vampires","player_choice":"Ignored","floor":32.0,"gold_loss":0.0,"damage_taken":0.0},{"damage_healed":0.0,"max_hp_gain":0.0,"max_hp_loss":0.0,"gold_gain":0.0,"event_name":"SensoryStone","player_choice":"Memory 3","floor":37.0,"gold_loss":0.0,"damage_taken":10.0},{"damage_healed":0.0,"max_hp_gain":0.0,"max_hp_loss":3.0,"gold_gain":0.0,"event_name":"Winding Halls","player_choice":"Max HP","floor":40.0,"gold_loss":0.0,"damage_taken":0.0}],"is_beta":false,"boss_relics":[{"not_picked":["REME_DuelDisc","Sozu"],"picked":"Calling Bell"},{"not_picked":["Busted Crown","SlaversCollar"],"picked":"REME_LowDesire"}],"items_purged_floors":[3,6,7,16,20,20,24,24,29,30,39],"is_endless":false,"potions_floor_spawned":[5,9,17,21,28,34,36,38,48],"ascension_level":20}}