{"host":"mp3zbolja7t2zuvr","time":1611775278,"event":{"mods":["AchievementEnabler","BaseMod","Curses Come First","Minty Spire (QoL Compilation)","Permanent Neow","Relic Stats","StSLib","Synergy Search","Uncapped"],"gold_per_floor":[111,91,46,59,11,11,37,37,83,108,121,134,134,145,145,246,246,266,72,92,108,128,128,170,170,170,208,208,208,168,194,194,301,364,375,31,57,30,51,81,81,104,104,115,136,176,17,30,30,30,30,30,16,50,50],"floor_reached":56,"language":"ENG","playtime":3992,"items_purged":["Poisoned Stab","Dash"],"score":1349,"play_id":"133c5499-22b7-4484-a8dc-e4247d570f3e","local_time":"20210127142118","is_ascension_mode":true,"campfire_choices":[{"data":"Neutralize","floor":6.0,"key":"SMITH"},{"data":"Cloak And Dagger","floor":8.0,"key":"SMITH"},{"data":"Well Laid Plans","floor":13.0,"key":"SMITH"},{"floor":15,"key":"REST"},{"data":"Calculated Gamble","floor":23,"key":"SMITH"},{"data":"Bouncing Flask","floor":25,"key":"SMITH"},{"data":"Adrenaline","floor":28,"key":"SMITH"},{"data":"Heel Hook","floor":32,"key":"SMITH"},{"data":"Wraith Form v2","floor":41,"key":"SMITH"},{"floor":49,"key":"RECALL"},{"data":"After Image","floor":52,"key":"SMITH"}],"circlet_count":0,"master_deck":["Survivor","Neutralize+1","Expertise+1","After Image+1","Dagger Spray+1","Cloak And Dagger+1","Backflip","Dagger Throw","Dagger Throw+1","Bane","Blade Dance","Well Laid Plans+1","Dash+1","Adrenaline+1","Underhanded Strike","Bouncing Flask+1","Calculated Gamble+1","Infinite Blades+1","Escape Plan+1","Tactician+1","Heel Hook+1","After Image+1","Wraith Form v2+1","Crippling Poison","Dagger Throw","Unload","Adrenaline","Outmaneuver","Cloak And Dagger","Tactician","Noxious Fumes","Caltrops","Leg Sweep","Sucker Punch+1","Prepared+1","Deflect+1","Escape Plan","Deflect"],"relics":["Astrolabe","Bronze Scales","Orichalcum","Pantograph","HoveringKite","Toy Ornithopter","CeramicFish","Bag of Marbles","Pandora\u0027s Box","Torii","Akabeko","Unceasing Top","Art of War"],"acts_visited":["Exordium","TheCity","TheBeyond","TheEnding"],"potions_floor_usage":[20,24,24,27,37,39,42,46,48,55],"damage_taken":[{"damage":2.0,"enemies":"Jaw Worm","floor":1.0,"turns":6.0},{"damage":0.0,"enemies":"Cultist","floor":4.0,"turns":3.0},{"damage":18.0,"enemies":"Lagavulin","floor":7.0,"turns":8.0},{"damage":11.0,"enemies":"3 Sentries","floor":10.0,"turns":6.0},{"damage":3.0,"enemies":"2 Louse","floor":11.0,"turns":2.0},{"damage":0.0,"enemies":"Blue Slaver","floor":12.0,"turns":3.0},{"damage":18,"enemies":"Lots of Slimes","floor":14,"turns":3},{"damage":8,"enemies":"Hexaghost","floor":16,"turns":10},{"damage":14,"enemies":"2 Thieves","floor":18,"turns":3},{"damage":6,"enemies":"Shell Parasite","floor":20,"turns":4},{"damage":0,"enemies":"3 Cultists","floor":21,"turns":4},{"damage":1,"enemies":"Centurion and Healer","floor":22,"turns":6},{"damage":6,"enemies":"Book of Stabbing","floor":24,"turns":5},{"damage":53,"enemies":"Gremlin Leader","floor":27,"turns":5},{"damage":0,"enemies":"Cultist and Chosen","floor":31,"turns":5},{"damage":51,"enemies":"Collector","floor":33,"turns":12},{"damage":16,"enemies":"3 Darklings","floor":35,"turns":5},{"damage":0,"enemies":"Orb Walker","floor":37,"turns":3},{"damage":4,"enemies":"3 Darklings","floor":39,"turns":4},{"damage":21,"enemies":"Nemesis","floor":40,"turns":7},{"damage":1,"enemies":"4 Shapes","floor":42,"turns":5},{"damage":26,"enemies":"Jaw Worm Horde","floor":44,"turns":3},{"damage":1,"enemies":"3 Darklings","floor":45,"turns":5},{"damage":35,"enemies":"Giant Head","floor":46,"turns":9},{"damage":6,"enemies":"Spire Growth","floor":48,"turns":5},{"damage":8,"enemies":"Awakened One","floor":50,"turns":16},{"damage":16,"enemies":"Shield and Spear","floor":54,"turns":8},{"damage":65,"enemies":"The Heart","floor":55,"turns":9}],"seed_played":"-5562327419851024174","potions_obtained":[{"floor":2.0,"key":"Block Potion"},{"floor":4.0,"key":"CunningPotion"},{"floor":7.0,"key":"Swift Potion"},{"floor":11.0,"key":"LiquidBronze"},{"floor":12.0,"key":"Poison Potion"},{"floor":24,"key":"AttackPotion"},{"floor":27,"key":"FairyPotion"},{"floor":35,"key":"SkillPotion"},{"floor":37,"key":"Block Potion"},{"floor":44,"key":"LiquidBronze"},{"floor":45,"key":"Weak Potion"},{"floor":46,"key":"Dexterity Potion"}],"is_trial":false,"path_per_floor":["M","?","$","M","$","R","E","R","T","E","M","M","R","M","R","B",null,"M","$","M","M","M","R","E","R","T","E","R","?","?","M","R","B",null,"M","$","M","$","M","E","R","M","T","M","M","E","$","M","R","B",null,"R","$","E","B",null],"character_chosen":"THE_SILENT","items_purchased":["Backflip","Dagger Throw","Bouncing Flask","Toy Ornithopter","Tactician","Noxious Fumes","FairyPotion","AttackPotion","Dash","Escape Plan","Deflect"],"campfire_rested":1,"item_purchase_floors":[3,5,19,19,36,36,36,36,38,47,53],"current_hp_per_floor":[68,68,68,68,68,68,50,50,50,39,36,36,36,18,39,56,70,56,56,55,55,54,54,58,58,58,10,10,10,10,10,10,12,70,54,54,59,59,60,39,39,43,43,17,16,21,21,20,20,37,70,70,70,54,6],"gold":50,"neow_bonus":"BOSS_RELIC","is_daily":false,"chose_seed":false,"campfire_upgraded":9,"win_rate":0.0,"timestamp":1611775278,"path_taken":["M","?","$","M","$","R","E","R","T","E","M","M","R","M","R","BOSS","M","$","?","?","M","R","E","R","T","E","R","?","?","M","R","BOSS","M","$","M","$","M","E","R","M","T","?","M","E","$","M","R","BOSS","R","$","E","BOSS"],"items_purchased_type":["Card","Card","Card","Relic","Card","Card","Potion","Potion","Card","Card","Card"],"build_version":"2020-12-22","purchased_purges":2,"victory":true,"max_hp_per_floor":[70,70,70,70,70,70,70,70,70,70,70,70,70,70,70,70,70,70,70,70,70,70,70,70,70,70,70,70,70,70,70,70,70,70,70,70,70,70,70,70,70,70,70,70,70,70,70,70,70,70,70,70,70,70,70],"relic_stats":{"Torii":37,"counters":[28,164],"Astrolabe":["Expertise","After Image","Dagger Spray"],"CeramicFish":189,"HoveringKite":[93],"Orichalcum":[6],"Bronze Scales":[626],"Pantograph":91,"Pandora\u0027s Box":["Wraith Form v2","Crippling Poison","Dagger Throw","Unload","Adrenaline","Outmaneuver","Cloak And Dagger"],"Art of War":[1],"obtain_stats":[{"Torii":40,"Astrolabe":0,"CeramicFish":24,"HoveringKite":17,"Orichalcum":9,"Akabeko":43,"Bronze Scales":7,"Pantograph":10,"Pandora\u0027s Box":34,"Bag of Marbles":27,"Art of War":54,"Toy Ornithopter":19,"Unceasing Top":46,"Ring of the Snake":0},{"Torii":20,"Astrolabe":0,"CeramicFish":13,"HoveringKite":8,"Orichalcum":3,"Akabeko":21,"Bronze Scales":3,"Pantograph":4,"Pandora\u0027s Box":16,"Bag of Marbles":14,"Art of War":27,"Toy Ornithopter":9,"Unceasing Top":24,"Ring of the Snake":0},{"Torii":104,"Astrolabe":0,"CeramicFish":63,"HoveringKite":41,"Orichalcum":17,"Akabeko":109,"Bronze Scales":17,"Pantograph":23,"Pandora\u0027s Box":85,"Bag of Marbles":68,"Art of War":155,"Toy Ornithopter":44,"Unceasing Top":126,"Ring of the Snake":0}],"Toy Ornithopter":46,"Unceasing Top":[23]},"card_choices":[{"not_picked":["Deflect","Expertise"],"picked":"Cloak And Dagger","floor":1.0},{"not_picked":["Cloak And Dagger","Distraction"],"picked":"Dagger Throw","floor":4.0},{"not_picked":["Choke","Backflip"],"picked":"Bane","floor":7.0},{"not_picked":["Dagger Throw","Unload"],"picked":"Poisoned Stab","floor":10.0},{"not_picked":["Deflect","Flying Knee"],"picked":"Blade Dance","floor":11.0},{"not_picked":["Outmaneuver","Dagger Spray"],"picked":"Well Laid Plans","floor":12.0},{"not_picked":["Acrobatics","Dodge and Roll"],"picked":"Dash","floor":14},{"not_picked":["Doppelganger","Phantasmal Killer"],"picked":"Adrenaline","floor":16},{"not_picked":["Blade Dance","Predator"],"picked":"Underhanded Strike","floor":18},{"not_picked":["Skewer","Caltrops"],"picked":"Calculated Gamble","floor":20},{"not_picked":["Dodge and Roll+1","Masterful Stab+1","Outmaneuver"],"picked":"SKIP","floor":21},{"not_picked":["Cloak And Dagger","Acrobatics"],"picked":"Infinite Blades+1","floor":22},{"not_picked":["Infinite Blades","Bouncing Flask"],"picked":"Escape Plan+1","floor":24},{"not_picked":["Burst","All Out Attack+1"],"picked":"Tactician+1","floor":27},{"not_picked":["Well Laid Plans","Cloak And Dagger"],"picked":"Heel Hook","floor":31},{"not_picked":["A Thousand Cuts","Night Terror"],"picked":"After Image","floor":33},{"not_picked":["Dodge and Roll+1","Choke+1","Well Laid Plans+1"],"picked":"SKIP","floor":35},{"not_picked":["Deadly Poison+1","Dodge and Roll+1"],"picked":"Caltrops","floor":37},{"not_picked":["Heel Hook+1","Dodge and Roll+1"],"picked":"Leg Sweep","floor":39},{"not_picked":["Endless Agony+1","Accuracy+1","Doppelganger"],"picked":"SKIP","floor":40},{"not_picked":["Cloak And Dagger","Quick Slash"],"picked":"Sucker Punch+1","floor":42},{"not_picked":["Underhanded Strike","Blade Dance","Deadly Poison+1"],"picked":"SKIP","floor":44},{"not_picked":["Slice","Poisoned Stab"],"picked":"Prepared+1","floor":45},{"not_picked":["Well Laid Plans","Backflip"],"picked":"Deflect+1","floor":46},{"not_picked":["Bouncing Flask","Quick Slash+1","All Out Attack"],"picked":"SKIP","floor":48},{"not_picked":["Leg Sweep+1","Sucker Punch+1","Bane"],"picked":"SKIP","floor":54}],"player_experience":121483,"relics_obtained":[{"floor":7.0,"key":"Bronze Scales"},{"floor":9.0,"key":"Orichalcum"},{"floor":10.0,"key":"Pantograph"},{"floor":24,"key":"CeramicFish"},{"floor":27,"key":"Bag of Marbles"},{"floor":40,"key":"Torii"},{"floor":43,"key":"Akabeko"},{"floor":46,"key":"Unceasing Top"},{"floor":54,"key":"Art of War"}],"event_choices":[{"damage_healed":0.0,"max_hp_gain":0.0,"max_hp_loss":0.0,"gold_gain":0.0,"event_name":"The Woman in Blue","player_choice":"Bought 1 Potion","floor":2.0,"gold_loss":0.0,"damage_taken":0.0},{"damage_healed":0,"gold_gain":0,"player_choice":"Simplicity","damage_taken":0,"max_hp_gain":0,"max_hp_loss":0,"event_name":"Back to Basics","floor":29,"gold_loss":0,"cards_upgraded":["Strike_G","Strike_G","Defend_G","Defend_G","Defend_G","Defend_G","Defend_G"]},{"damage_healed":0,"gold_gain":0,"player_choice":"Upgraded Two","damage_taken":0,"max_hp_gain":0,"max_hp_loss":0,"event_name":"Designer","floor":30,"gold_loss":40,"cards_upgraded":["Dash","Dagger Throw"]}],"is_beta":false,"boss_relics":[{"not_picked":["Velvet Choker","SlaversCollar"],"picked":"HoveringKite"},{"not_picked":["Philosopher\u0027s Stone","Fusion Hammer"],"picked":"Pandora\u0027s Box"}],"items_purged_floors":[36,47],"is_endless":false,"potions_floor_spawned":[4,7,11,12,16,18,24,27,35,37,44,45,46],"ascension_level":3}}