{"host":"uceopoba4zvqsgiy","time":1611757941,"event":{"mods":["Act Like it!","BaseMod","Better Skull","Better Third Choice","Elementarium","Evolution","GifTheSpireLib","Hermit","Humility","Infinite Spire","Jorbs\u0027s Wanderer Trilogy","Marked Mod","Minty Spire (QoL Compilation)","Potionbrewer","Reliquary","Replay The Spire","Robot Space Explorer","Shade Mod","Spicy Shops","StS++","StSLib","Stuff the Spire","The Blue Laboratory","The Caster","The Cursed","The Dragon Tamer","The Hierophant","The Jungle","TheSurvivalist","Wandering Minibosses"],"gold_per_floor":[113,127,127,139,183,183,183],"floor_reached":6,"language":"ENG","playtime":190,"items_purged":[],"score":52,"play_id":"672e1ad3-5068-401a-8d11-f02a77d94ec0","local_time":"20210128010221","is_ascension_mode":true,"campfire_choices":[],"circlet_count":0,"master_deck":["Compile Driver","Strike_B","Strike_B","Strike_B","Defend_B","Defend_B","Defend_B","Defend_B","Zap","Dualcast","White Noise","Storm","Whirlwind","Static Discharge","Defragment"],"relics":["Cracked Core","EVO:Axolotl","NeowsBlessing","Potion Belt"],"acts_visited":["Exordium"],"potions_floor_usage":[6,6,6,6,6],"damage_taken":[{"damage":0,"enemies":"Small Slimes","floor":1,"turns":1},{"damage":0,"enemies":"Jaw Worm","floor":2,"turns":1},{"damage":0,"enemies":"Cultist","floor":4,"turns":1},{"damage":20,"enemies":"3 Sentries","floor":6,"turns":2}],"seed_played":"-3758119103527597460","potions_obtained":[{"floor":1,"key":"blueLaboratory:BottledHope"},{"floor":4,"key":"Strength Potion"},{"floor":5,"key":"potionbrewer:MidasPotion"},{"floor":5,"key":"Venom Potion"},{"floor":5,"key":"SneckoOil"}],"is_trial":false,"path_per_floor":["M","M","?","M","?","E"],"character_chosen":"DEFECT","items_purchased":[],"campfire_rested":0,"item_purchase_floors":[],"current_hp_per_floor":[68,68,45,45,15,0,0],"gold":183,"neow_bonus":"THREE_ENEMY_KILL","is_daily":false,"chose_seed":false,"campfire_upgraded":0,"win_rate":0.0,"timestamp":1611757941,"path_taken":["M","M","?","M","?","E"],"items_purchased_type":[],"build_version":"2020-12-22","purchased_purges":0,"victory":false,"max_hp_per_floor":[75,75,75,75,75,75,75],"card_choices":[{"not_picked":["Barrage","Reinforced Body"],"picked":"White Noise","floor":1},{"not_picked":["Rebound","Go for the Eyes"],"picked":"Storm","floor":2},{"not_picked":["Ball Lightning","StuffTheSpire:Plugnplay"],"picked":"Static Discharge","floor":4},{"not_picked":["Stack","Ball Lightning"],"picked":"Defragment","floor":5}],"player_experience":1424971,"relics_obtained":[],"event_choices":[],"is_beta":false,"boss_relics":[],"items_purged_floors":[],"is_endless":false,"potions_floor_spawned":[1,4],"killed_by":"3 Sentries","ascension_level":9,"is_humility":true}}