{"host":"b4vwm7jq6jdk6nca","time":1611728204,"event":{"mods":["Act Like it!","BaseMod","Hermit","Minty Spire (QoL Compilation)","Pale of the Ancients","Quick Restart","Relic Filter Mod","Spicy Shops","StSLib","TestMod","The Cursed","Wide Potions","[IsaacMod]ÒÔÈö¼âËþ"],"gold_per_floor":[117,129,404,114,131,131,131],"floor_reached":6,"language":"ZHS","playtime":159,"items_purged":["Regret"],"score":40,"play_id":"bf3315e6-a502-4c9c-9936-a6746583f133","local_time":"20210127141644","is_ascension_mode":true,"campfire_choices":[],"circlet_count":0,"master_deck":["Strike_P","Strike_P","Strike_P","Strike_P","Defend_P","Defend_P","Defend_P","Defend_P","Eruption","Vigilance","SuicideKing","TalkToTheHand","EmptyBody","LessonLearned","Wallop"],"relics":["PureWater","testmod-TestBox","HushsDoor","GuppysPaw","testmod-BatchProcessingSystem","NeowsBlessing"],"acts_visited":[],"potions_floor_usage":[6],"damage_taken":[{"damage":0,"enemies":"Jaw Worm","floor":1,"turns":1},{"damage":0,"enemies":"Cultist","floor":2,"turns":1},{"damage":0,"enemies":"2 Louse","floor":5,"turns":1},{"damage":11,"enemies":"3 Sentries","floor":6,"turns":3}],"seed_played":"3219902043534572580","potions_obtained":[{"floor":1,"key":"SpeedPotion"},{"floor":5,"key":"FearPotion"}],"is_trial":false,"path_per_floor":["M","M","?","$","M","E"],"character_chosen":"WATCHER","items_purchased":["LessonLearned","Wallop"],"campfire_rested":0,"item_purchase_floors":[4,4],"current_hp_per_floor":[72,72,72,72,72,61,61],"gold":131,"neow_bonus":"THREE_ENEMY_KILL","is_daily":false,"chose_seed":false,"campfire_upgraded":0,"win_rate":0.0,"timestamp":1611728204,"path_taken":["M","M","?","$","M","E"],"items_purchased_type":["Card","Card"],"build_version":"2020-12-22","purchased_purges":1,"victory":false,"max_hp_per_floor":[72,72,72,72,72,72,72],"card_choices":[{"not_picked":[],"picked":"SuicideKing","floor":0},{"not_picked":["ThirdEye","Swivel"],"picked":"TalkToTheHand","floor":1},{"not_picked":["TalkToTheHand","FlurryOfBlows"],"picked":"EmptyBody","floor":2},{"not_picked":["ForeignInfluence","JustLucky","Evaluate"],"picked":"SKIP","floor":5}],"player_experience":316839,"relics_obtained":[],"event_choices":[{"damage_healed":0,"gold_gain":275,"player_choice":"Desecrate","damage_taken":0,"max_hp_gain":0,"max_hp_loss":0,"event_name":"Golden Shrine","floor":3,"gold_loss":0,"cards_obtained":["Regret"]}],"is_beta":false,"boss_relics":[],"items_purged_floors":[4],"is_endless":false,"potions_floor_spawned":[1,5],"killed_by":"3 Sentries","ascension_level":2}}