{"host":"c9qdigwavhre9ru1","time":1611791664,"event":{"mods":["AlwaysNeverKeys","BaseMod","BetterRewards","Minty Spire (QoL Compilation)","Quick Restart","Rare Cards Sparkle","Shop Mod"],"gold_per_floor":[114,14,29,29,45,45,74,74,129,129,139,165,165,240,240,345,345,356,77,94,106,106,106],"floor_reached":22,"language":"ENG","playtime":715,"items_purged":["Strike_R","Strike_R","Strike_R"],"score":385,"play_id":"f5d3d03f-f380-4d56-8bc2-407b90ff9f29","local_time":"20210127175424","is_ascension_mode":true,"campfire_choices":[{"data":"Rampage","floor":6,"key":"SMITH"},{"data":"Whirlwind","floor":10,"key":"SMITH"},{"data":"Limit Break","floor":13,"key":"SMITH"},{"floor":15,"key":"REST"}],"circlet_count":0,"master_deck":["Strike_R","Strike_R","Defend_R","Defend_R+1","Defend_R","Defend_R+1","Bash+1","Rampage+1","Shockwave","Disarm+1","Whirlwind+1","Limit Break+1","True Grit+1","Reaper","Headbutt+1"],"relics":["Burning Blood","Mummified Hand","War Paint","Centennial Puzzle","Black Star","Membership Card"],"acts_visited":["Exordium","TheCity"],"potions_floor_usage":[7,7,8,18,21,22],"damage_taken":[{"damage":6,"enemies":"Jaw Worm","floor":1,"turns":4},{"damage":0,"enemies":"Small Slimes","floor":3,"turns":4},{"damage":8,"enemies":"Cultist","floor":5,"turns":4},{"damage":22,"enemies":"Gremlin Nob","floor":7,"turns":4},{"damage":0,"enemies":"Exordium Thugs","floor":8,"turns":1},{"damage":0,"enemies":"3 Louse","floor":11,"turns":1},{"damage":12,"enemies":"Lagavulin","floor":12,"turns":6},{"damage":26,"enemies":"The Guardian","floor":16,"turns":10},{"damage":30,"enemies":"Spheric Guardian","floor":18,"turns":7},{"damage":5,"enemies":"Shell Parasite","floor":20,"turns":7},{"damage":21,"enemies":"Chosen and Byrds","floor":21,"turns":7},{"damage":72,"enemies":"3 Cultists","floor":22,"turns":5}],"seed_played":"6266365830411884185","potions_obtained":[{"floor":3,"key":"SmokeBomb"},{"floor":16,"key":"Weak Potion"},{"floor":20,"key":"BlessingOfTheForge"},{"floor":21,"key":"SteroidPotion"}],"is_trial":false,"path_per_floor":["M","$","M","?","M","R","E","M","T","R","M","E","R","?","R","B",null,"M","$","M","M","M"],"character_chosen":"IRONCLAD","items_purchased":["Rampage","Strength Potion","PowerPotion","Membership Card","Reaper"],"campfire_rested":1,"item_purchase_floors":[0,0,0,19,19],"current_hp_per_floor":[72,72,78,62,60,60,44,50,50,50,56,50,50,39,63,43,71,47,47,48,42,0,0],"gold":106,"neow_bonus":"","is_daily":false,"chose_seed":false,"campfire_upgraded":3,"win_rate":0.0,"timestamp":1611791664,"path_taken":["M","$","M","?","M","R","E","M","T","R","M","E","R","?","R","BOSS","M","$","M","M","M"],"items_purchased_type":["Card","Potion","Potion","Relic","Card"],"build_version":"2020-12-22","purchased_purges":3,"victory":false,"max_hp_per_floor":[80,80,80,80,80,80,80,80,80,80,80,80,80,80,80,80,80,80,80,80,80,80,80],"card_choices":[{"not_picked":["Power Through","Heavy Blade"],"picked":"Shockwave","floor":1},{"not_picked":["Body Slam","Cleave"],"picked":"Disarm","floor":3},{"not_picked":["Thunderclap","Twin Strike","Anger"],"picked":"SKIP","floor":5},{"not_picked":["Blood for Blood","Wild Strike"],"picked":"Whirlwind","floor":7},{"not_picked":["Sentinel","Infernal Blade"],"picked":"Limit Break","floor":11},{"not_picked":["Ghostly Armor","Uppercut","Rampage"],"picked":"SKIP","floor":12},{"not_picked":["Ghostly Armor","Uppercut","Rampage"],"picked":"SKIP","floor":12},{"not_picked":["Cleave","Anger"],"picked":"True Grit+1","floor":18},{"not_picked":["Sword Boomerang","Sever Soul+1","Wild Strike"],"picked":"SKIP","floor":20},{"not_picked":["Perfected Strike+1","Shrug It Off"],"picked":"Headbutt+1","floor":21}],"player_experience":339124,"relics_obtained":[{"floor":7,"key":"Mummified Hand"},{"floor":9,"key":"War Paint"},{"floor":12,"key":"Centennial Puzzle"}],"event_choices":[{"damage_healed":0,"gold_gain":0,"player_choice":"Entered Light","damage_taken":16,"max_hp_gain":0,"max_hp_loss":0,"event_name":"Shining Light","floor":4,"gold_loss":0,"cards_upgraded":["Disarm","Bash"]},{"damage_healed":0,"gold_gain":75,"player_choice":"Gather Gold","damage_taken":11,"max_hp_gain":0,"max_hp_loss":0,"event_name":"World of Goop","floor":14,"gold_loss":0}],"is_beta":false,"boss_relics":[{"not_picked":["SacredBark","Calling Bell"],"picked":"Black Star"}],"items_purged_floors":[0,2,19],"is_endless":false,"potions_floor_spawned":[3,5,8,16,20,21],"killed_by":"3 Cultists","ascension_level":6}}