{"host":"bux1pdxjwq4dkad9","time":1611736436,"event":{"mods":["BaseMod","Colored Map","Minty Spire (QoL Compilation)","Quick Restart","Spicy Shops","StSLib","SuperFastMode","The Alterego","°æ“≈ŒÔMod°øºÚµ•”Œœ∑"],"gold_per_floor":[15,33,44,44,60,86,97,134,159,84,124,138,138,178,178,256,256,268,289,298,79,88,123,197,197,220,245,267,627,671,684,684,756,756,781,800,876,891,919,954,954,985,1056,1078,1116,1116,1133,729,729,729,729,729,105,146,146],"floor_reached":56,"language":"ZHS","playtime":2693,"items_purged":["alterego_mod:Strike","alterego_mod:Defend","Shame"],"score":2855,"play_id":"17ed905a-1476-41e6-96d5-ff4a1cbd59fa","local_time":"20210127163356","is_ascension_mode":true,"campfire_choices":[{"floor":13.0,"key":"RECALL"},{"data":"alterego_mod:BigMeatyClaws","floor":15.0,"key":"SMITH"},{"data":"alterego_mod:PresenceConcealment","floor":25.0,"key":"SMITH"},{"data":"alterego_mod:Mirror","floor":32.0,"key":"SMITH"},{"data":"alterego_mod:Belts","floor":41.0,"key":"SMITH"},{"data":"alterego_mod:Pet","floor":46.0,"key":"SMITH"},{"data":"alterego_mod:Impale","floor":49.0,"key":"SMITH"},{"data":"alterego_mod:TrashNCrash","floor":52.0,"key":"SMITH"}],"circlet_count":0,"master_deck":["AscendersBane","alterego_mod:Defend","alterego_mod:Impale+1","alterego_mod:BigMeatyClaws+1","alterego_mod:BrynhildrsRune","alterego_mod:Undulate","alterego_mod:Pet+1","alterego_mod:Belts+1","alterego_mod:IndependentAction","alterego_mod:PresenceConcealment+1","alterego_mod:Mirror+1","Necronomicurse","alterego_mod:MagicResistance","alterego_mod:Birthday","alterego_mod:TrashNCrash+1","alterego_mod:Birthday","alterego_mod:BeGentle+1","alterego_mod:Pet+1","alterego_mod:IndependentAction+1","alterego_mod:Birthday","alterego_mod:IdEs","alterego_mod:Cushion+1","Madness+1","alterego_mod:Nekomimi","alterego_mod:Nekomimi+1"],"relics":["alterego_mod:MasochisticConstitution","EasyMod:Easy_4","Lizard Tail","CeramicFish","Lantern","Art of War","Smiling Mask","Empty Cage","Necronomicon","Membership Card","Mummified Hand","Darkstone Periapt","Bottled Lightning","Coffee Dripper","Question Card","Bronze Scales","Du-Vu Doll","HornCleat","Turnip","TheAbacus","ClockworkSouvenir","Toxic Egg 2","Kunai","OrangePellets","StrikeDummy","Gremlin Horn","Strawberry","Sling","Bottled Tornado"],"acts_visited":["Exordium","TheCity","TheBeyond","TheEnding"],"potions_floor_usage":[55,55],"damage_taken":[{"damage":0.0,"enemies":"Cultist","floor":1.0,"turns":4.0},{"damage":0.0,"enemies":"Jaw Worm","floor":2.0,"turns":4.0},{"damage":0.0,"enemies":"2 Louse","floor":3.0,"turns":2.0},{"damage":3.0,"enemies":"Blue Slaver","floor":5.0,"turns":4.0},{"damage":0.0,"enemies":"3 Sentries","floor":6.0,"turns":7.0},{"damage":0.0,"enemies":"Looter","floor":7.0,"turns":3.0},{"damage":29.0,"enemies":"Gremlin Nob","floor":8.0,"turns":5.0},{"damage":0.0,"enemies":"Lagavulin","floor":11.0,"turns":4.0},{"damage":0.0,"enemies":"Red Slaver","floor":12.0,"turns":3.0},{"damage":0.0,"enemies":"3 Sentries","floor":14.0,"turns":6.0},{"damage":0.0,"enemies":"Slime Boss","floor":16.0,"turns":5.0},{"damage":0.0,"enemies":"Shell Parasite","floor":18.0,"turns":5.0},{"damage":0.0,"enemies":"3 Byrds","floor":19.0,"turns":5.0},{"damage":0.0,"enemies":"Gremlin Leader","floor":23.0,"turns":5.0},{"damage":0.0,"enemies":"Slavers","floor":27.0,"turns":5.0},{"damage":0.0,"enemies":"Cultist and Chosen","floor":28.0,"turns":4.0},{"damage":6.0,"enemies":"Book of Stabbing","floor":30.0,"turns":4.0},{"damage":0.0,"enemies":"Centurion and Healer","floor":31.0,"turns":3.0},{"damage":0.0,"enemies":"Automaton","floor":33.0,"turns":7.0},{"damage":0.0,"enemies":"3 Darklings","floor":35.0,"turns":5.0},{"damage":36.0,"enemies":"3 Shapes","floor":36.0,"turns":10.0},{"damage":0.0,"enemies":"Jaw Worm Horde","floor":38.0,"turns":4.0},{"damage":2.0,"enemies":"Spire Growth","floor":39.0,"turns":3.0},{"damage":5.0,"enemies":"Nemesis","floor":40.0,"turns":5.0},{"damage":0.0,"enemies":"Reptomancer","floor":42.0,"turns":7.0},{"damage":0.0,"enemies":"Transient","floor":44.0,"turns":6.0},{"damage":0.0,"enemies":"Giant Head","floor":45.0,"turns":7.0},{"damage":0.0,"enemies":"Maw","floor":47.0,"turns":5.0},{"damage":2.0,"enemies":"Time Eater","floor":50.0,"turns":10.0},{"damage":0,"enemies":"Shield and Spear","floor":54,"turns":4},{"damage":6,"enemies":"The Heart","floor":55,"turns":10}],"seed_played":"1953332016553979101","potions_obtained":[{"floor":5.0,"key":"CultistPotion"},{"floor":6.0,"key":"Block Potion"},{"floor":12.0,"key":"Fire Potion"},{"floor":16.0,"key":"GamblersBrew"},{"floor":18.0,"key":"AttackPotion"},{"floor":28.0,"key":"Strength Potion"},{"floor":30.0,"key":"Fire Potion"},{"floor":38.0,"key":"DuplicationPotion"}],"is_trial":false,"path_per_floor":["M","M","M","$","M","E","M","E","T","?","E","M","R","E","R","B",null,"M","M","?","$","?","E","T","R","T","E","M","?","E","M","R","B",null,"M","M","T","M","M","E","R","E","T","M","E","R","M","$","R","B",null,"R","$","E","B",null],"character_chosen":"The_Alterego","items_purchased":["Membership Card","TheAbacus","ClockworkSouvenir","Toxic Egg 2","alterego_mod:Cushion+1","Kunai","OrangePellets","StrikeDummy","Gremlin Horn","Strawberry","Sling","Madness+1","alterego_mod:Nekomimi"],"campfire_rested":0,"item_purchase_floors":[21,48,48,48,48,53,53,53,53,53,53,53,53],"current_hp_per_floor":[59,59,59,59,64,64,64,36,36,36,36,43,43,43,43,43,61,61,61,40,40,40,40,40,40,40,40,47,11,10,14,14,18,56,60,38,38,53,56,60,60,68,68,71,71,71,71,71,71,72,72,72,85,85,86],"gold":146,"neow_bonus":"REMOVE_TWO","is_daily":false,"chose_seed":false,"campfire_upgraded":7,"win_rate":0.0,"timestamp":1611736436,"path_taken":["M","M","M","?","M","E","M","E","T","?","E","M","R","E","R","BOSS","M","M","?","$","?","E","?","R","T","E","M","?","E","M","R","BOSS","M","M","?","M","M","E","R","E","T","?","E","R","M","$","R","BOSS","R","$","E","BOSS"],"items_purchased_type":["Relic","Relic","Relic","Relic","Card","Relic","Relic","Relic","Relic","Relic","Relic","Card","Card"],"build_version":"2020-12-22","purchased_purges":3,"victory":true,"max_hp_per_floor":[65,65,65,65,66,66,66,67,67,67,67,67,67,67,67,67,67,67,67,67,67,67,67,67,67,67,67,67,67,68,68,68,68,68,68,69,69,69,70,71,71,71,71,71,71,71,71,71,71,72,72,72,85,85,86],"card_choices":[{"not_picked":["alterego_mod:Rip","alterego_mod:PurpleHair"],"picked":"alterego_mod:Undulate","floor":1.0},{"not_picked":["alterego_mod:GoddessCore","alterego_mod:Undulate","alterego_mod:PerceptionDisorder"],"picked":"SKIP","floor":2.0},{"not_picked":["alterego_mod:BustOut","alterego_mod:Crossover","alterego_mod:SakuraPetals"],"picked":"SKIP","floor":3.0},{"not_picked":["alterego_mod:DiscoLights","alterego_mod:MaintainEyeContact"],"picked":"alterego_mod:Pet","floor":5.0},{"not_picked":["alterego_mod:Smother","alterego_mod:Clones","alterego_mod:Complex"],"picked":"SKIP","floor":6.0},{"not_picked":["alterego_mod:Complex","alterego_mod:Skirt","alterego_mod:DestructionOfProperty"],"picked":"SKIP","floor":7.0},{"not_picked":["alterego_mod:Complex","alterego_mod:Clap"],"picked":"alterego_mod:Belts","floor":8.0},{"not_picked":["alterego_mod:PerceptionDisorder","alterego_mod:STier"],"picked":"alterego_mod:IndependentAction","floor":11.0},{"not_picked":["alterego_mod:Punishment","alterego_mod:PerceptionDisorder","alterego_mod:Smother"],"picked":"SKIP","floor":12.0},{"not_picked":["alterego_mod:BoobPocket","alterego_mod:DeftHands"],"picked":"alterego_mod:PresenceConcealment","floor":14.0},{"not_picked":["alterego_mod:Jiggle","alterego_mod:Bounce+1","alterego_mod:GoddessCore"],"picked":"SKIP","floor":18.0},{"not_picked":["alterego_mod:Complex","alterego_mod:Valentines"],"picked":"alterego_mod:Mirror","floor":19.0},{"not_picked":["alterego_mod:DeftHands","alterego_mod:1TonWallop","alterego_mod:GachaTicket"],"picked":"SKIP","floor":23.0},{"not_picked":["alterego_mod:Cycle","alterego_mod:PainIsPleasure","alterego_mod:PerceptionDisorder"],"picked":"SKIP","floor":27.0},{"not_picked":["alterego_mod:Crossover","alterego_mod:Bloomers"],"picked":"alterego_mod:Birthday","floor":28.0},{"not_picked":["alterego_mod:1TonWallop+1","alterego_mod:DeftHands"],"picked":"alterego_mod:TrashNCrash","floor":30.0},{"not_picked":["alterego_mod:BusterCard","alterego_mod:Maid","alterego_mod:Table"],"picked":"SKIP","floor":31.0},{"not_picked":["alterego_mod:DeftHands","alterego_mod:Bounce"],"picked":"alterego_mod:Birthday","floor":35.0},{"not_picked":["alterego_mod:Punishment","alterego_mod:Pet"],"picked":"alterego_mod:BeGentle+1","floor":36.0},{"not_picked":["alterego_mod:Swimsuit","alterego_mod:Smother","alterego_mod:1TonWallop+1","alterego_mod:Clones"],"picked":"SKIP","floor":38.0},{"not_picked":["alterego_mod:Smother","alterego_mod:Cycle","alterego_mod:Exercise+1"],"picked":"alterego_mod:Pet+1","floor":39.0},{"not_picked":["alterego_mod:DustData","alterego_mod:Stockings","alterego_mod:Bounce"],"picked":"alterego_mod:IndependentAction+1","floor":40.0},{"not_picked":["alterego_mod:MagicResistance+1","alterego_mod:Cycle","alterego_mod:GoddessCore","alterego_mod:Rip"],"picked":"SKIP","floor":42.0},{"not_picked":["alterego_mod:Exercise","alterego_mod:Collar","alterego_mod:GoddessCore"],"picked":"alterego_mod:Birthday","floor":44.0},{"not_picked":["alterego_mod:Schoolgirl","alterego_mod:BusterCard","alterego_mod:Bloomers"],"picked":"alterego_mod:IdEs","floor":45.0},{"not_picked":["alterego_mod:GoddessCore+1","alterego_mod:Clones","alterego_mod:HighServant+1","alterego_mod:Exercise"],"picked":"SKIP","floor":47.0},{"not_picked":["alterego_mod:DeftHands","alterego_mod:Vow+1","alterego_mod:DustData+1"],"picked":"alterego_mod:Nekomimi+1","floor":54}],"player_experience":2387173,"relics_obtained":[{"floor":6.0,"key":"Lizard Tail"},{"floor":8.0,"key":"CeramicFish"},{"floor":9.0,"key":"Lantern"},{"floor":11.0,"key":"Art of War"},{"floor":14.0,"key":"Smiling Mask"},{"floor":20.0,"key":"Necronomicon"},{"floor":24.0,"key":"Mummified Hand"},{"floor":27.0,"key":"Darkstone Periapt"},{"floor":30.0,"key":"Bottled Lightning"},{"floor":37.0,"key":"Question Card"},{"floor":40.0,"key":"Bronze Scales"},{"floor":42.0,"key":"Du-Vu Doll"},{"floor":43.0,"key":"HornCleat"},{"floor":45.0,"key":"Turnip"},{"floor":54,"key":"Bottled Tornado"}],"event_choices":[{"cards_removed":["alterego_mod:Strike"],"damage_healed":0.0,"max_hp_gain":0.0,"max_hp_loss":0.0,"gold_gain":0.0,"event_name":"The Cleric","player_choice":"Card Removal","floor":10.0,"gold_loss":75.0,"damage_taken":0.0},{"damage_healed":0.0,"max_hp_gain":0.0,"max_hp_loss":0.0,"gold_gain":0.0,"event_name":"Cursed Tome","player_choice":"Obtained Book","floor":20.0,"gold_loss":0.0,"damage_taken":21.0},{"damage_healed":0.0,"max_hp_gain":0.0,"max_hp_loss":0.0,"gold_gain":0.0,"event_name":"The Library","player_choice":"Read","floor":22.0,"gold_loss":0.0,"damage_taken":0.0,"cards_obtained":["alterego_mod:MagicResistance"]},{"damage_healed":0.0,"max_hp_gain":0.0,"max_hp_loss":0.0,"gold_gain":360.0,"event_name":"Knowing Skull","player_choice":"GOLD GOLD GOLD GOLD ","floor":29.0,"potions_obtained":[],"gold_loss":0.0,"damage_taken":36.0,"cards_obtained":[]}],"is_beta":false,"boss_relics":[{"not_picked":["SacredBark","Cursed Key"],"picked":"Empty Cage"},{"not_picked":["Tiny House","Astrolabe"],"picked":"Coffee Dripper"}],"items_purged_floors":[21,48,53],"is_endless":false,"potions_floor_spawned":[5,6,7,11,12,16,18,28,30,38,39,44,54],"ascension_level":17}}