{"host":"krw8blyxua7at9ak","time":1611740766,"event":{"mods":["BaseMod","Highlight Path","Minty Spire (QoL Compilation)","ojb\u0027s Info Mod"],"gold_per_floor":[118,118,133,133,133,160,160,160,160,85,110,110,144,157,157,236,236,255,255,255,47,77,77,104,119,119,145,145,160,180,194,194,271,271,290,301,312,312,534,534,564,148,217,235,235,235],"floor_reached":45,"language":"ENG","playtime":2401,"items_purged":["Strike_G"],"score":1098,"play_id":"7b2cdb5d-3033-40bb-bd0e-48e88fec235c","local_time":"20210127104606","is_ascension_mode":true,"campfire_choices":[{"data":"Footwork","floor":7,"key":"SMITH"},{"data":"Dagger Spray","floor":12,"key":"SMITH"},{"data":"Well Laid Plans","floor":15,"key":"SMITH"},{"data":"Leg Sweep","floor":23,"key":"SMITH"},{"floor":32,"key":"REST"},{"data":"Adrenaline","floor":40,"key":"SMITH"}],"circlet_count":0,"master_deck":["AscendersBane","Strike_G","Defend_G","Defend_G","Defend_G","Defend_G","Survivor","Neutralize","Dagger Spray+1","Flying Knee","Footwork+1","Dash+1","Well Laid Plans+1","Leg Sweep+1","Adrenaline+1","Choke+1","Blade Dance","Phantasmal Killer","Terror","Dash+1","Underhanded Strike+1","Tools of the Trade","Dagger Throw+1","Caltrops+1","A Thousand Cuts"],"relics":["Ring of the Snake","NeowsBlessing","StoneCalendar","Molten Egg 2","Ornamental Fan","Mummified Hand","Snecko Eye","Membership Card","Red Mask","Oddly Smooth Stone","Tiny Chest","Thread and Needle","MutagenicStrength","Coffee Dripper","Eternal Feather","Torii","HornCleat","Sling","Shuriken"],"acts_visited":["Exordium","TheCity","TheBeyond"],"potions_floor_usage":[11,22,27,31,33,45],"damage_taken":[{"damage":0,"enemies":"Cultist","floor":1,"turns":1},{"damage":0,"enemies":"Small Slimes","floor":3,"turns":1},{"damage":0,"enemies":"Lagavulin","floor":6,"turns":1},{"damage":4,"enemies":"3 Sentries","floor":11,"turns":7},{"damage":0,"enemies":"Lagavulin","floor":13,"turns":7},{"damage":0,"enemies":"2 Louse","floor":14,"turns":2},{"damage":23,"enemies":"The Guardian","floor":16,"turns":16},{"damage":0,"enemies":"2 Thieves","floor":18,"turns":4},{"damage":19,"enemies":"Masked Bandits","floor":22,"turns":6},{"damage":45,"enemies":"Slavers","floor":24,"turns":7},{"damage":0,"enemies":"Chosen","floor":25,"turns":6},{"damage":17,"enemies":"Book of Stabbing","floor":27,"turns":6},{"damage":0,"enemies":"Snake Plant","floor":29,"turns":3},{"damage":0,"enemies":"Shelled Parasite and Fungi","floor":30,"turns":4},{"damage":0,"enemies":"Cultist and Chosen","floor":31,"turns":7},{"damage":10,"enemies":"Champ","floor":33,"turns":9},{"damage":0,"enemies":"3 Shapes","floor":35,"turns":3},{"damage":3,"enemies":"Orb Walker","floor":36,"turns":4},{"damage":6,"enemies":"Spire Growth","floor":37,"turns":4},{"damage":15,"enemies":"Giant Head","floor":41,"turns":6},{"damage":0,"enemies":"4 Shapes","floor":44,"turns":7},{"damage":33,"enemies":"Writhing Mass","floor":45,"turns":4}],"seed_played":"-1802781653508991915","potions_obtained":[{"floor":3,"key":"CunningPotion"},{"floor":14,"key":"FairyPotion"},{"floor":16,"key":"LiquidBronze"},{"floor":18,"key":"Dexterity Potion"},{"floor":25,"key":"ColorlessPotion"},{"floor":29,"key":"PowerPotion"},{"floor":30,"key":"FearPotion"},{"floor":36,"key":"FearPotion"},{"floor":44,"key":"Fire Potion"}],"is_trial":false,"path_per_floor":["M","$","M","?","?","E","R","?","T","?","E","R","E","M","R","B",null,"M","?","T","$","?","R","E","M","T","E","?","M","M","M","R","B",null,"M","M","M","?","?","R","E","$","T","M","M"],"character_chosen":"THE_SILENT","items_purchased":["Membership Card","Choke+1","Torii","HornCleat","Sling"],"campfire_rested":1,"item_purchase_floors":[21,21,42,42,42],"current_hp_per_floor":[59,59,59,59,59,59,59,52,52,52,48,48,48,48,48,25,56,56,56,56,56,37,37,19,19,19,2,2,2,2,2,21,11,52,52,49,43,43,43,43,28,28,28,28,0,0],"gold":235,"neow_bonus":"THREE_ENEMY_KILL","is_daily":false,"chose_seed":false,"campfire_upgraded":5,"win_rate":0.0,"timestamp":1611740766,"path_taken":["M","$","?","?","?","E","R","?","T","?","E","R","E","?","R","BOSS","M","?","?","$","?","R","E","?","T","E","?","M","M","M","R","BOSS","M","M","M","?","?","R","E","$","T","M","M"],"items_purchased_type":["Relic","Card","Relic","Relic","Relic"],"build_version":"2020-12-22","purchased_purges":1,"victory":false,"max_hp_per_floor":[66,66,66,66,66,66,66,66,66,66,66,66,66,66,66,66,66,66,66,66,66,66,66,66,66,66,66,66,66,66,66,66,66,66,66,66,66,66,66,66,66,66,66,66,66,66],"card_choices":[{"not_picked":["Deadly Poison","Backflip"],"picked":"Dagger Spray","floor":1},{"not_picked":["Outmaneuver","Prepared"],"picked":"Flying Knee","floor":3},{"not_picked":["Catalyst","Eviscerate","Accuracy"],"picked":"SKIP","floor":6},{"not_picked":["Cloak And Dagger","Sucker Punch+1"],"picked":"Dash+1","floor":11},{"not_picked":["Dagger Spray+1","Deadly Poison"],"picked":"Well Laid Plans","floor":13},{"not_picked":["Distraction","Prepared"],"picked":"Leg Sweep","floor":14},{"not_picked":["Night Terror","Unload+1"],"picked":"Adrenaline","floor":16},{"not_picked":["Dodge and Roll","Masterful Stab+1","Acrobatics"],"picked":"SKIP","floor":18},{"not_picked":["PiercingWail","Concentrate"],"picked":"Blade Dance","floor":22},{"not_picked":["Underhanded Strike+1","Bane+1"],"picked":"Phantasmal Killer","floor":24},{"not_picked":["Sucker Punch+1","Dodge and Roll"],"picked":"Terror","floor":25},{"not_picked":["Crippling Poison+1","Burst"],"picked":"Dash+1","floor":27},{"not_picked":["Quick Slash+1","Heel Hook+1","Slice+1"],"picked":"SKIP","floor":29},{"not_picked":["Backflip","Setup"],"picked":"Underhanded Strike+1","floor":30},{"not_picked":["Crippling Poison","Masterful Stab+1","Quick Slash+1"],"picked":"SKIP","floor":31},{"not_picked":["Adrenaline","Malaise"],"picked":"Tools of the Trade","floor":33},{"not_picked":["Distraction+1","Prepared"],"picked":"Dagger Throw+1","floor":35},{"not_picked":["Poisoned Stab+1","Outmaneuver"],"picked":"Caltrops+1","floor":36},{"not_picked":["Finisher+1","Flying Knee+1","Poisoned Stab+1"],"picked":"SKIP","floor":37},{"not_picked":["Dagger Throw+1","Outmaneuver"],"picked":"A Thousand Cuts","floor":41},{"not_picked":["PiercingWail","Backflip","Calculated Gamble"],"picked":"SKIP","floor":44}],"player_experience":363046,"relics_obtained":[{"floor":6,"key":"StoneCalendar"},{"floor":9,"key":"Molten Egg 2"},{"floor":11,"key":"Ornamental Fan"},{"floor":13,"key":"Mummified Hand"},{"floor":22,"key":"Red Mask"},{"floor":24,"key":"Oddly Smooth Stone"},{"floor":26,"key":"Tiny Chest"},{"floor":27,"key":"Thread and Needle"},{"floor":41,"key":"Eternal Feather"},{"floor":43,"key":"Shuriken"}],"event_choices":[{"damage_healed":0,"gold_gain":0,"cards_transformed":["Strike_G"],"player_choice":"Change","damage_taken":0,"max_hp_gain":0,"max_hp_loss":0,"event_name":"Living Wall","floor":4,"gold_loss":0,"cards_obtained":["Footwork"]},{"damage_healed":0,"gold_gain":0,"player_choice":"Ignored","damage_taken":0,"max_hp_gain":0,"max_hp_loss":0,"event_name":"Liars Game","floor":5,"gold_loss":0},{"cards_removed":["Strike_G"],"damage_healed":0,"gold_gain":0,"player_choice":"Card Removal","damage_taken":7,"max_hp_gain":0,"max_hp_loss":0,"event_name":"Golden Wing","floor":8,"gold_loss":0},{"cards_removed":["Strike_G"],"damage_healed":0,"gold_gain":0,"player_choice":"Card Removal","damage_taken":0,"max_hp_gain":0,"max_hp_loss":0,"event_name":"The Cleric","floor":10,"gold_loss":75},{"damage_healed":0,"gold_gain":0,"player_choice":"Ignored","damage_taken":0,"max_hp_gain":0,"max_hp_loss":0,"event_name":"Vampires","floor":19,"gold_loss":0},{"damage_healed":0,"gold_gain":0,"player_choice":"Fought Bandits","damage_taken":0,"max_hp_gain":0,"max_hp_loss":0,"event_name":"Masked Bandits","floor":22,"gold_loss":0},{"damage_healed":0,"gold_gain":0,"player_choice":"Inject Mutagens","damage_taken":0,"relics_obtained":["MutagenicStrength"],"max_hp_gain":0,"max_hp_loss":0,"event_name":"Drug Dealer","floor":28,"gold_loss":0},{"cards_removed":["Defend_G"],"damage_healed":0,"gold_gain":0,"player_choice":"Removed Skill","damage_taken":0,"max_hp_gain":0,"max_hp_loss":0,"event_name":"Falling","floor":38,"gold_loss":0},{"damage_healed":0,"gold_gain":222,"player_choice":"Wore Mask","damage_taken":0,"max_hp_gain":0,"max_hp_loss":0,"event_name":"Tomb of Lord Red Mask","floor":39,"gold_loss":0}],"is_beta":false,"boss_relics":[{"not_picked":["Runic Pyramid","HoveringKite"],"picked":"Snecko Eye"},{"not_picked":["WristBlade","Sozu"],"picked":"Coffee Dripper"}],"items_purged_floors":[42],"is_endless":false,"potions_floor_spawned":[3,14,16,18,25,29,30,36,44],"killed_by":"Writhing Mass","ascension_level":20}}