{"host":"c44ey07ufggfw2m8","time":1611744997,"event":{"mods":["2.2 Compatiblity","BaseMod","Colored Map","DeckTracker","Highlight Path","Keyboard Shortcuts","Minty Spire (QoL Compilation)","Permanent Neow","Quick Restart","StSLib","SuperFastMode","UnlockEverythingMod"],"gold_per_floor":[119,135,135,135,152,152,182,182,251,251,271,297,309,322,322,420,420,433,35,48,63,0,0,34,49,76,76,96,96,96,106,106,202,202,221,235,246,264,283,314,326,338,350,377,389,321,337,351,351,351],"floor_reached":51,"language":"KOR","playtime":2663,"items_purged":["Strike_G","Choke"],"score":1231,"play_id":"8829e79a-0ac7-41d9-89f4-e2edbdeb9a9a","local_time":"20210127195637","is_ascension_mode":true,"campfire_choices":[{"data":"Night Terror","floor":6.0,"key":"SMITH"},{"data":"Noxious Fumes","floor":8.0,"key":"SMITH"},{"data":"Backstab","floor":10.0,"key":"SMITH"},{"data":"Footwork","floor":15.0,"key":"SMITH"},{"data":"Apotheosis","floor":23.0,"key":"SMITH"},{"data":"Corpse Explosion","floor":27.0,"key":"SMITH"},{"data":"Prepared","floor":32.0,"key":"SMITH"},{"data":"Acrobatics","floor":42,"key":"SMITH"},{"data":"Footwork","floor":45,"key":"SMITH"},{"data":"Reflex","floor":49,"key":"SMITH"}],"circlet_count":0,"master_deck":["Defend_G","Defend_G","Defend_G","Defend_G","Defend_G","Survivor","Neutralize","Flying Knee","Deadly Poison","Night Terror+1","Backstab+1","Noxious Fumes+1","Footwork+1","Blur","Malaise+1","Quick Slash","Masterful Stab","Corpse Explosion+1","Apotheosis+1","Backflip","Footwork+1","Acrobatics","Prepared+1","Blur","Escape Plan","Bite","Bite","Bite","Bite","Bite","Catalyst","Backflip","Acrobatics+1","PiercingWail","Catalyst","Reflex+1","Prepared+1","Prepared+1","Concentrate+1","Prepared"],"relics":["Ring of the Snake","Anchor","Prayer Wheel","Kunai","Mummified Hand","Coffee Dripper","Art of War","The Courier","Nloth\u0027s Gift","Sozu","MawBank","Blue Candle"],"acts_visited":["Exordium","TheCity","TheBeyond"],"potions_floor_usage":[],"damage_taken":[{"damage":0.0,"enemies":"2 Louse","floor":1.0,"turns":4.0},{"damage":0.0,"enemies":"Jaw Worm","floor":2.0,"turns":3.0},{"damage":1.0,"enemies":"Cultist","floor":5.0,"turns":3.0},{"damage":0.0,"enemies":"Gremlin Nob","floor":7.0,"turns":2.0},{"damage":4.0,"enemies":"Red Slaver","floor":11.0,"turns":2.0},{"damage":0.0,"enemies":"Lagavulin","floor":12.0,"turns":4.0},{"damage":0.0,"enemies":"Large Slime","floor":13.0,"turns":6.0},{"damage":0.0,"enemies":"Gremlin Gang","floor":14.0,"turns":3.0},{"damage":4.0,"enemies":"The Guardian","floor":16.0,"turns":12.0},{"damage":4.0,"enemies":"Spheric Guardian","floor":18.0,"turns":4.0},{"damage":0.0,"enemies":"Chosen","floor":20.0,"turns":4.0},{"damage":6.0,"enemies":"Snake Plant","floor":21.0,"turns":3.0},{"damage":7.0,"enemies":"Gremlin Leader","floor":24.0,"turns":4.0},{"damage":17.0,"enemies":"Chosen and Byrds","floor":25.0,"turns":7.0},{"damage":1.0,"enemies":"Centurion and Healer","floor":28.0,"turns":4.0},{"damage":3.0,"enemies":"Snake Plant","floor":31.0,"turns":3.0},{"damage":0.0,"enemies":"Champ","floor":33.0,"turns":14.0},{"damage":5.0,"enemies":"3 Darklings","floor":35.0,"turns":5.0},{"damage":5.0,"enemies":"3 Shapes","floor":36.0,"turns":4.0},{"damage":29.0,"enemies":"Jaw Worm Horde","floor":37.0,"turns":5.0},{"damage":3.0,"enemies":"Spire Growth","floor":38.0,"turns":5.0},{"damage":53.0,"enemies":"Writhing Mass","floor":39.0,"turns":8.0},{"damage":2,"enemies":"Nemesis","floor":40,"turns":7},{"damage":20,"enemies":"3 Darklings","floor":44,"turns":5},{"damage":0,"enemies":"Maw","floor":47,"turns":8},{"damage":7,"enemies":"4 Shapes","floor":48,"turns":4},{"damage":40,"enemies":"Donu and Deca","floor":50,"turns":10}],"seed_played":"-1921352350516817650","potions_obtained":[{"floor":1.0,"key":"Fire Potion"},{"floor":2.0,"key":"CunningPotion"},{"floor":7.0,"key":"PowerPotion"},{"floor":13.0,"key":"Weak Potion"},{"floor":14.0,"key":"Fruit Juice"},{"floor":20.0,"key":"EssenceOfSteel"},{"floor":25.0,"key":"Weak Potion"},{"floor":33.0,"key":"Fruit Juice"}],"is_trial":false,"path_per_floor":["M","M","?","?","M","R","E","R","T","R","M","E","M","M","R","B",null,"M","$","M","M","?","R","E","M","T","R","M","?","?","M","R","B",null,"M","M","M","M","M","E","?","R","T","M","R","$","M","M","R","B",null],"character_chosen":"THE_SILENT","items_purchased":["Apotheosis","Art of War"],"campfire_rested":0,"item_purchase_floors":[19,19],"current_hp_per_floor":[63,63,45,45,44,44,44,44,44,44,40,40,40,40,40,36,62,58,58,58,52,52,52,45,33,33,33,34,34,34,36,36,71,79,78,79,57,72,52,59,59,59,59,52,52,52,77,76,76,49],"gold":351,"neow_bonus":"RANDOM_COMMON_RELIC","is_daily":false,"chose_seed":false,"campfire_upgraded":10,"win_rate":0.0,"timestamp":1611744997,"path_taken":["M","M","?","?","M","R","E","R","T","R","M","E","M","?","R","BOSS","M","$","M","M","?","R","E","M","T","R","M","?","?","?","R","BOSS","M","?","M","M","M","E","?","R","T","?","R","$","M","M","R","BOSS"],"items_purchased_type":["Card","Relic"],"build_version":"2020-12-22","purchased_purges":2,"victory":true,"max_hp_per_floor":[70,70,70,70,70,70,70,70,70,70,70,70,70,70,70,70,70,70,70,70,70,70,70,70,75,75,75,75,75,75,75,75,75,80,80,80,80,80,80,80,80,80,80,80,80,80,80,80,80,80],"card_choices":[{"not_picked":["Accuracy","Acrobatics"],"picked":"Choke","floor":1.0},{"not_picked":["Tactician","Finisher"],"picked":"Flying Knee","floor":2.0},{"not_picked":["Acrobatics","PiercingWail"],"picked":"Backstab","floor":5.0},{"not_picked":["Dash","Concentrate"],"picked":"Noxious Fumes","floor":7.0},{"not_picked":["Noxious Fumes","Eviscerate"],"picked":"Footwork","floor":11.0},{"not_picked":["Infinite Blades","Endless Agony"],"picked":"Blur","floor":11.0},{"not_picked":["Accuracy","Caltrops"],"picked":"Malaise","floor":12.0},{"not_picked":["Backstab","Eviscerate"],"picked":"Quick Slash","floor":13.0},{"not_picked":["Slice","Quick Slash","All Out Attack"],"picked":"SKIP","floor":13.0},{"not_picked":["Eviscerate","Bouncing Flask"],"picked":"Masterful Stab","floor":14.0},{"not_picked":["Underhanded Strike","Deflect","Slice"],"picked":"SKIP","floor":14.0},{"not_picked":["Venomology","After Image"],"picked":"Corpse Explosion","floor":16.0},{"not_picked":["Setup+1","Expertise","Deadly Poison"],"picked":"SKIP","floor":18.0},{"not_picked":["Noxious Fumes+1","Outmaneuver","Predator"],"picked":"SKIP","floor":18.0},{"not_picked":["Blade Dance","Bane+1"],"picked":"Backflip","floor":20.0},{"not_picked":["Corpse Explosion","Escape Plan+1"],"picked":"Footwork","floor":20.0},{"not_picked":["Noxious Fumes","Expertise+1"],"picked":"Acrobatics","floor":21.0},{"not_picked":["Dagger Spray","Expertise"],"picked":"Prepared","floor":21.0},{"not_picked":["Bane","Unload","Choke"],"picked":"SKIP","floor":24.0},{"not_picked":["Dodge and Roll","PiercingWail"],"picked":"Blur","floor":25.0},{"not_picked":["Slice","Poisoned Stab+1"],"picked":"Escape Plan","floor":25.0},{"not_picked":["Cloak And Dagger+1","Poisoned Stab","Blade Dance"],"picked":"SKIP","floor":28.0},{"not_picked":["Bane+1","Distraction","Infinite Blades+1"],"picked":"SKIP","floor":28.0},{"not_picked":["Backstab","Deadly Poison+1"],"picked":"Catalyst","floor":31.0},{"not_picked":["Prepared","Bane","Quick Slash"],"picked":"SKIP","floor":31.0},{"not_picked":["Backstab+1","Dodge and Roll+1"],"picked":"Backflip","floor":35.0},{"not_picked":["Skewer+1","Sucker Punch","Distraction+1"],"picked":"SKIP","floor":35.0},{"not_picked":["Deadly Poison","Cloak And Dagger"],"picked":"Acrobatics","floor":36.0},{"not_picked":["Deflect","Dodge and Roll+1"],"picked":"PiercingWail","floor":36.0},{"not_picked":["Eviscerate+1","Accuracy+1","Backstab"],"picked":"SKIP","floor":37.0},{"not_picked":["Underhanded Strike+1","Eviscerate+1","Acrobatics"],"picked":"SKIP","floor":37.0},{"not_picked":["Underhanded Strike+1","Expertise+1"],"picked":"Catalyst","floor":38.0},{"not_picked":["Skewer+1","Quick Slash","Underhanded Strike+1"],"picked":"SKIP","floor":38.0},{"not_picked":["Escape Plan","Quick Slash"],"picked":"Reflex","floor":39.0},{"not_picked":["Phantasmal Killer","Dagger Spray","Underhanded Strike+1"],"picked":"SKIP","floor":39.0},{"not_picked":["Night Terror","Dash"],"picked":"Prepared+1","floor":40},{"not_picked":["Poisoned Stab+1","Blade Dance+1"],"picked":"Prepared+1","floor":44},{"not_picked":["Setup","Dagger Throw","Backflip+1"],"picked":"SKIP","floor":44},{"not_picked":["All Out Attack+1","Bouncing Flask+1"],"picked":"Concentrate+1","floor":47},{"not_picked":["Venomology","Underhanded Strike","Deadly Poison+1"],"picked":"SKIP","floor":47},{"not_picked":["Distraction","PiercingWail+1"],"picked":"Prepared","floor":48},{"not_picked":["Riddle With Holes","Skewer","Phantasmal Killer"],"picked":"SKIP","floor":48}],"player_experience":74655,"relics_obtained":[{"floor":7.0,"key":"Prayer Wheel"},{"floor":9.0,"key":"Kunai"},{"floor":12.0,"key":"Mummified Hand"},{"floor":24.0,"key":"The Courier"},{"floor":26.0,"key":"Blood Vial"},{"floor":40,"key":"MawBank"},{"floor":43,"key":"Blue Candle"}],"event_choices":[{"damage_healed":0.0,"max_hp_gain":0.0,"max_hp_loss":0.0,"gold_gain":0.0,"event_name":"Scrap Ooze","player_choice":"Success","floor":3.0,"gold_loss":0.0,"damage_taken":18.0,"relics_obtained":["PreservedInsect"]},{"damage_healed":0.0,"max_hp_gain":0.0,"max_hp_loss":0.0,"gold_gain":0.0,"event_name":"Match and Keep!","player_choice":"2 cards matched","floor":4.0,"gold_loss":0.0,"damage_taken":0.0,"cards_obtained":["Deadly Poison","Night Terror"]},{"damage_healed":0.0,"max_hp_gain":0.0,"max_hp_loss":0.0,"gold_gain":0.0,"event_name":"Masked Bandits","player_choice":"Paid Fearfully","floor":22.0,"gold_loss":63.0,"damage_taken":0.0},{"damage_healed":0.0,"max_hp_gain":0.0,"max_hp_loss":0.0,"gold_gain":0.0,"event_name":"Vampires","player_choice":"Became a vampire (Vial)","floor":29.0,"relics_lost":["Blood Vial"],"gold_loss":0.0,"damage_taken":0.0,"cards_obtained":["Bite","Bite","Bite","Bite","Bite"]},{"damage_healed":0.0,"max_hp_gain":0.0,"max_hp_loss":0.0,"gold_gain":0.0,"event_name":"N\u0027loth","player_choice":"Traded Relic","floor":30.0,"relics_lost":["PreservedInsect"],"gold_loss":0.0,"damage_taken":0.0,"relics_obtained":["Nloth\u0027s Gift"]},{"damage_healed":0,"gold_gain":0,"player_choice":"Forge","damage_taken":0,"max_hp_gain":0,"max_hp_loss":0,"event_name":"Accursed Blacksmith","floor":41,"gold_loss":0,"cards_upgraded":["Malaise"]}],"is_beta":false,"boss_relics":[{"not_picked":["Philosopher\u0027s Stone","Velvet Choker"],"picked":"Coffee Dripper"},{"not_picked":["Fusion Hammer","Runic Dome"],"picked":"Sozu"}],"items_purged_floors":[19,46],"is_endless":false,"potions_floor_spawned":[1,2,7,13,14,20,25,33,35,36,44,47],"ascension_level":8}}