{"host":"xmr2g8b7eju0288o","time":1611773492,"event":{"mods":["AchievementEnabler","BaseMod","Colored Map","Colored Powertips","KOR Keyword Fix","Minty Spire (QoL Compilation)","Quick Restart","Spicy Shops","StSLib","SuperFastMode"],"gold_per_floor":[150,192,28,76,76,178,238,328,328,406,27,27,27],"floor_reached":12,"language":"KOR","playtime":368,"items_purged":[],"score":196,"play_id":"f814cb1e-718f-499b-ab36-c236e409f740","local_time":"20210128035132","daily_mods":["Heirloom","DeadlyEvents","Elite Swarm","Midas"],"is_ascension_mode":true,"campfire_choices":[],"circlet_count":0,"master_deck":["AscendersBane","Strike_G","Strike_G","Strike_G","Strike_G","Defend_G","Defend_G","Defend_G","Defend_G","Defend_G","Survivor","Neutralize","All Out Attack","Poisoned Stab","Bouncing Flask","Poisoned Stab","Escape Plan","Die Die Die","Deadly Poison","Burst","After Image","Poisoned Stab"],"relics":["Ring of the Snake","Prayer Wheel","PreservedInsect","Kunai","Omamori","Mercury Hourglass","Pocketwatch","TwistedFunnel","Shuriken"],"acts_visited":["Exordium"],"potions_floor_usage":[],"damage_taken":[{"damage":2.0,"enemies":"2 Louse","floor":1.0,"turns":4.0},{"damage":1.0,"enemies":"Cultist","floor":2.0,"turns":3.0},{"damage":2.0,"enemies":"Small Slimes","floor":4.0,"turns":3.0},{"damage":12.0,"enemies":"Lagavulin","floor":6.0,"turns":4.0},{"damage":1.0,"enemies":"3 Louse","floor":7.0,"turns":2.0},{"damage":13.0,"enemies":"3 Sentries","floor":8.0,"turns":4.0},{"damage":25.0,"enemies":"Lagavulin","floor":10.0,"turns":4.0},{"damage":0,"enemies":"3 Sentries","floor":12,"turns":1}],"seed_played":"-4129322632086569111","potions_obtained":[{"floor":2.0,"key":"Weak Potion"},{"floor":7.0,"key":"Dexterity Potion"}],"is_trial":true,"path_per_floor":["M","M","$","M","?","E","M","E","T","E","$","E"],"character_chosen":"THE_SILENT","items_purchased":["PreservedInsect","TwistedFunnel","Poisoned Stab","Shuriken"],"campfire_rested":0,"item_purchase_floors":[3,11,11,11],"current_hp_per_floor":[57,56,56,54,54,42,41,28,28,3,3,3,3],"gold":27,"neow_bonus":"","is_daily":false,"chose_seed":false,"campfire_upgraded":0,"win_rate":0.0,"timestamp":1611773492,"path_taken":["M","M","$","M","?","E","?","E","T","E","$","E"],"items_purchased_type":["Relic","Relic","Card","Relic"],"build_version":"2020-12-22","purchased_purges":0,"victory":false,"max_hp_per_floor":[66,66,66,66,66,66,66,66,66,66,66,66,66],"card_choices":[{"not_picked":["Flying Knee","Terror"],"picked":"All Out Attack","floor":1.0},{"not_picked":["Deflect","Outmaneuver","Cloak And Dagger"],"picked":"SKIP","floor":1.0},{"not_picked":["Underhanded Strike","Catalyst"],"picked":"Poisoned Stab","floor":2.0},{"not_picked":["Cloak And Dagger","Expertise"],"picked":"Bouncing Flask","floor":2.0},{"not_picked":["A Thousand Cuts","Outmaneuver"],"picked":"Poisoned Stab","floor":4.0},{"not_picked":["All Out Attack","Setup","Sucker Punch"],"picked":"SKIP","floor":4.0},{"not_picked":["Glass Knife","Burst"],"picked":"Die Die Die","floor":6.0},{"not_picked":["Underhanded Strike","Expertise"],"picked":"Deadly Poison","floor":7.0},{"not_picked":["Backflip","Deflect","Blur"],"picked":"SKIP","floor":7.0},{"not_picked":["Storm of Steel","Unload"],"picked":"Burst","floor":8.0},{"not_picked":["Bullet Time","Burst"],"picked":"After Image","floor":10.0}],"player_experience":88746,"relics_obtained":[{"floor":6.0,"key":"Kunai"},{"floor":8.0,"key":"Omamori"},{"floor":9.0,"key":"Mercury Hourglass"},{"floor":10.0,"key":"Pocketwatch"}],"event_choices":[{"damage_healed":0.0,"max_hp_gain":0.0,"max_hp_loss":0.0,"gold_gain":0.0,"cards_transformed":["Strike_G"],"event_name":"Transmorgrifier","player_choice":"Transformed","floor":5.0,"gold_loss":0.0,"damage_taken":0.0,"cards_obtained":["Escape Plan"]}],"is_beta":false,"boss_relics":[],"items_purged_floors":[],"is_endless":true,"potions_floor_spawned":[2,7],"killed_by":"3 Sentries","ascension_level":20}}