{"host":"f0gpob8hq9vgebej","time":1611708221,"event":{"mods":["AchievementEnabler","BaseMod","Minty Spire (QoL Compilation)","Quick Restart","SuperFastMode"],"gold_per_floor":[117,117,117,134,134,162,162,178,178,192,192,209,84,84,84,188,188,200,200,47,61,35,68,68,85,85,103,116,116,135,145,145,247,247,260,271,271,284,330,330,346,346,346,358,233,265,115,115,115],"floor_reached":48,"language":"KOR","playtime":1259,"items_purged":["Strike_G","Strike_G","Strike_G","Strike_G"],"score":839,"play_id":"2cf76c23-3316-4f22-af8b-05df3727c061","local_time":"20210127094341","is_ascension_mode":true,"campfire_choices":[{"data":"Phantasmal Killer","floor":11.0,"key":"SMITH"},{"data":"Dagger Spray","floor":15.0,"key":"SMITH"},{"data":"Blade Dance","floor":24.0,"key":"SMITH"},{"data":"Blade Dance","floor":29.0,"key":"SMITH"},{"data":"Backflip","floor":32.0,"key":"SMITH"},{"floor":40,"key":"REST"},{"data":"Prepared","floor":42,"key":"SMITH"}],"circlet_count":0,"master_deck":["AscendersBane","Strike_G","Defend_G","Defend_G","Defend_G","Defend_G+1","Survivor+1","Neutralize","Backstab","PiercingWail","Phantasmal Killer+1","Crippling Poison","Dagger Spray+1","Glass Knife","Prepared+1","Blade Dance+1","Acrobatics","Adrenaline","Blade Dance+1","Backflip+1","Wraith Form v2","Acrobatics","Prepared+1","Reflex","Flechettes","Adrenaline"],"relics":["Ring of the Serpent","NeowsBlessing","HornCleat","Regal Pillow","Snake Skull","Pear","Ice Cream","Ornamental Fan","HoveringKite","Du-Vu Doll","Blood Vial","Gambling Chip"],"acts_visited":["Exordium","TheCity","TheBeyond"],"potions_floor_usage":[39],"damage_taken":[{"damage":0.0,"enemies":"Jaw Worm","floor":1.0,"turns":1.0},{"damage":0.0,"enemies":"2 Louse","floor":4.0,"turns":1.0},{"damage":0.0,"enemies":"3 Sentries","floor":6.0,"turns":1.0},{"damage":0.0,"enemies":"Small Slimes","floor":8.0,"turns":3.0},{"damage":6.0,"enemies":"Exordium Thugs","floor":10.0,"turns":6.0},{"damage":6.0,"enemies":"Red Slaver","floor":12.0,"turns":3.0},{"damage":45.0,"enemies":"Hexaghost","floor":16.0,"turns":15.0},{"damage":11.0,"enemies":"Shell Parasite","floor":18.0,"turns":7.0},{"damage":0.0,"enemies":"3 Byrds","floor":21.0,"turns":3.0},{"damage":15.0,"enemies":"Slavers","floor":23.0,"turns":6.0},{"damage":0.0,"enemies":"Snake Plant","floor":25.0,"turns":4.0},{"damage":0.0,"enemies":"3 Cultists","floor":27.0,"turns":4.0},{"damage":0.0,"enemies":"Centurion and Healer","floor":28.0,"turns":4.0},{"damage":9.0,"enemies":"Snake Plant","floor":30.0,"turns":5.0},{"damage":8.0,"enemies":"Snecko","floor":31.0,"turns":5.0},{"damage":25.0,"enemies":"Automaton","floor":33.0,"turns":7.0},{"damage":0,"enemies":"3 Darklings","floor":35,"turns":3},{"damage":0,"enemies":"Orb Walker","floor":36,"turns":4},{"damage":0,"enemies":"Sphere and 2 Shapes","floor":38,"turns":4},{"damage":57,"enemies":"2 Orb Walkers","floor":39,"turns":7},{"damage":2,"enemies":"Spire Growth","floor":41,"turns":4},{"damage":26,"enemies":"Maw","floor":44,"turns":8},{"damage":5,"enemies":"Reptomancer","floor":46,"turns":6},{"damage":0,"enemies":"Transient","floor":48,"turns":1}],"seed_played":"2964131591508836454","potions_obtained":[{"floor":4.0,"key":"PowerPotion"},{"floor":8.0,"key":"Fruit Juice"},{"floor":10.0,"key":"BlessingOfTheForge"},{"floor":25.0,"key":"Regen Potion"},{"floor":27.0,"key":"SteroidPotion"},{"floor":30.0,"key":"FairyPotion"},{"floor":31.0,"key":"CultistPotion"},{"floor":35,"key":"Explosive Potion"},{"floor":39,"key":"LiquidBronze"},{"floor":41,"key":"BlessingOfTheForge"}],"is_trial":false,"path_per_floor":["M","?","?","M","T","E","?","M","T","M","R","M","$","T","R","B",null,"M","?","$","M","$","E","R","M","T","M","M","R","M","M","R","B",null,"M","M","?","M","?","R","M","R","T","M","$","E","$","M"],"character_chosen":"THE_SILENT","items_purchased":["Dagger Spray","Blade Dance","Acrobatics"],"campfire_rested":1,"item_purchase_floors":[13,20,22],"current_hp_per_floor":[63,68,53,53,53,53,53,58,58,52,52,46,46,56,56,11,70,59,59,59,59,59,44,44,44,44,44,44,44,35,39,39,14,71,71,71,71,71,14,56,54,54,54,30,30,27,27,29,29],"gold":115,"neow_bonus":"THREE_ENEMY_KILL","is_daily":false,"chose_seed":false,"campfire_upgraded":6,"win_rate":0.0,"timestamp":1611708221,"path_taken":["M","?","?","M","?","E","?","M","T","M","R","M","$","?","R","BOSS","M","?","$","M","?","E","R","M","T","M","M","R","M","M","R","BOSS","M","M","?","M","?","R","M","R","T","M","$","E","$","M"],"items_purchased_type":["Card","Card","Card"],"build_version":"2020-12-22","purchased_purges":4,"victory":false,"max_hp_per_floor":[70,75,75,75,75,75,75,80,80,80,80,80,80,90,90,90,90,90,90,90,90,90,90,90,90,90,90,90,90,90,90,90,90,90,90,90,90,90,90,90,90,90,90,90,90,90,90,90,90],"card_choices":[{"not_picked":["Backflip","Accuracy"],"picked":"Backstab","floor":1.0},{"not_picked":["Caltrops","Prepared"],"picked":"PiercingWail","floor":4.0},{"not_picked":["Tactician","Quick Slash"],"picked":"Phantasmal Killer","floor":6.0},{"not_picked":["Noxious Fumes","Backflip"],"picked":"Crippling Poison","floor":8.0},{"not_picked":["Backflip","Terror","Noxious Fumes"],"picked":"SKIP","floor":10.0},{"not_picked":["Predator","Deflect","Distraction"],"picked":"SKIP","floor":12.0},{"not_picked":["Phantasmal Killer","Corpse Explosion"],"picked":"Glass Knife","floor":16.0},{"not_picked":["Sucker Punch","Expertise"],"picked":"Prepared+1","floor":18.0},{"not_picked":["Skewer","Deflect","Distraction"],"picked":"SKIP","floor":21.0},{"not_picked":["Underhanded Strike","Poisoned Stab","Prepared"],"picked":"SKIP","floor":23.0},{"not_picked":["Deadly Poison","Predator"],"picked":"Adrenaline","floor":25.0},{"not_picked":["Dagger Throw+1","Deflect","Caltrops"],"picked":"SKIP","floor":27.0},{"not_picked":["Backflip","Poisoned Stab"],"picked":"Blade Dance","floor":28.0},{"not_picked":["Leg Sweep+1","Bane"],"picked":"Backflip","floor":30.0},{"not_picked":["Quick Slash+1","Phantasmal Killer","Outmaneuver"],"picked":"SKIP","floor":31.0},{"not_picked":["Adrenaline","Night Terror"],"picked":"Wraith Form v2","floor":33.0},{"not_picked":["Sucker Punch+1","Bane"],"picked":"Acrobatics","floor":35},{"not_picked":["Deadly Poison","Underhanded Strike+1","Slice"],"picked":"SKIP","floor":36},{"not_picked":["Prepared","Dagger Throw","Slice"],"picked":"SKIP","floor":38},{"not_picked":["Dodge and Roll+1","Quick Slash"],"picked":"Prepared","floor":39},{"not_picked":["Quick Slash+1","Setup"],"picked":"Reflex","floor":41},{"not_picked":["Poisoned Stab","Backflip"],"picked":"Flechettes","floor":44},{"not_picked":["Dagger Spray","Blade Dance"],"picked":"Adrenaline","floor":46}],"player_experience":261657,"relics_obtained":[{"floor":5.0,"key":"HornCleat"},{"floor":6.0,"key":"Regal Pillow"},{"floor":14.0,"key":"Pear"},{"floor":23.0,"key":"Ice Cream"},{"floor":26.0,"key":"Ornamental Fan"},{"floor":39,"key":"Du-Vu Doll"},{"floor":43,"key":"Blood Vial"},{"floor":46,"key":"Gambling Chip"}],"event_choices":[{"damage_healed":0.0,"max_hp_gain":5.0,"max_hp_loss":0.0,"gold_gain":0.0,"event_name":"Big Fish","player_choice":"Donut","floor":2.0,"gold_loss":0.0,"damage_taken":0.0},{"damage_healed":0.0,"max_hp_gain":0.0,"max_hp_loss":0.0,"gold_gain":0.0,"event_name":"Shining Light","player_choice":"Entered Light","floor":3.0,"gold_loss":0.0,"damage_taken":15.0,"cards_upgraded":["Survivor","Defend_G"]},{"damage_healed":0.0,"max_hp_gain":0.0,"max_hp_loss":0.0,"gold_gain":0.0,"event_name":"Dead Adventurer","player_choice":"Searched \u00271\u0027 times","floor":7.0,"gold_loss":0.0,"damage_taken":0.0,"relics_obtained":["Snake Skull"]},{"cards_removed":["Defend_G"],"damage_healed":0.0,"max_hp_gain":0.0,"max_hp_loss":0.0,"gold_gain":0.0,"event_name":"Purifier","player_choice":"Purged","floor":19.0,"gold_loss":0.0,"damage_taken":0.0},{"damage_healed":0,"gold_gain":0,"player_choice":"Ignored","damage_taken":0,"max_hp_gain":0,"max_hp_loss":0,"event_name":"Tomb of Lord Red Mask","floor":37,"gold_loss":0},{"damage_healed":0,"gold_gain":0,"player_choice":"Fight","damage_taken":0,"max_hp_gain":0,"max_hp_loss":0,"event_name":"Mysterious Sphere","floor":39,"gold_loss":0}],"is_beta":false,"boss_relics":[{"not_picked":["Black Star","Runic Dome"],"picked":"Ring of the Serpent"},{"not_picked":["Pandora\u0027s Box","SacredBark"],"picked":"HoveringKite"}],"items_purged_floors":[13,20,45,47],"is_endless":false,"potions_floor_spawned":[4,8,10,25,27,28,30,31,35,39,41],"killed_by":"Transient","ascension_level":12}}