{"host":"nwd160me4iqdtr8u","time":1611713364,"event":{"mods":["AchievementEnabler","Act Like it!","BaseMod","Colored Map","DeckTracker","Minty Spire (QoL Compilation)","Quick Restart","Rare Cards Sparkle","StSLib","SuperFastMode","everything is the same but u backflip on backflip"],"gold_per_floor":[109,24,199,199,219,262,284,284,311,311,324,350,371,390,390,502,502,521,547,54,54,78,78,104,124,176,176,194,217,240,264,264,372,372,383,392,421,174,196,196,224,30,55,55,55,83,107,133,133,133],"floor_reached":51,"language":"KOR","playtime":2757,"items_purged":["Doubt","Strike_G","Defend_G"],"score":1003,"play_id":"2410b746-fcdf-4f13-8f20-ddc339695165","local_time":"20210127110924","is_ascension_mode":true,"campfire_choices":[{"data":"Bouncing Flask","floor":8.0,"key":"SMITH"},{"floor":15.0,"key":"REST"},{"floor":23.0,"key":"REST"},{"data":"Burst","floor":27.0,"key":"SMITH"},{"floor":32.0,"key":"REST"},{"data":"Catalyst","floor":40.0,"key":"SMITH"},{"data":"Calculated Gamble","floor":44.0,"key":"SMITH"},{"data":"Footwork","floor":49.0,"key":"SMITH"}],"circlet_count":0,"master_deck":["Strike_G+1","Defend_G","Defend_G","Defend_G","Defend_G","Survivor","Neutralize","Backflip","Finesse","Quick Slash","Bouncing Flask+1","Dagger Spray","Tactician","Expertise","Burst+1","Crippling Poison","Deadly Poison","Catalyst+1","Calculated Gamble+1","Acrobatics","Malaise","Noxious Fumes","Footwork+1","Underhanded Strike+1","Night Terror","Underhanded Strike","Outmaneuver","Tools of the Trade","Underhanded Strike+1","Prepared+1","PiercingWail+1","Catalyst+1"],"relics":["Ring of the Snake","NeowsBlessing","CeramicFish","Happy Flower","Toy Ornithopter","Question Card","SacredBark","Membership Card","Gambling Chip","Kunai","Whetstone","Centennial Puzzle","Snecko Eye","Nunchaku","Meat on the Bone","White Beast Statue","Snake Skull"],"acts_visited":["Exordium","TheCity","TheBeyond"],"potions_floor_usage":[50,50,50],"damage_taken":[{"damage":0.0,"enemies":"Small Slimes","floor":1.0,"turns":1.0},{"damage":0.0,"enemies":"2 Louse","floor":5.0,"turns":1.0},{"damage":0.0,"enemies":"3 Sentries","floor":6.0,"turns":1.0},{"damage":3.0,"enemies":"Jaw Worm","floor":7.0,"turns":4.0},{"damage":1.0,"enemies":"Exordium Wildlife","floor":11.0,"turns":4.0},{"damage":0.0,"enemies":"Gremlin Gang","floor":12.0,"turns":3.0},{"damage":14.0,"enemies":"Exordium Thugs","floor":13.0,"turns":5.0},{"damage":10.0,"enemies":"2 Fungi Beasts","floor":14.0,"turns":3.0},{"damage":15.0,"enemies":"The Guardian","floor":16.0,"turns":8.0},{"damage":7.0,"enemies":"Spheric Guardian","floor":18.0,"turns":5.0},{"damage":33.0,"enemies":"2 Thieves","floor":19.0,"turns":4.0},{"damage":0.0,"enemies":"Sentry and Sphere","floor":22.0,"turns":3.0},{"damage":31.0,"enemies":"Centurion and Healer","floor":24.0,"turns":9.0},{"damage":0.0,"enemies":"Snecko","floor":25.0,"turns":3.0},{"damage":19.0,"enemies":"Snake Plant","floor":30.0,"turns":5.0},{"damage":6.0,"enemies":"Centurion and Healer","floor":31.0,"turns":5.0},{"damage":23.0,"enemies":"Champ","floor":33.0,"turns":8.0},{"damage":10.0,"enemies":"3 Shapes","floor":35.0,"turns":7.0},{"damage":0.0,"enemies":"Orb Walker","floor":37.0,"turns":3.0},{"damage":16.0,"enemies":"Jaw Worm Horde","floor":39.0,"turns":4.0},{"damage":19.0,"enemies":"Writhing Mass","floor":41.0,"turns":5.0},{"damage":0.0,"enemies":"Sphere and 2 Shapes","floor":46.0,"turns":2.0},{"damage":19.0,"enemies":"Jaw Worm Horde","floor":47.0,"turns":4.0},{"damage":0.0,"enemies":"Writhing Mass","floor":48.0,"turns":2.0},{"damage":59,"enemies":"Donu and Deca","floor":50,"turns":7}],"seed_played":"4495371594925407938","potions_obtained":[{"floor":6.0,"key":"LiquidMemories"},{"floor":7.0,"key":"ColorlessPotion"},{"floor":14.0,"key":"Energy Potion"},{"floor":16.0,"key":"BlessingOfTheForge"},{"floor":19.0,"key":"Fire Potion"},{"floor":24.0,"key":"Strength Potion"},{"floor":31.0,"key":"AttackPotion"},{"floor":33.0,"key":"Fire Potion"},{"floor":35.0,"key":"Weak Potion"},{"floor":39.0,"key":"Fruit Juice"},{"floor":46.0,"key":"Regen Potion"},{"floor":47.0,"key":"PowerPotion"},{"floor":48.0,"key":"Ancient Potion"}],"is_trial":false,"path_per_floor":["M","$","?","?","M","E","M","R","T","T","M","M","M","M","R","B",null,"M","M","$","?","M","R","M","M","T","R","?","T","M","M","R","B",null,"M","?","M","$","M","R","M","$","T","R","?","M","M","M","R","B",null],"character_chosen":"THE_SILENT","items_purchased":["Finesse","Catalyst","Membership Card","Gambling Chip","Kunai","Nunchaku","Meat on the Bone","White Beast Statue"],"campfire_rested":3,"item_purchase_floors":[2,20,20,20,20,38,38,42],"current_hp_per_floor":[63,63,63,51,51,51,48,48,48,48,47,47,33,23,44,34,61,64,31,31,31,36,57,26,26,26,26,26,26,7,11,32,14,56,46,46,46,46,57,57,43,43,43,43,43,43,56,56,56,24],"gold":133,"neow_bonus":"THREE_ENEMY_KILL","is_daily":false,"chose_seed":false,"campfire_upgraded":5,"win_rate":0.0,"timestamp":1611713364,"path_taken":["M","$","?","?","M","E","M","R","T","?","M","M","?","M","R","BOSS","M","?","$","?","M","R","M","M","T","R","?","?","M","M","R","BOSS","M","?","M","$","M","R","?","$","T","R","?","M","M","M","R","BOSS"],"items_purchased_type":["Card","Card","Relic","Relic","Relic","Relic","Relic","Relic"],"build_version":"2020-12-22","purchased_purges":3,"victory":true,"max_hp_per_floor":[70,70,70,70,70,70,70,70,70,70,70,70,70,70,70,70,70,70,70,70,70,70,70,70,70,70,70,70,70,70,70,70,70,70,70,70,70,70,80,80,80,80,80,80,80,80,80,80,80,80],"card_choices":[{"not_picked":["Dagger Throw","Expertise"],"picked":"Backflip","floor":1.0},{"not_picked":["Well Laid Plans","PiercingWail"],"picked":"Quick Slash","floor":5.0},{"not_picked":["A Thousand Cuts","Bane"],"picked":"Bouncing Flask","floor":6.0},{"not_picked":["Predator","Poisoned Stab"],"picked":"Dagger Spray","floor":7.0},{"not_picked":["Backflip","Sucker Punch","Slice","Setup"],"picked":"SKIP","floor":11.0},{"not_picked":["Prepared","Dagger Throw","Poisoned Stab"],"picked":"Tactician","floor":12.0},{"not_picked":["Sucker Punch","Dagger Spray","Unload"],"picked":"Expertise","floor":13.0},{"not_picked":["Concentrate","Slice","Dagger Spray","Blade Dance"],"picked":"SKIP","floor":14.0},{"not_picked":["After Image","Venomology","Night Terror"],"picked":"Burst","floor":16.0},{"not_picked":["Flying Knee","Infinite Blades","Outmaneuver"],"picked":"Crippling Poison","floor":18.0},{"not_picked":["Underhanded Strike","Finisher","Dagger Spray"],"picked":"Deadly Poison","floor":19.0},{"not_picked":["Flying Knee","Slice","Leg Sweep"],"picked":"Calculated Gamble","floor":22.0},{"not_picked":["All Out Attack","Dodge and Roll","Grand Finale"],"picked":"Acrobatics","floor":24.0},{"not_picked":["Poisoned Stab+1","Caltrops","Predator"],"picked":"Slice+1","floor":25.0},{"not_picked":["Outmaneuver","Dagger Throw","Expertise+1"],"picked":"Footwork","floor":30.0},{"not_picked":["Concentrate","Bane","Calculated Gamble"],"picked":"Underhanded Strike+1","floor":31.0},{"not_picked":["A Thousand Cuts","Tools of the Trade","Die Die Die"],"picked":"Night Terror","floor":33.0},{"not_picked":["Deflect","Heel Hook+1","Dodge and Roll","Deadly Poison"],"picked":"SKIP","floor":35.0},{"not_picked":["Sucker Punch+1","Quick Slash+1","Bane"],"picked":"Outmaneuver","floor":37.0},{"not_picked":["Cloak And Dagger+1","Acrobatics+1","Deadly Poison"],"picked":"Tools of the Trade","floor":39.0},{"not_picked":["Bane","Footwork","Dagger Throw+1"],"picked":"Underhanded Strike+1","floor":41.0},{"not_picked":["Backflip","Finisher","Caltrops+1"],"picked":"Prepared+1","floor":46.0},{"not_picked":["Escape Plan","Acrobatics","Dodge and Roll"],"picked":"PiercingWail+1","floor":47.0},{"not_picked":["Outmaneuver","Backflip+1","PiercingWail"],"picked":"Catalyst+1","floor":48.0}],"player_experience":259375,"relics_obtained":[{"floor":6.0,"key":"Happy Flower"},{"floor":9.0,"key":"Toy Ornithopter"},{"floor":10.0,"key":"Question Card"},{"floor":26.0,"key":"Whetstone"},{"floor":29.0,"key":"Centennial Puzzle"},{"floor":43.0,"key":"Snake Skull"}],"event_choices":[{"damage_healed":0.0,"max_hp_gain":0.0,"max_hp_loss":0.0,"gold_gain":175.0,"event_name":"Liars Game","player_choice":"AGREE","floor":3.0,"gold_loss":0.0,"damage_taken":0.0,"cards_obtained":["Doubt"]},{"damage_healed":0.0,"max_hp_gain":0.0,"max_hp_loss":0.0,"gold_gain":0.0,"event_name":"Scrap Ooze","player_choice":"Success","floor":4.0,"gold_loss":0.0,"damage_taken":12.0,"relics_obtained":["CeramicFish"]},{"damage_healed":0.0,"max_hp_gain":0.0,"max_hp_loss":0.0,"gold_gain":0.0,"event_name":"Vampires","player_choice":"Ignored","floor":21.0,"gold_loss":0.0,"damage_taken":0.0},{"damage_healed":0.0,"max_hp_gain":0.0,"max_hp_loss":0.0,"gold_gain":0.0,"cards_transformed":["Strike_G","Strike_G"],"event_name":"Drug Dealer","player_choice":"Became Test Subject","floor":28.0,"gold_loss":0.0,"damage_taken":0.0,"cards_obtained":["Malaise","Noxious Fumes"]},{"damage_healed":0.0,"max_hp_gain":0.0,"max_hp_loss":0.0,"gold_gain":0.0,"cards_transformed":["Strike_G"],"event_name":"Transmorgrifier","player_choice":"Transformed","floor":36.0,"gold_loss":0.0,"damage_taken":0.0,"cards_obtained":["Underhanded Strike"]},{"cards_removed":["Slice"],"damage_healed":0.0,"max_hp_gain":0.0,"max_hp_loss":0.0,"gold_gain":0.0,"event_name":"Falling","player_choice":"Removed Attack","floor":45.0,"gold_loss":0.0,"damage_taken":0.0}],"is_beta":false,"boss_relics":[{"not_picked":["Sozu","Philosopher\u0027s Stone"],"picked":"SacredBark"},{"not_picked":["HoveringKite","WristBlade"],"picked":"Snecko Eye"}],"items_purged_floors":[20,38,42],"is_endless":false,"potions_floor_spawned":[6,7,14,16,19,24,31,33,35,39,46,47,48],"ascension_level":9}}