{"host":"95ip98gf8c4vrv08","time":1611742343,"event":{"mods":["ATMod(??Mod)","Arknights The Spire","BaseMod","Energized Spire","KomeijiMod","Minty Spire (QoL Compilation)","Quick Restart","Reimu??????","Relic Stats","Spicy Shops","StSLib","The Senshi","??????REMEMod","????"],"gold_per_floor":[173,133,133,208,137,137,151,165,241,251,251,278,278,290,290,385,385,399,419,518,518,443,443,493,505,573,164,177,177,207,207,207,303,303,313,190,208,208,208],"floor_reached":38,"language":"ZHS","playtime":2557,"items_purged":[],"score":442,"play_id":"8cd3dd48-2d61-4de8-9ded-8933632e3978","local_time":"20210127181223","is_ascension_mode":false,"campfire_choices":[{"data":"Scratch","floor":6,"key":"SMITH"},{"floor":13,"key":"REST"},{"floor":15,"key":"REST"},{"floor":23,"key":"REST"},{"floor":29,"key":"RECALL"},{"floor":32,"key":"REST"}],"circlet_count":0,"master_deck":["Strike_Remiria+1","Strike_Remiria","Strike_Remiria","Strike_Remiria+1","Defend_Remirira","Defend_Remirira","Defend_Remirira","Absorbed","Scratch+1","ConjureBlade","ServantFlier","NaturallyHealing","Cripple","VampirishNight","BloodyMagicSquare","BathedInBlood","BloodyMagicSquare","FateSonata","FateCollect+1","RocketKickup","TricksterDevil+1","CombatMeter","VampirishNight","PanicButton","ServantFlier","J.A.X.","HeartBreak_Remiria","TricksterDevil","REME_ShortnessOfBreath"],"relics":["ThirstyCrossSpe","REME_ComplimentaryCards","AT_ATBox","PaintedHorse:ReiMu","Pantograph","PreservedInsect","REME_LowDesire","AT_ArchangelStaff","Bronze Scales","TepesBloodVial","Bottled Lightning","Medical Kit","Pen Nib","Eternal Feather","energizedSpire:SpiderWeb","GoodDreamPillow"],"acts_visited":["Exordium","TheCity","TheBeyond"],"potions_floor_usage":[14,30,33,33,37],"damage_taken":[{"damage":0,"enemies":"2 Louse","floor":1,"turns":3},{"damage":13,"enemies":"Jaw Worm","floor":7,"turns":4},{"damage":10,"enemies":"Small Slimes","floor":8,"turns":4},{"damage":8,"enemies":"2 Fungi Beasts","floor":10,"turns":5},{"damage":14,"enemies":"Gremlin Nob","floor":12,"turns":4},{"damage":45,"enemies":"Gremlin Gang","floor":14,"turns":4},{"damage":47,"enemies":"Hexaghost","floor":16,"turns":7},{"damage":29,"enemies":"Spheric Guardian","floor":18,"turns":5},{"damage":18,"enemies":"3 Byrds","floor":19,"turns":4},{"damage":20,"enemies":"Shelled Parasite and Fungi","floor":25,"turns":3},{"damage":3,"enemies":"Snecko","floor":28,"turns":4},{"damage":50,"enemies":"REME_1_Revenger","floor":30,"turns":5},{"damage":41,"enemies":"Champ","floor":33,"turns":7},{"damage":17,"enemies":"Orb Walker","floor":35,"turns":3},{"damage":57,"enemies":"3 Shapes","floor":37,"turns":5},{"damage":74,"enemies":"2 Orb Walkers","floor":38,"turns":3}],"seed_played":"1596158541156066787","potions_obtained":[{"floor":7,"key":"LiquidBronze"},{"floor":8,"key":"DuplicationPotion"},{"floor":10,"key":"LiquidMemories"},{"floor":12,"key":"GrandPatriotsElixir:ReiMu"},{"floor":19,"key":"LiquidMemories"},{"floor":30,"key":"DistilledChaos"},{"floor":35,"key":"Swift Potion"}],"is_trial":false,"path_per_floor":["M","?","?","?","$","R","M","M","T","M","?","E","R","M","R","B",null,"M","M","?","?","?","R","?","M","T","$","M","R","E","?","R","B",null,"M","?","M","?"],"character_chosen":"RemiriaScarlet","items_purchased":["NaturallyHealing","Medical Kit","CombatMeter","Pen Nib","VampirishNight"],"campfire_rested":4,"item_purchase_floors":[5,27,27,27,27],"current_hp_per_floor":[110,110,88,77,77,77,64,54,54,46,51,37,71,26,60,39,115,86,68,68,68,68,102,102,83,83,83,80,80,34,34,83,70,115,103,113,57,0,0],"gold":208,"neow_bonus":"TEN_PERCENT_HP_BONUS","is_daily":false,"chose_seed":false,"campfire_upgraded":1,"win_rate":0.0,"timestamp":1611742343,"path_taken":["M","?","?","?","$","R","M","M","T","M","?","E","R","M","R","BOSS","M","M","?","?","?","R","?","M","T","$","?","R","E","?","R","BOSS","M","?","M","?"],"items_purchased_type":["Card","Relic","Card","Relic","Card"],"build_version":"2020-12-22","purchased_purges":0,"victory":false,"max_hp_per_floor":[110,110,110,110,110,110,110,110,110,110,115,115,115,115,115,115,115,115,115,115,115,115,115,115,115,115,115,115,115,115,115,115,115,115,115,115,115,115,115],"relic_stats":{"counters":[16,66],"Pantograph":50,"Bronze Scales":[138],"Eternal Feather":15,"PreservedInsect":50,"Pen Nib":[4],"Medical Kit":[6],"obtain_stats":[{"AT_ATBox":0,"GoodDreamPillow":36,"Eternal Feather":30,"PreservedInsect":12,"Pen Nib":27,"energizedSpire:SpiderWeb":34,"AT_ArchangelStaff":17,"Medical Kit":27,"ThirstyCrossSpe":0,"PaintedHorse:ReiMu":2,"Pantograph":9,"Bronze Scales":17,"TepesBloodVial":21,"Bottled Lightning":26,"REME_LowDesire":17,"REME_ComplimentaryCards":0},{"AT_ATBox":0,"GoodDreamPillow":14,"Eternal Feather":12,"PreservedInsect":5,"Pen Nib":10,"energizedSpire:SpiderWeb":13,"AT_ArchangelStaff":7,"Medical Kit":10,"ThirstyCrossSpe":0,"PaintedHorse:ReiMu":1,"Pantograph":3,"Bronze Scales":7,"TepesBloodVial":9,"Bottled Lightning":10,"REME_LowDesire":7,"REME_ComplimentaryCards":0},{"AT_ATBox":0,"GoodDreamPillow":58,"Eternal Feather":48,"PreservedInsect":20,"Pen Nib":39,"energizedSpire:SpiderWeb":55,"AT_ArchangelStaff":29,"Medical Kit":39,"ThirstyCrossSpe":0,"PaintedHorse:ReiMu":3,"Pantograph":11,"Bronze Scales":29,"TepesBloodVial":36,"Bottled Lightning":39,"REME_LowDesire":29,"REME_ComplimentaryCards":0}]},"card_choices":[{"not_picked":["Feint","BodyStrengthen"],"picked":"ServantFlier","floor":1},{"not_picked":["Exsanguinate","BloodCollect"],"picked":"Cripple","floor":7},{"not_picked":["NaturallyHealing","Rewrite"],"picked":"VampirishNight","floor":8},{"not_picked":["FierceSweep","TricksterDevil"],"picked":"BloodyMagicSquare","floor":10},{"not_picked":["Reaper_Remiria","Cripple"],"picked":"BathedInBlood","floor":12},{"not_picked":["DamonLordCradle_Remiria","Rewrite"],"picked":"BloodyMagicSquare","floor":14},{"not_picked":["AllTheWorldInNightmare","ScarletDestiny"],"picked":"FateSonata","floor":16},{"not_picked":["DamonLordCradle_Remiria","FateMeister+1","Swift Strike"],"picked":"FateCollect+1","floor":18},{"not_picked":["FierceSweep","StigmaNizer+1","Apotheosis"],"picked":"RocketKickup","floor":19},{"not_picked":["DoubleEdge","BloodCollect","Dark Shackles"],"picked":"TricksterDevil+1","floor":25},{"not_picked":["DamonLordCradle_Remiria","StigmaNizer+1","Warpath+1"],"picked":"PanicButton","floor":28},{"not_picked":["YoungDemonLord+1","BloodCleaner","AT_Homeward"],"picked":"ServantFlier","floor":30},{"not_picked":["FitfulNightmare","MiserableFate_Remiria","Enlightenment"],"picked":"HeartBreak_Remiria","floor":33},{"not_picked":["ThePrice","Tepes","REME_TheoryOfElimination+1"],"picked":"TricksterDevil","floor":35},{"not_picked":["BloodCollect+1","StigmaNizer+1","DamonLordCradle_Remiria+1"],"picked":"REME_ShortnessOfBreath","floor":37}],"player_experience":213612,"relics_obtained":[{"floor":9,"key":"Pantograph"},{"floor":12,"key":"PreservedInsect"},{"floor":17,"key":"AT_ArchangelStaff"},{"floor":17,"key":"Bronze Scales"},{"floor":26,"key":"Bottled Lightning"},{"floor":30,"key":"Eternal Feather"}],"event_choices":[{"damage_healed":0,"gold_gain":0,"player_choice":"??","damage_taken":0,"relics_obtained":["PaintedHorse:ReiMu"],"max_hp_gain":0,"max_hp_loss":0,"event_name":"yidonshenshe","floor":2,"gold_loss":40},{"damage_healed":0,"gold_gain":0,"player_choice":"Entered Light","damage_taken":22,"max_hp_gain":0,"max_hp_loss":0,"event_name":"Shining Light","floor":3,"gold_loss":0,"cards_upgraded":["Strike_Remiria","Strike_Remiria"]},{"damage_healed":0,"gold_gain":75,"player_choice":"Gather Gold","damage_taken":11,"max_hp_gain":0,"max_hp_loss":0,"event_name":"World of Goop","floor":4,"gold_loss":0},{"damage_healed":0,"gold_gain":0,"player_choice":"Donut","damage_taken":0,"max_hp_gain":5,"max_hp_loss":0,"event_name":"Big Fish","floor":11,"gold_loss":0},{"damage_healed":0,"gold_gain":99,"player_choice":"Stole From Cult","damage_taken":0,"max_hp_gain":0,"max_hp_loss":0,"event_name":"Nest","floor":20,"gold_loss":0},{"cards_removed":["Defend_Remirira"],"damage_healed":0,"gold_gain":0,"player_choice":"Gave Gold","damage_taken":0,"max_hp_gain":0,"max_hp_loss":0,"event_name":"Beggar","floor":22,"gold_loss":75},{"damage_healed":0,"gold_gain":100,"player_choice":"Bet on Murderer","damage_taken":0,"max_hp_gain":0,"max_hp_loss":0,"event_name":"The Joust","floor":24,"gold_loss":50},{"damage_healed":0,"gold_gain":0,"player_choice":"Obtain J.A.X.","damage_taken":0,"max_hp_gain":0,"max_hp_loss":0,"event_name":"Drug Dealer","floor":31,"gold_loss":0,"cards_obtained":["J.A.X."]},{"damage_healed":0,"gold_gain":0,"player_choice":"Fight","damage_taken":0,"max_hp_gain":0,"max_hp_loss":0,"event_name":"Mysterious Sphere","floor":38,"gold_loss":0}],"is_beta":false,"boss_relics":[{"not_picked":["RedLine:ReiMu","Philosopher\u0027s Stone"],"picked":"REME_LowDesire"},{"not_picked":["energizedSpire:MagnifyingGlass","Velvet Choker"],"picked":"energizedSpire:SpiderWeb"}],"items_purged_floors":[],"is_endless":false,"potions_floor_spawned":[7,8,10,12,19,28,30,35],"killed_by":"2 Orb Walkers","ascension_level":0}}