{"host":"yck2t2q3ro7hf56e","time":1611750416,"event":{"mods":["2.2 Compatiblity","AchievementEnabler","Act Like it!","Aspiration","BaseMod","Better Altar","Better Match","Better Note","Better Sensory Stone","Better Skull","Better Third Choice","Better Vampires","BetterRewards","Block Reminder","CCEM2","Challenge The Spire","Colored Powertips","Conspire","Curses Come First","DNKmod","Energized Spire","Friendly Minions","GifTheSpireLib","Glutton Mod","Halation","Hubris","Infinite Spire","Marked Mod","Minty Spire (QoL Compilation)","Permanent Neow","Practice Mode","Quick Restart","Rare Cards Sparkle","RatMod","Relic Sorter","Relic Stats","Reliquary","Replay The Spire","Shade Mod","Shop Mod","Spicy Shops","Spikes Relics","StSLib","Stuff the Spire","Synergy Search","The Blue Laboratory","The Construct","Thieving Mod","Unceasing Turn Reminder","Unknown Chances","everything is the same but u backflip on backflip","??????REMEMod"],"gold_per_floor":[6017,6017,6037,4771,4787,4815,5165,5165,5165,5165,5165,5176,5176,5191,5191,5293,5293,5312,5324,5324,5324,4589,4589,4601,4601,4601,4614,4639,4673,4673,4693,4693,4791,4791,4810,4810,4910,4910],"floor_reached":37,"language":"ENG","playtime":4207,"items_purged":["ReplayTheSpireMod:Restless Dread","Hatred"],"score":687,"play_id":"03845973-86ea-40b1-8cc9-ce489f4edc74","local_time":"20210127122656","is_ascension_mode":false,"campfire_choices":[{"floor":8,"key":"RECALL"},{"data":"REME_FirmDetermination","floor":11,"key":"SMITH"},{"floor":13,"key":"REST"},{"floor":15,"key":"REST"},{"data":"Leap","floor":23,"key":"SMITH"},{"floor":30,"key":"REST"},{"data":"hubris:PowerSurge","floor":32,"key":"SMITH"}],"circlet_count":0,"master_deck":["Strike_B","Strike_B","Strike_B+1","Strike_B","Defend_B","Defend_B","Defend_B","Defend_B","Zap","Dualcast","ReplayRNGCard","Ball Lightning+1","StuffTheSpire:Plugnplay","hubris:Ukulele","StuffTheSpire:Innocence","Zap+1","Ball Lightning","Delirium","REME_FirmDetermination+1","Leap+1","Capacitor","StuffTheSpire:LoadUp+1","hubris:PowerSurge+1","ReplayTheSpireMod:Doomed","Steam","ReplayTheSpireMod:Whispers of Evil","ReplayTheSpireMod:Black Plague","Stack+1"],"relics":["Cracked Core","REME_ComplimentaryCards","Orrery","construct:RocketBooster","RollingBoulder","hubris:RGBLights","DataDisk","Runic Capacitor","Girya","REME_LimitBreaker","DollysMirror","CCEMRelics:SoftDrink","Ring of Fury","Ring of Greed","Old Coin","Velvet Choker","halation:StarCompass","ReplayFunnel","StuffTheSpire:SapphireSignet","Replay:Baseball","Nunchaku","Red Mask","Tiny Chest","aspiration:Nostalgia","Shade:YorickSkull","FossilizedHelix"],"acts_visited":["Exordium","TheCity","TheBeyond"],"potions_floor_usage":[14,27,30],"damage_taken":[{"damage":6,"enemies":"Jaw Worm","floor":1,"turns":3},{"damage":0,"enemies":"Small Slimes","floor":3,"turns":3},{"damage":0,"enemies":"2 Louse","floor":5,"turns":2},{"damage":0,"enemies":"Lagavulin","floor":6,"turns":3},{"damage":1,"enemies":"Exordium Thugs","floor":12,"turns":3},{"damage":0,"enemies":"Looter","floor":14,"turns":1},{"damage":14,"enemies":"Fading Forest","floor":16,"turns":11},{"damage":0,"enemies":"Spheric Guardian","floor":18,"turns":4},{"damage":12,"enemies":"2 Thieves","floor":19,"turns":3},{"damage":0,"enemies":"Cultist and Chosen","floor":24,"turns":3},{"damage":0,"enemies":"Snake Plant","floor":27,"turns":2},{"damage":5,"enemies":"Masked Bandits","floor":28,"turns":4},{"damage":22,"enemies":"Slavers","floor":29,"turns":3},{"damage":0,"enemies":"Shelled Parasite and Fungi","floor":31,"turns":3},{"damage":0,"enemies":"Champ","floor":33,"turns":4},{"damage":0,"enemies":"Orb Walker","floor":35,"turns":3},{"damage":20,"enemies":"infinitespire:Three Voidlings","floor":37,"turns":3},{"damage":63,"enemies":"Nightmare_Alpha","floor":37,"turns":10}],"seed_played":"-4372790236834768532","potions_obtained":[{"floor":5,"key":"Fire Potion"},{"floor":6,"key":"Venom Potion"},{"floor":19,"key":"Weak Potion"},{"floor":29,"key":"REME_GoldPotion"},{"floor":31,"key":"Fire Potion"},{"floor":33,"key":"blueLaboratory:PhilterOfMotion"}],"is_trial":false,"path_per_floor":["M","?","M","$","M","E","?","R","T","?","R","M","R","M","R","B",null,"M","M","?","?","$","R","M","?","T","M","?","E","R","M","R","B",null,"M","AVR","?"],"character_chosen":"DEFECT","items_purchased":["Orrery","RollingBoulder","hubris:RGBLights","DataDisk","Runic Capacitor","Girya","REME_LimitBreaker","DollysMirror","ReplayFunnel","StuffTheSpire:SapphireSignet","Replay:Baseball"],"campfire_rested":3,"item_purchase_floors":[0,0,4,4,4,4,4,4,22,22,22],"current_hp_per_floor":[53,46,46,46,46,46,46,46,46,46,46,45,75,75,100,92,100,100,88,88,88,88,88,88,88,88,90,85,63,93,95,95,97,100,100,100,25,25],"gold":4910,"neow_bonus":"","is_daily":false,"chose_seed":false,"campfire_upgraded":3,"win_rate":0.0,"timestamp":1611750416,"path_taken":["M","?","M","$","M","E","?","R","T","?","R","M","R","M","R","BOSS","M","M","?","?","$","R","M","?","T","M","?","E","R","?","R","BOSS","M","AVR","?"],"items_purchased_type":["Relic","Relic","Relic","Relic","Relic","Relic","Relic","Relic","Relic","Relic","Relic"],"build_version":"2020-12-22","purchased_purges":2,"victory":false,"max_hp_per_floor":[100,100,100,100,100,100,100,100,100,100,100,100,100,100,100,100,100,100,100,100,100,100,100,100,100,100,100,100,100,100,100,100,100,100,100,100,100,100],"relic_stats":{"Nunchaku":[5],"counters":[41,178],"Tiny Chest":0,"obtain_stats":[{"construct:FoamFinger":26,"Tiny House":48,"CCEMRelics:LatexGloves":52,"StuffTheSpire:Rhapsscallions":30,"CCEMRelics:SoftDrink":6,"Runic Capacitor":4,"halation:StarCompass":21,"Old Coin":7,"StuffTheSpire:SapphireSignet":22,"aspiration:EnhancedActuators":24,"halation:PrussianBluePaint":11,"DollysMirror":19,"hubris:RGBLights":4,"Girya":4,"construct:RocketBooster":0,"aspiration:Nostalgia":36,"Velvet Choker":17,"infinitespire:Beetle Shell":46,"REME_LimitBreaker":4,"Replay:Baseball":22,"Bronze Scales":29,"halation:Jellyphish":46,"hubris:PeanutButter":29,"reliquary:WritOfMandamus":51,"Darkstone Periapt":5,"ReplayFunnel":38,"halation:Diary":28,"reliquary:Boomerang":0,"Shade:YorickSkull":36,"Bag of Preparation":43,"conspire:TopHat":29,"Replay:Rubber Ducky":29,"reliquary:TridentHead":44,"Nunchaku":26,"Pantograph":5,"MiniBlackHole":7,"reliquary:Buckler":46,"RollingBoulder":0,"Tiny Chest":29,"Red Mask":28,"Chemical X":28,"Cracked Core":0,"CCEMRelics:LagavulinClaw":38,"Gremlin Food":9,"CCEMRelics:ModularBuildingCube":38,"Inserter":34,"Replay:Towering Pillar of Hats":28,"halation:IllGainedPizza":38,"Replay:WaspNest":5,"PreservedInsect":19,"CCEMRelics:CocoNut":5,"Ring of Greed":7,"CCEMRelics:SpiritsEdge":19,"Pondfish Scales":50,"DataDisk":4,"CCEMRelics:DefectiveTurbocharger":17,"Orrery":0,"Ring of Fury":7,"reliquary:Stiletto":28,"hubris:BundleOfHerbs":47,"Bottled Lightning":3,"halation:Trompette":28,"hubris:OldNail":48,"FossilizedHelix":37,"REME_ComplimentaryCards":0},{"construct:FoamFinger":11,"Tiny House":21,"CCEMRelics:LatexGloves":22,"StuffTheSpire:Rhapsscallions":13,"CCEMRelics:SoftDrink":27,"Runic Capacitor":25,"halation:StarCompass":32,"Old Coin":27,"StuffTheSpire:SapphireSignet":32,"aspiration:EnhancedActuators":11,"halation:PrussianBluePaint":5,"DollysMirror":8,"hubris:RGBLights":25,"Girya":25,"construct:RocketBooster":23,"aspiration:Nostalgia":39,"Velvet Choker":30,"infinitespire:Beetle Shell":20,"REME_LimitBreaker":25,"Replay:Baseball":32,"Bronze Scales":12,"halation:Jellyphish":20,"hubris:PeanutButter":12,"reliquary:WritOfMandamus":22,"Darkstone Periapt":1,"ReplayFunnel":16,"halation:Diary":12,"reliquary:Boomerang":0,"Shade:YorickSkull":39,"Bag of Preparation":18,"conspire:TopHat":12,"Replay:Rubber Ducky":12,"reliquary:TridentHead":19,"Nunchaku":33,"Pantograph":1,"MiniBlackHole":2,"reliquary:Buckler":20,"RollingBoulder":23,"Tiny Chest":36,"Red Mask":35,"Chemical X":12,"Cracked Core":0,"CCEMRelics:LagavulinClaw":16,"Gremlin Food":3,"CCEMRelics:ModularBuildingCube":16,"Inserter":14,"Replay:Towering Pillar of Hats":12,"halation:IllGainedPizza":16,"Replay:WaspNest":1,"PreservedInsect":8,"CCEMRelics:CocoNut":1,"Ring of Greed":27,"CCEMRelics:SpiritsEdge":8,"Pondfish Scales":21,"DataDisk":25,"CCEMRelics:DefectiveTurbocharger":7,"Orrery":23,"Ring of Fury":27,"reliquary:Stiletto":12,"hubris:BundleOfHerbs":20,"Bottled Lightning":1,"halation:Trompette":12,"hubris:OldNail":21,"FossilizedHelix":41,"REME_ComplimentaryCards":0},{"construct:FoamFinger":57,"Tiny House":95,"CCEMRelics:LatexGloves":110,"StuffTheSpire:Rhapsscallions":62,"CCEMRelics:SoftDrink":121,"Runic Capacitor":116,"halation:StarCompass":143,"Old Coin":121,"StuffTheSpire:SapphireSignet":143,"aspiration:EnhancedActuators":57,"halation:PrussianBluePaint":18,"DollysMirror":35,"hubris:RGBLights":116,"Girya":116,"construct:RocketBooster":110,"aspiration:Nostalgia":165,"Velvet Choker":136,"infinitespire:Beetle Shell":94,"REME_LimitBreaker":116,"Replay:Baseball":143,"Bronze Scales":58,"halation:Jellyphish":94,"hubris:PeanutButter":58,"reliquary:WritOfMandamus":110,"Darkstone Periapt":2,"ReplayFunnel":77,"halation:Diary":58,"reliquary:Boomerang":0,"Shade:YorickSkull":165,"Bag of Preparation":85,"conspire:TopHat":58,"Replay:Rubber Ducky":58,"reliquary:TridentHead":90,"Nunchaku":146,"Pantograph":2,"MiniBlackHole":6,"reliquary:Buckler":94,"RollingBoulder":110,"Tiny Chest":155,"Red Mask":152,"Chemical X":58,"Cracked Core":0,"CCEMRelics:LagavulinClaw":77,"Gremlin Food":8,"CCEMRelics:ModularBuildingCube":77,"Inserter":69,"Replay:Towering Pillar of Hats":58,"halation:IllGainedPizza":77,"Replay:WaspNest":2,"PreservedInsect":35,"CCEMRelics:CocoNut":2,"Ring of Greed":121,"CCEMRelics:SpiritsEdge":35,"Pondfish Scales":95,"DataDisk":116,"CCEMRelics:DefectiveTurbocharger":32,"Orrery":110,"Ring of Fury":121,"reliquary:Stiletto":58,"hubris:BundleOfHerbs":94,"Bottled Lightning":2,"halation:Trompette":58,"hubris:OldNail":95,"FossilizedHelix":178,"REME_ComplimentaryCards":0}]},"card_choices":[{"not_picked":["Compile Driver","Panic Button"],"picked":"Ball Lightning","floor":0},{"not_picked":["Compile Driver","ReplayTheSpireMod:Omega Cannon"],"picked":"StuffTheSpire:Plugnplay","floor":0},{"not_picked":["Go for the Eyes","Beam Cell"],"picked":"hubris:Ukulele","floor":1},{"not_picked":["Streamline","StuffTheSpire:Rend","Gash"],"picked":"SKIP","floor":3},{"not_picked":["Panic Button","Turbo","StuffTheSpire:Coldhearted"],"picked":"SKIP","floor":5},{"not_picked":["Scrape","Go for the Eyes"],"picked":"Ball Lightning","floor":6},{"not_picked":["StuffTheSpire:Recharge","Dramatic Entrance"],"picked":"REME_FirmDetermination","floor":10},{"not_picked":["Ball Lightning","Compile Driver","Auto Shields"],"picked":"SKIP","floor":12},{"not_picked":["conspire:SharedLibrary","Conserve Battery"],"picked":"Leap","floor":14},{"not_picked":["Panic Button","Steam","Go for the Eyes"],"picked":"SKIP","floor":18},{"not_picked":["Beam Cell","Rebound","Panic Button+1"],"picked":"SKIP","floor":19},{"not_picked":["Aggregate","hubris:SpecializedCircuitry"],"picked":"Capacitor","floor":24},{"not_picked":["Gash","BasicCrystalCard+1"],"picked":"StuffTheSpire:LoadUp+1","floor":27},{"not_picked":["Coolheaded","Self Repair+1"],"picked":"hubris:PowerSurge","floor":28},{"not_picked":["Beam Cell","Echo Form","Hyperbeam"],"picked":"SKIP","floor":29},{"not_picked":["Compile Driver","Redo","Force Field"],"picked":"SKIP","floor":31},{"not_picked":["Barrage+1","Fusion"],"picked":"Steam","floor":35},{"not_picked":["infinitespire:Punishment","infinitespire:UltimateForm"],"picked":"ReplayTheSpireMod:Black Plague","floor":37},{"not_picked":["ReplayTheSpireMod:Reroute Power","Sweeping Beam"],"picked":"Stack+1","floor":37}],"player_experience":172854,"relics_obtained":[{"floor":6,"key":"CCEMRelics:SoftDrink"},{"floor":7,"key":"Ring of Fury"},{"floor":7,"key":"Ring of Greed"},{"floor":7,"key":"Old Coin"},{"floor":26,"key":"Nunchaku"},{"floor":28,"key":"Red Mask"},{"floor":29,"key":"Tiny Chest"},{"floor":37,"key":"FossilizedHelix"}],"event_choices":[{"damage_healed":0,"gold_gain":1,"player_choice":"1","damage_taken":0,"max_hp_gain":0,"max_hp_loss":0,"event_name":"betterStone:BetterStone","floor":10,"gold_loss":0},{"damage_healed":0,"gold_gain":0,"player_choice":"Ignored","damage_taken":0,"max_hp_gain":0,"max_hp_loss":0,"event_name":"betterNote:BetterNote","floor":20,"gold_loss":0,"cards_obtained":["Doubt"]},{"damage_healed":0,"gold_gain":0,"player_choice":"Ignored","damage_taken":0,"max_hp_gain":0,"max_hp_loss":0,"event_name":"Ghosts","floor":25,"gold_loss":0},{"damage_healed":0,"gold_gain":0,"player_choice":"Fought Bandits","damage_taken":0,"max_hp_gain":0,"max_hp_loss":0,"event_name":"Masked Bandits","floor":28,"gold_loss":0}],"is_beta":false,"boss_relics":[{"not_picked":["hubris:Stopwatch","energizedSpire:StickyHand"],"picked":"Velvet Choker"},{"not_picked":["energizedSpire:OldTV","CosmicIsotope","REME_DuelDisc"]}],"items_purged_floors":[22,22],"is_endless":false,"potions_floor_spawned":[3,5,6,16,19,29,31,33,37],"killed_by":"Nightmare_Alpha","ascension_level":0}}