{"host":"mj8akmyfd5lo602f","time":1611762139,"event":{"mods":["2.2 Compatiblity","Act Like it!","BaseMod","Bestiary","BshForSts","Colored Map","Colored Powertips","DeckTracker","Downfall","Highlight Path","Minty Spire (QoL Compilation)","Relic Stats","StSLib"],"gold_per_floor":[99,117,129,143,154,188,213,238,251,269,281,281,299,325,340,444,444,344,356,356,68,153,153,206,219,230,250,270,170,188,216,229,332,332,332,351,371,106,119,132,180,92,124,136,478,490,522,534,563,575,575,575],"floor_reached":50,"language":"ENG","playtime":3839,"items_purged":["Slimebound:FlameTackle+1","Slimebound:GoopTackle+1"],"score":521,"play_id":"a01237a5-ec2e-4263-b3ef-b7f2f686c4d8","local_time":"20210127154219","is_ascension_mode":false,"campfire_choices":[{"data":"Slimebound:Split","floor":1.0,"key":"SMITH"},{"data":"Slimebound:LevelUp","floor":12.0,"key":"SMITH"},{"data":"Slimebound:OozeBath","floor":18.0,"key":"SMITH"},{"data":"Slimebound:SplitSpecialist","floor":23.0,"key":"SMITH"},{"data":"Slimebound:SlimeBarrage","floor":29.0,"key":"SMITH"},{"floor":35.0,"key":"RECALL"},{"data":"Slimebound:SplitSpecialist","floor":42.0,"key":"SMITH"},{"data":"Slimebound:MinionMaster","floor":46,"key":"SMITH"}],"circlet_count":0,"master_deck":["Slimebound:Strike_Slimebound","Slimebound:Strike_Slimebound","Slimebound:Strike_Slimebound","Slimebound:Defend_Slimebound","Slimebound:Defend_Slimebound","Slimebound:Split+1","Slimebound:CorrosiveSpit","Slimebound:Prepare","Slimebound:GoopSpray","Slimebound:DisruptingSlam","Slimebound:Prepare","Slimebound:LevelUp+1","Slimebound:SlimeSpikes","Slimebound:SlimeSpikes","Slimebound:GoopSpray","Slimebound:Nibble","Slimebound:RainOfGoop","Slimebound:OozeBath+1","Slimebound:SpikyOuterGoop+1","Slimebound:SplitSpecialist+1","Slimebound:GrowthPunch","Slimebound:LivingWall","Slimebound:SamplingLick+1","Slimebound:SlimeBarrage+1","Slimebound:SplitSpecialist+1","Slimebound:HauntingLick+1","Slimebound:MinionMaster+1","Slimebound:RejuvenatingLick+1","Slimebound:GrowthPunch","Slimebound:SamplingLick+1","Slimebound:Recollect+1","Slimebound:PressTheAttack+1","Slimebound:LivingWall+1"],"relics":["Slimebound:AbsorbEndCombat","Blood Vial","MealTicket","Boot","hexamod:BolsterEngine","Astrolabe","downfall:HeartBlessingGreen","Medical Kit","downfall:HeartBlessingBlue","CaptainsWheel","bronze:MakeshiftBattery","Bag of Preparation","MawBank","downfall:HeartBlessingRed"],"acts_visited":["Exordium","TheCity","TheBeyond"],"potions_floor_usage":[50,50],"damage_taken":[{"damage":0.0,"enemies":"Small Slimes","floor":2.0,"turns":3.0},{"damage":2.0,"enemies":"2 Louse","floor":3.0,"turns":3.0},{"damage":0.0,"enemies":"Jaw Worm","floor":4.0,"turns":3.0},{"damage":9.0,"enemies":"3 Louse","floor":5.0,"turns":3.0},{"damage":18.0,"enemies":"Lagavulin","floor":6.0,"turns":8.0},{"damage":4.0,"enemies":"3 Sentries","floor":8.0,"turns":7.0},{"damage":1.0,"enemies":"2 Fungi Beasts","floor":9.0,"turns":4.0},{"damage":0.0,"enemies":"Blue Slaver","floor":10.0,"turns":4.0},{"damage":4.0,"enemies":"Lots of Slimes","floor":11.0,"turns":3.0},{"damage":2.0,"enemies":"2 Fungi Beasts","floor":13.0,"turns":3.0},{"damage":43.0,"enemies":"Gremlin Nob","floor":14.0,"turns":6.0},{"damage":0.0,"enemies":"Blue Slaver","floor":15.0,"turns":4.0},{"damage":22.0,"enemies":"IC_STATUS_ARCHETYPE","floor":16.0,"turns":9.0},{"damage":7.0,"enemies":"Spheric Guardian","floor":19.0,"turns":6.0},{"damage":3.0,"enemies":"downfall:FleeingMerchant","floor":21.0,"turns":4.0},{"damage":7.0,"enemies":"Centurion and Healer","floor":25.0,"turns":7.0},{"damage":21.0,"enemies":"Snake Plant","floor":26.0,"turns":6.0},{"damage":0.0,"enemies":"Cultist and Chosen","floor":27.0,"turns":6.0},{"damage":15.0,"enemies":"Snecko","floor":28.0,"turns":6.0},{"damage":13.0,"enemies":"Snake Plant","floor":30.0,"turns":4.0},{"damage":22.0,"enemies":"Book of Stabbing","floor":31.0,"turns":6.0},{"damage":12.0,"enemies":"Shelled Parasite and Fungi","floor":32.0,"turns":6.0},{"damage":8.0,"enemies":"SI_MIRROR_ARCHETYPE","floor":33.0,"turns":8.0},{"damage":17.0,"enemies":"3 Darklings","floor":36.0,"turns":6.0},{"damage":13.0,"enemies":"Orb Walker","floor":37.0,"turns":4.0},{"damage":0.0,"enemies":"downfall:FleeingMerchant","floor":38.0,"turns":4.0},{"damage":8.0,"enemies":"Writhing Mass","floor":39.0,"turns":6.0},{"damage":7.0,"enemies":"Sphere and 2 Shapes","floor":40.0,"turns":6.0},{"damage":5.0,"enemies":"4 Shapes","floor":43.0,"turns":7.0},{"damage":20.0,"enemies":"downfall:FleeingMerchant","floor":45.0,"turns":4.0},{"damage":17,"enemies":"Jaw Worm Horde","floor":47,"turns":6},{"damage":18,"enemies":"Maw","floor":49,"turns":7},{"damage":85,"enemies":"WA_ARCHETYPE_DIVINITY","floor":50,"turns":9}],"seed_played":"-8315099855554125951","potions_obtained":[{"floor":4.0,"key":"SkillPotion"},{"floor":5.0,"key":"Strength Potion"},{"floor":6.0,"key":"LiquidBronze"},{"floor":26.0,"key":"Regen Potion"},{"floor":31.0,"key":"Slimebound:SlimyTonguePotion"},{"floor":33.0,"key":"Explosive Potion"},{"floor":36.0,"key":"Swift Potion"},{"floor":37.0,"key":"PowerPotion"},{"floor":39.0,"key":"Ancient Potion"}],"is_trial":false,"path_per_floor":["R","M","M","M","M","E","T","E","M","M","M","R","M","E","M","B",null,"R","M","?","$","?","R","T","M","M","M","M","R","M","E","M","B",null,"R","M","M","$","M","M","T","R","M","?","$","R","M","?","M","B"],"character_chosen":"SLIMEBOUND","items_purchased":["Slimebound:LivingWall","Medical Kit","Bag of Preparation"],"campfire_rested":0,"item_purchase_floors":[21,21,38],"current_hp_per_floor":[65,65,65,65,62,52,52,58,65,65,65,65,65,26,34,22,65,65,64,64,64,52,52,52,55,40,50,45,55,46,32,30,41,75,75,61,54,75,70,70,70,70,70,70,59,59,52,52,44,0,0,0],"gold":575,"neow_bonus":"THREE_CARDS","is_daily":false,"chose_seed":false,"campfire_upgraded":7,"win_rate":0.0,"timestamp":1611762139,"path_taken":["R","M","M","M","M","E","T","E","M","M","M","R","M","E","M","BOSS","R","M","?","$","?","R","T","M","M","M","M","R","M","E","M","BOSS","R","M","M","$","M","M","T","R","M","?","$","R","M","?","M","BOSS"],"items_purchased_type":["Card","Relic","Relic"],"build_version":"2020-12-22","purchased_purges":2,"victory":false,"max_hp_per_floor":[65,65,65,65,65,65,65,65,65,65,65,65,65,65,65,65,65,65,65,65,65,65,65,65,65,65,65,65,75,75,75,75,75,75,75,75,75,75,75,75,75,75,75,75,75,75,75,75,75,75,75,75],"relic_stats":{"Blood Vial":38,"counters":[33,173],"Astrolabe":["Slimebound:GoopTackle","Slimebound:SpikyOuterGoop","Slimebound:FlameTackle"],"MealTicket":21,"Bag of Preparation":[14],"Boot":[15],"Medical Kit":[12],"MawBank":108,"obtain_stats":[{"downfall:HeartBlessingRed":42,"Astrolabe":17,"downfall:HeartBlessingGreen":18,"Bag of Preparation":38,"Boot":8,"Medical Kit":21,"MawBank":41,"Blood Vial":6,"CaptainsWheel":31,"downfall:HeartBlessingBlue":29,"MealTicket":7,"Slimebound:AbsorbEndCombat":0,"hexamod:BolsterEngine":14,"bronze:MakeshiftBattery":34},{"downfall:HeartBlessingRed":28,"Astrolabe":13,"downfall:HeartBlessingGreen":13,"Bag of Preparation":26,"Boot":6,"Medical Kit":15,"MawBank":28,"Blood Vial":5,"CaptainsWheel":21,"downfall:HeartBlessingBlue":19,"MealTicket":5,"Slimebound:AbsorbEndCombat":0,"hexamod:BolsterEngine":11,"bronze:MakeshiftBattery":23},{"downfall:HeartBlessingRed":140,"Astrolabe":57,"downfall:HeartBlessingGreen":57,"Bag of Preparation":128,"Boot":25,"Medical Kit":67,"MawBank":140,"Blood Vial":19,"CaptainsWheel":100,"downfall:HeartBlessingBlue":90,"MealTicket":19,"Slimebound:AbsorbEndCombat":0,"hexamod:BolsterEngine":45,"bronze:MakeshiftBattery":114}]},"card_choices":[{"not_picked":["Slimebound:SamplingLick","Slimebound:ItLooksTasty"],"picked":"Slimebound:Prepare","floor":0.0},{"not_picked":["Slimebound:ViciousTackle","Slimebound:Prepare"],"picked":"Slimebound:GoopSpray","floor":2.0},{"not_picked":["Slimebound:ItLooksTasty","Slimebound:SamplingLick"],"picked":"Slimebound:DisruptingSlam","floor":3.0},{"not_picked":["Slimebound:DivideAndConquer","Slimebound:HauntingLick"],"picked":"Slimebound:Prepare","floor":4.0},{"not_picked":["Slimebound:ItLooksTasty","Slimebound:SplitAcid"],"picked":"Slimebound:LevelUp","floor":5.0},{"not_picked":["Slimebound:PressTheAttack","Slimebound:SplitAcid","Slimebound:Recycling"],"picked":"SKIP","floor":6.0},{"not_picked":["Slimebound:LeechEnergy","Slimebound:FinishingTackle"],"picked":"Slimebound:SlimeSpikes","floor":8.0},{"not_picked":["Slimebound:Recollect","Slimebound:LeechingTouch","Slimebound:TongueLash"],"picked":"SKIP","floor":9.0},{"not_picked":["Slimebound:Prepare","Slimebound:SplitBruiser","Slimebound:ProtectTheBoss"],"picked":"SKIP","floor":10.0},{"not_picked":["Slimebound:LeechEnergy","Slimebound:Equalize"],"picked":"Slimebound:SlimeSpikes","floor":11.0},{"not_picked":["Slimebound:ItLooksTasty","Slimebound:RollThrough"],"picked":"Slimebound:GoopSpray","floor":13.0},{"not_picked":["Slimebound:FinishingTackle","Slimebound:SlimeSpikes"],"picked":"Slimebound:Nibble","floor":14.0},{"not_picked":["Slimebound:Recollect","Slimebound:SplitAcid"],"picked":"Slimebound:RainOfGoop","floor":15.0},{"not_picked":["Slimebound:PrepareCrush","Slimebound:SelfFormingGoo"],"picked":"Slimebound:OozeBath","floor":16.0},{"not_picked":["Slimebound:LevelUp","Slimebound:GrowthPunch+1"],"picked":"Slimebound:SplitSpecialist","floor":19.0},{"not_picked":["Slimebound:DivideAndConquer","Slimebound:Nibble"],"picked":"Slimebound:GrowthPunch","floor":21.0},{"not_picked":["Slimebound:SlimeBrawl","Slimebound:FlameTackle+1","Slimebound:RainOfGoop"],"picked":"SKIP","floor":25.0},{"not_picked":["Slimebound:LeechEnergy","Slimebound:Chomp"],"picked":"Slimebound:SamplingLick+1","floor":26.0},{"not_picked":["Slimebound:LeechEnergy","Slimebound:HauntingLick"],"picked":"Slimebound:SlimeBarrage","floor":27.0},{"not_picked":["Slimebound:SlimeSpikes","Slimebound:LivingWall"],"picked":"Slimebound:SplitSpecialist","floor":28.0},{"not_picked":["Slimebound:ItLooksTasty","Slimebound:LeechingTouch","Slimebound:GoopTackle"],"picked":"SKIP","floor":30.0},{"not_picked":["Slimebound:GoopTackle","Slimebound:Grow"],"picked":"Slimebound:HauntingLick+1","floor":31.0},{"not_picked":["Slimebound:SlimeTap","Slimebound:ProtectTheBoss+1","Slimebound:LeechingTouch"],"picked":"SKIP","floor":32.0},{"not_picked":["Slimebound:SlimeSlap","Slimebound:FirmFortitude"],"picked":"Slimebound:MinionMaster","floor":33.0},{"not_picked":["Slimebound:FlameTackle+1","Slimebound:Recollect","Slimebound:LeechingTouch+1"],"picked":"SKIP","floor":36.0},{"not_picked":["Slimebound:LeechingTouch","Slimebound:Schlurp","Slimebound:Dissolve+1"],"picked":"SKIP","floor":37.0},{"not_picked":["Slimebound:ProtectTheBoss","Slimebound:Recollect+1"],"picked":"Slimebound:RejuvenatingLick+1","floor":38.0},{"not_picked":["Slimebound:ItLooksTasty+1","Slimebound:SplitAcid+1"],"picked":"Slimebound:GrowthPunch","floor":39.0},{"not_picked":["Slimebound:Recollect","Slimebound:Schlurp"],"picked":"Slimebound:SamplingLick+1","floor":40.0},{"not_picked":["Slimebound:GoopSpray","Slimebound:DivideAndConquer"],"picked":"Slimebound:Recollect+1","floor":43.0},{"not_picked":["Slimebound:PrepareCrush","Slimebound:LeechEnergy+1"],"picked":"Slimebound:PressTheAttack+1","floor":45.0},{"not_picked":["Slimebound:HauntingLick","Slimebound:ProtectTheBoss","Slimebound:Nibble"],"picked":"SKIP","floor":47},{"not_picked":["Slimebound:SplitAcid","Slimebound:SplitMire+1"],"picked":"Slimebound:LivingWall+1","floor":49}],"player_experience":442501,"relics_obtained":[{"floor":6.0,"key":"Blood Vial"},{"floor":7.0,"key":"MealTicket"},{"floor":8.0,"key":"Boot"},{"floor":14.0,"key":"hexamod:BolsterEngine"},{"floor":31.0,"key":"CaptainsWheel"},{"floor":41.0,"key":"MawBank"}],"event_choices":[],"is_beta":false,"boss_relics":[{"not_picked":["Runic Dome","Pandora\u0027s Box"],"picked":"Astrolabe"},{"not_picked":["Cursed Key","SlaversCollar"],"picked":"bronze:MakeshiftBattery"}],"items_purged_floors":[21,38],"is_endless":false,"potions_floor_spawned":[4,5,6,8,11,13,26,27,28,31,33,36,37,39],"killed_by":"WA_ARCHETYPE_DIVINITY","ascension_level":0}}