{"host":"osfffw6eu3utmcte","time":1611706490,"event":{"mods":["AchievementEnabler","BaseMod","Hermit","Minty Spire (QoL Compilation)","StSLib"],"gold_per_floor":[18,18,18,36,51,86,86,101,128,161,7,7,7,34,34,135,135,149,168,182,132,148,148,183,183,183,183,221,256,9,47,47,151,151,180,211,67,110,158,158,199,199,224,224,233,263,275,325,337,356,356],"floor_reached":50,"language":"ENG","playtime":3471,"items_purged":[],"score":611,"play_id":"7397c0bf-2273-449b-a5e1-2d33bea211a9","local_time":"20210127011450","is_ascension_mode":true,"campfire_choices":[{"data":"hermit:Showdown","floor":7.0,"key":"SMITH"},{"data":"hermit:Reprieve","floor":13.0,"key":"SMITH"},{"data":"hermit:Virtue","floor":15.0,"key":"SMITH"},{"data":"hermit:Virtue","floor":23.0,"key":"SMITH"},{"floor":25.0,"key":"REST"},{"data":"hermit:HeroicBravado","floor":27.0,"key":"SMITH"},{"floor":32.0,"key":"REST"},{"floor":42.0,"key":"REST"},{"data":"hermit:Grudge","floor":44.0,"key":"SMITH"},{"floor":47.0,"key":"REST"},{"data":"hermit:Maintenance","floor":49.0,"key":"SMITH"}],"circlet_count":0,"master_deck":["hermit:Strike_Hermit","hermit:Strike_Hermit","hermit:Strike_Hermit","hermit:Strike_Hermit","hermit:Defend_Hermit","hermit:Defend_Hermit","hermit:Defend_Hermit+1","hermit:Defend_Hermit+1","hermit:Snapshot","hermit:Covet","hermit:Enervate","hermit:CursedWeapon+1","hermit:Coalescence","hermit:Showdown+1","hermit:Glare","hermit:GoldenBullet","hermit:LowProfile","hermit:Virtue+1","hermit:Snipe","hermit:Desperado","hermit:Reprieve+1","Parasite","hermit:HoleUp","hermit:HeroicBravado+1","hermit:Determination","hermit:Gestalt+1","hermit:Virtue+1","hermit:GoldenBullet+1","hermit:PistolWhip","hermit:Midnight","hermit:TrackingShot","hermit:Manifest+1","hermit:Roughhouse","hermit:Coalescence","hermit:SprayPray","hermit:Vantage","hermit:CalledShot","hermit:Shortfuse+1","hermit:Glare+1","hermit:Cheat","hermit:Misfire","hermit:Scavenge+1","hermit:Grudge+1","hermit:EyeOfTheStorm","hermit:TakeCover","Doubt","hermit:Snipe+1","hermit:Maintenance+1"],"relics":["hermit:Momento","Prayer Wheel","War Paint","Juzu Bracelet","Centennial Puzzle","Mummified Hand","Matryoshka","SlaversCollar","PreservedInsect","CeramicFish","Bottled Tornado","Pen Nib","Regal Pillow","hermit:BartenderGlass","Sling","Bird Faced Urn","Pantograph","Smiling Mask","Potion Belt","MawBank"],"acts_visited":["Exordium","TheCity","TheBeyond"],"potions_floor_usage":[50,50,50],"damage_taken":[{"damage":0.0,"enemies":"2 Louse","floor":1.0,"turns":2.0},{"damage":2.0,"enemies":"Jaw Worm","floor":4.0,"turns":2.0},{"damage":2.0,"enemies":"Cultist","floor":5.0,"turns":2.0},{"damage":22.0,"enemies":"Gremlin Nob","floor":6.0,"turns":4.0},{"damage":7.0,"enemies":"Large Slime","floor":8.0,"turns":5.0},{"damage":19.0,"enemies":"3 Sentries","floor":10.0,"turns":8.0},{"damage":8.0,"enemies":"Gremlin Nob","floor":14.0,"turns":3.0},{"damage":40.0,"enemies":"The Guardian","floor":16.0,"turns":17.0},{"damage":2.0,"enemies":"2 Thieves","floor":18.0,"turns":4.0},{"damage":15.0,"enemies":"3 Byrds","floor":19.0,"turns":6.0},{"damage":27.0,"enemies":"Centurion and Healer","floor":20.0,"turns":6.0},{"damage":16.0,"enemies":"Snecko","floor":22.0,"turns":6.0},{"damage":13.0,"enemies":"Gremlin Leader","floor":24.0,"turns":6.0},{"damage":3.0,"enemies":"Shelled Parasite and Fungi","floor":28.0,"turns":4.0},{"damage":25.0,"enemies":"Slavers","floor":29.0,"turns":5.0},{"damage":11.0,"enemies":"Snake Plant","floor":31.0,"turns":4.0},{"damage":5.0,"enemies":"Champ","floor":33.0,"turns":7.0},{"damage":3.0,"enemies":"Orb Walker","floor":35.0,"turns":3.0},{"damage":29.0,"enemies":"3 Darklings","floor":36.0,"turns":11.0},{"damage":23.0,"enemies":"Maw","floor":38.0,"turns":7.0},{"damage":30.0,"enemies":"2 Orb Walkers","floor":39.0,"turns":4.0},{"damage":22.0,"enemies":"Nemesis","floor":41.0,"turns":5.0},{"damage":27.0,"enemies":"Reptomancer","floor":46.0,"turns":4.0},{"damage":32.0,"enemies":"Sphere and 2 Shapes","floor":48.0,"turns":3.0},{"damage":85,"enemies":"Donu and Deca","floor":50,"turns":8}],"seed_played":"-320669012415018475","potions_obtained":[{"floor":1.0,"key":"Explosive Potion"},{"floor":8.0,"key":"Ancient Potion"},{"floor":10.0,"key":"SkillPotion"},{"floor":14.0,"key":"Strength Potion"},{"floor":19.0,"key":"SmokeBomb"},{"floor":22.0,"key":"BlessingOfTheForge"},{"floor":24.0,"key":"GamblersBrew"},{"floor":29.0,"key":"Ancient Potion"},{"floor":35.0,"key":"EntropicBrew"},{"floor":38.0,"key":"FearPotion"},{"floor":48.0,"key":"Fire Potion"}],"is_trial":false,"path_per_floor":["M","?","?","M","M","E","R","M","T","E","$","?","R","E","R","B",null,"M","M","M","?","M","R","E","R","T","R","M","E","$","M","R","B",null,"M","M","$","M","?","?","E","R","T","R","?","E","R","M","R","B"],"character_chosen":"HERMIT","items_purchased":["hermit:Reprieve","Regal Pillow","FairyPotion","Sling"],"campfire_rested":4,"item_purchase_floors":[11,30,30,37],"current_hp_per_floor":[75,75,75,73,71,49,49,42,42,23,23,41,41,33,33,1,75,73,62,43,43,27,27,14,36,36,36,33,16,16,5,42,45,75,72,43,43,28,22,22,10,47,47,47,75,48,75,43,43,0,0],"gold":356,"neow_bonus":"ONE_RARE_RELIC","is_daily":false,"chose_seed":false,"campfire_upgraded":7,"win_rate":0.0,"timestamp":1611706490,"path_taken":["M","?","?","M","M","E","R","M","T","E","$","?","R","E","R","BOSS","M","M","M","?","M","R","E","R","T","R","M","E","?","M","R","BOSS","M","M","$","M","?","?","E","R","T","R","?","E","R","M","R","BOSS"],"items_purchased_type":["Card","Relic","Potion","Relic"],"build_version":"2020-12-22","purchased_purges":0,"victory":false,"max_hp_per_floor":[75,75,75,75,75,75,75,75,75,75,75,75,75,75,75,75,75,75,75,75,75,75,75,75,75,75,75,75,75,75,75,75,75,75,75,75,75,75,75,75,75,75,75,75,75,75,75,75,75,75,75],"card_choices":[{"not_picked":["hermit:TrackingShot","hermit:Coalescence"],"picked":"hermit:Enervate","floor":1.0},{"not_picked":["hermit:Combo","hermit:WideOpen"],"picked":"hermit:CursedWeapon","floor":1.0},{"not_picked":["hermit:WideOpen","hermit:Feint"],"picked":"hermit:Coalescence","floor":4.0},{"not_picked":["hermit:WideOpen","hermit:HighCaliber"],"picked":"hermit:Showdown","floor":4.0},{"not_picked":["hermit:Coalescence","hermit:Deadeye"],"picked":"hermit:Glare","floor":5.0},{"not_picked":["hermit:ItchyTrigger","hermit:Dive"],"picked":"hermit:GoldenBullet","floor":5.0},{"not_picked":["hermit:Brawl","hermit:BlackWind"],"picked":"hermit:LowProfile","floor":6.0},{"not_picked":["hermit:Deadeye","hermit:BigShot"],"picked":"hermit:Virtue","floor":8.0},{"not_picked":["hermit:PistolWhip","hermit:Ricochet"],"picked":"hermit:Snipe","floor":8.0},{"not_picked":["hermit:Roulette","hermit:Enervate"],"picked":"hermit:Desperado","floor":10.0},{"not_picked":["hermit:Roughhouse","hermit:Dissolve"],"picked":"hermit:HoleUp","floor":14.0},{"not_picked":["hermit:DeadOrAlive","hermit:RoundhouseKick"],"picked":"hermit:HeroicBravado","floor":16.0},{"not_picked":["hermit:Desperado+1","hermit:Misfire+1"],"picked":"hermit:Determination","floor":18.0},{"not_picked":["hermit:Dive","hermit:Misfire+1"],"picked":"hermit:Gestalt+1","floor":18.0},{"not_picked":["hermit:Glare","hermit:CalledShot+1"],"picked":"hermit:Virtue","floor":19.0},{"not_picked":["hermit:Quickdraw","hermit:CalledShot"],"picked":"hermit:GoldenBullet+1","floor":19.0},{"not_picked":["hermit:Headshot","hermit:ItchyTrigger"],"picked":"hermit:PistolWhip","floor":20.0},{"not_picked":["hermit:CalledShot","hermit:Feint"],"picked":"hermit:Midnight","floor":20.0},{"not_picked":["hermit:Ricochet+1","hermit:HighCaliber+1"],"picked":"hermit:TrackingShot","floor":22.0},{"not_picked":["hermit:Coalescence","hermit:BlackWind"],"picked":"hermit:Manifest+1","floor":22.0},{"not_picked":["hermit:Showdown","hermit:Spite"],"picked":"hermit:Roughhouse","floor":24.0},{"not_picked":["hermit:Headshot","hermit:Snipe"],"picked":"hermit:Coalescence","floor":28.0},{"not_picked":["hermit:Brawl","hermit:Roulette+1"],"picked":"hermit:SprayPray","floor":28.0},{"not_picked":["hermit:Malice","hermit:Headshot"],"picked":"hermit:Vantage","floor":29.0},{"not_picked":["hermit:Purgatory","hermit:Desperado"],"picked":"hermit:CalledShot","floor":31.0},{"not_picked":["hermit:CalledShot+1","hermit:Desperado"],"picked":"hermit:Shortfuse+1","floor":31.0},{"not_picked":["hermit:HighNoon","hermit:Magnum"],"picked":"hermit:BlackWind","floor":33.0},{"not_picked":["hermit:HighCaliber","hermit:Vantage"],"picked":"hermit:Glare+1","floor":35.0},{"not_picked":["hermit:TakeAim+1","hermit:Quickdraw"],"picked":"hermit:Cheat","floor":35.0},{"not_picked":["hermit:Vantage","hermit:Midnight+1"],"picked":"hermit:Misfire","floor":36.0},{"not_picked":["hermit:LowProfile+1","hermit:Dive"],"picked":"hermit:Scavenge+1","floor":36.0},{"not_picked":["hermit:OverwhelmingPower","hermit:Feint"],"picked":"hermit:Grudge","floor":38.0},{"not_picked":["hermit:PistolWhip","hermit:CalledShot"],"picked":"hermit:EyeOfTheStorm","floor":38.0},{"not_picked":["hermit:Grudge","hermit:Feint+1"],"picked":"hermit:TakeCover","floor":41.0},{"not_picked":["hermit:Midnight","hermit:Feint+1","hermit:CalledShot"],"picked":"SKIP","floor":46.0},{"not_picked":["hermit:CalledShot","hermit:GoldenBullet"],"picked":"hermit:Snipe+1","floor":48.0},{"not_picked":["hermit:Misfire+1","hermit:CursedWeapon+1"],"picked":"hermit:Maintenance","floor":48.0}],"player_experience":585477,"relics_obtained":[{"floor":6.0,"key":"Juzu Bracelet"},{"floor":9.0,"key":"Centennial Puzzle"},{"floor":10.0,"key":"Mummified Hand"},{"floor":14.0,"key":"Matryoshka"},{"floor":24.0,"key":"PreservedInsect"},{"floor":26.0,"key":"CeramicFish"},{"floor":26.0,"key":"Bottled Tornado"},{"floor":29.0,"key":"Pen Nib"},{"floor":39.0,"key":"Bird Faced Urn"},{"floor":41.0,"key":"Pantograph"},{"floor":43.0,"key":"Smiling Mask"},{"floor":43.0,"key":"Potion Belt"},{"floor":46.0,"key":"MawBank"}],"event_choices":[{"damage_healed":0.0,"max_hp_gain":0.0,"max_hp_loss":0.0,"gold_gain":0.0,"event_name":"Living Wall","player_choice":"Grow","floor":2.0,"gold_loss":0.0,"damage_taken":0.0,"cards_upgraded":["hermit:CursedWeapon"]},{"damage_healed":0.0,"max_hp_gain":0.0,"max_hp_loss":0.0,"gold_gain":0.0,"event_name":"WeMeetAgain","player_choice":"Gave Potion","floor":3.0,"gold_loss":0.0,"damage_taken":0.0,"relics_obtained":["War Paint"]},{"damage_healed":18.0,"max_hp_gain":0.0,"max_hp_loss":0.0,"gold_gain":0.0,"event_name":"Mushrooms","player_choice":"Healed and dodged fight","floor":12.0,"gold_loss":0.0,"damage_taken":0.0,"cards_obtained":["Parasite"]},{"damage_healed":0.0,"max_hp_gain":0.0,"max_hp_loss":0.0,"gold_gain":0.0,"event_name":"The Joust","player_choice":"Bet on Murderer","floor":21.0,"gold_loss":50.0,"damage_taken":0.0},{"damage_healed":0.0,"max_hp_gain":0.0,"max_hp_loss":0.0,"gold_gain":0.0,"event_name":"Mysterious Sphere","player_choice":"Fight","floor":39.0,"gold_loss":0.0,"damage_taken":0.0},{"cards_removed":["hermit:BlackWind"],"damage_healed":0.0,"max_hp_gain":0.0,"max_hp_loss":0.0,"gold_gain":0.0,"event_name":"Falling","player_choice":"Removed Attack","floor":40.0,"gold_loss":0.0,"damage_taken":0.0},{"damage_healed":28.0,"max_hp_gain":0.0,"max_hp_loss":0.0,"gold_gain":0.0,"event_name":"MindBloom","player_choice":"Heal","floor":45.0,"gold_loss":0.0,"damage_taken":0.0,"cards_obtained":["Doubt"]}],"is_beta":false,"boss_relics":[{"not_picked":["Snecko Eye","Runic Pyramid"],"picked":"SlaversCollar"},{"not_picked":["Calling Bell","Pandora\u0027s Box"],"picked":"hermit:BartenderGlass"}],"items_purged_floors":[],"is_endless":false,"potions_floor_spawned":[1,8,10,14,19,22,24,29,35,38,48],"killed_by":"Donu and Deca","ascension_level":1}}