{"host":"eeb412nj2w7f9cz8","time":1611743206,"event":{"mods":["Act Like it!","BaseMod","Downfall","Gensokyo","Minty Spire (QoL Compilation)","Ryuuou¡˙Õı","StSLib"],"gold_per_floor":[99,117,117,117,162,162,162,181,81,100,0,27,27,55,73,176,176,176,196,304,331,353,353,353,353],"floor_reached":23,"language":"ZHS","playtime":1989,"items_purged":[],"score":208,"play_id":"db26a29b-ba80-444f-b7b4-b8bb9b93a530","local_time":"20210127182646","is_ascension_mode":false,"campfire_choices":[{"data":"hexamod:Float","floor":1.0,"key":"SMITH"},{"floor":6.0,"key":"RECALL"},{"data":"hexamod:Sear","floor":9.0,"key":"SMITH"},{"data":"hexamod:Defend","floor":11.0,"key":"SMITH"},{"data":"hexamod:GhostflameInferno","floor":18.0,"key":"SMITH"}],"circlet_count":0,"master_deck":["hexamod:Strike","hexamod:Strike","hexamod:Strike","hexamod:Strike","hexamod:Defend","hexamod:Defend","hexamod:Defend","hexamod:Defend+1","hexamod:Sear+1","hexamod:Float+1","hexamod:ThirdSeal","hexamod:SecondSeal","hexamod:Hexaguard","hexamod:FourthSeal","hexamod:SkipABeat","hexamod:GhostflameInferno+1","hexamod:VolcanoVisage","CurseOfTheBell","hexamod:GhostflameInferno","hexamod:NecessarySacrifice+1","hexamod:RadiantFlame+1","hexamod:GhostflameInferno","hexamod:Hexaguard"],"relics":["hexamod:SpiritBrand","TungstenRod","Vajra","downfall:HeartBlessingRed","downfall:HeartBlessingBlue","Calling Bell","MealTicket","The Courier","hexamod:SoulConsumer","Prayer Wheel","StoneCalendar"],"acts_visited":["Gensokyo:Gensokyo","Gensokyo:Gensokyoer"],"potions_floor_usage":[22,23],"damage_taken":[{"damage":0.0,"enemies":"Gensokyo:3_Fairies","floor":2.0,"turns":5.0},{"damage":0.0,"enemies":"Gensokyo:Python","floor":8.0,"turns":3.0},{"damage":0.0,"enemies":"Gensokyo:2_Kodama","floor":10.0,"turns":3.0},{"damage":1.0,"enemies":"Gensokyo:VengefulSpirit","floor":12.0,"turns":4.0},{"damage":0.0,"enemies":"Gensokyo:3_Kodama","floor":14.0,"turns":4.0},{"damage":5.0,"enemies":"Gensokyo:Kitsune","floor":15.0,"turns":4.0},{"damage":51.0,"enemies":"WA_ARCHETYPE_RETAIN","floor":16.0,"turns":12.0},{"damage":20.0,"enemies":"Gensokyo:3_Dogs","floor":19.0,"turns":7.0},{"damage":29.0,"enemies":"Gensokyo:3_Dogs","floor":20.0,"turns":13.0},{"damage":2.0,"enemies":"Gensokyo:2_Gloops","floor":21.0,"turns":4.0},{"damage":19,"enemies":"Gensokyo:Swordslinger","floor":22,"turns":4},{"damage":22,"enemies":"Gensokyo:Slime_Group","floor":23,"turns":4}],"seed_played":"-2566719698226131505","potions_obtained":[{"floor":2.0,"key":"Fire Potion"},{"floor":10.0,"key":"DuplicationPotion"},{"floor":12.0,"key":"hexamod:EctoCoolerPotion"},{"floor":14.0,"key":"PowerPotion"},{"floor":15.0,"key":"Slimebound:ThreeZeroPotion"},{"floor":16.0,"key":"Fire Potion"},{"floor":19.0,"key":"Fire Potion"},{"floor":19.0,"key":"BlessingOfTheForge"},{"floor":20.0,"key":"Slimebound:ThreeZeroPotion"},{"floor":21.0,"key":"CultistPotion"},{"floor":22,"key":"PowerPotion"},{"floor":22,"key":"bronze:BurnAndBuffPotion"}],"is_trial":false,"path_per_floor":["R","M","?","?","T","R","T","M","R","M","R","M","COS","M","M","B",null,"R","M","?","M","M","M"],"character_chosen":"THE_SPIRIT","items_purchased":[],"campfire_rested":0,"item_purchase_floors":[],"current_hp_per_floor":[77,77,62,62,62,62,62,62,62,62,72,71,71,71,66,15,87,87,71,46,48,33,11,11,11],"gold":353,"neow_bonus":"TEN_PERCENT_HP_BONUS","is_daily":false,"chose_seed":false,"campfire_upgraded":4,"win_rate":0.0,"timestamp":1611743206,"path_taken":["R","M","?","?","?","R","T","?","R","M","R","M","COS","M","M","BOSS","R","M","?","M","?","M"],"items_purchased_type":[],"build_version":"2020-12-22","purchased_purges":0,"victory":false,"max_hp_per_floor":[77,77,77,77,77,77,77,77,77,77,87,87,87,87,87,87,87,87,87,87,87,87,87,87,87],"card_choices":[{"not_picked":["hexamod:Again","hexamod:NecessarySacrifice","hexamod:EtherealExpedition"],"picked":"SKIP","floor":2.0},{"not_picked":["hexamod:GhostLash","hexamod:SoulSteal"],"picked":"hexamod:ThirdSeal","floor":8.0},{"not_picked":["hexamod:HauntingEcho","hexamod:PhantomCloak"],"picked":"hexamod:SecondSeal","floor":10.0},{"not_picked":["hexamod:CatchUp","hexamod:GhostOfSpireFuture","hexamod:BacktrackSmack"],"picked":"SKIP","floor":10.0},{"not_picked":["hexamod:Firestarter","hexamod:CatchUp"],"picked":"hexamod:Hexaguard","floor":12.0},{"not_picked":["hexamod:HeatCrush","hexamod:ChargedBarrage"],"picked":"hexamod:FourthSeal","floor":12.0},{"not_picked":["hexamod:PhantomCloak","hexamod:SwordOfDarkness","hexamod:SpectralAdrenaline"],"picked":"SKIP","floor":14.0},{"not_picked":["hexamod:CatchUp","hexamod:PhantomCloak","hexamod:HauntingEcho"],"picked":"SKIP","floor":14.0},{"not_picked":["hexamod:HeatShield","hexamod:PhantomCloak"],"picked":"hexamod:SkipABeat","floor":15.0},{"not_picked":["hexamod:NightmareGuise","hexamod:GhostLash","hexamod:InspiringFlames"],"picked":"SKIP","floor":15.0},{"not_picked":["hexamod:UnleashSpirits","hexamod:HexaLevel"],"picked":"hexamod:GhostflameInferno","floor":16.0},{"not_picked":["hexamod:UnleashSpirits","hexamod:ParanormalForm"],"picked":"hexamod:VolcanoVisage","floor":16.0},{"not_picked":["hexamod:ShieldOfDarkness","hexamod:EtherealExpedition","hexamod:SpectersWail"],"picked":"SKIP","floor":19.0},{"not_picked":["hexamod:HeatMetal","hexamod:NightmareStrike+1","hexamod:GhostLash"],"picked":"SKIP","floor":19.0},{"not_picked":["hexamod:ThirdSeal","hexamod:RecurringNightmare"],"picked":"hexamod:GhostflameInferno","floor":20.0},{"not_picked":["hexamod:ThirdSeal","hexamod:ThermalTransfer"],"picked":"hexamod:NecessarySacrifice+1","floor":20.0},{"not_picked":["hexamod:BurningTouch","hexamod:ChargedBarrage"],"picked":"hexamod:RadiantFlame+1","floor":21.0},{"not_picked":["hexamod:AdvancingGuard+1","hexamod:GhostLash"],"picked":"hexamod:GhostflameInferno","floor":21.0},{"not_picked":["hexamod:DynamicBlow","hexamod:GhostflameBarrier+1"],"picked":"hexamod:Hexaguard","floor":21.0},{"not_picked":["hexamod:GhostShield","hexamod:HauntingEcho","hexamod:ThermalTransfer"],"picked":"SKIP","floor":22},{"not_picked":["hexamod:FourthSeal","hexamod:CatchUp","hexamod:ThermalTransfer+1"],"picked":"SKIP","floor":22}],"player_experience":120160,"relics_obtained":[{"floor":5.0,"key":"Vajra"},{"floor":17.0,"key":"MealTicket"},{"floor":17.0,"key":"The Courier"},{"floor":17.0,"key":"hexamod:SoulConsumer"},{"floor":20.0,"key":"Prayer Wheel"},{"floor":20.0,"key":"StoneCalendar"}],"event_choices":[],"is_beta":false,"boss_relics":[{"not_picked":["Snecko Eye","SacredBark"],"picked":"Calling Bell"}],"items_purged_floors":[],"is_endless":false,"potions_floor_spawned":[2,10,12,19,22],"killed_by":"Gensokyo:Slime_Group","ascension_level":0}}