{"host":"9qk11wtevf51xvhl","time":1611782927,"event":{"mods":["BaseMod","Minty Spire (QoL Compilation)"],"gold_per_floor":[112,112,41,41,53,53,84,84,107,123,157,177,197,226,226,326,326,345,202,219,161,176,211,231,231,231,264,282,282,294,43,43,147,147,163,179,195,207,560,560,586,586,586,617,667,684,699,727,727,727],"floor_reached":51,"language":"ENG","playtime":6517,"items_purged":["Sever Soul","Strike_R"],"score":1374,"play_id":"ec47baf1-1b8b-41e9-9772-0ecc7a372d2f","local_time":"20210127222847","is_ascension_mode":true,"campfire_choices":[{"data":"Shockwave","floor":6,"key":"SMITH"},{"floor":15,"key":"REST"},{"floor":25,"key":"REST"},{"data":"Barricade","floor":29,"key":"SMITH"},{"data":"Impervious","floor":32,"key":"SMITH"},{"data":"Impervious","floor":40,"key":"SMITH"},{"data":"Evolve","floor":42,"key":"SMITH"},{"data":"Rupture","floor":49,"key":"SMITH"}],"circlet_count":0,"master_deck":["AscendersBane","Strike_R","Strike_R","Defend_R","Defend_R","Defend_R","Defend_R","Bash","Shockwave+1","Combust","Clothesline","Rupture","Iron Wave","Demon Form","Barricade+1","Whirlwind","Second Wind","Shrug It Off","Rupture+1","Impervious+1","Iron Wave","Armaments+1","Impervious+1","Reaper","Body Slam+1","Body Slam+1","Entrench+1","Evolve+1","Pain","True Grit+1"],"relics":["Burning Blood","NeowsBlessing","Regal Pillow","Question Card","Vajra","Happy Flower","MealTicket","Snecko Eye","PreservedInsect","Charon\u0027s Ashes","Gambling Chip","Eternal Feather","DollysMirror","Cursed Key","Old Coin","Centennial Puzzle","Toxic Egg 2","Art of War","Turnip","Oddly Smooth Stone"],"acts_visited":["Exordium","TheCity","TheBeyond"],"potions_floor_usage":[14,16,16,20,23,45,47,50],"damage_taken":[{"damage":0,"enemies":"Jaw Worm","floor":1,"turns":1},{"damage":0,"enemies":"Cultist","floor":5,"turns":1},{"damage":0,"enemies":"Gremlin Nob","floor":7,"turns":1},{"damage":11,"enemies":"2 Louse","floor":10,"turns":3},{"damage":14,"enemies":"Lagavulin","floor":11,"turns":6},{"damage":12,"enemies":"2 Fungi Beasts","floor":12,"turns":3},{"damage":20,"enemies":"Exordium Wildlife","floor":13,"turns":6},{"damage":34,"enemies":"3 Sentries","floor":14,"turns":6},{"damage":35,"enemies":"Hexaghost","floor":16,"turns":8},{"damage":13,"enemies":"2 Thieves","floor":18,"turns":3},{"damage":16,"enemies":"Spheric Guardian","floor":20,"turns":4},{"damage":15,"enemies":"Snecko","floor":22,"turns":4},{"damage":45,"enemies":"Slavers","floor":23,"turns":5},{"damage":7,"enemies":"Centurion and Healer","floor":24,"turns":7},{"damage":0,"enemies":"Gremlin Leader","floor":27,"turns":5},{"damage":26,"enemies":"Snake Plant","floor":28,"turns":3},{"damage":8,"enemies":"3 Cultists","floor":30,"turns":6},{"damage":20,"enemies":"Collector","floor":33,"turns":7},{"damage":0,"enemies":"Orb Walker","floor":35,"turns":3},{"damage":6,"enemies":"3 Darklings","floor":36,"turns":4},{"damage":4,"enemies":"Writhing Mass","floor":37,"turns":5},{"damage":21,"enemies":"Jaw Worm Horde","floor":38,"turns":3},{"damage":19,"enemies":"2 Orb Walkers","floor":39,"turns":4},{"damage":68,"enemies":"Reptomancer","floor":41,"turns":9},{"damage":17,"enemies":"Giant Head","floor":44,"turns":8},{"damage":22,"enemies":"Mind Bloom Boss Battle","floor":45,"turns":7},{"damage":2,"enemies":"Maw","floor":46,"turns":7},{"damage":54,"enemies":"Transient","floor":47,"turns":5},{"damage":7,"enemies":"Reptomancer","floor":48,"turns":6},{"damage":8,"enemies":"Donu and Deca","floor":50,"turns":6}],"seed_played":"-1778207912660317895","potions_obtained":[{"floor":7,"key":"Explosive Potion"},{"floor":10,"key":"ColorlessPotion"},{"floor":13,"key":"PowerPotion"},{"floor":18,"key":"Weak Potion"},{"floor":20,"key":"Energy Potion"},{"floor":24,"key":"Fire Potion"},{"floor":30,"key":"ElixirPotion"},{"floor":36,"key":"HeartOfIron"},{"floor":38,"key":"BloodPotion"},{"floor":39,"key":"Weak Potion"},{"floor":45,"key":"ColorlessPotion"},{"floor":47,"key":"Explosive Potion"}],"is_trial":false,"path_per_floor":["M","?","$","?","M","R","E","?","T","M","E","M","M","E","R","B",null,"M","$","M","?","M","E","M","R","T","E","M","R","M","$","R","B",null,"M","M","M","M","?","R","E","R","T","E","?","M","M","E","R","B",null],"character_chosen":"IRONCLAD","items_purchased":["Combust","Second Wind","DollysMirror"],"campfire_rested":2,"item_purchase_floors":[3,19,31],"current_hp_per_floor":[78,78,78,71,77,77,80,73,73,68,60,54,40,12,51,22,66,59,74,64,64,55,16,15,54,54,60,40,52,50,65,77,63,76,80,80,80,80,80,80,30,45,45,34,48,80,32,45,63,80],"gold":727,"neow_bonus":"THREE_ENEMY_KILL","is_daily":false,"chose_seed":false,"campfire_upgraded":6,"win_rate":0.0,"timestamp":1611782927,"path_taken":["M","?","?","?","M","R","E","?","T","M","E","M","M","E","R","BOSS","M","$","M","?","M","E","M","R","T","E","M","R","M","$","R","BOSS","M","M","M","?","?","R","E","R","T","E","?","M","M","E","R","BOSS"],"items_purchased_type":["Card","Card","Relic"],"build_version":"2020-12-22","purchased_purges":2,"victory":true,"max_hp_per_floor":[80,80,80,80,80,80,80,80,80,80,80,80,80,80,80,80,80,80,80,80,80,80,80,80,80,80,80,80,80,80,80,80,80,80,80,80,80,80,80,80,80,80,80,80,80,80,80,80,80,80],"card_choices":[{"not_picked":["Warcry","Havoc"],"picked":"Shockwave","floor":1},{"not_picked":["Havoc","Twin Strike"],"picked":"Clothesline","floor":5},{"not_picked":["Heavy Blade","Battle Trance"],"picked":"Rupture","floor":7},{"not_picked":["Anger","Uppercut","Clothesline","Perfected Strike"],"picked":"SKIP","floor":10},{"not_picked":["Inflame","Clothesline","Wild Strike"],"picked":"Iron Wave","floor":11},{"not_picked":["Spot Weakness","Anger","Clash"],"picked":"Demon Form","floor":12},{"not_picked":["Anger","Wild Strike","True Grit"],"picked":"Sever Soul","floor":13},{"not_picked":["Flex","Havoc","Iron Wave","Rampage"],"picked":"SKIP","floor":14},{"not_picked":["Exhume","Impervious","Fiend Fire"],"picked":"Barricade","floor":16},{"not_picked":["Headbutt+1","Sword Boomerang","Armaments"],"picked":"Whirlwind","floor":18},{"not_picked":["Wild Strike","Thunderclap","Heavy Blade+1"],"picked":"Shrug It Off","floor":20},{"not_picked":["Thunderclap","Havoc+1","Dropkick+1"],"picked":"Rupture","floor":22},{"not_picked":["Perfected Strike+1","Intimidate","Flame Barrier"],"picked":"Impervious","floor":23},{"not_picked":["Thunderclap","Iron Wave","Intimidate","True Grit+1"],"picked":"SKIP","floor":24},{"not_picked":["Pummel","Uppercut+1","Heavy Blade+1"],"picked":"Iron Wave","floor":27},{"not_picked":["Wild Strike","Ghostly Armor","Shrug It Off"],"picked":"Armaments+1","floor":28},{"not_picked":["Shrug It Off","Havoc+1","Twin Strike","Shockwave"],"picked":"SKIP","floor":30},{"not_picked":["Immolate","Brutality","Demon Form"],"picked":"Reaper","floor":33},{"not_picked":["Clothesline","Iron Wave","True Grit+1","Twin Strike+1"],"picked":"SKIP","floor":35},{"not_picked":["Second Wind+1","Anger+1","True Grit"],"picked":"Body Slam+1","floor":36},{"not_picked":["Warcry","Armaments","Perfected Strike"],"picked":"Body Slam+1","floor":37},{"not_picked":["Fire Breathing+1","Heavy Blade+1","Battle Trance"],"picked":"Entrench+1","floor":38},{"not_picked":["Disarm+1","Headbutt+1","Inflame"],"picked":"Evolve","floor":41},{"not_picked":["Carnage+1","Clash+1","Ghostly Armor+1"],"picked":"True Grit+1","floor":44},{"not_picked":["Twin Strike","Second Wind+1","Perfected Strike","Anger"],"picked":"SKIP","floor":46},{"not_picked":["Spot Weakness+1","Headbutt","Body Slam","Havoc+1"],"picked":"SKIP","floor":47},{"not_picked":["Clothesline+1","Twin Strike","Disarm+1","Headbutt"],"picked":"SKIP","floor":48}],"player_experience":516610,"relics_obtained":[{"floor":7,"key":"Question Card"},{"floor":9,"key":"Vajra"},{"floor":11,"key":"Happy Flower"},{"floor":14,"key":"MealTicket"},{"floor":23,"key":"Charon\u0027s Ashes"},{"floor":26,"key":"Gambling Chip"},{"floor":27,"key":"Eternal Feather"},{"floor":39,"key":"Old Coin"},{"floor":41,"key":"Centennial Puzzle"},{"floor":43,"key":"Toxic Egg 2"},{"floor":44,"key":"Art of War"},{"floor":45,"key":"Turnip"},{"floor":48,"key":"Oddly Smooth Stone"}],"event_choices":[{"cards_removed":["Strike_R"],"damage_healed":0,"gold_gain":0,"player_choice":"Offered Basic","damage_taken":0,"max_hp_gain":0,"max_hp_loss":0,"event_name":"Bonfire Elementals","floor":2,"gold_loss":0},{"damage_healed":0,"gold_gain":0,"player_choice":"Success","damage_taken":7,"relics_obtained":["Regal Pillow"],"max_hp_gain":0,"max_hp_loss":0,"event_name":"Scrap Ooze","floor":4,"gold_loss":0},{"cards_removed":["Strike_R"],"damage_healed":0,"gold_gain":0,"player_choice":"Card Removal","damage_taken":7,"max_hp_gain":0,"max_hp_loss":0,"event_name":"Golden Wing","floor":8,"gold_loss":0},{"damage_healed":0,"gold_gain":0,"player_choice":"Paid Gold","damage_taken":0,"relics_obtained":["PreservedInsect"],"max_hp_gain":0,"max_hp_loss":0,"event_name":"WeMeetAgain","floor":21,"gold_loss":58},{"damage_healed":0,"gold_gain":0,"player_choice":"Fight","damage_taken":0,"max_hp_gain":0,"max_hp_loss":0,"event_name":"Mysterious Sphere","floor":39,"gold_loss":0},{"damage_healed":0,"gold_gain":0,"player_choice":"Fight","damage_taken":0,"max_hp_gain":0,"max_hp_loss":0,"event_name":"MindBloom","floor":45,"gold_loss":0}],"is_beta":false,"boss_relics":[{"not_picked":["Tiny House","Empty Cage"],"picked":"Snecko Eye"},{"not_picked":["Pandora\u0027s Box","Runic Dome"],"picked":"Cursed Key"}],"items_purged_floors":[19,31],"is_endless":false,"potions_floor_spawned":[7,10,13,18,20,24,30,36,38,39,45,47,48],"ascension_level":10}}