{"host":"srk2drlvga69hbot","time":1611724057,"event":{"mods":["AchievementEnabler","BaseMod","Best Route Mod","Bestiary","Block Reminder","Colored Map","Colored Powertips","Curses Come First","Dark Map","DeckTracker","Downfall","Highlight Path","Minty Spire (QoL Compilation)","Quick Restart","Rare Cards Sparkle","Relic Stats","Slay-I","StSLib","SuperFastMode","Unceasing Turn Reminder"],"gold_per_floor":[109,109,120,120,195,195,228,228,274,274,301,82,82,96,96,173,173,190,36,36,48,62,62,62,88,157,177,177,197,211,111,111,187,187,201,226,226,226,78,108,135,147,159,171,200,87,105,125,125,125],"floor_reached":51,"language":"ZHS","playtime":1669,"items_purged":["Strike_R","Strike_R","Defend_R"],"score":1253,"play_id":"50fa049c-f1f6-4a69-8709-2b957baa41dc","local_time":"20210127130737","is_ascension_mode":true,"campfire_choices":[{"data":"Sword Boomerang","floor":6.0,"key":"SMITH"},{"data":"Sword Boomerang","floor":8.0,"key":"SMITH"},{"floor":15.0,"key":"REST"},{"data":"Inflame","floor":24.0,"key":"SMITH"},{"data":"Sword Boomerang","floor":28.0,"key":"SMITH"},{"floor":32.0,"key":"REST"},{"data":"Flex","floor":42,"key":"SMITH"},{"data":"Sword Boomerang","floor":44,"key":"SMITH"},{"data":"Flex","floor":49,"key":"SMITH"}],"circlet_count":0,"master_deck":["AscendersBane","Defend_R","Defend_R","Defend_R","Bash","Offering","Sword Boomerang+1","Sword Boomerang+1","Impervious","Inflame+1","Flex+1","Flex+1","Combust","Sword Boomerang+1","Dual Wield","Reaper","Seeing Red+1","Sword Boomerang+1"],"relics":["Burning Blood","Mummified Hand","Regal Pillow","Vajra","Anchor","Lantern","SlaversCollar","Brimstone","Potion Belt","Paper Frog","Runic Pyramid","Unceasing Top","HandDrill","MawBank","Bottled Tornado"],"acts_visited":["Exordium","TheCity","TheBeyond"],"potions_floor_usage":[],"damage_taken":[{"damage":11.0,"enemies":"Small Slimes","floor":1.0,"turns":4.0},{"damage":6.0,"enemies":"2 Louse","floor":3.0,"turns":2.0},{"damage":14.0,"enemies":"Gremlin Nob","floor":7.0,"turns":3.0},{"damage":25.0,"enemies":"3 Sentries","floor":11.0,"turns":8.0},{"damage":0.0,"enemies":"Cultist","floor":14.0,"turns":2.0},{"damage":43.0,"enemies":"Hexaghost","floor":16.0,"turns":9.0},{"damage":6.0,"enemies":"2 Thieves","floor":18.0,"turns":2.0},{"damage":0.0,"enemies":"Chosen","floor":21.0,"turns":2.0},{"damage":11.0,"enemies":"Centurion and Healer","floor":22.0,"turns":3.0},{"damage":6.0,"enemies":"Book of Stabbing","floor":25.0,"turns":3.0},{"damage":6.0,"enemies":"Cultist and Chosen","floor":27.0,"turns":3.0},{"damage":8.0,"enemies":"Sentry and Sphere","floor":29.0,"turns":3.0},{"damage":17.0,"enemies":"3 Cultists","floor":30.0,"turns":3.0},{"damage":22.0,"enemies":"Collector","floor":33.0,"turns":5.0},{"damage":0.0,"enemies":"Orb Walker","floor":35.0,"turns":2.0},{"damage":0.0,"enemies":"Mind Bloom Boss Battle","floor":36.0,"turns":3.0},{"damage":17,"enemies":"Giant Head","floor":40,"turns":5},{"damage":17,"enemies":"3 Shapes","floor":41,"turns":2},{"damage":51,"enemies":"Jaw Worm Horde","floor":45,"turns":3},{"damage":0,"enemies":"Transient","floor":47,"turns":5},{"damage":29,"enemies":"Sphere and 2 Shapes","floor":48,"turns":4},{"damage":41,"enemies":"Time Eater","floor":50,"turns":3}],"seed_played":"2145954102415664727","potions_obtained":[{"floor":3.0,"key":"AttackPotion"},{"floor":11.0,"key":"Fire Potion"},{"floor":16.0,"key":"ElixirPotion"},{"floor":18.0,"key":"Energy Potion"},{"floor":29.0,"key":"Regen Potion"},{"floor":30.0,"key":"LiquidBronze"},{"floor":36.0,"key":"LiquidBronze"},{"floor":41,"key":"FairyPotion"}],"is_trial":false,"path_per_floor":["M","?","M","?","?","R","E","R","T","?","E","$","?","M","R","B",null,"M","$","?","M","M","?","R","E","T","M","R","M","M","$","R","B",null,"M","?","?","?","$","E","M","R","T","R","M","$","M","M","R","B",null],"character_chosen":"IRONCLAD","items_purchased":["Lantern","Brimstone","HandDrill"],"campfire_rested":2,"item_purchase_floors":[12,19,39],"current_hp_per_floor":[63,63,63,45,34,34,26,26,26,26,7,7,7,13,50,13,60,60,60,60,66,61,61,61,61,61,61,61,59,48,48,75,59,71,75,75,71,71,71,71,66,66,66,66,71,71,71,71,71,36],"gold":125,"neow_bonus":"ONE_RANDOM_RARE_CARD","is_daily":false,"chose_seed":false,"campfire_upgraded":7,"win_rate":0.0,"timestamp":1611724057,"path_taken":["M","?","M","?","?","R","E","R","T","?","E","$","?","?","R","BOSS","M","?","?","M","M","?","R","E","T","?","R","M","M","$","R","BOSS","M","?","?","?","?","E","M","R","T","R","M","$","?","M","R","BOSS"],"items_purchased_type":["Relic","Relic","Relic"],"build_version":"2020-12-22","purchased_purges":3,"victory":true,"max_hp_per_floor":[75,75,75,75,75,75,75,75,75,75,75,75,75,75,75,75,75,75,75,75,75,75,75,75,75,75,75,75,75,75,75,75,75,75,75,75,71,71,71,71,71,71,71,71,71,71,71,71,71,71],"relic_stats":{"Regal Pillow":20,"counters":[22,79],"Mummified Hand":[27],"HandDrill":[10],"MawBank":72,"obtain_stats":[{"Potion Belt":25,"Regal Pillow":7,"Lantern":12,"Vajra":9,"Bottled Tornado":43,"MawBank":40,"Burning Blood":0,"SlaversCollar":17,"Anchor":11,"Mummified Hand":4,"Brimstone":19,"HandDrill":39,"Unceasing Top":36,"Paper Frog":26,"Runic Pyramid":34},{"Potion Belt":10,"Regal Pillow":3,"Lantern":4,"Vajra":3,"Bottled Tornado":18,"MawBank":17,"Burning Blood":0,"SlaversCollar":6,"Anchor":4,"Mummified Hand":2,"Brimstone":7,"HandDrill":16,"Unceasing Top":16,"Paper Frog":10,"Runic Pyramid":14},{"Potion Belt":38,"Regal Pillow":9,"Lantern":17,"Vajra":9,"Bottled Tornado":64,"MawBank":62,"Burning Blood":0,"SlaversCollar":28,"Anchor":17,"Mummified Hand":6,"Brimstone":30,"HandDrill":57,"Unceasing Top":57,"Paper Frog":38,"Runic Pyramid":52}],"Burning Blood":100,"Unceasing Top":[0]},"card_choices":[{"not_picked":["Headbutt","Dropkick"],"picked":"Sword Boomerang","floor":1.0},{"not_picked":["Heavy Blade","Entrench"],"picked":"Sword Boomerang","floor":3.0},{"not_picked":["Clothesline","Thunderclap"],"picked":"Impervious","floor":7.0},{"not_picked":["Headbutt","Wild Strike","Uppercut"],"picked":"SKIP","floor":11.0},{"not_picked":["Clash","Shockwave"],"picked":"Flex","floor":14.0},{"not_picked":["Shockwave","Havoc","Reckless Charge"],"picked":"SKIP","floor":18.0},{"not_picked":["True Grit","Pommel Strike","Disarm"],"picked":"SKIP","floor":21.0},{"not_picked":["Dual Wield","Thunderclap+1"],"picked":"Flex","floor":22.0},{"not_picked":["Flex","Clash","Pommel Strike"],"picked":"SKIP","floor":25.0},{"not_picked":["Evolve+1","Demon Form"],"picked":"Sword Boomerang","floor":27.0},{"not_picked":["Uppercut","Body Slam","Wild Strike"],"picked":"SKIP","floor":29.0},{"not_picked":["Anger","Sever Soul"],"picked":"Dual Wield","floor":30.0},{"not_picked":["Impervious","Juggernaut"],"picked":"Reaper","floor":33.0},{"not_picked":["Armaments","True Grit","Rampage"],"picked":"SKIP","floor":35.0},{"not_picked":["Clash","Dropkick+1"],"picked":"Seeing Red+1","floor":36.0},{"not_picked":["Armaments+1","Whirlwind"],"picked":"Sword Boomerang","floor":40},{"not_picked":["Disarm","Heavy Blade","Warcry+1"],"picked":"SKIP","floor":41},{"not_picked":["Clothesline","Armaments","Thunderclap"],"picked":"SKIP","floor":45},{"not_picked":["Flex","Havoc","Sword Boomerang"],"picked":"SKIP","floor":47},{"not_picked":["Whirlwind+1","Shockwave+1","Carnage"],"picked":"SKIP","floor":48}],"player_experience":302847,"relics_obtained":[{"floor":7.0,"key":"Regal Pillow"},{"floor":9.0,"key":"Vajra"},{"floor":11.0,"key":"Anchor"},{"floor":25.0,"key":"Potion Belt"},{"floor":26.0,"key":"Paper Frog"},{"floor":36.0,"key":"Unceasing Top"},{"floor":40,"key":"MawBank"},{"floor":43,"key":"Bottled Tornado"}],"event_choices":[{"damage_healed":0.0,"max_hp_gain":0.0,"max_hp_loss":0.0,"gold_gain":0.0,"event_name":"Liars Game","player_choice":"Ignored","floor":2.0,"gold_loss":0.0,"damage_taken":0.0},{"damage_healed":0.0,"max_hp_gain":0.0,"max_hp_loss":0.0,"gold_gain":0.0,"event_name":"Scrap Ooze","player_choice":"Success","floor":4.0,"gold_loss":0.0,"damage_taken":18.0,"relics_obtained":["Mummified Hand"]},{"damage_healed":0.0,"max_hp_gain":0.0,"max_hp_loss":0.0,"gold_gain":75.0,"event_name":"World of Goop","player_choice":"Gather Gold","floor":5.0,"gold_loss":0.0,"damage_taken":11.0},{"cards_removed":["Strike_R"],"damage_healed":0.0,"max_hp_gain":0.0,"max_hp_loss":0.0,"gold_gain":0.0,"event_name":"Living Wall","player_choice":"Forget","floor":10.0,"gold_loss":0.0,"damage_taken":0.0},{"damage_healed":0.0,"max_hp_gain":0.0,"max_hp_loss":0.0,"gold_gain":0.0,"cards_transformed":["Strike_R"],"event_name":"Transmorgrifier","player_choice":"Transformed","floor":13.0,"gold_loss":0.0,"damage_taken":0.0,"cards_obtained":["Inflame"]},{"damage_healed":0.0,"max_hp_gain":0.0,"max_hp_loss":0.0,"gold_gain":0.0,"event_name":"Cursed Tome","player_choice":"Ignored","floor":20.0,"gold_loss":0.0,"damage_taken":0.0},{"damage_healed":0.0,"max_hp_gain":0.0,"max_hp_loss":0.0,"gold_gain":0.0,"cards_transformed":["Strike_R"],"event_name":"Transmorgrifier","player_choice":"Transformed","floor":23.0,"gold_loss":0.0,"damage_taken":0.0,"cards_obtained":["Combust"]},{"damage_healed":0.0,"max_hp_gain":0.0,"max_hp_loss":0.0,"gold_gain":0.0,"event_name":"MindBloom","player_choice":"Fight","floor":36.0,"gold_loss":0.0,"damage_taken":0.0},{"damage_healed":0.0,"max_hp_gain":0.0,"max_hp_loss":4.0,"gold_gain":0.0,"event_name":"Winding Halls","player_choice":"Max HP","floor":37.0,"gold_loss":0.0,"damage_taken":0.0},{"damage_healed":0.0,"max_hp_gain":0.0,"max_hp_loss":0.0,"gold_gain":0.0,"event_name":"Tomb of Lord Red Mask","player_choice":"Ignored","floor":38.0,"gold_loss":0.0,"damage_taken":0.0}],"is_beta":false,"boss_relics":[{"not_picked":["Cursed Key","Ectoplasm"],"picked":"SlaversCollar"},{"not_picked":["Fusion Hammer","Sozu"],"picked":"Runic Pyramid"}],"items_purged_floors":[12,31,46],"is_endless":false,"potions_floor_spawned":[3,11,16,18,29,30,36,41,47],"ascension_level":14}}