{"host":"pvf7uj918he10jir","time":1611721567,"event":{"mods":["AchievementEnabler","BaseMod","Colored Map","Colored Powertips","Highlight Path","Minty Spire (QoL Compilation)","Relic Stats","Slay the Relics Exporter","everything is the same but u backflip on backflip"],"gold_per_floor":[111,111,85,45,56,56,81,81,81,94,94,112,139,154,154,254,254,274,83,83,83],"floor_reached":20,"language":"ENG","playtime":1084,"items_purged":[],"score":253,"play_id":"98e8403e-36b8-4aa1-a0c2-bebae0406323","local_time":"20210126232607","is_ascension_mode":true,"campfire_choices":[{"data":"Armaments","floor":6,"key":"SMITH"},{"floor":8,"key":"REST"},{"data":"Bash","floor":11,"key":"SMITH"},{"floor":15,"key":"REST"}],"circlet_count":0,"master_deck":["Strike_R","Strike_R","Strike_R","Strike_R","Strike_R","Defend_R","Defend_R","Defend_R","Defend_R","Bash+1","Heavy Blade","Armaments+1","Double Tap","Limit Break","Whirlwind"],"relics":["SlaversCollar","Vajra","Akabeko","Pear","Strawberry","Black Star","Tiny Chest"],"acts_visited":["Exordium","TheCity"],"potions_floor_usage":[13,18,20],"damage_taken":[{"damage":0,"enemies":"Small Slimes","floor":1,"turns":4},{"damage":7,"enemies":"Jaw Worm","floor":5,"turns":3},{"damage":32,"enemies":"Gremlin Nob","floor":7,"turns":4},{"damage":1,"enemies":"Cultist","floor":10,"turns":3},{"damage":11,"enemies":"Lots of Slimes","floor":12,"turns":5},{"damage":17,"enemies":"3 Sentries","floor":13,"turns":8},{"damage":1,"enemies":"Looter","floor":14,"turns":3},{"damage":49,"enemies":"Hexaghost","floor":16,"turns":9},{"damage":50,"enemies":"Shell Parasite","floor":18,"turns":7},{"damage":30,"enemies":"Chosen","floor":20,"turns":6}],"seed_played":"7888008205694680532","potions_obtained":[{"floor":1,"key":"PowerPotion"},{"floor":4,"key":"DuplicationPotion"},{"floor":4,"key":"SpeedPotion"},{"floor":13,"key":"PowerPotion"},{"floor":14,"key":"Strength Potion"}],"is_trial":false,"path_per_floor":["M","?","$","?","M","R","E","R","T","M","R","M","E","M","R","B",null,"M","$","M"],"character_chosen":"IRONCLAD","items_purchased":["Heavy Blade","Tiny Chest","Whirlwind"],"campfire_rested":2,"item_purchase_floors":[3,19,19],"current_hp_per_floor":[80,62,62,62,55,55,23,47,57,56,56,45,35,34,63,14,76,26,26,0,0],"gold":83,"neow_bonus":"BOSS_RELIC","is_daily":false,"chose_seed":false,"campfire_upgraded":2,"win_rate":0.0,"timestamp":1611721567,"path_taken":["M","?","$","?","M","R","E","R","T","?","R","M","E","M","R","BOSS","M","$","?"],"items_purchased_type":["Card","Relic","Card"],"build_version":"2020-12-22","purchased_purges":0,"victory":false,"max_hp_per_floor":[80,80,80,80,80,80,80,80,90,90,90,90,97,97,97,97,97,97,97,97,97],"relic_stats":{"counters":[10,52],"Tiny Chest":0,"Black Star":0,"obtain_stats":[{"SlaversCollar":0,"Pear":9,"Strawberry":13,"Vajra":2,"Tiny Chest":19,"Black Star":17,"Burning Blood":0,"Akabeko":7},{"SlaversCollar":0,"Pear":3,"Strawberry":6,"Vajra":1,"Tiny Chest":9,"Black Star":8,"Burning Blood":0,"Akabeko":3},{"SlaversCollar":0,"Pear":11,"Strawberry":27,"Vajra":4,"Tiny Chest":46,"Black Star":39,"Burning Blood":0,"Akabeko":11}]},"card_choices":[{"not_picked":["Perfected Strike","Headbutt","Anger"],"picked":"SKIP","floor":1},{"not_picked":["Burning Pact","Havoc"],"picked":"Armaments","floor":5},{"not_picked":["Headbutt","Havoc","Flex"],"picked":"SKIP","floor":7},{"not_picked":["Twin Strike","Clothesline"],"picked":"Double Tap","floor":10},{"not_picked":["Flex","Rampage","Searing Blow"],"picked":"SKIP","floor":12},{"not_picked":["Brutality","Power Through","Perfected Strike"],"picked":"SKIP","floor":13},{"not_picked":["Dark Embrace","Metallicize","Ghostly Armor"],"picked":"SKIP","floor":14},{"not_picked":["Barricade","Bludgeon"],"picked":"Limit Break","floor":16},{"not_picked":["Cleave","Uppercut","Heavy Blade+1"],"picked":"SKIP","floor":18}],"player_experience":159209,"relics_obtained":[{"floor":7,"key":"Akabeko"},{"floor":9,"key":"Pear"},{"floor":13,"key":"Strawberry"}],"event_choices":[{"damage_healed":0,"gold_gain":0,"player_choice":"Success","damage_taken":18,"relics_obtained":["Vajra"],"max_hp_gain":0,"max_hp_loss":0,"event_name":"Scrap Ooze","floor":2,"gold_loss":0},{"damage_healed":0,"gold_gain":0,"player_choice":"Bought 3 Potions","damage_taken":0,"max_hp_gain":0,"max_hp_loss":0,"event_name":"The Woman in Blue","floor":4,"gold_loss":0}],"is_beta":false,"boss_relics":[{"not_picked":["Empty Cage","Snecko Eye"],"picked":"Black Star"}],"items_purged_floors":[],"is_endless":false,"potions_floor_spawned":[1,13,14],"killed_by":"Chosen","ascension_level":5}}