{"host":"31srvgftwd43oumg","time":1611710807,"event":{"mods":["BaseMod","Better Third Choice","BetterRewards","Card Forge","Hubris","Infinite Spire","Jorbs\u0027s Wanderer Trilogy","Koishi","Luminous","Marisa????????","Minty Spire (QoL Compilation)","Remilia??????","Replay The Spire","Shop Mod","StSLib","The Bug Knight","The Cursed","The Death Knight","The Disciple","The Exalted","The Hierophant","The Mystic","The Necromancer","The Senshi"],"gold_per_floor":[111,111,222,234,252,278,278,259,259,294,294,327,13,13,13,116,116,128,147,147,29,44,44,58,87,87,107,134,134,169,140,140,236,236,251,262,137,137,151,151,180,196,196,228,228,259,284,284,284,284],"floor_reached":51,"language":"ENG","playtime":2603,"items_purged":["Wild Strike","hubris:Wrath","Demon Form+1"],"score":1196,"play_id":"12290d25-5fb2-4a18-ab67-724b113057a4","local_time":"20210126192647","daily_mods":["SealedDeck","Heirloom","Elite Swarm"],"is_ascension_mode":false,"campfire_choices":[{"data":"Dark Embrace","floor":7.0,"key":"SMITH"},{"data":"Fire Breathing","floor":11.0,"key":"SMITH"},{"data":"True Grit","floor":15.0,"key":"SMITH"},{"data":"Dark Embrace","floor":23.0,"key":"SMITH"},{"floor":32,"key":"REST"},{"floor":40,"key":"REST"},{"floor":49,"key":"REST"}],"circlet_count":0,"master_deck":["Dark Embrace+1","Ghostly Armor+1","Shrug It Off+1","Feel No Pain+1","Fire Breathing+1","True Grit+1","Wild Strike+1","Wild Strike+1","infinitespire:OneForAll+1","Offering+1","Havoc+1","Dark Embrace+1","Evolve+1","Offering+1"],"relics":["Burning Blood","Hammer of Thor","Seething Fire","Anvil of the Gods","Durian","hubris:Icosahedron","infinitespire:Eraser","ReplayTheSpireMod:TigerMarble","Eternal Feather","infinitespire:Joker Card","infinitespire:Satchel","Toxic Egg 2","infinitespire:Burning Sword","Incense Burner","Tiny Chest","Red Skull","ReplayTheSpireMod:CursedCoin","Sozu","Darkstone Periapt","Toy Ornithopter","hubris:MysteriousPyramids","hubris:TenFootPole","hubris:Towel"],"acts_visited":["Exordium","TheCity","TheBeyond"],"potions_floor_usage":[30,50],"damage_taken":[{"damage":0.0,"enemies":"Jaw Worm","floor":1.0,"turns":4.0},{"damage":0.0,"enemies":"Small Slimes","floor":3.0,"turns":3.0},{"damage":0.0,"enemies":"2 Louse","floor":4.0,"turns":3.0},{"damage":8.0,"enemies":"Exordium Thugs","floor":5.0,"turns":6.0},{"damage":0.0,"enemies":"Replay:BlueRogue","floor":6.0,"turns":6.0},{"damage":23.0,"enemies":"Lagavulin","floor":8.0,"turns":6.0},{"damage":12.0,"enemies":"3 Sentries","floor":10.0,"turns":4.0},{"damage":8.0,"enemies":"Lagavulin","floor":12.0,"turns":4.0},{"damage":6.0,"enemies":"The Guardian","floor":16.0,"turns":8.0},{"damage":7.0,"enemies":"Shell Parasite","floor":18.0,"turns":3.0},{"damage":7.0,"enemies":"Spheric Guardian","floor":19.0,"turns":4.0},{"damage":6.0,"enemies":"Centurion and Healer","floor":22.0,"turns":6.0},{"damage":14.0,"enemies":"3 Cultists","floor":24.0,"turns":4.0},{"damage":24.0,"enemies":"Nightmare","floor":25.0,"turns":4.0},{"damage":6.0,"enemies":"Snake Plant","floor":27.0,"turns":2.0},{"damage":6.0,"enemies":"Gremlin Leader","floor":28.0,"turns":4.0},{"damage":11,"enemies":"Slavers","floor":30,"turns":5},{"damage":6,"enemies":"Collector","floor":33,"turns":6},{"damage":0,"enemies":"3 Shapes","floor":35,"turns":2},{"damage":0,"enemies":"Orb Walker","floor":36,"turns":2},{"damage":4,"enemies":"Jaw Worm Horde","floor":39,"turns":2},{"damage":0,"enemies":"Giant Head","floor":41,"turns":6},{"damage":1,"enemies":"4 Shapes","floor":42,"turns":2},{"damage":12,"enemies":"HollowMod:StalkingDevout","floor":44,"turns":4},{"damage":2,"enemies":"R_Hoarder","floor":46,"turns":4},{"damage":18,"enemies":"hubris:GrandSnecko","floor":50,"turns":8}],"seed_played":"1206553522054667838","potions_obtained":[{"floor":1.0,"key":"infinitespire:BlackPotion"},{"floor":10.0,"key":"Adrenaline Potion"},{"floor":16.0,"key":"PowerPotion"},{"floor":20.0,"key":"Energy Potion"}],"is_trial":true,"path_per_floor":["M","?","M","M","M","E","R","E","T","E","R","E","$","?","R","B",null,"M","M","?","$","M","R","M","NM","T","M","E","?","E","$","R","B",null,"M","M","$","?","M","R","E","M","T","E","?","E","T","?","R","B",null],"character_chosen":"IRONCLAD","items_purchased":["Toxic Egg 2","Havoc+1","Dark Embrace","ReplayTheSpireMod:CursedCoin","Evolve"],"campfire_rested":3,"item_purchase_floors":[13,21,21,31,31],"current_hp_per_floor":[85,85,85,85,83,85,85,68,68,62,68,66,66,66,72,72,85,84,83,83,83,83,85,77,59,59,59,59,59,54,54,85,85,85,85,85,85,85,85,85,85,85,85,79,79,83,83,83,85,73],"gold":284,"neow_bonus":"","is_daily":false,"chose_seed":false,"campfire_upgraded":4,"win_rate":0.0,"timestamp":1611710807,"path_taken":["M","?","M","M","M","E","R","E","T","E","R","E","$","?","R","BOSS","M","M","?","?","M","R","M","NM","T","M","E","?","E","$","R","BOSS","M","M","$","?","M","R","E","M","T","E","?","E","?","?","R","BOSS"],"items_purchased_type":["Relic","Card","Card","Relic","Card"],"build_version":"2020-12-22","purchased_purges":3,"victory":true,"max_hp_per_floor":[85,85,85,85,85,85,85,85,85,85,85,85,85,85,85,85,85,85,85,85,85,85,85,85,85,85,85,85,85,85,85,85,85,85,85,85,85,85,85,85,85,85,85,85,85,85,85,85,85,85],"card_choices":[{"not_picked":["Defy Death","Thunderclap","ReplayReversal"],"picked":"SKIP","floor":1.0},{"not_picked":["Shrug It Off","Defy Death"],"picked":"infinitespire:OneForAll","floor":3.0},{"not_picked":["ReplayTheSpireMod:Muscle Training","Heavy Blade","Life Link"],"picked":"SKIP","floor":4.0},{"not_picked":["Heavy Blade","Clothesline","Entrench"],"picked":"SKIP","floor":5.0},{"not_picked":["Brutality","Hemogenesis","Double Tap"],"picked":"SKIP","floor":6.0},{"not_picked":["Barricade","Brutality"],"picked":"Offering","floor":8.0},{"not_picked":["Replay:Many Hands","Limit Break","Hemogenesis"],"picked":"SKIP","floor":10.0},{"not_picked":["Barricade","Berserk","Fiend Fire"],"picked":"SKIP","floor":12.0},{"not_picked":["Double Tap+1","Brutality"],"picked":"Demon Form","floor":16.0},{"not_picked":["Run Through+1","Wild Strike+1","Pommel Strike+1"],"picked":"SKIP","floor":18.0},{"not_picked":["Rupture","Replay:Undeath\u0027s Touch","Headbutt"],"picked":"SKIP","floor":19.0},{"not_picked":["Spot Weakness+1","Heavy Blade","Reckless Charge"],"picked":"SKIP","floor":22.0},{"not_picked":["Bloodletting+1","Combust+1","Havoc+1"],"picked":"SKIP","floor":24.0},{"not_picked":["Immolate","Bludgeon","Corruption"],"picked":"SKIP","floor":25.0},{"not_picked":["Heavy Blade","Burning Pact+1","Body Slam"],"picked":"SKIP","floor":27.0},{"not_picked":["Limit Break+1","Berserk","Immolate"],"picked":"SKIP","floor":28},{"not_picked":["Demon Form","Hemogenesis","hubris:StunningStrike"],"picked":"SKIP","floor":30},{"not_picked":["Sever Soul+1","Headbutt","Bloodletting+1"],"picked":"SKIP","floor":35},{"not_picked":["Clothesline","Headbutt","Cleave"],"picked":"SKIP","floor":36},{"not_picked":["Perfected Strike","Whirlwind","Flex+1"],"picked":"SKIP","floor":39},{"not_picked":["Corruption","Fiend Fire"],"picked":"Offering+1","floor":41},{"not_picked":["Body Slam+1","ReplayTheSpireMod:LeadingStrike+1","Havoc+1"],"picked":"SKIP","floor":42},{"not_picked":["hubris:StunningStrike","Replay:Many Hands+1","Immolate"],"picked":"SKIP","floor":44},{"not_picked":["Impervious+1","Limit Break+1","Demonic Infusion+1"],"picked":"SKIP","floor":46}],"player_experience":992063,"relics_obtained":[{"floor":6.0,"key":"infinitespire:Eraser"},{"floor":8.0,"key":"ReplayTheSpireMod:TigerMarble"},{"floor":9.0,"key":"Eternal Feather"},{"floor":10.0,"key":"infinitespire:Joker Card"},{"floor":12.0,"key":"infinitespire:Satchel"},{"floor":25.0,"key":"Incense Burner"},{"floor":28,"key":"Tiny Chest"},{"floor":30,"key":"Red Skull"},{"floor":43,"key":"Darkstone Periapt"},{"floor":44,"key":"Toy Ornithopter"},{"floor":46,"key":"hubris:MysteriousPyramids"},{"floor":47,"key":"hubris:TenFootPole"}],"event_choices":[{"damage_healed":0.0,"max_hp_gain":0.0,"max_hp_loss":0.0,"gold_gain":0.0,"event_name":"Living Wall","player_choice":"Grow","floor":14.0,"gold_loss":0.0,"damage_taken":0.0,"cards_upgraded":["Feel No Pain"]},{"damage_healed":0.0,"max_hp_gain":0.0,"max_hp_loss":0.0,"gold_gain":0.0,"event_name":"Lab","player_choice":"Got Potions","floor":20.0,"gold_loss":0.0,"damage_taken":0.0},{"damage_healed":0,"gold_gain":0,"player_choice":"Ignored","damage_taken":0,"max_hp_gain":0,"max_hp_loss":0,"event_name":"Tomb of Lord Red Mask","floor":38,"gold_loss":0}],"is_beta":false,"boss_relics":[{"not_picked":["Snecko Eye","ReplayTheSpireMod:SealedPack"],"picked":"infinitespire:Burning Sword"},{"not_picked":["Ring of Chaos","Replay:Wanted Poster"],"picked":"Sozu"}],"items_purged_floors":[13,31,37],"is_endless":false,"potions_floor_spawned":[1,4,10,16,19,22,27,28,35,39,44],"ascension_level":0}}