{"host":"i1ue3w889ogl1u8b","time":1611772104,"event":{"mods":["Arknights The Spire","BaseMod","CapriCore","Downfall","Hermit","KinomotoSakuraMod(木之本樱)","Minty Spire (QoL Compilation)","Quick Restart","StSLib","The Construct","Yakumo Yukari mod","Yuyuko","【角色mod】十八桐人","篝火指南"],"gold_per_floor":[119,119,119,132,132,132,155,79,155,196,196,196,220,261,261,389,389,414,414,428,51,62,95,95,127,127,127,154,154,189,189,189,293,293,306,206,218,218,218,253,269,302,377,377,224,78,105,138,138,138,138,138,138,187,187],"floor_reached":56,"language":"ZHS","playtime":2829,"items_purged":["ats:Strike G","ats:Defend"],"score":1679,"play_id":"ee52b5e0-6fa2-4647-8fb7-4f7f46c4a72e","local_time":"20210128022824","is_ascension_mode":true,"campfire_choices":[{"data":"ats:Emotion Absorption","floor":6.0,"key":"SMITH"},{"data":"ats:Serious Mode","floor":11.0,"key":"SMITH"},{"floor":15.0,"key":"REST"},{"data":"ats:Ambush","floor":24.0,"key":"SMITH"},{"data":"Madness","floor":27.0,"key":"SMITH"},{"data":"ats:Armor Crushing Shot","floor":29.0,"key":"SMITH"},{"floor":32.0,"key":"RECALL"},{"data":"Apotheosis","floor":49.0,"key":"SMITH"}],"circlet_count":0,"master_deck":["ats:Strike S","ats:Armor Crushing Shot+1","ats:Defend","ats:Defend","ats:Emotion Absorption+1","ats:Serious Mode+1","ats:Ambush+1","Madness+1","ats:Assault Order+1","ats:Explosion Area Strengthen+1","ats:Wolf Pack","ats:Flexible Camouflage","ats:Soul Absorption+1","ats:Consecutive Shot Auto+1","ats:Echo Reverb","ats:Defend Order","ats:Revitalization","ats:Nebulous Foxfire","ats:Charging Defense","ats:Calcification","Apotheosis+1","ats:Powerful Strike+1"],"relics":["Empty Cage","Bloody Idol","Gremlin Horn","ats:Originium","InkBottle","Centennial Puzzle","Matryoshka","SacredBark","War Paint","Medical Kit","ats:Berate","WingedGreaves","Blood Vial","ats:Military Tradition","ats:Industrial Water Cannon","Sundial","Whetstone","Singing Bowl","Black Star","HornCleat","White Beast Statue","Oddly Smooth Stone","ats:Hidden Killer","Pen Nib","ats:Snipe","Shuriken","Ancient Tea Set","ats:Gyao","Meat on the Bone","ats:Spiritual Recovery","Strawberry"],"acts_visited":["Exordium","TheCity","TheBeyond","TheEnding"],"potions_floor_usage":[55,55],"damage_taken":[{"damage":4.0,"enemies":"Cultist","floor":1.0,"turns":4.0},{"damage":8.0,"enemies":"2 Louse","floor":4.0,"turns":3.0},{"damage":11.0,"enemies":"Jaw Worm","floor":7.0,"turns":4.0},{"damage":4.0,"enemies":"3 Sentries","floor":10.0,"turns":4.0},{"damage":0.0,"enemies":"Large Slime","floor":13.0,"turns":4.0},{"damage":0.0,"enemies":"Gremlin Nob","floor":14.0,"turns":2.0},{"damage":0.0,"enemies":"Slime Boss","floor":16.0,"turns":7.0},{"damage":19.0,"enemies":"Shell Parasite","floor":18.0,"turns":6.0},{"damage":0.0,"enemies":"Chosen","floor":20.0,"turns":9.0},{"damage":23.0,"enemies":"3 Cultists","floor":22.0,"turns":5.0},{"damage":18.0,"enemies":"Slavers","floor":23.0,"turns":4.0},{"damage":0.0,"enemies":"Gremlin Leader","floor":25.0,"turns":9.0},{"damage":35.0,"enemies":"Book of Stabbing","floor":28.0,"turns":8.0},{"damage":27.0,"enemies":"Gremlin Leader","floor":30.0,"turns":5.0},{"damage":4.0,"enemies":"Automaton","floor":33.0,"turns":11.0},{"damage":20.0,"enemies":"3 Darklings","floor":35.0,"turns":6.0},{"damage":13.0,"enemies":"Orb Walker","floor":37.0,"turns":4.0},{"damage":4.0,"enemies":"Nemesis","floor":40.0,"turns":9.0},{"damage":35.0,"enemies":"Maw","floor":41.0,"turns":13.0},{"damage":18.0,"enemies":"Giant Head","floor":42.0,"turns":14.0},{"damage":6.0,"enemies":"Reptomancer","floor":47.0,"turns":6.0},{"damage":0.0,"enemies":"Nemesis","floor":48.0,"turns":9.0},{"damage":33.0,"enemies":"Awakened One","floor":50.0,"turns":15.0},{"damage":26.0,"enemies":"Shield and Spear","floor":54.0,"turns":7.0},{"damage":34,"enemies":"The Heart","floor":55,"turns":8}],"seed_played":"8435432675079925305","potions_obtained":[{"floor":7.0,"key":"EntropicBrew"},{"floor":14.0,"key":"SteroidPotion"},{"floor":16.0,"key":"ats:Emergency Sanity Potion"},{"floor":20.0,"key":"Fruit Juice"},{"floor":28.0,"key":"CultistPotion"},{"floor":30.0,"key":"bronze:BurnAndBuffPotion"},{"floor":54.0,"key":"Strength Potion"}],"is_trial":false,"path_per_floor":["M","?","?","M","?","R","M","$","T","E","R","?","M","E","R","B",null,"M","?","M","$","M","E","R","E","T","R","E","R","E","T","R","B",null,"M","$","M","?","?","E","M","E","T","$","$","R","E","E","R","B",null,"R","$","E","B",null],"character_chosen":"DOCTOR_CLASS","items_purchased":["ats:Wolf Pack","War Paint","Medical Kit","Pen Nib","ats:Snipe"],"campfire_rested":1,"item_purchase_floors":[8,21,21,45,46],"current_hp_per_floor":[68,50,50,42,35,35,24,24,24,42,42,17,17,17,38,38,72,53,53,68,68,50,37,37,60,60,60,56,56,51,51,51,82,82,84,84,79,79,79,84,86,86,86,86,86,86,88,90,90,90,90,90,90,95,89],"gold":187,"neow_bonus":"BOSS_RELIC","is_daily":false,"chose_seed":false,"campfire_upgraded":6,"win_rate":0.0,"timestamp":1611772104,"path_taken":["M","?","?","?","?","R","M","$","T","E","R","?","M","E","R","BOSS","M","?","M","$","M","E","R","E","T","R","E","R","E","?","R","BOSS","M","$","M","?","?","E","M","E","T","$","$","R","E","E","R","BOSS","R","$","E","BOSS"],"items_purchased_type":["Card","Relic","Relic","Relic","Relic"],"build_version":"2020-12-22","purchased_purges":2,"victory":true,"max_hp_per_floor":[72,72,72,72,72,72,72,72,72,72,72,72,72,72,72,72,72,72,72,82,82,82,82,82,82,82,82,82,82,82,82,82,82,82,84,84,86,82,82,84,86,86,86,86,86,86,88,90,90,90,90,90,90,99,99],"card_choices":[{"not_picked":["ats:Very Hot Blade","ats:Automatic Cover"],"picked":"ats:Serious Mode","floor":1.0},{"not_picked":["ats:Mental Burst","ats:Cat Scratch"],"picked":"ats:Assault Order","floor":4.0},{"not_picked":["ats:Red Shift","ats:Mental Burst"],"picked":"ats:Explosion Area Strengthen","floor":7.0},{"not_picked":["ats:Hammer On","ats:Demon Strength"],"picked":"ats:Flexible Camouflage","floor":10.0},{"not_picked":["ats:Very Hot Blade","ats:Ignite"],"picked":"ats:Soul Absorption","floor":13.0},{"not_picked":["ats:Very Hot Blade","ats:Flexible Camouflage"],"picked":"ats:Consecutive Shot Auto","floor":14.0},{"not_picked":["ats:Soul Rend","ats:Fractured Body"],"picked":"ats:Echo Reverb","floor":16.0},{"not_picked":["ats:Serious Mode","ats:Assault Order+1"],"picked":"ats:Defend Order","floor":18.0},{"not_picked":["ats:Ignite","ats:Assault Order","ats:Hammer On"],"picked":"SKIP","floor":20.0},{"not_picked":["ats:Consecutive Shot Auto+1","ats:Very Hot Blade+1","ats:Hook Shot"],"picked":"SKIP","floor":22.0},{"not_picked":["ats:Mental Burst+1","ats:Dogmatic Field"],"picked":"ats:Revitalization","floor":23.0},{"not_picked":["ats:Leaping Hammer","ats:Explosion Area Strengthen","ats:Apocalypse"],"picked":"SKIP","floor":25.0},{"not_picked":["ats:Cat Scratch","ats:Guardian Obelisk"],"picked":"ats:Nebulous Foxfire","floor":28.0},{"not_picked":["ats:Directed Diagnosis","ats:Poison Spread"],"picked":"ats:Charging Defense","floor":30.0},{"not_picked":["ats:Echo Reverb","ats:Roar Of Ursus"],"picked":"ats:Calcification","floor":33.0},{"not_picked":["ats:Blood Oath+1","ats:Closed Bolt Burst Fire+1","ats:Serious Mode+1"],"picked":"Singing Bowl","floor":35.0},{"not_picked":["ats:Shell Defense+1","ats:Serious Mode","ats:Very Hot Blade+1"],"picked":"Singing Bowl","floor":37.0},{"not_picked":["Sadistic Nature","Panacea"],"picked":"Apotheosis","floor":39.0},{"not_picked":["ats:Defend Order+1","ats:Sashimi Platter","ats:Leaping Hammer"],"picked":"Singing Bowl","floor":40.0},{"not_picked":["ats:Serious Mode+1","ats:Part Time Job+1","ats:Ignite+1"],"picked":"Singing Bowl","floor":41.0},{"not_picked":["ats:Healing Drone","ats:Spore Proliferation+1"],"picked":"ats:Powerful Strike+1","floor":42.0},{"not_picked":["ats:Flexible Camouflage","ats:Sword Rain","ats:Closed Bolt Burst Fire"],"picked":"Singing Bowl","floor":47.0},{"not_picked":["ats:Powerful Strike+1","ats:Leaping Hammer","ats:Revitalization+1"],"picked":"Singing Bowl","floor":48.0},{"not_picked":["ats:Apocalypse","ats:Very Hot Blade+1","ats:Revitalization"],"picked":"Singing Bowl","floor":54.0}],"player_experience":332016,"relics_obtained":[{"floor":9.0,"key":"Gremlin Horn"},{"floor":10.0,"key":"ats:Originium"},{"floor":10.0,"key":"InkBottle"},{"floor":14.0,"key":"ats:Originium"},{"floor":14.0,"key":"Matryoshka"},{"floor":23.0,"key":"ats:Originium"},{"floor":23.0,"key":"ats:Berate"},{"floor":25.0,"key":"ats:Originium"},{"floor":25.0,"key":"WingedGreaves"},{"floor":26.0,"key":"Blood Vial"},{"floor":26.0,"key":"ats:Military Tradition"},{"floor":28.0,"key":"ats:Industrial Water Cannon"},{"floor":30.0,"key":"Sundial"},{"floor":31.0,"key":"Whetstone"},{"floor":31.0,"key":"Singing Bowl"},{"floor":40.0,"key":"HornCleat"},{"floor":40.0,"key":"White Beast Statue"},{"floor":42.0,"key":"Oddly Smooth Stone"},{"floor":42.0,"key":"ats:Hidden Killer"},{"floor":47.0,"key":"Shuriken"},{"floor":47.0,"key":"Ancient Tea Set"},{"floor":48.0,"key":"ats:Gyao"},{"floor":48.0,"key":"Meat on the Bone"},{"floor":54.0,"key":"ats:Spiritual Recovery"},{"floor":54.0,"key":"Strawberry"}],"event_choices":[{"damage_healed":0.0,"max_hp_gain":0.0,"max_hp_loss":0.0,"gold_gain":0.0,"event_name":"Golden Idol","player_choice":"Take Damage","floor":2.0,"gold_loss":0.0,"damage_taken":18.0,"relics_obtained":["Golden Idol"]},{"damage_healed":0.0,"max_hp_gain":0.0,"max_hp_loss":0.0,"gold_gain":0.0,"event_name":"Match and Keep!","player_choice":"2 cards matched","floor":3.0,"gold_loss":0.0,"damage_taken":0.0,"cards_obtained":["ats:Ambush","Madness"]},{"cards_removed":["ats:Strike C"],"damage_healed":0.0,"max_hp_gain":0.0,"max_hp_loss":0.0,"gold_gain":0.0,"event_name":"Golden Wing","player_choice":"Card Removal","floor":5.0,"gold_loss":0.0,"damage_taken":7.0},{"damage_healed":0.0,"max_hp_gain":0.0,"max_hp_loss":0.0,"gold_gain":0.0,"event_name":"Scrap Ooze","player_choice":"Success","floor":12.0,"gold_loss":0.0,"damage_taken":25.0,"relics_obtained":["Centennial Puzzle"]},{"damage_healed":0.0,"max_hp_gain":0.0,"max_hp_loss":0.0,"gold_gain":0.0,"event_name":"Forgotten Altar","player_choice":"Gave Idol","floor":19.0,"relics_lost":["Golden Idol"],"gold_loss":0.0,"damage_taken":0.0,"relics_obtained":["Bloody Idol"]},{"damage_healed":0.0,"max_hp_gain":0.0,"max_hp_loss":4.0,"gold_gain":0.0,"event_name":"Winding Halls","player_choice":"Max HP","floor":38.0,"gold_loss":0.0,"damage_taken":0.0},{"damage_healed":0.0,"max_hp_gain":0.0,"max_hp_loss":0.0,"gold_gain":0.0,"event_name":"SensoryStone","player_choice":"Memory 1","floor":39.0,"gold_loss":0.0,"damage_taken":0.0}],"is_beta":false,"boss_relics":[{"not_picked":["Calling Bell","bronze:MakeshiftBattery"],"picked":"SacredBark"},{"not_picked":["Velvet Choker","ats:Omniscience"],"picked":"Black Star"}],"items_purged_floors":[21,36],"is_endless":false,"potions_floor_spawned":[7,14,16,20,28,30,35,37,41,42,47,48,54],"ascension_level":1}}