{"host":"q57ekfojy3i00x9o","time":1611742895,"event":{"mods":["Arknights The Spire","Aspiration","BaseMod","Colored Map","Energized Spire","Hermit","Minty Spire (QoL Compilation)","Quick Restart","Spicy Shops","Spikes Relics","StSLib","slay the spire mod where everything is the same but ironclad has a cowboy hat"],"gold_per_floor":[112,127,127,144,144,144,175,175,200,215,233,248,2,2,2,91,91,105,3,3,3,23,23,47,47,47,70,70,70,88,104,104,197,197,210,46,46,66,66,99,99,99,99],"floor_reached":42,"language":"RUS","playtime":1047,"items_purged":["Strike_R"],"score":838,"play_id":"47680445-86ef-4527-8661-baf645d0c339","local_time":"20210127152135","is_ascension_mode":true,"campfire_choices":[{"data":"Flex","floor":6,"key":"SMITH"},{"floor":8,"key":"REST"},{"data":"Inflame","floor":15,"key":"SMITH"},{"data":"Enlightenment","floor":23,"key":"SMITH"},{"data":"Inflame","floor":25,"key":"SMITH"},{"floor":32,"key":"REST"}],"circlet_count":0,"master_deck":["AscendersBane","Strike_R","Strike_R","Strike_R","Strike_R","Defend_R","Defend_R","Defend_R","Defend_R","Bash","Impervious","Flex+1","Heavy Blade","Flex+1","Sword Boomerang","Shrug It Off","Inflame+1","Inflame+1","Reaper","Parasite","Double Tap","Enlightenment+1","Dropkick","Perfected Strike+1","Writhe","Clothesline","Demon Form+1","Pommel Strike","Bloodletting+1","Writhe","Barricade","Apotheosis"],"relics":["Burning Blood","Golden Idol","Pear","Centennial Puzzle","energizedSpire:DecayingSkull","Paper Frog","aspiration:RitualStick","Gambling Chip","Brimstone","Nunchaku"],"acts_visited":["Exordium","TheCity","TheBeyond"],"potions_floor_usage":[7,16,16,27,30,33,33,40],"damage_taken":[{"damage":10,"enemies":"2 Louse","floor":1,"turns":3},{"damage":16,"enemies":"Cultist","floor":2,"turns":5},{"damage":14,"enemies":"Jaw Worm","floor":4,"turns":4},{"damage":35,"enemies":"3 Sentries","floor":7,"turns":9},{"damage":15,"enemies":"Large Slime","floor":10,"turns":4},{"damage":11,"enemies":"Looter","floor":11,"turns":3},{"damage":8,"enemies":"Red Slaver","floor":12,"turns":3},{"damage":45,"enemies":"The Guardian","floor":16,"turns":9},{"damage":59,"enemies":"Chosen","floor":18,"turns":7},{"damage":26,"enemies":"2 Thieves","floor":22,"turns":4},{"damage":15,"enemies":"Snake Plant","floor":24,"turns":3},{"damage":41,"enemies":"Sentry and Sphere","floor":27,"turns":6},{"damage":4,"enemies":"3 Cultists","floor":30,"turns":4},{"damage":50,"enemies":"Shelled Parasite and Fungi","floor":31,"turns":4},{"damage":40,"enemies":"Champ","floor":33,"turns":8},{"damage":24,"enemies":"3 Shapes","floor":35,"turns":3},{"damage":26,"enemies":"Orb Walker","floor":38,"turns":3},{"damage":50,"enemies":"Nemesis","floor":40,"turns":5},{"damage":92,"enemies":"Reptomancer","floor":42,"turns":2}],"seed_played":"-8334910090383794507","potions_obtained":[{"floor":2,"key":"Dexterity Potion"},{"floor":7,"key":"DistilledChaos"},{"floor":11,"key":"Dexterity Potion"},{"floor":16,"key":"ElixirPotion"},{"floor":22,"key":"Fire Potion"},{"floor":27,"key":"BlessingOfTheForge"},{"floor":30,"key":"Regen Potion"},{"floor":35,"key":"PowerPotion"}],"is_trial":false,"path_per_floor":["M","M","?","M","?","R","E","R","T","M","M","M","$","?","R","B",null,"M","$","?","?","M","R","M","R","T","M","?","?","M","M","R","B",null,"M","$","?","M","?","E","?","E"],"character_chosen":"IRONCLAD","items_purchased":["Reaper","Enlightenment","Brimstone"],"campfire_rested":2,"item_purchase_floors":[13,19,36],"current_hp_per_floor":[64,54,54,46,46,46,27,50,50,41,36,34,34,53,53,27,65,16,16,32,78,78,78,69,69,69,34,14,14,61,34,57,67,75,57,57,57,51,67,23,23,0,0],"gold":99,"neow_bonus":"ONE_RANDOM_RARE_CARD","is_daily":false,"chose_seed":false,"campfire_upgraded":4,"win_rate":0.0,"timestamp":1611742895,"path_taken":["M","M","?","?","?","R","E","R","T","M","M","M","?","?","R","BOSS","M","$","?","?","M","R","?","R","T","?","?","?","M","M","R","BOSS","M","$","?","?","?","E","?","E"],"items_purchased_type":["Card","Card","Relic"],"build_version":"2020-12-22","purchased_purges":1,"victory":false,"max_hp_per_floor":[75,75,75,75,68,68,78,78,78,78,78,78,78,78,78,78,78,78,78,78,78,78,78,78,78,78,78,78,78,78,78,78,78,78,78,78,78,78,78,78,78,78,78],"card_choices":[{"not_picked":["Twin Strike","Sword Boomerang"],"picked":"Flex","floor":1},{"not_picked":["Havoc","True Grit"],"picked":"Heavy Blade","floor":2},{"not_picked":["Havoc","Sword Boomerang"],"picked":"Flex","floor":4},{"not_picked":["Pommel Strike","Shrug It Off"],"picked":"Sword Boomerang","floor":7},{"not_picked":["Entrench","Perfected Strike"],"picked":"Shrug It Off","floor":10},{"not_picked":["Rampage","Fire Breathing"],"picked":"Inflame","floor":11},{"not_picked":["Infernal Blade","Hemokinesis"],"picked":"Inflame","floor":12},{"not_picked":["Reaper","Exhume"],"picked":"Double Tap","floor":16},{"not_picked":["Shrug It Off","True Grit","Warcry"],"picked":"SKIP","floor":18},{"not_picked":["Carnage","Invigoration"],"picked":"Dropkick","floor":22},{"not_picked":["Pommel Strike","Blood for Blood"],"picked":"Perfected Strike+1","floor":24},{"not_picked":["Rupture+1","Wild Strike","Iron Wave"],"picked":"SKIP","floor":27},{"not_picked":["Absolvement+1","Intimidate"],"picked":"Clothesline","floor":30},{"not_picked":["Headbutt","True Grit","Body Slam"],"picked":"SKIP","floor":31},{"not_picked":["Barricade","Reaper"],"picked":"Demon Form","floor":33},{"not_picked":["Perfected Strike","Rage+1"],"picked":"Pommel Strike","floor":35},{"not_picked":["Rupture","Rage+1"],"picked":"Bloodletting+1","floor":38},{"not_picked":["Flame Barrier","Fire Breathing"],"picked":"Barricade","floor":40},{"not_picked":["PlatinumSkin","Madness"],"picked":"Apotheosis","floor":41}],"player_experience":729936,"relics_obtained":[{"floor":7,"key":"Pear"},{"floor":9,"key":"Centennial Puzzle"},{"floor":26,"key":"Paper Frog"},{"floor":40,"key":"Nunchaku"}],"event_choices":[{"damage_healed":0,"gold_gain":0,"player_choice":"Forge","damage_taken":0,"max_hp_gain":0,"max_hp_loss":0,"event_name":"Accursed Blacksmith","floor":3,"gold_loss":0,"cards_upgraded":["Flex"]},{"damage_healed":0,"gold_gain":0,"player_choice":"Lose Max HP","damage_taken":0,"relics_obtained":["Golden Idol"],"max_hp_gain":0,"max_hp_loss":7,"event_name":"Golden Idol","floor":5,"gold_loss":0},{"damage_healed":19,"gold_gain":0,"player_choice":"Healed and dodged fight","damage_taken":0,"max_hp_gain":0,"max_hp_loss":0,"event_name":"Mushrooms","floor":14,"gold_loss":0,"cards_obtained":["Parasite"]},{"damage_healed":16,"gold_gain":0,"player_choice":"Heal","damage_taken":0,"max_hp_gain":0,"max_hp_loss":0,"event_name":"The Library","floor":20,"gold_loss":0},{"damage_healed":46,"gold_gain":0,"player_choice":"Full Heal","damage_taken":0,"max_hp_gain":0,"max_hp_loss":0,"event_name":"Wheel of Change","floor":21,"gold_loss":0},{"damage_healed":0,"gold_gain":0,"player_choice":"Opened","damage_taken":0,"relics_obtained":["Gambling Chip"],"max_hp_gain":0,"max_hp_loss":0,"event_name":"The Mausoleum","floor":29,"gold_loss":0,"cards_obtained":["Writhe"]},{"damage_healed":0,"gold_gain":0,"player_choice":"Upgraded","damage_taken":0,"max_hp_gain":0,"max_hp_loss":0,"event_name":"Upgrade Shrine","floor":37,"gold_loss":0,"cards_upgraded":["Demon Form"]},{"damage_healed":16,"gold_gain":0,"player_choice":"Writhe","damage_taken":0,"max_hp_gain":0,"max_hp_loss":0,"event_name":"Winding Halls","floor":39,"gold_loss":0,"cards_obtained":["Writhe"]},{"damage_healed":0,"gold_gain":0,"player_choice":"Memory 1","damage_taken":0,"max_hp_gain":0,"max_hp_loss":0,"event_name":"SensoryStone","floor":41,"gold_loss":0}],"is_beta":false,"boss_relics":[{"not_picked":["aspiration:SecretTechniqueScroll","SacredBark"],"picked":"energizedSpire:DecayingSkull"},{"not_picked":["Snecko Eye","Pandora\u0027s Box","aspiration:RunicSpoon"]}],"items_purged_floors":[13],"is_endless":false,"potions_floor_spawned":[2,7,11,12,16,22,27,30,35],"killed_by":"Reptomancer","ascension_level":18}}