{"host":"qsusua7l529r8z9k","time":1611725093,"event":{"mods":["BaseMod","Minty Spire (QoL Compilation)","StSLib"],"gold_per_floor":[115,115,115,140,140,140,176,176,200,200,216,247,93,93,93,187,187,210,210,223,123,123,123,154,154,180,180,218,259,273,304,304,397,397,417,750,459,471,471,471,482,59,59,87,100,128,140,171,183,195],"floor_reached":51,"language":"ZHS","playtime":2037,"items_purged":["Strike_G","Strike_G","Strike_G","Decay"],"score":1565,"play_id":"77283cd0-547a-4414-a2ae-b522f2021924","local_time":"20210127132453","is_ascension_mode":true,"campfire_choices":[{"data":"Storm of Steel","floor":6.0,"key":"SMITH"},{"data":"Acrobatics","floor":8.0,"key":"SMITH"},{"data":"Neutralize","floor":10.0,"key":"SMITH"},{"data":"Accuracy","floor":15.0,"key":"SMITH"},{"floor":23.0,"key":"REST"},{"data":"Cloak And Dagger","floor":25.0,"key":"SMITH"},{"data":"Concentrate","floor":27.0,"key":"SMITH"},{"data":"Burst","floor":32.0,"key":"SMITH"},{"data":"Terror","floor":40.0,"key":"SMITH"},{"data":"Accuracy","floor":47,"key":"SMITH"},{"floor":49,"key":"REST"}],"circlet_count":0,"master_deck":["AscendersBane","Defend_G","Defend_G","Defend_G","Defend_G","Defend_G","Survivor","Neutralize+1","Storm of Steel+1","Expertise+1","Cloak And Dagger+1","Infinite Blades","Acrobatics+1","Accuracy+1","Burst+1","Concentrate+1","Backflip","Terror+1","PiercingWail+1","After Image","Accuracy+1","Blade Dance+1"],"relics":["Ring of the Snake","Singing Bowl","Art of War","PreservedInsect","Paper Crane","Empty Cage","Nilry\u0027s Codex","Torii","Toy Ornithopter","Red Mask","Oddly Smooth Stone","StoneCalendar","WristBlade","Nunchaku","Ornamental Fan","Molten Egg 2","Lantern","MawBank"],"acts_visited":["Exordium","TheCity","TheBeyond"],"potions_floor_usage":[50,50],"damage_taken":[{"damage":8.0,"enemies":"Cultist","floor":1.0,"turns":5.0},{"damage":0.0,"enemies":"2 Louse","floor":4.0,"turns":3.0},{"damage":12.0,"enemies":"3 Sentries","floor":7.0,"turns":8.0},{"damage":0.0,"enemies":"Jaw Worm","floor":11.0,"turns":3.0},{"damage":0.0,"enemies":"Gremlin Nob","floor":12.0,"turns":3.0},{"damage":3.0,"enemies":"Hexaghost","floor":16.0,"turns":8.0},{"damage":6.0,"enemies":"3 Byrds","floor":18.0,"turns":4.0},{"damage":5.0,"enemies":"Chosen","floor":20.0,"turns":4.0},{"damage":14.0,"enemies":"Slavers","floor":24.0,"turns":3.0},{"damage":0.0,"enemies":"Masked Bandits","floor":28.0,"turns":3.0},{"damage":0.0,"enemies":"Book of Stabbing","floor":29.0,"turns":3.0},{"damage":1.0,"enemies":"Snecko","floor":30.0,"turns":4.0},{"damage":18.0,"enemies":"Slavers","floor":31.0,"turns":5.0},{"damage":16.0,"enemies":"Automaton","floor":33.0,"turns":6.0},{"damage":0.0,"enemies":"Orb Walker","floor":35.0,"turns":2.0},{"damage":0.0,"enemies":"3 Shapes","floor":38.0,"turns":7.0},{"damage":12.0,"enemies":"Sphere and 2 Shapes","floor":41.0,"turns":7.0},{"damage":1.0,"enemies":"Nemesis","floor":44.0,"turns":3.0},{"damage":0.0,"enemies":"Transient","floor":45.0,"turns":6.0},{"damage":0,"enemies":"Reptomancer","floor":46,"turns":2},{"damage":0,"enemies":"Maw","floor":48,"turns":3},{"damage":12,"enemies":"Awakened One","floor":50,"turns":8}],"seed_played":"-3536328403181594028","potions_obtained":[{"floor":4.0,"key":"FearPotion"},{"floor":7.0,"key":"Block Potion"},{"floor":24.0,"key":"Block Potion"},{"floor":28.0,"key":"PowerPotion"},{"floor":33.0,"key":"ColorlessPotion"},{"floor":35.0,"key":"Explosive Potion"},{"floor":46,"key":"AttackPotion"}],"is_trial":false,"path_per_floor":["M","?","?","M","?","R","E","R","T","R","M","E","$","?","R","B",null,"M","?","M","$","?","R","E","R","T","R","?","E","M","E","R","B",null,"M","?","$","M","?","R","M","$","T","E","M","E","R","M","R","B",null],"character_chosen":"THE_SILENT","items_purchased":["Accuracy","Nunchaku","Ornamental Fan"],"campfire_rested":2,"item_purchase_floors":[13,37,42],"current_hp_per_floor":[51,33,33,33,33,33,21,21,21,21,23,25,25,30,30,27,59,55,55,50,50,29,50,36,36,36,36,43,48,49,36,36,20,61,63,63,63,65,65,65,55,55,55,54,54,56,56,58,83,73],"gold":207,"neow_bonus":"THREE_RARE_CARDS","is_daily":false,"chose_seed":false,"campfire_upgraded":9,"win_rate":0.0,"timestamp":1611725093,"path_taken":["M","?","?","M","?","R","E","R","T","R","M","E","$","?","R","BOSS","M","?","M","?","?","R","E","R","T","R","?","E","M","E","R","BOSS","M","?","$","M","?","R","?","?","T","E","M","E","R","M","R","BOSS"],"items_purchased_type":["Card","Relic","Relic"],"build_version":"2020-12-22","purchased_purges":4,"victory":true,"max_hp_per_floor":[66,66,60,60,60,60,60,60,60,60,62,64,64,69,69,69,69,71,71,71,71,71,71,71,71,71,71,73,73,75,75,75,75,75,77,77,77,79,79,79,81,81,81,81,81,83,83,85,85,85],"card_choices":[{"not_picked":["Phantasmal Killer","Night Terror"],"picked":"Storm of Steel","floor":0.0},{"not_picked":["Dagger Throw","Dagger Spray"],"picked":"Expertise","floor":1.0},{"not_picked":["Bane","Quick Slash"],"picked":"Cloak And Dagger","floor":4.0},{"not_picked":["Sucker Punch","Concentrate"],"picked":"Acrobatics","floor":7.0},{"not_picked":["Setup","Endless Agony","Finisher"],"picked":"Singing Bowl","floor":11.0},{"not_picked":["Quick Slash","Blur","Glass Knife"],"picked":"Singing Bowl","floor":12.0},{"not_picked":["Night Terror","Die Die Die"],"picked":"Burst","floor":16.0},{"not_picked":["Acrobatics","Deflect","Slice"],"picked":"Singing Bowl","floor":18.0},{"not_picked":["Catalyst+1","Infinite Blades+1"],"picked":"Concentrate","floor":20.0},{"not_picked":["Poisoned Stab","Concentrate"],"picked":"Backflip","floor":24.0},{"not_picked":["Crippling Poison","Underhanded Strike","Sucker Punch"],"picked":"Singing Bowl","floor":28.0},{"not_picked":["Poisoned Stab","PiercingWail"],"picked":"Terror","floor":29.0},{"not_picked":["Distraction","Dagger Throw","Dodge and Roll"],"picked":"Singing Bowl","floor":30.0},{"not_picked":["Bane","Underhanded Strike"],"picked":"PiercingWail+1","floor":31.0},{"not_picked":["Venomology","Malaise"],"picked":"After Image","floor":33.0},{"not_picked":["Escape Plan","Predator","Finisher"],"picked":"Singing Bowl","floor":35.0},{"not_picked":["Riddle With Holes+1","Quick Slash","Concentrate+1"],"picked":"Singing Bowl","floor":38.0},{"not_picked":["Flying Knee+1","Skewer","Poisoned Stab"],"picked":"Singing Bowl","floor":41.0},{"not_picked":["Die Die Die+1","Endless Agony+1"],"picked":"Accuracy","floor":44.0},{"not_picked":["Escape Plan","Underhanded Strike+1"],"picked":"Blade Dance+1","floor":45.0},{"not_picked":["Quick Slash+1","Caltrops","Leg Sweep"],"picked":"Singing Bowl","floor":46},{"not_picked":["Dagger Spray+1","Bane+1","Endless Agony+1"],"picked":"Singing Bowl","floor":48}],"player_experience":494079,"relics_obtained":[{"floor":7.0,"key":"Art of War"},{"floor":9.0,"key":"PreservedInsect"},{"floor":12.0,"key":"Paper Crane"},{"floor":22.0,"key":"Nilry\u0027s Codex"},{"floor":24.0,"key":"Torii"},{"floor":26.0,"key":"Toy Ornithopter"},{"floor":28.0,"key":"Red Mask"},{"floor":29.0,"key":"Oddly Smooth Stone"},{"floor":31.0,"key":"StoneCalendar"},{"floor":43.0,"key":"Molten Egg 2"},{"floor":44.0,"key":"Lantern"},{"floor":46,"key":"MawBank"}],"event_choices":[{"damage_healed":0.0,"max_hp_gain":0.0,"max_hp_loss":0.0,"gold_gain":0.0,"event_name":"Scrap Ooze","player_choice":"Success","floor":2.0,"gold_loss":0.0,"damage_taken":18.0,"relics_obtained":["Singing Bowl"]},{"damage_healed":0.0,"max_hp_gain":0.0,"max_hp_loss":6.0,"gold_gain":0.0,"event_name":"Golden Idol","player_choice":"Lose Max HP","floor":3.0,"gold_loss":0.0,"damage_taken":0.0,"relics_obtained":["Golden Idol"]},{"damage_healed":0.0,"max_hp_gain":0.0,"max_hp_loss":0.0,"gold_gain":0.0,"cards_transformed":["Strike_G"],"event_name":"Living Wall","player_choice":"Change","floor":5.0,"gold_loss":0.0,"damage_taken":0.0,"cards_obtained":["Infinite Blades"]},{"damage_healed":0.0,"max_hp_gain":5.0,"max_hp_loss":0.0,"gold_gain":0.0,"event_name":"Big Fish","player_choice":"Donut","floor":14.0,"gold_loss":0.0,"damage_taken":0.0},{"damage_healed":0.0,"max_hp_gain":0.0,"max_hp_loss":0.0,"gold_gain":0.0,"event_name":"Accursed Blacksmith","player_choice":"Forge","floor":19.0,"gold_loss":0.0,"damage_taken":0.0,"cards_upgraded":["Expertise"]},{"damage_healed":0.0,"max_hp_gain":0.0,"max_hp_loss":0.0,"gold_gain":0.0,"event_name":"Cursed Tome","player_choice":"Obtained Book","floor":22.0,"gold_loss":0.0,"damage_taken":21.0},{"damage_healed":0.0,"max_hp_gain":0.0,"max_hp_loss":0.0,"gold_gain":0.0,"event_name":"Masked Bandits","player_choice":"Fought Bandits","floor":28.0,"gold_loss":0.0,"damage_taken":0.0},{"damage_healed":0.0,"max_hp_gain":0.0,"max_hp_loss":0.0,"gold_gain":333.0,"event_name":"The Moai Head","player_choice":"Gave Idol","floor":36.0,"relics_lost":["Golden Idol"],"gold_loss":0.0,"damage_taken":0.0},{"damage_healed":0.0,"max_hp_gain":0.0,"max_hp_loss":0.0,"gold_gain":0.0,"event_name":"Wheel of Change","player_choice":"Cursed","floor":39.0,"gold_loss":0.0,"damage_taken":0.0,"cards_obtained":["Decay"]}],"is_beta":false,"boss_relics":[{"not_picked":["Pandora\u0027s Box","SlaversCollar"],"picked":"Empty Cage"},{"not_picked":["Astrolabe","Philosopher\u0027s Stone"],"picked":"WristBlade"}],"items_purged_floors":[13,21,37,42],"is_endless":false,"potions_floor_spawned":[4,7,24,28,33,35,38,46],"ascension_level":17}}