{"host":"iphsb0ccnjx0pfn6","time":1611739201,"event":{"mods":["2.2 Compatiblity","AchievementEnabler","BaseMod","Colored Map","DeckTracker","Keyboard Shortcuts","Minty Spire (QoL Compilation)","Permanent Neow","Quick Restart","Relic Stats","StSLib","SuperFastMode","Uncapped","everything is the same but u backflip on backflip"],"gold_per_floor":[116,135,50,70,87,87,87,122,122,122,47,81,81,112,112,112,112],"floor_reached":16,"language":"KOR","playtime":420,"items_purged":["Strike_P"],"score":336,"play_id":"a4f6282a-e397-47e3-ac43-1a266c037a20","local_time":"20210127182001","is_ascension_mode":true,"campfire_choices":[{"data":"SandsOfTime","floor":6.0,"key":"SMITH"},{"data":"Prostrate","floor":13.0,"key":"SMITH"},{"data":"Eruption","floor":15.0,"key":"SMITH"}],"circlet_count":0,"master_deck":["AscendersBane","Strike_P","Strike_P","Defend_P","Defend_P","Defend_P","Defend_P","Eruption+1","Vigilance","Worship","ThirdEye","SandsOfTime+1","Prostrate+1","CutThroughFate","FearNoEvil","WheelKick"],"relics":["SacredBark","Art of War","Ornamental Fan","Pear","Frozen Egg 2"],"acts_visited":["Exordium"],"potions_floor_usage":[],"damage_taken":[{"damage":0.0,"enemies":"Cultist","floor":1.0,"turns":3.0},{"damage":4.0,"enemies":"2 Louse","floor":2.0,"turns":4.0},{"damage":0.0,"enemies":"Small Slimes","floor":4.0,"turns":2.0},{"damage":16.0,"enemies":"Exordium Wildlife","floor":5.0,"turns":6.0},{"damage":39.0,"enemies":"3 Sentries","floor":8.0,"turns":7.0},{"damage":0.0,"enemies":"Gremlin Nob","floor":12.0,"turns":2.0},{"damage":0.0,"enemies":"Lagavulin","floor":14.0,"turns":4.0},{"damage":15,"enemies":"Hexaghost","floor":16,"turns":7}],"seed_played":"-4727423086386743975","potions_obtained":[{"floor":1.0,"key":"CultistPotion"},{"floor":5.0,"key":"Energy Potion"},{"floor":12.0,"key":"AttackPotion"}],"is_trial":false,"path_per_floor":["M","M","$","M","M","R","?","E","T","?","$","E","R","E","R","B"],"character_chosen":"WATCHER","items_purchased":["SandsOfTime"],"campfire_rested":0,"item_purchase_floors":[3],"current_hp_per_floor":[61,57,57,57,41,41,41,2,2,2,2,12,12,12,12,0,0],"gold":112,"neow_bonus":"BOSS_RELIC","is_daily":false,"chose_seed":false,"campfire_upgraded":3,"win_rate":0.0,"timestamp":1611739201,"path_taken":["M","M","?","M","M","R","?","E","T","?","$","E","R","E","R","BOSS"],"items_purchased_type":["Card"],"build_version":"2020-12-22","purchased_purges":1,"victory":false,"max_hp_per_floor":[68,68,68,68,68,68,68,68,68,68,68,78,78,78,78,78,78],"relic_stats":{"counters":[8,35],"Ornamental Fan":[4],"Art of War":[4],"obtain_stats":[{"Pear":12,"Ornamental Fan":9,"SacredBark":0,"Art of War":8,"PureWater":0,"Frozen Egg 2":14},{"Pear":6,"Ornamental Fan":5,"SacredBark":0,"Art of War":5,"PureWater":0,"Frozen Egg 2":7},{"Pear":24,"Ornamental Fan":22,"SacredBark":0,"Art of War":22,"PureWater":0,"Frozen Egg 2":28}]},"card_choices":[{"not_picked":["Nirvana","Prostrate"],"picked":"Worship","floor":1.0},{"not_picked":["PathToVictory","Tantrum"],"picked":"ThirdEye","floor":2.0},{"not_picked":["ReachHeaven","JustLucky"],"picked":"Prostrate","floor":4.0},{"not_picked":["ClearTheMind","TalkToTheHand"],"picked":"CutThroughFate","floor":5.0},{"not_picked":["Consecrate","DevaForm"],"picked":"FearNoEvil","floor":8.0},{"not_picked":["SandsOfTime","Adaptation","Halt"],"picked":"SKIP","floor":12.0},{"not_picked":["Collect","SashWhip"],"picked":"WheelKick","floor":14.0}],"player_experience":1287246,"relics_obtained":[{"floor":8.0,"key":"Art of War"},{"floor":9.0,"key":"Ornamental Fan"},{"floor":12.0,"key":"Pear"},{"floor":14.0,"key":"Frozen Egg 2"}],"event_choices":[{"cards_removed":["Strike_P"],"damage_healed":0.0,"max_hp_gain":0.0,"max_hp_loss":0.0,"gold_gain":0.0,"event_name":"Living Wall","player_choice":"Forget","floor":7.0,"gold_loss":0.0,"damage_taken":0.0},{"damage_healed":0.0,"max_hp_gain":0.0,"max_hp_loss":0.0,"gold_gain":0.0,"event_name":"Shining Light","player_choice":"Ignored","floor":10.0,"gold_loss":0.0,"damage_taken":0.0}],"is_beta":false,"boss_relics":[],"items_purged_floors":[11],"is_endless":false,"potions_floor_spawned":[1,5,8,12],"killed_by":"Hexaghost","ascension_level":20}}