{"host":"cmxkjr0hek4mqvmn","time":1611749890,"event":{"mods":["BaseMod","Beaked The Cultist","Better Match","Better Skull","Better Third Choice","BetterRewards","Clawfect","Colored Map","Displayed Cursed Tome","Duelist Mod","GifTheSpireLib","Hermit","Hubris","JesterMod","Mimic Mod","Minty Spire (QoL Compilation)","Quick Restart","Robot Space Explorer","StSLib","The Bladedancer","The Blue Laboratory","The Cursed","Thieving Mod","Waifu the Spire"],"gold_per_floor":[110,124,136,136,136,136,156,36,60,88,88,119,142,179,179,286,286,296,296,296,12,12,12,31,31,101,101,101,101,111,16,16,119,169,179,66,66,66,78,78,0,19,43,61,77,77,77,0,0,0],"floor_reached":51,"language":"ENG","playtime":2624,"items_purged":[],"score":826,"play_id":"dd677123-a8c5-4b73-90eb-aac867fb3ac6","local_time":"20210127071810","is_ascension_mode":false,"campfire_choices":[{"data":"hermit:Headshot","floor":6.0,"key":"SMITH"},{"data":"hermit:Enervate","floor":15.0,"key":"SMITH"},{"floor":23.0,"key":"REST"},{"data":"hermit:EternalForm","floor":27.0,"key":"SMITH"},{"floor":32.0,"key":"REST"},{"data":"hubris:EnhanceAbility","floor":40.0,"key":"SMITH"},{"data":"hermit:Roughhouse","floor":49,"key":"SMITH"}],"circlet_count":0,"master_deck":["hermit:Strike_Hermit","hermit:Strike_Hermit","hermit:Strike_Hermit","hermit:Strike_Hermit+1","hermit:Defend_Hermit","hermit:Defend_Hermit+1","hermit:Defend_Hermit","hermit:Defend_Hermit","hermit:Snapshot","hermit:Covet","hermit:CursedWeapon","hermit:Headshot+1","hermit:Enervate+1","hermit:Feint","hermit:Dive","hermit:Scavenge","hermit:Gambit","hermit:Grudge","hermit:Quickdraw","hermit:EternalForm+1","CurseOfTheBell","hermit:Malice","hubris:EnhanceAbility+1","hermit:Glare","Decay","hermit:LuckOfTheDraw+1","hermit:Deadeye","hermit:Roughhouse+1","hermit:Headshot+1","hermit:EyeOfTheStorm+1","Apotheosis+1","hermit:Dive","hermit:Quickdraw","Writhe"],"relics":["hermit:Momento","hubris:Towel","Bag of Marbles","hubris:SlimyHat","hubris:Icosahedron","Shuriken","Anchor","Vajra","Calling Bell","Orichalcum","Blue Candle","TungstenRod","MutagenicStrength","Membership Card","Blood Vial","Juzu Bracelet","Centennial Puzzle","Darkstone Periapt","Mummified Hand","Akabeko","Tiny House","Bronze Scales","Red Mask","War Paint","Sling"],"acts_visited":["Exordium","TheCity","TheBeyond"],"potions_floor_usage":[50],"damage_taken":[{"damage":2.0,"enemies":"Small Slimes","floor":1.0,"turns":3.0},{"damage":2.0,"enemies":"Jaw Worm","floor":2.0,"turns":4.0},{"damage":2.0,"enemies":"Cultist","floor":3.0,"turns":3.0},{"damage":2.0,"enemies":"Looter","floor":7.0,"turns":2.0},{"damage":18.0,"enemies":"Lagavulin","floor":10.0,"turns":4.0},{"damage":2.0,"enemies":"3 Sentries","floor":12.0,"turns":5.0},{"damage":2.0,"enemies":"Large Slime","floor":13.0,"turns":4.0},{"damage":2.0,"enemies":"Exordium Wildlife","floor":14.0,"turns":5.0},{"damage":2.0,"enemies":"Slime Boss","floor":16.0,"turns":4.0},{"damage":1.0,"enemies":"Chosen","floor":18.0,"turns":3.0},{"damage":1.0,"enemies":"2 Thieves","floor":24.0,"turns":2.0},{"damage":1.0,"enemies":"Snake Plant","floor":30.0,"turns":1.0},{"damage":25.0,"enemies":"Automaton","floor":33.0,"turns":8.0},{"damage":1.0,"enemies":"Orb Walker","floor":35.0,"turns":1.0},{"damage":1.0,"enemies":"3 Shapes","floor":39.0,"turns":2.0},{"damage":0,"enemies":"Maw","floor":42,"turns":5},{"damage":0,"enemies":"4 Shapes","floor":44,"turns":3},{"damage":2,"enemies":"Spire Growth","floor":45,"turns":2},{"damage":50,"enemies":"Time Eater","floor":50,"turns":8}],"seed_played":"-5794266820099376610","potions_obtained":[{"floor":1.0,"key":"Fire Potion"},{"floor":7.0,"key":"blueLaboratory:PyrophylliteBrew"},{"floor":24.0,"key":"Strength Potion"},{"floor":30.0,"key":"blueLaboratory:FruitPreserves"},{"floor":34.0,"key":"blueLaboratory:FruitPunch"},{"floor":35.0,"key":"SpeedPotion"},{"floor":44,"key":"blueLaboratory:PhilterOfMotion"},{"floor":45,"key":"AttackPotion"}],"is_trial":false,"path_per_floor":["M","M","M","?","?","R","M","$","T","E","?","E","M","MIM","R","B",null,"M","?","?","$","?","R","M","?","T","R","T","?","M","$","R","B",null,"M","$","?","$","M","R","?","M","T","M","M","?","?","$","R","B",null],"character_chosen":"HERMIT","items_purchased":["DistilledChaos","hermit:Dive","Membership Card","hubris:EnhanceAbility","hermit:Glare","blueLaboratory:HorrorPotion","hermit:Deadeye","Akabeko","Apotheosis","hermit:Dive","Sling"],"campfire_rested":2,"item_purchase_floors":[8,8,21,21,21,21,31,31,36,36,48],"current_hp_per_floor":[80,78,76,76,76,76,74,74,74,56,56,54,52,50,50,48,82,81,81,81,81,27,51,52,52,52,52,52,52,53,53,77,54,87,86,86,86,86,88,88,88,89,89,89,87,95,95,95,95,45],"gold":0,"neow_bonus":"TEN_PERCENT_HP_BONUS","is_daily":false,"chose_seed":false,"campfire_upgraded":5,"win_rate":0.0,"timestamp":1611749890,"path_taken":["M","M","M","?","?","R","M","?","T","E","?","E","M","?","R","BOSS","M","?","?","$","?","R","M","?","T","R","?","?","M","?","R","BOSS","M","$","?","$","M","R","?","M","T","M","M","?","?","?","R","BOSS"],"items_purchased_type":["Potion","Card","Relic","Card","Card","Potion","Card","Relic","Card","Card","Relic"],"build_version":"2020-12-22","purchased_purges":0,"victory":true,"max_hp_per_floor":[82,82,82,82,82,82,82,82,82,82,82,82,82,82,82,82,82,82,82,82,82,82,82,82,82,82,82,82,82,82,82,82,82,87,87,87,87,87,89,89,89,89,89,89,89,95,95,95,95,95],"card_choices":[{"not_picked":["hermit:LoneWolf","hermit:Vantage"],"picked":"hermit:CursedWeapon","floor":1.0},{"not_picked":["hermit:Combo","hermit:CalledShot","hermit:NoHoldsBarred"],"picked":"SKIP","floor":2.0},{"not_picked":["hermit:TakeAim","hermit:HoleUp"],"picked":"hermit:Headshot","floor":3.0},{"not_picked":["hermit:BigShot","hermit:FullyLoaded"],"picked":"hermit:Feint","floor":7.0},{"not_picked":["hermit:HighCaliber","hermit:Purgatory"],"picked":"hermit:Scavenge","floor":10.0},{"not_picked":["hermit:Manifest","hermit:Desperado"],"picked":"hermit:Gambit","floor":12.0},{"not_picked":["hermit:WideOpen","hermit:Virtue"],"picked":"hermit:Grudge","floor":13.0},{"not_picked":["hermit:SprayPray","hermit:ItchyTrigger"],"picked":"hermit:Quickdraw","floor":14.0},{"not_picked":["hermit:OverwhelmingPower","hermit:FromBeyond"],"picked":"hermit:EternalForm","floor":16.0},{"not_picked":["hermit:Dive","hermit:Coalescence"],"picked":"hermit:Malice","floor":18.0},{"not_picked":["hermit:SprayPray","hermit:Coalescence+1"],"picked":"hermit:DeadOrAlive","floor":24.0},{"not_picked":["hermit:Ricochet","hermit:TakeCover+1"],"picked":"hermit:LuckOfTheDraw+1","floor":30.0},{"not_picked":["hermit:DeadOrAlive","hermit:FinalCanter"],"picked":"hermit:Roughhouse","floor":33.0},{"not_picked":["hermit:Snipe","hermit:Manifest+1"],"picked":"hermit:Headshot+1","floor":34.0},{"not_picked":["hermit:Gestalt+1","hermit:BigShot"],"picked":"hermit:EyeOfTheStorm+1","floor":35.0},{"not_picked":["hermit:FatalDesire","hermit:LowProfile+1","hermit:Desperado+1"],"picked":"SKIP","floor":39.0},{"not_picked":["hermit:Snipe","hermit:Enervate+1"],"picked":"hermit:Quickdraw","floor":42},{"not_picked":["hermit:Misfire+1","hermit:Manifest+1","hermit:Snipe+1"],"picked":"SKIP","floor":44},{"not_picked":["hermit:Headshot","hermit:FullyLoaded+1","hermit:DeadOrAlive"],"picked":"SKIP","floor":45}],"player_experience":621792,"relics_obtained":[{"floor":9.0,"key":"Bag of Marbles"},{"floor":10.0,"key":"hubris:SlimyHat"},{"floor":12.0,"key":"Shuriken"},{"floor":14.0,"key":"Anchor"},{"floor":14.0,"key":"Vajra"},{"floor":17.0,"key":"Orichalcum"},{"floor":17.0,"key":"Blue Candle"},{"floor":17.0,"key":"TungstenRod"},{"floor":26.0,"key":"Darkstone Periapt"},{"floor":28.0,"key":"Mummified Hand"},{"floor":43,"key":"War Paint"}],"event_choices":[{"damage_healed":0.0,"max_hp_gain":0.0,"max_hp_loss":0.0,"gold_gain":0.0,"event_name":"Drug Dealer","player_choice":"Inject Mutagens","floor":19.0,"gold_loss":0.0,"damage_taken":0.0,"relics_obtained":["MutagenicStrength"]},{"damage_healed":0.0,"max_hp_gain":0.0,"max_hp_loss":0.0,"gold_gain":0.0,"event_name":"Ghosts","player_choice":"Ignored","floor":20.0,"gold_loss":0.0,"damage_taken":0.0},{"damage_healed":0.0,"max_hp_gain":0.0,"max_hp_loss":0.0,"gold_gain":0.0,"event_name":"betterSkull:BetterSkull","player_choice":"RE RE RE ","floor":22.0,"gold_loss":0.0,"damage_taken":64.0,"cards_upgraded":[],"relics_obtained":["Blood Vial","Juzu Bracelet","Centennial Puzzle"]},{"damage_healed":0.0,"max_hp_gain":0.0,"max_hp_loss":0.0,"gold_gain":0.0,"event_name":"Forgotten Altar","player_choice":"Smashed Altar","floor":25.0,"gold_loss":0.0,"damage_taken":0.0,"cards_obtained":["Decay"]},{"damage_healed":0.0,"max_hp_gain":0.0,"max_hp_loss":0.0,"gold_gain":0.0,"event_name":"Cursed Tome","player_choice":"Ignored","floor":29.0,"gold_loss":0.0,"damage_taken":0.0},{"cards_removed":["hermit:DeadOrAlive"],"damage_healed":0.0,"max_hp_gain":0.0,"max_hp_loss":0.0,"gold_gain":0.0,"event_name":"WeMeetAgain","player_choice":"Gave Card","floor":37.0,"gold_loss":0.0,"damage_taken":0.0,"relics_obtained":["Bronze Scales"]},{"damage_healed":0.0,"max_hp_gain":0.0,"max_hp_loss":0.0,"gold_gain":0.0,"event_name":"Tomb of Lord Red Mask","player_choice":"Paid","floor":41.0,"gold_loss":78.0,"damage_taken":0.0,"relics_obtained":["Red Mask"]},{"damage_healed":22,"gold_gain":0,"player_choice":"Writhe","damage_taken":0,"max_hp_gain":0,"max_hp_loss":0,"event_name":"Winding Halls","floor":46,"gold_loss":0,"cards_obtained":["Writhe"]},{"damage_healed":0,"gold_gain":0,"player_choice":"Memory 1","damage_taken":0,"max_hp_gain":0,"max_hp_loss":0,"event_name":"SensoryStone","floor":47,"gold_loss":0}],"is_beta":false,"boss_relics":[{"not_picked":["jesterMod:MachoBrace","Empty Cage"],"picked":"Calling Bell"},{"not_picked":["Astrolabe","Snecko Eye"],"picked":"Tiny House"}],"items_purged_floors":[],"is_endless":false,"potions_floor_spawned":[1,2,7,13,24,30,35,44,45],"ascension_level":0}}