{"host":"rb2p2z6v6vieend5","time":1611789907,"event":{"mods":["BaseMod","Block Reminder","Colored Map","DeckTracker","Highlight Path","Minty Spire (QoL Compilation)","Random Character Button","Relic Stats"],"gold_per_floor":[164,178,191,191,266,266,266],"floor_reached":6,"language":"ENG","playtime":220,"items_purged":[],"score":54,"play_id":"81d01513-fe30-4c8f-a760-01c3e0532325","local_time":"20210128002507","is_ascension_mode":true,"campfire_choices":[],"circlet_count":0,"master_deck":["AscendersBane","Strike_G","Strike_G","Strike_G","Strike_G","Strike_G","Defend_G","Defend_G+1","Defend_G","Defend_G","Defend_G","Survivor","Neutralize","Quick Slash","Sucker Punch","Dagger Throw"],"relics":["Tiny House"],"acts_visited":["Exordium"],"potions_floor_usage":[6,6],"damage_taken":[{"damage":7,"enemies":"Small Slimes","floor":1,"turns":5},{"damage":4,"enemies":"Jaw Worm","floor":2,"turns":4},{"damage":7,"enemies":"Cultist","floor":3,"turns":4},{"damage":46,"enemies":"Gremlin Nob","floor":6,"turns":4}],"seed_played":"-1458938735631739145","potions_obtained":[{"floor":0,"key":"PowerPotion"},{"floor":1,"key":"PowerPotion"}],"is_trial":false,"path_per_floor":["M","M","M","?","?","E"],"character_chosen":"THE_SILENT","items_purchased":[],"campfire_rested":0,"item_purchase_floors":[],"current_hp_per_floor":[61,57,50,50,39,0,0],"gold":266,"neow_bonus":"BOSS_RELIC","is_daily":false,"chose_seed":false,"campfire_upgraded":0,"win_rate":0.0,"timestamp":1611789907,"path_taken":["M","M","M","?","?","E"],"items_purchased_type":[],"build_version":"2020-12-22","purchased_purges":0,"victory":false,"max_hp_per_floor":[75,75,75,75,75,75,75],"relic_stats":{"counters":[4,17],"obtain_stats":[{"Tiny House":0,"Ring of the Snake":0},{"Tiny House":0,"Ring of the Snake":0},{"Tiny House":0,"Ring of the Snake":0}]},"card_choices":[{"not_picked":["Riddle With Holes","Acrobatics"],"picked":"Quick Slash","floor":0},{"not_picked":["Bane","Accuracy","Prepared"],"picked":"SKIP","floor":1},{"not_picked":["Poisoned Stab","Backflip"],"picked":"Sucker Punch","floor":2},{"not_picked":["Catalyst","Outmaneuver"],"picked":"Dagger Throw","floor":3}],"player_experience":635878,"relics_obtained":[],"event_choices":[{"damage_healed":0,"gold_gain":0,"player_choice":"Ignored","damage_taken":0,"max_hp_gain":0,"max_hp_loss":0,"event_name":"Liars Game","floor":4,"gold_loss":0},{"damage_healed":0,"gold_gain":75,"player_choice":"Gather Gold","damage_taken":11,"max_hp_gain":0,"max_hp_loss":0,"event_name":"World of Goop","floor":5,"gold_loss":0}],"is_beta":false,"boss_relics":[],"items_purged_floors":[],"is_endless":false,"potions_floor_spawned":[1],"killed_by":"Gremlin Nob","ascension_level":10}}