{"host":"8d3fefv2347kqkpz","time":1611754621,"event":{"mods":["AchievementEnabler","Act Like it!","Aspiration","BaseMod","Better Vampires","Colored Map","Colored Powertips","Conspire","GifTheSpireLib","Hermit","Highlight Path","Hubris","Marisa£®ÏF”Í°°ƒß¿Ì…≥£©","Mimic Mod","Minty Spire (QoL Compilation)","Quick Restart","Rare Cards Sparkle","Reimu£®≤©¿ˆ¡È√Œ£©","Relic Stats","Remilia£®¿Ÿ√◊¿Ú—«£©","Replay The Spire","Spicy Shops","StSLib","The Cursed","The Jungle","The Servant 0.9.4","Waifu the Spire","Youmu£®ªÍ∆«—˝√Œ£©"],"gold_per_floor":[109,129,139,139,155,155,155],"floor_reached":6,"language":"ZHS","playtime":406,"items_purged":[],"score":38,"play_id":"34a9dbcd-2ff6-44f3-bcbf-4a1fb5a96df9","local_time":"20210127213701","is_ascension_mode":false,"campfire_choices":[],"circlet_count":0,"master_deck":["Strike_G","Strike_G","Strike_G","Strike_G","Strike_G","Defend_G","Defend_G","Defend_G","Defend_G","Defend_G","Survivor","Neutralize","Deflect","Outmaneuver","Cloak And Dagger"],"relics":["Ring of the Snake","hubris:Towel"],"acts_visited":["Exordium"],"potions_floor_usage":[],"damage_taken":[{"damage":3.0,"enemies":"Small Slimes","floor":1.0,"turns":3.0},{"damage":0.0,"enemies":"2 Louse","floor":2.0,"turns":2.0},{"damage":8.0,"enemies":"Cultist","floor":3.0,"turns":6.0},{"damage":5.0,"enemies":"Red Slaver","floor":5.0,"turns":5.0},{"damage":0,"enemies":"3 Sentries","floor":6,"turns":1}],"seed_played":"-5449281788044512908","potions_obtained":[{"floor":3.0,"key":"LifebloodPotion"},{"floor":5.0,"key":"Languid Potion"}],"is_trial":false,"path_per_floor":["M","M","M","?","M","E"],"character_chosen":"THE_SILENT","items_purchased":[],"campfire_rested":0,"item_purchase_floors":[],"current_hp_per_floor":[74,74,66,66,61,61,61],"gold":155,"neow_bonus":"TEN_PERCENT_HP_BONUS","is_daily":false,"chose_seed":false,"campfire_upgraded":0,"win_rate":0.0,"timestamp":1611754621,"path_taken":["M","M","M","?","M","E"],"items_purchased_type":[],"build_version":"2020-12-22","purchased_purges":0,"victory":false,"max_hp_per_floor":[77,77,77,77,77,77,77],"relic_stats":{"counters":[5,17],"obtain_stats":[{"hubris:Towel":4,"Ring of the Snake":0},{"hubris:Towel":3,"Ring of the Snake":0},{"hubris:Towel":11,"Ring of the Snake":0}],"Ring of the Snake":[10]},"card_choices":[{"not_picked":["Bane","Sucker Punch"],"picked":"Deflect","floor":1.0},{"not_picked":["Slice","Underhanded Strike"],"picked":"Outmaneuver","floor":2.0},{"not_picked":["Sucker Punch","ReplayTheSpireMod:Scrap Shanks"],"picked":"Cloak And Dagger","floor":3.0},{"not_picked":["Prepared","PiercingWail","Hidden Blade"],"picked":"SKIP","floor":5.0}],"player_experience":207676,"relics_obtained":[],"event_choices":[],"is_beta":false,"boss_relics":[],"items_purged_floors":[],"is_endless":false,"potions_floor_spawned":[3,5],"killed_by":"3 Sentries","ascension_level":0}}