{"host":"ddnlm33rmqyizb8g","time":1611710355,"event":{"mods":["BaseMod","Colored Map","Colored Powertips","Minty Spire (QoL Compilation)"],"gold_per_floor":[112,112,43,63,84,84,119,133,133,63,102,102,146,167,167,288,288,306,306,322,322,322,322],"floor_reached":22,"language":"ENG","playtime":794,"items_purged":[],"score":204,"play_id":"a31bf9a1-d5ed-40c1-951c-a34d53e250a6","local_time":"20210126201915","is_ascension_mode":false,"campfire_choices":[{"data":"BattleHymn","floor":6,"key":"SMITH"},{"floor":12,"key":"REST"},{"floor":15,"key":"REST"}],"circlet_count":0,"master_deck":["Strike_P","Strike_P","Strike_P","Strike_P","Defend_P","Defend_P","Defend_P","Defend_P","Eruption","Vigilance","Wallop","BattleHymn+1","WheelKick","WindmillStrike","Perseverance","Establishment","CurseOfTheBell","Protect","Writhe"],"relics":["PureWater","NeowsBlessing","Golden Idol","Anchor","Mercury Hourglass","Torii","Calling Bell","Art of War","Eternal Feather","Girya","Pantograph"],"acts_visited":["Exordium","TheCity"],"potions_floor_usage":[13,13],"damage_taken":[{"damage":0,"enemies":"2 Louse","floor":1,"turns":1},{"damage":0,"enemies":"Jaw Worm","floor":4,"turns":1},{"damage":0,"enemies":"Cultist","floor":5,"turns":1},{"damage":16,"enemies":"Gremlin Nob","floor":7,"turns":5},{"damage":0,"enemies":"3 Louse","floor":8,"turns":4},{"damage":49,"enemies":"Lagavulin","floor":11,"turns":6},{"damage":21,"enemies":"Gremlin Nob","floor":13,"turns":4},{"damage":0,"enemies":"Blue Slaver","floor":14,"turns":4},{"damage":16,"enemies":"Hexaghost","floor":16,"turns":13},{"damage":33,"enemies":"Spheric Guardian","floor":18,"turns":6},{"damage":29,"enemies":"3 Byrds","floor":20,"turns":5},{"damage":10,"enemies":"3 Cultists","floor":22,"turns":3}],"seed_played":"885888423172907227","potions_obtained":[{"floor":8,"key":"FearPotion"},{"floor":11,"key":"GamblersBrew"},{"floor":13,"key":"SkillPotion"},{"floor":16,"key":"AttackPotion"},{"floor":20,"key":"LiquidMemories"}],"is_trial":false,"path_per_floor":["M","?","$","M","M","R","E","M","T","$","E","R","E","M","R","B",null,"M","?","M","?","M"],"character_chosen":"WATCHER","items_purchased":["BattleHymn","WindmillStrike"],"campfire_rested":2,"item_purchase_floors":[3,10],"current_hp_per_floor":[72,67,67,67,67,67,51,51,51,51,2,22,1,1,21,5,67,34,34,5,5,0,0],"gold":322,"neow_bonus":"THREE_ENEMY_KILL","is_daily":false,"chose_seed":false,"campfire_upgraded":1,"win_rate":0.0,"timestamp":1611710355,"path_taken":["M","?","?","M","M","R","E","M","T","$","E","R","E","M","R","BOSS","M","?","M","?","M"],"items_purchased_type":["Card","Card"],"build_version":"2020-12-22","purchased_purges":0,"victory":false,"max_hp_per_floor":[72,67,67,67,67,67,67,67,67,67,67,67,67,67,67,67,67,67,67,67,67,67,67],"card_choices":[{"not_picked":["PathToVictory","ClearTheMind"],"picked":"Wallop","floor":1},{"not_picked":["EmptyFist","FollowUp","Consecrate"],"picked":"SKIP","floor":4},{"not_picked":["FlyingSleeves","Crescendo","Evaluate"],"picked":"SKIP","floor":5},{"not_picked":["Vengeance","Protect"],"picked":"WheelKick","floor":7},{"not_picked":["BowlingBash","EmptyBody","LessonLearned"],"picked":"SKIP","floor":8},{"not_picked":["SashWhip","FearNoEvil","FlyingSleeves"],"picked":"SKIP","floor":11},{"not_picked":["ClearTheMind","WreathOfFlame","LessonLearned"],"picked":"SKIP","floor":13},{"not_picked":["SashWhip","CutThroughFate"],"picked":"Perseverance","floor":14},{"not_picked":["Vault","Blasphemy"],"picked":"Establishment","floor":16},{"not_picked":["InnerPeace","WaveOfTheHand+1"],"picked":"Protect","floor":18},{"not_picked":["Swivel","Sanctity+1","TalkToTheHand+1"],"picked":"SKIP","floor":20}],"player_experience":144699,"relics_obtained":[{"floor":7,"key":"Anchor"},{"floor":11,"key":"Mercury Hourglass"},{"floor":13,"key":"Torii"},{"floor":17,"key":"Art of War"},{"floor":17,"key":"Eternal Feather"},{"floor":17,"key":"Girya"}],"event_choices":[{"damage_healed":0,"gold_gain":0,"player_choice":"Lose Max HP","damage_taken":0,"relics_obtained":["Golden Idol"],"max_hp_gain":0,"max_hp_loss":5,"event_name":"Golden Idol","floor":2,"gold_loss":0},{"damage_healed":0,"gold_gain":0,"player_choice":"Opened","damage_taken":0,"relics_obtained":["Pantograph"],"max_hp_gain":0,"max_hp_loss":0,"event_name":"The Mausoleum","floor":19,"gold_loss":0,"cards_obtained":["Writhe"]},{"damage_healed":0,"gold_gain":0,"player_choice":"Bought 0 Potions","damage_taken":0,"max_hp_gain":0,"max_hp_loss":0,"event_name":"The Woman in Blue","floor":21,"gold_loss":0}],"is_beta":false,"boss_relics":[{"not_picked":["Black Star","VioletLotus"],"picked":"Calling Bell"}],"items_purged_floors":[],"is_endless":false,"potions_floor_spawned":[8,11,13,16,20],"killed_by":"3 Cultists","ascension_level":0}}