{"host":"kmq7aw60w430zvtx","time":1611773605,"event":{"mods":["BaseMod","Downfall","GifTheSpireLib","Hermit","Hubris","Minty Spire (QoL Compilation)","Reliquary","StSLib","The Construct","The Cursed","The Hierophant","The Jungle","The Necromancer","The Runesmith"],"gold_per_floor":[118,136,147,3,278,278,296,322,393,412,424,443,457,483,483,587,587,598,210,230,246,246,276,276,287,287,287,287],"floor_reached":27,"language":"ENG","playtime":1562,"items_purged":["Strike_R","Regret"],"score":299,"play_id":"0edf4f2e-e977-4845-9c79-cd55d7b350f4","local_time":"20210127195325","is_ascension_mode":true,"campfire_choices":[{"floor":6,"key":"RECALL"},{"floor":15,"key":"REST"}],"circlet_count":0,"master_deck":["Strike_R","Strike_R","Strike_R","Strike_R","Defend_R","Defend_R","Defend_R","Defend_R","Bash","Hemokinesis","Shrug It Off","Clash","Infernal Blade","Thunderclap","Warcry","Disarm","Metallicize","Blood for Blood","Juggernaut","Iron Wave","Body Slam","Finesse","Flex+1","hubris:CleavingFinish","Rupture+1","hubris:DuctTapeCard"],"relics":["Burning Blood","Bronze Scales","Akabeko","Pocketwatch","hubris:VirtuousBlindfold","hubris:ChampionShield","reliquary:SilkGlove","hubris:Metronome","hubris:DuctTape"],"acts_visited":["Exordium","theJungle:Jungle"],"potions_floor_usage":[7,14,23],"damage_taken":[{"damage":6,"enemies":"Cultist","floor":1,"turns":3},{"damage":7,"enemies":"Jaw Worm","floor":2,"turns":3},{"damage":0,"enemies":"Small Slimes","floor":3,"turns":3},{"damage":23,"enemies":"Exordium Thugs","floor":7,"turns":4},{"damage":34,"enemies":"Gremlin Nob","floor":8,"turns":4},{"damage":8,"enemies":"Red Slaver","floor":10,"turns":3},{"damage":9,"enemies":"Large Slime","floor":11,"turns":5},{"damage":0,"enemies":"2 Fungi Beasts","floor":12,"turns":2},{"damage":1,"enemies":"Blue Slaver","floor":13,"turns":3},{"damage":37,"enemies":"Lagavulin","floor":14,"turns":6},{"damage":27,"enemies":"Hexaghost","floor":16,"turns":10},{"damage":19,"enemies":"theJungle:MUSHROOMGANG","floor":18,"turns":3},{"damage":19,"enemies":"theJungle:GiantWrat","floor":20,"turns":4},{"damage":28,"enemies":"theJungle:JungleHuntersEncounter","floor":21,"turns":4},{"damage":6,"enemies":"theJungle:2_Phrogs","floor":23,"turns":8},{"damage":11,"enemies":"theJungle:2_Snecko_Cultists","floor":25,"turns":4},{"damage":36,"enemies":"theJungle:MamaSnecko","floor":27,"turns":4}],"seed_played":"280583781262533381","potions_obtained":[{"floor":2,"key":"BlessingOfTheForge"},{"floor":10,"key":"SkillPotion"},{"floor":12,"key":"construct:ShiftPotion"},{"floor":14,"key":"SteroidPotion"},{"floor":18,"key":"construct:ShiftPotion"}],"is_trial":false,"path_per_floor":["M","M","M","$","?","R","M","E","T","M","M","M","M","E","R","B",null,"M","$","M","M","?","E","?","M","T","E"],"character_chosen":"IRONCLAD","items_purchased":["Rampage","hubris:ChampionShield","Body Slam","Finesse"],"campfire_rested":1,"item_purchase_floors":[4,19,19,19],"current_hp_per_floor":[80,79,80,80,80,80,63,35,35,33,30,36,41,10,34,13,80,67,67,54,32,32,32,32,27,27,0,0],"gold":287,"neow_bonus":"RANDOM_COMMON_RELIC","is_daily":false,"chose_seed":false,"campfire_upgraded":0,"win_rate":0.0,"timestamp":1611773605,"path_taken":["M","M","M","?","?","R","M","E","T","M","M","M","?","E","R","BOSS","M","$","?","M","?","E","?","?","T","E"],"items_purchased_type":["Card","Relic","Card","Card"],"build_version":"2020-12-22","purchased_purges":2,"victory":false,"max_hp_per_floor":[80,80,80,80,80,80,80,80,80,80,80,80,80,80,80,80,80,80,80,80,80,80,80,80,80,80,80,80],"card_choices":[{"not_picked":["True Grit","Reckless Charge"],"picked":"Rampage","floor":1},{"not_picked":["Thunderclap","Feel No Pain"],"picked":"Hemokinesis","floor":2},{"not_picked":["Warcry","Havoc"],"picked":"Shrug It Off","floor":3},{"not_picked":["Havoc","Cleave"],"picked":"Clash","floor":7},{"not_picked":["Ghostly Armor","Exhume"],"picked":"Infernal Blade","floor":8},{"not_picked":["Pommel Strike","Armaments"],"picked":"Thunderclap","floor":10},{"not_picked":["Heavy Blade","Perfected Strike"],"picked":"Warcry","floor":11},{"not_picked":["Shockwave","Clash"],"picked":"Disarm","floor":12},{"not_picked":["Intimidate","Battle Trance"],"picked":"Metallicize","floor":13},{"not_picked":["hubris:ReadiedAction","Battle Trance"],"picked":"Blood for Blood","floor":14},{"not_picked":["hubris:StunningStrike","Offering"],"picked":"Juggernaut","floor":16},{"not_picked":["Anger","Cleave+1"],"picked":"Iron Wave","floor":18},{"not_picked":["Spot Weakness","True Grit"],"picked":"Flex+1","floor":20},{"not_picked":["Flex","Dual Wield"],"picked":"hubris:CleavingFinish","floor":21},{"not_picked":["Headbutt","Double Tap"],"picked":"Rupture+1","floor":23},{"not_picked":["Pummel","Body Slam","Havoc"],"picked":"SKIP","floor":25}],"player_experience":312607,"relics_obtained":[{"floor":8,"key":"Akabeko"},{"floor":14,"key":"Pocketwatch"},{"floor":23,"key":"reliquary:SilkGlove"},{"floor":26,"key":"hubris:DuctTape"}],"event_choices":[{"damage_healed":0,"gold_gain":275,"player_choice":"Desecrate","damage_taken":0,"max_hp_gain":0,"max_hp_loss":0,"event_name":"Golden Shrine","floor":5,"gold_loss":0,"cards_obtained":["Regret"]},{"damage_healed":0,"gold_gain":0,"player_choice":"Gave Potion","damage_taken":0,"relics_obtained":["hubris:Metronome"],"max_hp_gain":0,"max_hp_loss":0,"event_name":"WeMeetAgain","floor":24,"gold_loss":0}],"is_beta":false,"boss_relics":[{"not_picked":["Runic Pyramid","Velvet Choker"],"picked":"hubris:VirtuousBlindfold"}],"items_purged_floors":[4,19],"is_endless":false,"potions_floor_spawned":[2,10,12,14,18,23],"killed_by":"theJungle:MamaSnecko","ascension_level":4}}