{"host":"z8n47vy4vaymw9pl","time":1611716462,"event":{"mods":["2.2 Compatiblity","Act Like it!","Always Whale","BaseMod","Better Altar","Better Match","Better Note","Better Sensory Stone","Better Skull","Better Third Choice","Colored Map","Colored Powertips","Defuse TimeMaze Blight","Downfall","Energized Spire","Hubris","Minty Spire (QoL Compilation)","Reliquary","Replay The Spire","Robot Space Explorer","Spire Arcade","StSLib","The Blue Laboratory","The Construct","TheSurvivalist","Unceasing Turn Reminder","Wandering Minibosses"],"gold_per_floor":[119,119,119,138,138,138,176,176,203,203,228,242,242,242,242],"floor_reached":14,"language":"ENG","playtime":675,"items_purged":[],"score":88,"play_id":"e5a89f8d-883d-461d-ab1b-7f574a993b0c","local_time":"20210126190102","is_ascension_mode":false,"campfire_choices":[{"floor":6,"key":"RECALL"},{"data":"construct:LongRangeLance","floor":13,"key":"SMITH"}],"circlet_count":0,"master_deck":["construct:Strike_Gold","construct:Strike_Gold","construct:Strike_Gold","construct:Strike_Gold","construct:Strike_Gold","construct:Defend_Gold","construct:Defend_Gold","construct:Defend_Gold","construct:Defend_Gold","construct:Defend_Gold","construct:AttackMode","construct:DefenseMode","construct:LongRangeLance+1","construct:Reinforce","construct:Zapper","construct:ForceCore","construct:CreateCores"],"relics":["construct:ClockworkPhoenix","Golden Idol","Oddly Smooth Stone","MealTicket","hubris:SlimyHat","Replay:Bottled Flurry"],"acts_visited":["Exordium"],"potions_floor_usage":[12,14,14,14],"damage_taken":[{"damage":6,"enemies":"Small Slimes","floor":1,"turns":4},{"damage":8,"enemies":"Jaw Worm","floor":4,"turns":8},{"damage":35,"enemies":"Replay:BlueRogue","floor":7,"turns":14},{"damage":1,"enemies":"Cultist","floor":11,"turns":4},{"damage":3,"enemies":"Exordium Thugs","floor":12,"turns":8},{"damage":12,"enemies":"Lagavulin","floor":14,"turns":2}],"seed_played":"7257964207718916429","potions_obtained":[{"floor":1,"key":"DuplicationPotion"},{"floor":4,"key":"blueLaboratory:BubblePotion"},{"floor":12,"key":"EntropicBrew"}],"is_trial":false,"path_per_floor":["M","?","T","M","?","R","E","?","T","T","M","M","R","E"],"character_chosen":"THE_CONSTRUCT_MOD","items_purchased":[],"campfire_rested":0,"item_purchase_floors":[],"current_hp_per_floor":[79,58,58,50,50,50,15,12,12,12,11,8,8,0,0],"gold":242,"neow_bonus":"ONE_RANDOM_RARE_CARD","is_daily":false,"chose_seed":false,"campfire_upgraded":1,"win_rate":0.0,"timestamp":1611716462,"path_taken":["M","?","?","?","?","R","E","?","T","?","M","?","R","E"],"items_purchased_type":[],"build_version":"2020-12-22","purchased_purges":0,"victory":false,"max_hp_per_floor":[85,85,85,85,85,85,85,85,85,85,85,85,85,85,85],"card_choices":[{"not_picked":["construct:BatteryAcid","construct:VentSteam"],"picked":"construct:Reinforce","floor":1},{"not_picked":["construct:FlammableFog","construct:Implosion"],"picked":"construct:Zapper","floor":4},{"not_picked":["construct:LongRangeLance","construct:VentSteam","construct:Accumulate"],"picked":"SKIP","floor":7},{"not_picked":["construct:PhosphorStorm","construct:Autoturret"],"picked":"construct:ForceCore","floor":11},{"not_picked":["construct:Electrocute","construct:Backup"],"picked":"construct:CreateCores","floor":12}],"player_experience":663944,"relics_obtained":[{"floor":7,"key":"Oddly Smooth Stone"},{"floor":9,"key":"hubris:SlimyHat"},{"floor":10,"key":"Replay:Bottled Flurry"}],"event_choices":[{"damage_healed":0,"gold_gain":0,"player_choice":"Take Damage","damage_taken":21,"relics_obtained":["Golden Idol"],"max_hp_gain":0,"max_hp_loss":0,"event_name":"Golden Idol","floor":2,"gold_loss":0},{"damage_healed":0,"gold_gain":0,"player_choice":"Ignored","damage_taken":138,"max_hp_gain":0,"max_hp_loss":0,"event_name":"betterThird:BetterSerpent","floor":5,"gold_loss":0},{"damage_healed":0,"gold_gain":0,"player_choice":"Relic ","damage_taken":3,"max_hp_gain":0,"max_hp_loss":0,"event_name":"betterThird:BetterScrap","floor":8,"gold_loss":0,"cards_obtained":["Mirror Shield"]}],"is_beta":false,"boss_relics":[],"items_purged_floors":[],"is_endless":false,"potions_floor_spawned":[1,4,12],"killed_by":"Lagavulin","ascension_level":0}}