{"host":"tcdxiwht2vajk3tk","time":1611729208,"event":{"mods":["AchievementEnabler","BaseMod","Beaked The Cultist","Colored Powertips","Conspire","Defuse TimeMaze Blight","Downfall","Halation","Hermit","Hubris","Infinite Spire","Lobotomy","LobotomyExtend","Minty Spire (QoL Compilation)","Replay The Spire","Shop Mod","StSLib","The Cursed","The Disciple"],"gold_per_floor":[184,198,217,217,227,261,261,295,295,322,333,361,383,143,157,258,258,258,312,97,207,391,291,291,327,341,369,369,399,249,265,280,379,379,379,397,397,1057,2200,3424,3447,3457,3457,3457],"floor_reached":42,"language":"ENG","playtime":3737,"items_purged":[],"score":964,"play_id":"2214d544-c293-443f-834c-5e33a7d90da7","local_time":"20210127013328","daily_mods":["DeadlyEvents","Elite Swarm","Lethality"],"is_ascension_mode":false,"campfire_choices":[{"floor":18.0,"key":"RECALL"},{"floor":23.0,"key":"REST"},{"floor":28.0,"key":"REST"},{"data":"bronze:Replicate","floor":35.0,"key":"SMITH"}],"circlet_count":0,"master_deck":["bronze:Strike","bronze:Strike","bronze:Strike","bronze:Strike","bronze:Defend","bronze:Defend","bronze:Defend","bronze:Defend","bronze:Replicate+1","bronze:Goto","bronze:ChosenStrike","bronze:DelayedGuard","bronze:Replicate","bronze:Fortify","bronze:TinkerersToolbox","bronze:Constructor","bronze:HyperBeam","bronze:WildBeam","bronze:FineTuning","bronze:Backtrace","bronze:BugBarrage","bronze:Deprecate","bronze:ItsAFeature","bronze:Overload","expansioncontent:Hexaburn","bronze:ItsAFeature","bronze:Virus","bronze:Terminator","bronze:DonuBeam","bronze:DecaBeam","bronze:FollowUp+1","bronze:FineTuning","bronze:AlphaBuild","bronze:AlphaBuild","bronze:Terminator","bronze:ThunderWave","bronze:BurnOut","Ghostly","bronze:DarkDash+1","bronze:Fortify+1","bronze:BurnOut","bronze:Separator","bronze:Separator","bronze:Separator","bronze:Separator","bronze:Separator","hubris:Greed","hubris:Greed","hubris:Greed","hubris:Greed","hubris:Greed","hubris:Greed","hubris:Greed","hubris:Greed","hubris:Greed","hubris:Greed","hubris:Greed","hubris:Greed","hubris:Greed","hubris:Greed","hubris:Greed","hubris:Greed","hubris:Greed","hubris:Greed","hubris:Greed","hubris:Greed","hubris:Greed","hubris:Greed","hubris:Greed","hubris:Greed","hubris:Greed","hubris:Greed","hubris:Greed","hubris:Greed","hubris:Greed","hubris:Greed","hubris:Greed","hubris:Greed","hubris:Greed","hubris:Greed","hubris:Greed","hubris:Greed","hubris:Greed","hubris:Greed","hubris:Greed","hubris:Greed","hubris:Greed","hubris:Greed","hubris:Greed","hubris:Greed","hubris:Greed","hubris:Greed","hubris:Greed","hubris:Greed","hubris:Greed","hubris:Greed","hubris:Greed","hubris:Greed","hubris:Greed","hubris:Greed","hubris:Greed","hubris:Greed","hubris:Greed","hubris:Greed","hubris:Greed","hubris:Greed","hubris:Greed","hubris:Greed","hubris:Greed","hubris:Greed","hubris:Greed","hubris:Greed","hubris:Greed","hubris:Greed","hubris:Greed","hubris:Greed","hubris:Greed","hubris:Greed","hubris:Greed","hubris:Greed","hubris:Greed","hubris:Greed","hubris:Greed","hubris:Greed","hubris:Greed","hubris:Greed","hubris:Greed","hubris:Greed","hubris:Greed","hubris:Greed","hubris:Greed","hubris:Greed","hubris:Greed","hubris:Greed","hubris:Greed","hubris:Greed","hubris:Greed","hubris:Greed","hubris:Greed","hubris:Greed","hubris:Greed","hubris:Greed","hubris:Greed","hubris:Greed","hubris:Greed","hubris:Greed","hubris:Greed","hubris:Greed","hubris:Greed","hubris:Greed","hubris:Greed","hubris:Greed","hubris:Greed","hubris:Greed","hubris:Greed","hubris:Greed","hubris:Greed","hubris:Greed","hubris:Greed","hubris:Greed","hubris:Greed","hubris:Greed","hubris:Greed","hubris:Greed","hubris:Greed","hubris:Greed","hubris:Greed","hubris:Greed","hubris:Greed","hubris:Greed","hubris:Greed","hubris:Greed","hubris:Greed","hubris:Greed","hubris:Greed","hubris:Greed","hubris:Greed","hubris:Greed","hubris:Greed","hubris:Greed","hubris:Greed","bronze:Boost","hubris:Greed","bronze:Boost","hubris:Greed","bronze:Boost","hubris:Greed","bronze:Boost","hubris:Greed","bronze:Boost","hubris:Greed","bronze:Boost","hubris:Greed","hubris:Greed","hubris:Greed","hubris:Greed","hubris:Greed","hubris:Greed","hubris:Greed","hubris:Greed","hubris:Greed","hubris:Greed","hubris:Greed","hubris:Greed","hubris:Greed","hubris:Greed","hubris:Greed","hubris:Greed","hubris:Greed","hubris:Greed","hubris:Greed","hubris:Greed","hubris:Greed","hubris:Greed","hubris:Greed","hubris:Greed","hubris:Greed","hubris:Greed","hubris:Greed","hubris:Greed","hubris:Greed","hubris:Greed","hubris:Greed","hubris:Greed","hubris:Greed","hubris:Greed","hubris:Greed","hubris:Greed","hubris:Greed","hubris:Greed","hubris:Greed","hubris:Greed","hubris:Greed","hubris:Greed","hubris:Greed","hubris:Greed","hubris:Greed","hubris:Greed","hubris:Greed","hubris:Greed","hubris:Greed","hubris:Greed","hubris:Greed","hubris:Greed","hubris:Greed","hubris:Greed","hubris:Greed","hubris:Greed","hubris:Greed","hubris:Greed","hubris:Greed","hubris:Greed","hubris:Greed","hubris:Greed","hubris:Greed","hubris:Greed","hubris:Greed","hubris:Greed","hubris:Greed","hubris:Greed","hubris:Greed","hubris:Greed","hubris:Greed","hubris:Greed","hubris:Greed","hubris:Greed","hubris:Greed","hubris:Greed","hubris:Greed","hubris:Greed","hubris:Greed","hubris:Greed","hubris:Greed","hubris:Greed","hubris:Greed","hubris:Greed","hubris:Greed","hubris:Greed","hubris:Greed","hubris:Greed","hubris:Greed","hubris:Greed","hubris:Greed","hubris:Greed","hubris:Greed","hubris:Greed","hubris:Greed","bronze:Optimize+1","hubris:Greed","bronze:Optimize+1","hubris:Greed","bronze:Optimize+1","hubris:Greed","bronze:Optimize+1","hubris:Greed","bronze:Optimize+1","bronze:Verify","bronze:Verify","bronze:Verify","bronze:Verify","bronze:Verify","bronze:Verify","bronze:Verify","bronze:Verify","bronze:Verify","hubris:DuctTapeCard"],"relics":["bronze:PlatinumCore","bronze:AnalyticalCore","replay:Trail_Library","LetterFromLob","Iron Hammer","Letter Opener","Unceasing Top","infinitespire:Midas Blood","MerchantsRug","Heaven_r","LaetitiaHeart","hexamod:BolsterEngine","halation:NonexistentMirror","downfall:HeartBlessingRed","hubris:DuctTape","Centennial Puzzle","Potion Belt","hexamod:CandleOfCauterizing","Replay:Grab Bag","ChewingGum","bronze:MakeshiftBattery","expansioncontent:StudyCardRelic","Ring of Fury","ReplayTheSpireMod:Ring of Collecting","Question Card","ReplayTheSpireMod:Ring of Challenge","Blood Vial"],"acts_visited":["Exordium","TheCity","TheBeyond"],"potions_floor_usage":[42],"damage_taken":[{"damage":0.0,"enemies":"2 Louse","floor":2.0,"turns":1.0},{"damage":0.0,"enemies":"Cultist","floor":3.0,"turns":1.0},{"damage":0.0,"enemies":"Jaw Worm","floor":5.0,"turns":1.0},{"damage":7.0,"enemies":"Lagavulin","floor":6.0,"turns":3.0},{"damage":0.0,"enemies":"Gremlin Nob","floor":8.0,"turns":2.0},{"damage":0.0,"enemies":"Replay:BlueRogue","floor":10.0,"turns":2.0},{"damage":2.0,"enemies":"3 Louse","floor":11.0,"turns":4.0},{"damage":31.0,"enemies":"3 Sentries","floor":12.0,"turns":4.0},{"damage":11.0,"enemies":"Large Slime","floor":13.0,"turns":4.0},{"damage":15.0,"enemies":"downfall:FleeingMerchant","floor":14.0,"turns":4.0},{"damage":0.0,"enemies":"Exordium Wildlife","floor":15.0,"turns":1.0},{"damage":1.0,"enemies":"SI_SHIV_ARCHETYPE","floor":16.0,"turns":3.0},{"damage":25.0,"enemies":"Shell Parasite","floor":19.0,"turns":2.0},{"damage":10.0,"enemies":"downfall:FleeingMerchant","floor":20.0,"turns":4.0},{"damage":56.0,"enemies":"downfall:FleeingMerchant","floor":21.0,"turns":5.0},{"damage":0.0,"enemies":"downfall:FleeingMerchant","floor":22.0,"turns":1.0},{"damage":5.0,"enemies":"conspire:SneckoGhost","floor":25.0,"turns":3.0},{"damage":0.0,"enemies":"Shell Parasite","floor":26.0,"turns":1.0},{"damage":1.0,"enemies":"Gremlin Leader","floor":27.0,"turns":3.0},{"damage":4.0,"enemies":"Nightmare","floor":29.0,"turns":5.0},{"damage":0.0,"enemies":"Spheric Guardian","floor":31.0,"turns":1.0},{"damage":12.0,"enemies":"Cultist and Chosen","floor":32.0,"turns":3.0},{"damage":1.0,"enemies":"WA_ARCHETYPE_CALM","floor":33.0,"turns":4.0},{"damage":0.0,"enemies":"Orb Walker","floor":36.0,"turns":1.0},{"damage":0.0,"enemies":"3 Darklings","floor":38.0,"turns":2.0},{"damage":29.0,"enemies":"Jaw Worm Horde","floor":39.0,"turns":3.0},{"damage":4.0,"enemies":"R_Hoarder","floor":40.0,"turns":5.0},{"damage":47,"enemies":"beaked:SuperParasite","floor":42,"turns":3}],"seed_played":"289659248324861129","potions_obtained":[{"floor":8.0,"key":"GamblersBrew"},{"floor":10.0,"key":"Milkshake"},{"floor":12.0,"key":"Elixir"},{"floor":13.0,"key":"Adrenaline Potion"},{"floor":16.0,"key":"Elixir"},{"floor":21.0,"key":"LiquidBronze"},{"floor":26.0,"key":"Energy Potion"},{"floor":27.0,"key":"Strength Potion"},{"floor":29.0,"key":"Weak Potion"},{"floor":32.0,"key":"Weak Potion"},{"floor":33.0,"key":"hexamod:SoulburnPotion"},{"floor":36.0,"key":"Adrenaline Potion"}],"is_trial":true,"path_per_floor":["R","M","M","?","M","E","T","E","?","E","M","E","M","$","M","B",null,"R","M","$","?","$","R","T","E","M","E","R","NM","?","M","M","B",null,"R","M","?","M","M","E","T","E"],"character_chosen":"THE_AUTOMATON","items_purchased":["BargainBundle","MerchantsRug","bronze:Backtrace","bronze:BugBarrage","bronze:Deprecate","bronze:ItsAFeature","bronze:Overload","expansioncontent:Hexaburn","FairyPotion","Block Potion","LifebloodPotion","hexamod:BolsterEngine","FairyPotion","halation:NonexistentMirror"],"campfire_rested":2,"item_purchase_floors":[14,14,14,14,14,14,14,14,14,14,14,20,20,22],"current_hp_per_floor":[70,70,70,70,70,63,63,63,70,70,68,37,26,11,11,10,70,70,31,21,12,12,33,33,28,28,27,48,44,44,44,32,31,70,70,70,70,70,41,37,37,0,0,0],"gold":3457,"neow_bonus":"","is_daily":false,"chose_seed":false,"campfire_upgraded":1,"win_rate":0.0,"timestamp":1611729208,"path_taken":["R","M","M","?","?","?","T","E","?","E","?","E","M","$","M","BOSS","R","M","$","?","$","R","T","E","M","E","R","NM","?","M","M","BOSS","R","M","?","M","?","E","T","E"],"items_purchased_type":["Relic","Relic","Card","Card","Card","Card","Card","Card","Potion","Potion","Potion","Relic","Potion","Relic"],"build_version":"2020-12-22","purchased_purges":0,"victory":false,"max_hp_per_floor":[70,70,70,70,70,70,70,70,70,70,70,70,70,70,70,70,70,70,70,70,70,70,70,70,70,70,70,70,70,70,70,70,70,70,70,70,70,70,70,70,70,70,70,70],"card_choices":[{"not_picked":["bronze:Overheat","bronze:Frontload"],"picked":"bronze:ChosenStrike","floor":2.0},{"not_picked":["bronze:Invalidate","bronze:GetLatest"],"picked":"bronze:DelayedGuard","floor":3.0},{"not_picked":["bronze:FollowUp","bronze:WildBeam"],"picked":"bronze:Fortify","floor":5.0},{"not_picked":["bronze:SpaghettiCode","bronze:BurnOut"],"picked":"bronze:TinkerersToolbox","floor":6.0},{"not_picked":["bronze:Break","bronze:RecursiveStrike"],"picked":"bronze:Library","floor":8.0},{"not_picked":["bronze:HardenedForm","bronze:ThunderWave"],"picked":"bronze:Verify","floor":10.0},{"not_picked":["bronze:Deprecate","bronze:Allocate"],"picked":"bronze:Constructor","floor":11.0},{"not_picked":["bronze:Virus","bronze:Assembly"],"picked":"bronze:HyperBeam","floor":12.0},{"not_picked":["bronze:Invalidate","bronze:BuggyMess"],"picked":"bronze:WildBeam","floor":13.0},{"not_picked":["bronze:Branch","bronze:Frontload"],"picked":"bronze:FineTuning","floor":14.0},{"not_picked":["bronze:Overheat","bronze:WildBeam"],"picked":"bronze:ItsAFeature","floor":15.0},{"not_picked":["bronze:RecursiveStrike","bronze:BurnOut"],"picked":"bronze:Virus","floor":16.0},{"not_picked":["bronze:Return","bronze:Turbo"],"picked":"bronze:Terminator","floor":20.0},{"not_picked":[],"picked":"bronze:DonuBeam","floor":21.0},{"not_picked":[],"picked":"bronze:DecaBeam","floor":21.0},{"not_picked":["bronze:FineTuning","bronze:Overheat"],"picked":"bronze:FollowUp+1","floor":21.0},{"not_picked":["bronze:SpaghettiCode","bronze:Branch+1"],"picked":"bronze:FineTuning","floor":22.0},{"not_picked":["bronze:Format","bronze:Break"],"picked":"bronze:AlphaBuild","floor":25.0},{"not_picked":["bronze:CutThrough","bronze:Branch+1"],"picked":"bronze:Terminator","floor":26.0},{"not_picked":["bronze:Break","bronze:FindAndReplace"],"picked":"bronze:ThunderWave","floor":27.0},{"not_picked":["bronze:RecursiveStrike","bronze:Format"],"picked":"bronze:BurnOut","floor":29.0},{"not_picked":["bronze:ClassDefault","bronze:DelayedGuard"],"picked":"bronze:DarkDash+1","floor":31.0},{"not_picked":["bronze:Iterate","bronze:Allocate"],"picked":"bronze:Fortify+1","floor":32.0},{"not_picked":["bronze:ShipIt","bronze:Format"],"picked":"bronze:BurnOut","floor":33.0},{"not_picked":["bronze:NullPointer","bronze:CutThrough"],"picked":"bronze:Separator","floor":36.0},{"not_picked":["bronze:Invalidate+1","bronze:NullPointer+1"],"picked":"bronze:Boost","floor":38.0},{"not_picked":["bronze:Separator+1","bronze:WhirlingStrike"],"picked":"bronze:Optimize+1","floor":39.0},{"not_picked":["bronze:RecursiveStrike","bronze:Assembly"],"picked":"bronze:Verify","floor":40.0}],"player_experience":1681139,"relics_obtained":[{"floor":2.0,"key":"LetterFromLob"},{"floor":6.0,"key":"Iron Hammer"},{"floor":7.0,"key":"Letter Opener"},{"floor":8.0,"key":"conspire:Boomerang"},{"floor":10.0,"key":"Unceasing Top"},{"floor":12.0,"key":"infinitespire:Midas Blood"},{"floor":24.0,"key":"hubris:DuctTape"},{"floor":25.0,"key":"Centennial Puzzle"},{"floor":27.0,"key":"Potion Belt"},{"floor":29.0,"key":"hexamod:CandleOfCauterizing"},{"floor":37.0,"key":"Ring of Fury"},{"floor":37.0,"key":"ReplayTheSpireMod:Ring of Collecting"},{"floor":40.0,"key":"Question Card"},{"floor":41.0,"key":"ReplayTheSpireMod:Ring of Challenge"},{"floor":41.0,"key":"Blood Vial"}],"event_choices":[],"is_beta":false,"boss_relics":[{"not_picked":["halation:HeavySnake","Busted Crown"],"picked":"bronze:PlatinumCore"},{"not_picked":["Fusion Hammer","halation:PinkAlligatorPlush"],"picked":"Replay:Grab Bag"},{"not_picked":["Philosopher\u0027s Stone","halation:SmartPhone"],"picked":"ChewingGum"},{"not_picked":["halation:ForbiddenBikini","Coffee Dripper"],"picked":"bronze:MakeshiftBattery"},{"not_picked":["Astrolabe","hubris:HollowSoul"],"picked":"expansioncontent:StudyCardRelic"}],"items_purged_floors":[],"is_endless":true,"potions_floor_spawned":[8,10,12,13,15,16,19,21,26,27,29,32,33,36,38],"killed_by":"beaked:SuperParasite","ascension_level":0}}