{"host":"v3mpq6flurzldi5g","time":1611784348,"event":{"mods":["AchievementEnabler","BaseMod","Colored Powertips","Highlight Path","Minty Spire (QoL Compilation)","StSLib"],"gold_per_floor":[111,123,137,154,154,154,180,180,180,212,232,249,15,15,15,93,93,111,111,111,111],"floor_reached":20,"language":"ENG","playtime":1399,"items_purged":[],"score":304,"play_id":"6285c038-326f-4369-95f5-048743f0bf52","local_time":"20210127165228","is_ascension_mode":true,"campfire_choices":[{"data":"Defend_G","floor":6,"key":"SMITH"},{"floor":8,"key":"REST"},{"floor":15,"key":"REST"}],"circlet_count":0,"master_deck":["AscendersBane","Strike_G","Strike_G","Strike_G","Strike_G","Strike_G","Defend_G","Defend_G","Defend_G","Defend_G","Defend_G+1","Survivor","Neutralize+1","Burst","Slice","Backflip","Quick Slash","Prepared","Blur","Heel Hook","Predator","Noxious Fumes","Footwork","Infinite Blades","Accuracy","Footwork","Storm of Steel"],"relics":["Ring of the Serpent","Potion Belt","The Courier","TungstenRod"],"acts_visited":["TheCity"],"potions_floor_usage":[4,7,12],"damage_taken":[{"damage":2.0,"enemies":"Cultist","floor":1.0,"turns":5.0},{"damage":1.0,"enemies":"2 Louse","floor":2.0,"turns":4.0},{"damage":3.0,"enemies":"Small Slimes","floor":3.0,"turns":5.0},{"damage":0,"enemies":"Gremlin Gang","floor":4,"turns":6},{"damage":17,"enemies":"Gremlin Nob","floor":7,"turns":4},{"damage":57,"enemies":"Lagavulin","floor":10,"turns":15},{"damage":0,"enemies":"2 Fungi Beasts","floor":11,"turns":4},{"damage":0,"enemies":"Large Slime","floor":12,"turns":6},{"damage":23,"enemies":"The Guardian","floor":16,"turns":14},{"damage":9,"enemies":"Spheric Guardian","floor":18,"turns":7},{"damage":26,"enemies":"3 Byrds","floor":20,"turns":3}],"seed_played":"2949436563444504048","potions_obtained":[{"floor":1.0,"key":"ColorlessPotion"},{"floor":3.0,"key":"Energy Potion"},{"floor":4,"key":"PowerPotion"},{"floor":16,"key":"Block Potion"}],"is_trial":false,"path_per_floor":["M","M","M","M","?","R","E","R","T","E","M","M","$","$","R","B",null,"M","?","M"],"character_chosen":"THE_SILENT","items_purchased":["Footwork","Infinite Blades","Accuracy","Footwork"],"campfire_rested":2,"item_purchase_floors":[13,13,13,13],"current_hp_per_floor":[61,60,57,57,57,57,40,61,61,4,4,4,4,4,25,2,53,44,32,6,6],"gold":111,"neow_bonus":"ONE_RANDOM_RARE_CARD","is_daily":false,"chose_seed":false,"campfire_upgraded":1,"win_rate":0.0,"timestamp":1611784348,"path_taken":["M","M","M","?","?","R","E","R","T","E","M","M","?","$","R","BOSS","M","?","M"],"items_purchased_type":["Card","Card","Card","Card"],"build_version":"2020-12-22","purchased_purges":0,"victory":false,"max_hp_per_floor":[70,70,70,70,70,70,70,70,70,70,70,70,70,70,70,70,70,70,75,75,75],"card_choices":[{"not_picked":["Catalyst","Setup"],"picked":"Slice","floor":1.0},{"not_picked":["Prepared","Setup"],"picked":"Backflip","floor":2.0},{"not_picked":["Underhanded Strike","Deflect","Quick Slash"],"picked":"SKIP","floor":3.0},{"not_picked":["Underhanded Strike","Deflect"],"picked":"Quick Slash","floor":3.0},{"not_picked":["Riddle With Holes","Tactician"],"picked":"Prepared","floor":4},{"not_picked":["Quick Slash","Underhanded Strike"],"picked":"Blur","floor":7},{"not_picked":["Tools of the Trade","Leg Sweep"],"picked":"Heel Hook","floor":10},{"not_picked":["Quick Slash","Sucker Punch"],"picked":"Predator","floor":11},{"not_picked":["Backflip","Bane"],"picked":"Noxious Fumes","floor":12},{"not_picked":["Night Terror","Venomology"],"picked":"Storm of Steel","floor":16},{"not_picked":["Endless Agony","Underhanded Strike","Dagger Throw"],"picked":"SKIP","floor":18}],"player_experience":1081585,"relics_obtained":[{"floor":7,"key":"Potion Belt"},{"floor":9,"key":"The Courier"},{"floor":10,"key":"TungstenRod"}],"event_choices":[{"damage_healed":0,"gold_gain":0,"player_choice":"Forge","damage_taken":0,"max_hp_gain":0,"max_hp_loss":0,"event_name":"Accursed Blacksmith","floor":5,"gold_loss":0,"cards_upgraded":["Neutralize"]},{"damage_healed":0,"gold_gain":0,"player_choice":"Shed Blood","damage_taken":18,"max_hp_gain":5,"max_hp_loss":0,"event_name":"Forgotten Altar","floor":19,"gold_loss":0}],"is_beta":false,"boss_relics":[{"not_picked":["Fusion Hammer","Runic Pyramid"],"picked":"Ring of the Serpent"}],"items_purged_floors":[],"is_endless":false,"potions_floor_spawned":[1,3,4,16],"killed_by":"3 Byrds","ascension_level":13}}