{"host":"uv5ws9rdk87e8i5k","time":1611724447,"event":{"mods":["AchievementEnabler","BaseMod","Colored Map","Minty Spire (QoL Compilation)","Permanent Neow","Quick Restart","StSLib","SuperFastMode","The Animator","The Cursed","The Hierophant","The Necromancer"],"gold_per_floor":[115,126,139,155,173,173,200,216,216,250,250,267,299,299,299,392,392,411,394,417,417,442,462,506,506,575,600,634,36,70,89,89,185,185,204,204,227,241,241,280,295,326,349,349,57,95,113,0,0,0],"floor_reached":51,"language":"ENG","playtime":1459,"items_purged":["Strike_W","Strike_W"],"score":1358,"play_id":"dcc4edae-812d-4af2-8a7d-9a0233779b74","local_time":"20210126231407","is_ascension_mode":true,"campfire_choices":[{"data":"Summon_Vampire_Lady","floor":6.0,"key":"SMITH"},{"floor":11.0,"key":"REST"},{"data":"Summon_Lich","floor":15.0,"key":"SMITH"},{"data":"Summon_Death_Knight","floor":25.0,"key":"SMITH"},{"data":"Summon_Undead_Army","floor":32.0,"key":"SMITH"},{"data":"Summon_Lich","floor":44.0,"key":"SMITH"},{"data":"Summon_Lich","floor":49.0,"key":"SMITH"}],"circlet_count":0,"master_deck":["AscendersBane","Strike_W","Strike_W","Defend_W","Defend_W","Defend_W","Negative_Energy_Arrows","Bone_Wall","Summon_Vampire_Lady+1","Spectral_Armor","Grasp_Heart","Summon_Lich+1","Siphon_Strength","Summon_Death_Knight+1","Bone_Prison","Summon_Undead_Army+1","Uncharnel","Requiem","Summon_Undead_Army+1","Life_Drain","Summon_Lich+1","Summon_Lich+1","Hellfire"],"relics":["Vampire_Amulet","Oddly Smooth Stone","Kunai","Boot","PreservedInsect","Golden Idol","Velvet Choker","MutagenicStrength","Ice Cream","Letter Opener","Pantograph","Ancient Tea Set","Du-Vu Doll","Pen Nib","Snecko Eye","Meat on the Bone","Regal Pillow","Mango","Bronze Scales","Bird Faced Urn","Red Mask"],"acts_visited":["Exordium","TheCity","TheBeyond"],"potions_floor_usage":[50,50],"damage_taken":[{"damage":9.0,"enemies":"Cultist","floor":1.0,"turns":5.0},{"damage":13.0,"enemies":"Jaw Worm","floor":2.0,"turns":4.0},{"damage":14.0,"enemies":"2 Louse","floor":3.0,"turns":5.0},{"damage":40.0,"enemies":"Exordium Thugs","floor":4.0,"turns":8.0},{"damage":10.0,"enemies":"Looter","floor":5.0,"turns":2.0},{"damage":41.0,"enemies":"Gremlin Nob","floor":7.0,"turns":6.0},{"damage":9.0,"enemies":"3 Louse","floor":8.0,"turns":4.0},{"damage":12.0,"enemies":"Lagavulin","floor":10.0,"turns":5.0},{"damage":0.0,"enemies":"Blue Slaver","floor":12.0,"turns":4.0},{"damage":14.0,"enemies":"3 Sentries","floor":13.0,"turns":7.0},{"damage":38.0,"enemies":"The Guardian","floor":16.0,"turns":10.0},{"damage":19.0,"enemies":"Spheric Guardian","floor":18.0,"turns":6.0},{"damage":19.0,"enemies":"2 Thieves","floor":19.0,"turns":4.0},{"damage":28.0,"enemies":"Shelled Parasite and Fungi","floor":20.0,"turns":6.0},{"damage":7.0,"enemies":"Snake Plant","floor":22.0,"turns":5.0},{"damage":11.0,"enemies":"Snecko","floor":23.0,"turns":6.0},{"damage":9.0,"enemies":"Book of Stabbing","floor":24.0,"turns":6.0},{"damage":20.0,"enemies":"Centurion and Healer","floor":27.0,"turns":6.0},{"damage":0.0,"enemies":"Gremlin Leader","floor":28.0,"turns":6.0},{"damage":29.0,"enemies":"Slavers","floor":30.0,"turns":4.0},{"damage":15.0,"enemies":"Chosen and Byrds","floor":31.0,"turns":5.0},{"damage":13.0,"enemies":"Champ","floor":33.0,"turns":8.0},{"damage":20.0,"enemies":"3 Darklings","floor":35.0,"turns":5.0},{"damage":2.0,"enemies":"Orb Walker","floor":37.0,"turns":3.0},{"damage":14.0,"enemies":"Jaw Worm Horde","floor":38.0,"turns":4.0},{"damage":2.0,"enemies":"Giant Head","floor":40.0,"turns":4.0},{"damage":17.0,"enemies":"3 Darklings","floor":41.0,"turns":4.0},{"damage":23.0,"enemies":"Mind Bloom Boss Battle","floor":42.0,"turns":5.0},{"damage":11.0,"enemies":"Reptomancer","floor":46.0,"turns":4.0},{"damage":0.0,"enemies":"Transient","floor":47.0,"turns":5.0},{"damage":4,"enemies":"Time Eater","floor":50,"turns":7}],"seed_played":"878250262722705144","potions_obtained":[{"floor":3.0,"key":"SteroidPotion"},{"floor":5.0,"key":"Energy Potion"},{"floor":10.0,"key":"Swift Potion"},{"floor":12.0,"key":"SneckoOil"},{"floor":18.0,"key":"LiquidBronze"},{"floor":23.0,"key":"Swift Potion"},{"floor":28.0,"key":"SteroidPotion"},{"floor":30.0,"key":"CultistPotion"},{"floor":37.0,"key":"BlessingOfTheForge"},{"floor":38.0,"key":"Explosive Potion"},{"floor":41.0,"key":"FearPotion"}],"is_trial":false,"path_per_floor":["M","M","M","M","M","R","E","M","T","E","R","M","E","?","R","B",null,"M","M","M","?","M","M","E","R","T","M","E","$","E","M","R","B",null,"M","?","M","M","T","E","M","?","T","R","$","E","M","?","R","B",null],"character_chosen":"NECROMANCER","items_purchased":["Ancient Tea Set","Du-Vu Doll","Regen Potion","Summon_Lich","DistilledChaos","SkillPotion"],"campfire_rested":1,"item_purchase_floors":[29,29,29,45,45,45],"current_hp_per_floor":[52,53,58,43,38,38,11,20,20,22,44,55,62,62,62,53,65,57,52,40,40,41,41,46,46,46,45,68,68,64,65,65,69,69,58,58,64,62,62,69,64,69,69,69,69,83,83,83,83,83],"gold":0,"neow_bonus":"THREE_RARE_CARDS","is_daily":false,"chose_seed":false,"campfire_upgraded":6,"win_rate":0.0,"timestamp":1611724447,"path_taken":["M","M","M","M","M","R","E","M","T","E","R","M","E","?","R","BOSS","M","M","M","?","M","M","E","R","T","M","E","$","E","M","R","BOSS","M","?","M","M","?","E","M","?","T","R","$","E","M","?","R","BOSS"],"items_purchased_type":["Relic","Relic","Potion","Card","Potion","Potion"],"build_version":"2020-12-22","purchased_purges":2,"victory":true,"max_hp_per_floor":[75,75,75,75,75,75,75,75,75,75,75,75,75,69,69,69,69,69,69,69,69,69,69,69,69,69,69,69,69,69,69,69,69,69,69,69,69,69,69,69,69,83,83,83,83,83,83,83,83,83],"card_choices":[{"not_picked":["Blood_Magic","Negative_Energy_Bomb"],"picked":"Summon_Vampire_Lady","floor":0.0},{"not_picked":["Chill_Blood","Death_Coil","Finger_Of_Death"],"picked":"SKIP","floor":1.0},{"not_picked":["Blood_Whip","Scare"],"picked":"Spectral_Armor","floor":2.0},{"not_picked":["Blood_Curse","Consume_Illness","Bones_to_Steel"],"picked":"SKIP","floor":3.0},{"not_picked":["Bones_to_Steel","Death_March_Dance","Toxic_Smoke_Screen"],"picked":"SKIP","floor":4.0},{"not_picked":["Blood_Curse","Bone_Armor","Chill_Blood"],"picked":"SKIP","floor":5.0},{"not_picked":["Exploit","Toxic_Smoke_Screen"],"picked":"Grasp_Heart","floor":7.0},{"not_picked":["Blood_Is_Power","Necromantic_Selection","Bone_Armor"],"picked":"SKIP","floor":8.0},{"not_picked":["Negative_Energy_Sphere","Blood_Curse","Blood_Whip"],"picked":"SKIP","floor":10.0},{"not_picked":["Bone_Armory","Bone_Prison"],"picked":"Summon_Lich","floor":12.0},{"not_picked":["Scare","Death_Coil"],"picked":"Siphon_Strength","floor":13.0},{"not_picked":["Skeleton_Dragon","Detonate_Bones"],"picked":"Summon_Death_Knight","floor":16.0},{"not_picked":["Whirlwind_of_Bones","Death_March_Dance","Death_Coil"],"picked":"SKIP","floor":18.0},{"not_picked":["Consume_Illness","Violent_Necrosis","Bone_Shift"],"picked":"SKIP","floor":19.0},{"not_picked":["Chill_Blood","Death_March_Dance","Negative_Energy_Sphere"],"picked":"SKIP","floor":20.0},{"not_picked":["Finger_Of_Death","Blood_Wake"],"picked":"Bone_Prison","floor":22.0},{"not_picked":["Bone_Armor","Bones_to_Steel","Toxic_Smoke_Screen"],"picked":"SKIP","floor":23.0},{"not_picked":["Bone_Spikes","Epidemic"],"picked":"Summon_Undead_Army","floor":24.0},{"not_picked":["Bone_Armor","Deaths_Shadow"],"picked":"Uncharnel","floor":27.0},{"not_picked":["Death_Knell+1","Blood_Is_Power+1","Bone_Shift"],"picked":"SKIP","floor":28.0},{"not_picked":["Negative_Energy_Sphere","Bone_Shift","Blood_Whip"],"picked":"SKIP","floor":30.0},{"not_picked":["Bone_Spikes+1","Bone_Shift","Finger_Of_Death+1"],"picked":"SKIP","floor":31.0},{"not_picked":["Detonate_Bones","Grasp_Heart"],"picked":"Requiem","floor":33.0},{"not_picked":["Finger_Of_Death","Blood_Whip"],"picked":"Summon_Undead_Army+1","floor":35.0},{"not_picked":["Vampiric_Strike","Bone_Shift","Negative_Energy_Javelin"],"picked":"SKIP","floor":37.0},{"not_picked":["Scare+1","Bone_Spikes"],"picked":"Life_Drain","floor":38.0},{"not_picked":["Slay_Living","Summon_Undead_Army"],"picked":"Summon_Lich","floor":40.0},{"not_picked":["Negative_Energy_Shield","Flesh_Made_Foul","Consume_Illness"],"picked":"SKIP","floor":41.0},{"not_picked":["Bone_Shift+1","Bone_Bullets+1"],"picked":"Hellfire","floor":46.0},{"not_picked":["Negative_Energy_Mist","Corrupt","Acid_Javelin"],"picked":"SKIP","floor":47.0}],"player_experience":300399,"relics_obtained":[{"floor":7.0,"key":"Oddly Smooth Stone"},{"floor":9.0,"key":"Kunai"},{"floor":10.0,"key":"Boot"},{"floor":13.0,"key":"PreservedInsect"},{"floor":24.0,"key":"Ice Cream"},{"floor":26.0,"key":"Letter Opener"},{"floor":28.0,"key":"Pantograph"},{"floor":30.0,"key":"Pen Nib"},{"floor":39.0,"key":"Meat on the Bone"},{"floor":40.0,"key":"Regal Pillow"},{"floor":42.0,"key":"Mango"},{"floor":43.0,"key":"Bronze Scales"},{"floor":46.0,"key":"Bird Faced Urn"}],"event_choices":[{"damage_healed":0.0,"max_hp_gain":0.0,"max_hp_loss":6.0,"gold_gain":0.0,"event_name":"Golden Idol","player_choice":"Lose Max HP","floor":14.0,"gold_loss":0.0,"damage_taken":0.0,"relics_obtained":["Golden Idol"]},{"damage_healed":0.0,"max_hp_gain":0.0,"max_hp_loss":0.0,"gold_gain":0.0,"event_name":"Drug Dealer","player_choice":"Inject Mutagens","floor":21.0,"gold_loss":0.0,"damage_taken":0.0,"relics_obtained":["MutagenicStrength"]},{"cards_removed":["Defend_W"],"damage_healed":0.0,"max_hp_gain":0.0,"max_hp_loss":0.0,"gold_gain":0.0,"event_name":"Falling","player_choice":"Removed Skill","floor":36.0,"gold_loss":0.0,"damage_taken":0.0},{"damage_healed":0.0,"max_hp_gain":0.0,"max_hp_loss":0.0,"gold_gain":0.0,"event_name":"MindBloom","player_choice":"Fight","floor":42.0,"gold_loss":0.0,"damage_taken":0.0},{"damage_healed":0.0,"max_hp_gain":0.0,"max_hp_loss":0.0,"gold_gain":0.0,"event_name":"Tomb of Lord Red Mask","player_choice":"Paid","floor":48.0,"gold_loss":113.0,"damage_taken":0.0,"relics_obtained":["Red Mask"]}],"is_beta":false,"boss_relics":[{"not_picked":["Ectoplasm","Runic Dome"],"picked":"Velvet Choker"},{"not_picked":["Runic Pyramid","Pandora\u0027s Box"],"picked":"Snecko Eye"}],"items_purged_floors":[29,45],"is_endless":false,"potions_floor_spawned":[3,5,10,12,18,23,28,30,37,38,41,46],"ascension_level":13}}