{"host":"yx5rao87132cy5xq","time":1611785779,"event":{"mods":["2.2 Compatiblity","AchievementEnabler","BaseMod","Bestiary","Colored Map","Colored Powertips","Minty Spire (QoL Compilation)","Quick Restart","Relic Stats","Slay-I","SuperFastMode"],"gold_per_floor":[116,11,11,30,41,41,70,70,70,70,98,50,64,97,97,200,200,214,214,214,33,52,52,52,52,52,86,86,120,120,151,151,151,151],"floor_reached":33,"language":"POL","playtime":1820,"items_purged":[],"score":541,"play_id":"7dadae70-8885-4f87-a6f5-08906daf20ae","local_time":"20210127231619","is_ascension_mode":true,"campfire_choices":[{"data":"Pommel Strike","floor":6,"key":"SMITH"},{"data":"Bash","floor":8,"key":"SMITH"},{"floor":15,"key":"REST"},{"floor":23,"key":"REST"},{"data":"Double Tap","floor":25,"key":"SMITH"},{"data":"Iron Wave","floor":28,"key":"SMITH"},{"floor":30,"key":"REST"},{"data":"Reaper","floor":32,"key":"SMITH"}],"circlet_count":0,"master_deck":["AscendersBane","Strike_R","Strike_R","Strike_R","Defend_R","Defend_R","Defend_R","Defend_R","Bash+1","Pommel Strike+1","Blood for Blood","Flame Barrier+1","Feed","Double Tap+1","Cleave","Metallicize","Reaper+1","Writhe","Inflame","Clash","Inflame","Iron Wave+1","Feel No Pain","Feel No Pain"],"relics":["Burning Blood","Self Forming Clay","Pear","Pantograph","Paper Frog","Anchor","Runic Pyramid","Orichalcum","Regal Pillow","Letter Opener","Mummified Hand","The Courier","Tiny Chest"],"acts_visited":["Exordium","TheCity"],"potions_floor_usage":[13,13,16,29,33],"damage_taken":[{"damage":4,"enemies":"2 Louse","floor":1,"turns":3},{"damage":1,"enemies":"Cultist","floor":4,"turns":3},{"damage":6,"enemies":"Small Slimes","floor":5,"turns":4},{"damage":38,"enemies":"Lagavulin","floor":7,"turns":10},{"damage":43,"enemies":"Gremlin Nob","floor":11,"turns":5},{"damage":11,"enemies":"Exordium Thugs","floor":13,"turns":8},{"damage":14,"enemies":"Lagavulin","floor":14,"turns":7},{"damage":63,"enemies":"Slime Boss","floor":16,"turns":14},{"damage":46,"enemies":"Spheric Guardian","floor":18,"turns":9},{"damage":25,"enemies":"Chosen","floor":22,"turns":6},{"damage":60,"enemies":"Book of Stabbing","floor":27,"turns":6},{"damage":20,"enemies":"Gremlin Leader","floor":29,"turns":7},{"damage":42,"enemies":"Book of Stabbing","floor":31,"turns":6},{"damage":159,"enemies":"Automaton","floor":33,"turns":14}],"seed_played":"-5390936331306052153","potions_obtained":[{"floor":4,"key":"ColorlessPotion"},{"floor":14,"key":"SkillPotion"},{"floor":16,"key":"LiquidMemories"},{"floor":18,"key":"PowerPotion"},{"floor":22,"key":"BloodPotion"}],"is_trial":false,"path_per_floor":["M","?","$","M","M","R","E","R","T","?","E","$","M","E","R","B",null,"M","?","?","$","M","R","?","R","T","E","R","E","R","E","R","B"],"character_chosen":"IRONCLAD","items_purchased":["Block Potion","Regal Pillow","Inflame"],"campfire_rested":3,"item_purchase_floors":[12,21,21],"current_hp_per_floor":[82,82,82,87,87,87,65,65,65,65,31,31,26,18,48,19,83,51,51,51,51,35,82,82,82,82,43,43,61,109,84,84,0,0],"gold":151,"neow_bonus":"TEN_PERCENT_HP_BONUS","is_daily":false,"chose_seed":false,"campfire_upgraded":5,"win_rate":0.0,"timestamp":1611785779,"path_taken":["M","?","$","M","?","R","E","R","T","?","E","?","M","E","R","BOSS","M","?","?","$","M","R","?","R","T","E","R","E","R","E","R","BOSS"],"items_purchased_type":["Potion","Relic","Card"],"build_version":"2020-12-22","purchased_purges":0,"victory":false,"max_hp_per_floor":[88,88,88,88,88,88,98,98,98,98,101,101,101,101,101,104,104,104,104,104,104,107,107,107,107,107,110,110,110,110,113,113,113,113],"relic_stats":{"Regal Pillow":30,"counters":[14,102],"Self Forming Clay":[174],"Mummified Hand":[14],"Pantograph":50,"Tiny Chest":0,"Letter Opener":[5],"Orichalcum":[24],"obtain_stats":[{"Regal Pillow":21,"Pear":7,"Self Forming Clay":2,"The Courier":29,"Letter Opener":26,"Orichalcum":19,"Burning Blood":0,"Anchor":14,"Mummified Hand":27,"Pantograph":9,"Tiny Chest":31,"Paper Frog":11,"Runic Pyramid":17},{"Regal Pillow":9,"Pear":4,"Self Forming Clay":1,"The Courier":12,"Letter Opener":10,"Orichalcum":9,"Burning Blood":0,"Anchor":7,"Mummified Hand":11,"Pantograph":4,"Tiny Chest":13,"Paper Frog":5,"Runic Pyramid":8},{"Regal Pillow":63,"Pear":20,"Self Forming Clay":3,"The Courier":82,"Letter Opener":69,"Orichalcum":63,"Burning Blood":0,"Anchor":40,"Mummified Hand":75,"Pantograph":20,"Tiny Chest":88,"Paper Frog":25,"Runic Pyramid":54}],"Burning Blood":78},"card_choices":[{"not_picked":["Cleave","Sword Boomerang"],"picked":"Pommel Strike","floor":1},{"not_picked":["Flex","Hemokinesis"],"picked":"Blood for Blood","floor":4},{"not_picked":["Twin Strike","Shrug It Off"],"picked":"Flame Barrier","floor":5},{"not_picked":["Twin Strike","Rage"],"picked":"Feed","floor":7},{"not_picked":["True Grit","Sword Boomerang"],"picked":"Double Tap","floor":11},{"not_picked":["Sword Boomerang","Demon Form"],"picked":"Cleave","floor":13},{"not_picked":["Perfected Strike","Searing Blow"],"picked":"Metallicize","floor":14},{"not_picked":["Barricade","Berserk"],"picked":"Reaper","floor":16},{"not_picked":["Wild Strike","Cleave","Searing Blow"],"picked":"SKIP","floor":18},{"not_picked":["Sword Boomerang","Anger","Cleave"],"picked":"SKIP","floor":22},{"not_picked":["Rampage","Reckless Charge"],"picked":"Iron Wave","floor":27},{"not_picked":["Immolate","Warcry"],"picked":"Feel No Pain","floor":29},{"not_picked":["Heavy Blade+1","Shockwave"],"picked":"Feel No Pain","floor":31}],"player_experience":850994,"relics_obtained":[{"floor":7,"key":"Pear"},{"floor":9,"key":"Pantograph"},{"floor":11,"key":"Paper Frog"},{"floor":14,"key":"Anchor"},{"floor":26,"key":"Letter Opener"},{"floor":27,"key":"Mummified Hand"},{"floor":29,"key":"The Courier"},{"floor":31,"key":"Tiny Chest"}],"event_choices":[{"damage_healed":0,"gold_gain":0,"player_choice":"Paid Gold","damage_taken":0,"relics_obtained":["Self Forming Clay"],"max_hp_gain":0,"max_hp_loss":0,"event_name":"WeMeetAgain","floor":2,"gold_loss":105},{"damage_healed":0,"gold_gain":0,"player_choice":"Upgraded","damage_taken":0,"max_hp_gain":0,"max_hp_loss":0,"event_name":"Upgrade Shrine","floor":10,"gold_loss":0,"cards_upgraded":["Flame Barrier"]},{"damage_healed":0,"gold_gain":0,"player_choice":"Opened","damage_taken":0,"relics_obtained":["Orichalcum"],"max_hp_gain":0,"max_hp_loss":0,"event_name":"The Mausoleum","floor":19,"gold_loss":0,"cards_obtained":["Writhe"]},{"damage_healed":0,"gold_gain":0,"cards_transformed":["Strike_R","Strike_R"],"player_choice":"Became Test Subject","damage_taken":0,"max_hp_gain":0,"max_hp_loss":0,"event_name":"Drug Dealer","floor":20,"gold_loss":0,"cards_obtained":["Inflame","Clash"]}],"is_beta":false,"boss_relics":[{"not_picked":["Sozu","SlaversCollar"],"picked":"Runic Pyramid"}],"items_purged_floors":[],"is_endless":false,"potions_floor_spawned":[4,14,16,18,22],"killed_by":"Automaton","ascension_level":11}}