{"host":"ty7uytdfitsmf36k","time":1611770425,"event":{"mods":["AchievementEnabler","BaseMod","Colored Map","Colored Powertips","DeckTracker","Downfall","Infinite Spire","Minty Spire (QoL Compilation)","Relic Stats","Replay The Spire","Spire Arcade","StSLib","SuperFastMode","The Jungle","Wandering Minibosses"],"gold_per_floor":[118,137,147,161,178,207,207,303,303,75,91,105,5,40,40,145,145,155,155,155,155,173,173,48,48,48],"floor_reached":25,"language":"ENG","playtime":652,"items_purged":["Strike_R","Strike_R","Strike_R"],"score":320,"play_id":"b9b9d203-3fd8-4eaa-826e-31d41f8301e6","local_time":"20210127130025","is_ascension_mode":true,"campfire_choices":[{"data":"Eclipse","floor":7,"key":"SMITH"},{"data":"Corruption","floor":15,"key":"SMITH"},{"data":"infinitespire:SevenWalls","floor":23,"key":"SMITH"}],"circlet_count":0,"master_deck":["AscendersBane","Strike_R","Defend_R","Defend_R","Defend_R","Bash","Eclipse+1","Pommel Strike","ReplayTheSpireMod:Strike From Hell","Spot Weakness","Fire Breathing","Shrug It Off","Intimidate","Reckless Charge","Corruption+1","Body Slam+1","Shrug It Off","Infernal Blade","ReplayTheSpireMod:Strike From Hell+1","Offering","Shockwave","Decay","ReplayTheSpireMod:Splinters","infinitespire:SevenWalls+1"],"relics":["Burning Blood","Pet Ghost","Blue Candle","champ:Barbells","Garlic","Cursed Key","theJungle:WildMango"],"acts_visited":["Exordium","theJungle:Jungle"],"potions_floor_usage":[6,14,14],"damage_taken":[{"damage":0,"enemies":"Cultist","floor":1,"turns":3},{"damage":4,"enemies":"Jaw Worm","floor":2,"turns":4},{"damage":0,"enemies":"2 Louse","floor":3,"turns":2},{"damage":18,"enemies":"Blue Slaver","floor":4,"turns":7},{"damage":34,"enemies":"Exordium Wildlife","floor":5,"turns":10},{"damage":22,"enemies":"Lagavulin","floor":6,"turns":8},{"damage":3,"enemies":"Looter","floor":11,"turns":3},{"damage":3,"enemies":"Exordium Thugs","floor":12,"turns":4},{"damage":11,"enemies":"Gremlin Nob","floor":14,"turns":4},{"damage":5,"enemies":"Slime Boss","floor":16,"turns":7},{"damage":17,"enemies":"theJungle:Flameango_and_Byrd","floor":18,"turns":4},{"damage":24,"enemies":"theJungle:MUSHROOMGANG","floor":22,"turns":5},{"damage":79,"enemies":"theJungle:MamaSnecko","floor":25,"turns":4}],"seed_played":"4491494304514930028","potions_obtained":[{"floor":5,"key":"hexamod:SoulburnPotion"},{"floor":6,"key":"Guardian:BlockOnCardUsePotion"},{"floor":11,"key":"Toxic Potion"},{"floor":14,"key":"ColorlessPotion"},{"floor":22,"key":"Strength Potion"}],"is_trial":false,"path_per_floor":["M","M","M","M","M","E","R","?","T","$","M","M","$","E","R","B",null,"M","?","?","?","M","R","$","E"],"character_chosen":"IRONCLAD","items_purchased":["champ:Barbells"],"campfire_rested":0,"item_purchase_floors":[10],"current_hp_per_floor":[57,59,65,53,25,9,9,9,9,9,12,15,15,10,10,11,63,52,52,66,66,48,48,48,0,0],"gold":48,"neow_bonus":"TRANSFORM_TWO_CARDS","is_daily":false,"chose_seed":false,"campfire_upgraded":3,"win_rate":0.0,"timestamp":1611770425,"path_taken":["M","M","M","M","M","E","R","?","T","?","?","M","?","E","R","BOSS","M","?","?","?","M","R","?","E"],"items_purchased_type":["Relic"],"build_version":"2020-12-22","purchased_purges":3,"victory":false,"max_hp_per_floor":[80,80,80,80,80,80,80,80,80,80,80,80,80,80,80,80,80,80,80,94,94,94,94,94,94,94],"relic_stats":{"counters":[13,65],"Blue Candle":[1],"Cursed Key":0,"obtain_stats":[{"champ:Barbells":10,"Blue Candle":9,"Garlic":14,"theJungle:WildMango":20,"Cursed Key":17,"Burning Blood":0,"Pet Ghost":6},{"champ:Barbells":6,"Blue Candle":6,"Garlic":9,"theJungle:WildMango":11,"Cursed Key":10,"Burning Blood":0,"Pet Ghost":6},{"champ:Barbells":34,"Blue Candle":34,"Garlic":45,"theJungle:WildMango":56,"Cursed Key":52,"Burning Blood":0,"Pet Ghost":34}],"Burning Blood":72},"card_choices":[{"not_picked":["Perfected Strike","Sword Boomerang"],"picked":"ReplayTheSpireMod:Strike From Hell","floor":1},{"not_picked":["Perfected Strike","Twin Strike"],"picked":"Spot Weakness","floor":2},{"not_picked":["Sword Boomerang","ReplayTheSpireMod:Muscle Training"],"picked":"Fire Breathing","floor":3},{"not_picked":["Pommel Strike","Cleave"],"picked":"Shrug It Off","floor":4},{"not_picked":["Defy Death","Clothesline"],"picked":"Intimidate","floor":5},{"not_picked":["Uppercut","Run Through"],"picked":"Reckless Charge","floor":6},{"not_picked":["Defy Death","ReplayTheSpireMod:Strike From Hell"],"picked":"Corruption","floor":8},{"not_picked":["ReplayTheSpireMod:Strike From Hell","Fiend Fire"],"picked":"Body Slam","floor":8},{"not_picked":["ReplayTheSpireMod:Stacked","Shockwave"],"picked":"Shrug It Off","floor":8},{"not_picked":["Armaments","ReplayTheSpireMod:Strike From Hell","Perfected Strike"],"picked":"SKIP","floor":11},{"not_picked":["Flex","Warcry"],"picked":"Infernal Blade","floor":12},{"not_picked":["Body Slam","Havoc"],"picked":"ReplayTheSpireMod:Strike From Hell","floor":14},{"not_picked":["Demonic Infusion","Brutality"],"picked":"Offering","floor":16},{"not_picked":["Twin Strike+1","Warcry"],"picked":"Shockwave","floor":18},{"not_picked":["infinitespire:Oblivion","infinitespire:Punishment"],"picked":"infinitespire:SevenWalls","floor":19},{"not_picked":["Iron Wave","Dropkick","ReplayTheSpireMod:Limb From Limb"],"picked":"SKIP","floor":22}],"player_experience":195996,"relics_obtained":[{"floor":6,"key":"Pet Ghost"},{"floor":9,"key":"Blue Candle"},{"floor":14,"key":"Garlic"}],"event_choices":[],"is_beta":false,"boss_relics":[{"not_picked":["Kintsugi","sneckomod:SneckoTalon"],"picked":"Cursed Key"}],"items_purged_floors":[10,13,24],"is_endless":false,"potions_floor_spawned":[5,6,11,14,22],"killed_by":"theJungle:MamaSnecko","ascension_level":10}}