{"host":"w2kjv12xyhtt0cv2","time":1611766768,"event":{"mods":["Act Like it!","BaseMod","Colored Map","Friendly Minions","Gensokyo","GifTheSpireLib","Highlight Path","Hubris","Kiyohime（清姬）","Marisa（F雨　魔理沙）","Minty Spire (QoL Compilation)","Quick Restart","Reimu（博丽灵梦）","Relic Stats","Replay The Spire","RumiaBox-露米娅的神秘盒子","Shop Mod","Spicy Shops","StSLib","The Cursed","The Servant 0.9.4","UnlockEverythingMod","Waifu the Spire","[功能]功能增强和修复MOD","vexMod","【功能Mod】Neow奖励","【遗物卡牌】REMEMod","没有小屋子和绿帽子啦"],"gold_per_floor":[117,192,242,242,29,29,29,29],"floor_reached":7,"language":"ZHS","playtime":219,"items_purged":[],"score":54,"play_id":"8bcd4932-454f-4619-8aa0-c8de5a49330e","local_time":"20210128005928","is_ascension_mode":true,"campfire_choices":[{"data":"MasterReality","floor":6,"key":"SMITH"}],"circlet_count":0,"master_deck":["TheCursedMod:Strike_TheCursed","TheCursedMod:Strike_TheCursed","TheCursedMod:Strike_TheCursed","TheCursedMod:Defend_TheCursed","TheCursedMod:Defend_TheCursed","TheCursedMod:Defend_TheCursed","TheCursedMod:Defend_TheCursed","TheCursedMod:CursedWand","TheCursedMod:CleanUpWorkshop","TheCursedMod:Dregs","MasterReality+1","TheCursedMod:SoulReap","Doubt","TheCursedMod:HellsGateOpen"],"relics":["REME_ComplimentaryCards","Sozu","Ring of Greed","The Courier","Tiny Chest","Molten Egg 2"],"acts_visited":["Exordium"],"potions_floor_usage":[],"damage_taken":[{"damage":4.0,"enemies":"Small Slimes","floor":1.0,"turns":4.0},{"damage":55,"enemies":"Gremlin Nob","floor":7,"turns":6}],"seed_played":"916403863976099974","potions_obtained":[],"is_trial":false,"path_per_floor":["M","?","?","?","$","R","E"],"character_chosen":"THE_CURSED","items_purchased":["TheCursedMod:HellsGateOpen","Molten Egg 2"],"campfire_rested":0,"item_purchase_floors":[5,5],"current_hp_per_floor":[64,53,53,53,53,53,0,0],"gold":29,"neow_bonus":"BOSS_RELIC","is_daily":false,"chose_seed":false,"campfire_upgraded":1,"win_rate":0.0,"timestamp":1611766768,"path_taken":["M","?","?","?","$","R","E"],"items_purchased_type":["Card","Relic"],"build_version":"2020-12-22","purchased_purges":0,"victory":false,"max_hp_per_floor":[75,75,75,75,75,75,75,75],"relic_stats":{"Sozu":0,"counters":[2,10],"Tiny Chest":0,"obtain_stats":[{"Sozu":0,"TheCursedMod:BlackMagic101":0,"Tiny Chest":3,"Molten Egg 2":5,"The Courier":3,"Ring of Greed":3,"REME_ComplimentaryCards":0},{"Sozu":0,"TheCursedMod:BlackMagic101":0,"Tiny Chest":1,"Molten Egg 2":1,"The Courier":1,"Ring of Greed":1,"REME_ComplimentaryCards":0},{"Sozu":0,"TheCursedMod:BlackMagic101":0,"Tiny Chest":4,"Molten Egg 2":4,"The Courier":4,"Ring of Greed":4,"REME_ComplimentaryCards":0}]},"card_choices":[{"not_picked":["TheCursedMod:Wield","TheCursedMod:SmokeScreen"],"picked":"TheCursedMod:SoulReap","floor":1.0}],"player_experience":225365,"relics_obtained":[{"floor":3,"key":"Ring of Greed"},{"floor":3,"key":"The Courier"},{"floor":3,"key":"Tiny Chest"}],"event_choices":[{"damage_healed":0.0,"max_hp_gain":0.0,"max_hp_loss":0.0,"gold_gain":75.0,"event_name":"World of Goop","player_choice":"Gather Gold","floor":2.0,"gold_loss":0.0,"damage_taken":11.0}],"is_beta":false,"boss_relics":[],"items_purged_floors":[],"is_endless":false,"potions_floor_spawned":[],"killed_by":"Gremlin Nob","ascension_level":9}}