{"host":"ygr55oy7qe9vv2jr","time":1611750382,"event":{"mods":["BaseMod","Better Third Choice","Downfall","Minty Spire (QoL Compilation)","Replay The Spire","StSLib"],"gold_per_floor":[99,111,121,137,47,47,47,47,32,64,83,97,97,29,42,144,144,44,54,74,88,107,142,142,177,177,177,193,203,215,215,233,328,328,328,339,126,126,142,142,222,222,159,159,9,38,55,84,94,94],"floor_reached":51,"language":"ENG","playtime":3942,"items_purged":["champ:Strike","champ:Strike","champ:Strike","champ:Strike"],"score":876,"play_id":"1fb11305-b79c-47d7-8712-5b29c57c605f","local_time":"20210127062622","is_ascension_mode":false,"campfire_choices":[{"data":"champ:Taunt","floor":1,"key":"SMITH"},{"data":"champ:StanceDance","floor":6,"key":"SMITH"},{"data":"champ:PreciseThrust","floor":8,"key":"SMITH"},{"data":"champ:Duel","floor":13,"key":"SMITH"},{"data":"champ:StrikeOfGenius","floor":18,"key":"SMITH"},{"data":"champ:BringItOn","floor":26,"key":"SMITH"},{"data":"champ:GladiatorStyle","floor":35,"key":"SMITH"},{"data":"champ:Execute","floor":40,"key":"SMITH"},{"data":"champ:IronFortress","floor":44,"key":"SMITH"}],"circlet_count":0,"master_deck":["champ:Defend","champ:Defend","champ:Defend","champ:Defend","champ:Execute+1","champ:Taunt+1","champ:IronFortress+1","champ:PreciseThrust+1","champ:StanceDance+1","champ:Endure","champ:Duel+1","champ:BringItOn+1","champ:StrikeOfGenius+1","champ:FlashCut+1","champ:BerserkersShout+1","Necronomicurse","champ:GladiatorStyle+1","champ:Circumvent+1","Doubt"],"relics":["champ:ChampionCrown","Toy Ornithopter","Replay:Wax Seal","Velvet Choker","downfall:HeartBlessingGreen","ReplayTheSpireMod:Lightbulb","Quantum Egg","Blood Vial","Necronomicon","expansioncontent:StudyCardRelic","InkBottle","Darkstone Periapt","Ring of Chaos","Ring of Fury","Mango","Replay:Kaleidoscope","The Courier"],"acts_visited":["Exordium","TheCity","TheBeyond"],"potions_floor_usage":[11,16,29,32,50,50],"damage_taken":[{"damage":24,"enemies":"Cultist","floor":2,"turns":3},{"damage":17,"enemies":"Small Slimes","floor":3,"turns":6},{"damage":0,"enemies":"2 Louse","floor":4,"turns":2},{"damage":20,"enemies":"downfall:FleeingMerchant","floor":5,"turns":4},{"damage":15,"enemies":"downfall:FleeingMerchant","floor":9,"turns":4},{"damage":36,"enemies":"Lagavulin","floor":10,"turns":6},{"damage":0,"enemies":"Lots of Slimes","floor":11,"turns":2},{"damage":3,"enemies":"3 Louse","floor":12,"turns":3},{"damage":20,"enemies":"downfall:FleeingMerchant","floor":14,"turns":4},{"damage":8,"enemies":"2 Fungi Beasts","floor":15,"turns":3},{"damage":50,"enemies":"DF_ARCHETYPE_STREAMLINE","floor":16,"turns":11},{"damage":25,"enemies":"Shell Parasite","floor":19,"turns":4},{"damage":2,"enemies":"Snake Plant","floor":20,"turns":4},{"damage":33,"enemies":"Centurion and Healer","floor":21,"turns":6},{"damage":24,"enemies":"Cultist and Chosen","floor":22,"turns":5},{"damage":45,"enemies":"Replay:Snechameleon","floor":23,"turns":5},{"damage":44,"enemies":"Book of Stabbing","floor":25,"turns":6},{"damage":41,"enemies":"Chosen and Byrds","floor":28,"turns":5},{"damage":19,"enemies":"Snake Plant","floor":29,"turns":3},{"damage":32,"enemies":"Snecko","floor":30,"turns":4},{"damage":52,"enemies":"Cultist and Chosen","floor":32,"turns":5},{"damage":16,"enemies":"IC_MUSHROOM_ARCHETYPE","floor":33,"turns":7},{"damage":25,"enemies":"Orb Walker","floor":36,"turns":4},{"damage":40,"enemies":"downfall:FleeingMerchant","floor":37,"turns":4},{"damage":0,"enemies":"3 Shapes","floor":39,"turns":2},{"damage":10,"enemies":"downfall:FleeingMerchant","floor":43,"turns":3},{"damage":41,"enemies":"R_Hoarder","floor":46,"turns":6},{"damage":65,"enemies":"Spire Growth","floor":47,"turns":4},{"damage":51,"enemies":"Reptomancer","floor":48,"turns":4},{"damage":10,"enemies":"Jaw Worm Horde","floor":49,"turns":4},{"damage":23,"enemies":"WA_ARCHETYPE_DIVINITY","floor":50,"turns":7}],"seed_played":"4716843810692702846","potions_obtained":[{"floor":3,"key":"Explosive Potion"},{"floor":10,"key":"LifebloodPotion"},{"floor":11,"key":"SkillPotion"},{"floor":12,"key":"ColorlessPotion"},{"floor":20,"key":"champ:OpenerPotion"},{"floor":30,"key":"LiquidBronze"},{"floor":49,"key":"champ:TechniquePotion"}],"is_trial":false,"path_per_floor":["R","M","M","M","$","R","T","R","$","E","M","M","R","$","M","B",null,"R","M","M","M","M","E","T","E","R","?","M","M","M","?","M","B",null,"R","M","$","T","M","R","T","?","?","R","$","E","M","E","M","B",null],"character_chosen":"THE_CHAMP","items_purchased":["champ:BringItOn","CultistPotion","Mango"],"campfire_rested":0,"item_purchase_floors":[14,37,43],"current_hp_per_floor":[99,95,88,88,88,88,88,88,88,77,82,79,79,69,66,66,99,99,99,97,94,90,90,90,86,86,70,71,64,54,49,29,25,99,99,99,94,94,96,96,96,102,118,118,118,118,109,70,72,119],"gold":94,"neow_bonus":"TEN_PERCENT_HP_BONUS","is_daily":false,"chose_seed":false,"campfire_upgraded":9,"win_rate":0.0,"timestamp":1611750382,"path_taken":["R","M","M","?","$","R","T","R","?","E","M","M","R","?","M","BOSS","R","M","M","M","M","E","T","E","R","?","M","M","M","?","M","BOSS","R","M","$","?","M","R","T","?","?","R","$","E","M","E","M","BOSS"],"items_purchased_type":["Card","Potion","Relic"],"build_version":"2020-12-22","purchased_purges":4,"victory":true,"max_hp_per_floor":[99,99,99,99,99,99,99,99,99,99,99,99,99,99,99,99,99,99,99,99,99,99,99,99,99,99,99,99,99,99,99,99,99,99,99,99,99,99,99,99,99,105,119,119,119,119,119,119,119,119],"card_choices":[{"not_picked":["champ:Parry","champ:SkillfulDodge"],"picked":"champ:IronFortress","floor":2},{"not_picked":["champ:StanceDance","champ:Shatter"],"picked":"champ:PreciseThrust","floor":3},{"not_picked":["champ:TornadoPunch","champ:CrownThrow","champ:Circumvent"],"picked":"SKIP","floor":4},{"not_picked":["champ:EnGarde","champ:CheapShot"],"picked":"champ:StanceDance","floor":5},{"not_picked":["champ:GladiatorStyle","champ:Circumvent"],"picked":"champ:Endure","floor":9},{"not_picked":["champ:GutPunch","champ:DefensiveShout","champ:IronFortress"],"picked":"SKIP","floor":10},{"not_picked":["champ:BerserkersShout","champ:StanceDance","champ:CalledShot"],"picked":"SKIP","floor":11},{"not_picked":["champ:CrownThrow","champ:DefensiveShout"],"picked":"champ:Duel","floor":12},{"not_picked":["champ:DefensiveShout","champ:Haymaker","champ:Duel"],"picked":"SKIP","floor":14},{"not_picked":["champ:AdrenalArmor","champ:IronFortress","champ:FaceSlap"],"picked":"SKIP","floor":15},{"not_picked":["champ:HeavySlash","champ:SwordThrow"],"picked":"champ:StrikeOfGenius","floor":16},{"not_picked":["champ:Duel","champ:RecklessLeap","champ:FanOfKnives"],"picked":"SKIP","floor":19},{"not_picked":["champ:Backstep","champ:CrookedStrike","champ:Haymaker"],"picked":"SKIP","floor":20},{"not_picked":["champ:Duel","champ:CrownThrow+1"],"picked":"champ:FlashCut+1","floor":21},{"not_picked":["champ:FanOfKnives+1","champ:BladeFlurry"],"picked":"champ:BerserkersShout+1","floor":22},{"not_picked":["champ:CheapShot","champ:BerserkersShout+1","champ:SteelEdge"],"picked":"SKIP","floor":23},{"not_picked":["champ:Haymaker+1","champ:Parry","champ:BringItOn"],"picked":"SKIP","floor":25},{"not_picked":["champ:FanOfKnives","champ:CalledShot","champ:Shatter"],"picked":"SKIP","floor":28},{"not_picked":["champ:AdrenalArmor+1","champ:Shatter+1","champ:BringItOn+1"],"picked":"SKIP","floor":29},{"not_picked":["champ:PerfectedStrike","champ:Endure"],"picked":"champ:GladiatorStyle","floor":30},{"not_picked":["champ:Shatter","champ:Haymaker"],"picked":"champ:Circumvent+1","floor":32},{"not_picked":["champ:AdrenalArmor+1","champ:Shatter+1","champ:TornadoPunch"],"picked":"SKIP","floor":36},{"not_picked":["champ:BerserkersShout+1","champ:IgnorePain","champ:FlashCut"],"picked":"SKIP","floor":37},{"not_picked":["champ:FaceSlap+1","champ:AdrenalArmor+1","champ:Circumvent+1"],"picked":"SKIP","floor":39},{"not_picked":["champ:FalseCounter","champ:EnGarde","champ:IronFortress+1"],"picked":"SKIP","floor":43},{"not_picked":["champ:CrookedStrike+1","champ:ShieldThrow","champ:BladeFlurry+1"],"picked":"SKIP","floor":46},{"not_picked":["champ:GutPunch","champ:PreciseThrust+1","champ:FocusedBerserking"],"picked":"SKIP","floor":47},{"not_picked":["champ:GutPunch+1","champ:FocusedBerserking","champ:DefensiveShout+1"],"picked":"SKIP","floor":48},{"not_picked":["champ:FancyFootwork","champ:Lariat","champ:Parry"],"picked":"SKIP","floor":49}],"player_experience":802657,"relics_obtained":[{"floor":7,"key":"Toy Ornithopter"},{"floor":10,"key":"Replay:Wax Seal"},{"floor":23,"key":"ReplayTheSpireMod:Lightbulb"},{"floor":24,"key":"Quantum Egg"},{"floor":25,"key":"Blood Vial"},{"floor":27,"key":"Necronomicon"},{"floor":38,"key":"InkBottle"},{"floor":41,"key":"Darkstone Periapt"},{"floor":42,"key":"Ring of Chaos"},{"floor":42,"key":"Ring of Fury"},{"floor":46,"key":"Replay:Kaleidoscope"},{"floor":48,"key":"The Courier"}],"event_choices":[],"is_beta":false,"boss_relics":[{"not_picked":["SlaversCollar","Honey Jar"],"picked":"Velvet Choker"},{"not_picked":["Calling Bell","Snecko Heart"],"picked":"expansioncontent:StudyCardRelic"}],"items_purged_floors":[5,37,43,45],"is_endless":false,"potions_floor_spawned":[3,10,11,12,20,21,25,30,47,49],"ascension_level":0}}