{"host":"9l4mw5jqza9qz9hr","time":1611756409,"event":{"mods":["AchievementEnabler","Always Whale","BaseMod","Colored Map","Minty Spire (QoL Compilation)","StSLib","SuperFastMode"],"gold_per_floor":[109,109,120,220,106,106,140,159,214,244,244,255,284,26,26,26,26],"floor_reached":16,"language":"KOR","playtime":257,"items_purged":["Strike_B"],"score":250,"play_id":"fe40e689-ea78-4015-b582-b8201c6335d9","local_time":"20210127230649","is_ascension_mode":true,"campfire_choices":[{"data":"Zap","floor":6.0,"key":"SMITH"},{"data":"Aggregate","floor":11.0,"key":"SMITH"},{"data":"Dualcast","floor":15.0,"key":"SMITH"}],"circlet_count":0,"master_deck":["AscendersBane","Strike_B","Strike_B","Strike_B","Defend_B","Defend_B","Defend_B","Defend_B","Zap+1","Dualcast+1","Sweeping Beam","Gash","Melter","Aggregate+1","Gash","Go for the Eyes","Conserve Battery","Steam"],"relics":["Cracked Core","NeowsBlessing","Vajra","Bronze Scales","Art of War","Cables","Toxic Egg 2"],"acts_visited":["Exordium"],"potions_floor_usage":[16],"damage_taken":[{"damage":0.0,"enemies":"Small Slimes","floor":1.0,"turns":1.0},{"damage":0.0,"enemies":"Cultist","floor":3.0,"turns":1.0},{"damage":0.0,"enemies":"Lagavulin","floor":7.0,"turns":1.0},{"damage":2.0,"enemies":"Jaw Worm","floor":8.0,"turns":3.0},{"damage":26.0,"enemies":"Gremlin Nob","floor":10.0,"turns":4.0},{"damage":5.0,"enemies":"Lots of Slimes","floor":12.0,"turns":3.0},{"damage":10.0,"enemies":"3 Sentries","floor":13.0,"turns":4.0},{"damage":41,"enemies":"Slime Boss","floor":16,"turns":6}],"seed_played":"992405412656150702","potions_obtained":[{"floor":2.0,"key":"EssenceOfSteel"},{"floor":2.0,"key":"Swift Potion"},{"floor":3.0,"key":"Regen Potion"},{"floor":12.0,"key":"Dexterity Potion"},{"floor":13.0,"key":"SpeedPotion"}],"is_trial":false,"path_per_floor":["M","?","M","?","$","R","E","M","T","E","R","M","E","$","R","B"],"character_chosen":"DEFECT","items_purchased":["Melter","Toxic Egg 2"],"campfire_rested":0,"item_purchase_floors":[5,14],"current_hp_per_floor":[64,64,64,64,64,64,64,62,62,45,45,40,30,30,30,0,0],"gold":26,"neow_bonus":"THREE_ENEMY_KILL","is_daily":false,"chose_seed":false,"campfire_upgraded":3,"win_rate":0.0,"timestamp":1611756409,"path_taken":["M","?","?","?","$","R","E","?","T","E","R","M","E","$","R","BOSS"],"items_purchased_type":["Card","Relic"],"build_version":"2020-12-22","purchased_purges":1,"victory":false,"max_hp_per_floor":[71,71,71,71,71,71,71,71,71,71,71,71,71,71,71,71,71],"card_choices":[{"not_picked":["Darkness","Rebound"],"picked":"Sweeping Beam","floor":1.0},{"not_picked":["Leap","Sweeping Beam"],"picked":"Gash","floor":3.0},{"not_picked":["Undo","Melter"],"picked":"Aggregate","floor":7.0},{"not_picked":["Chaos","Force Field"],"picked":"Gash","floor":8.0},{"not_picked":["Melter","Tempest"],"picked":"Go for the Eyes","floor":10.0},{"not_picked":["Heatsinks","Darkness"],"picked":"Conserve Battery","floor":12.0},{"not_picked":["Cold Snap","Melter"],"picked":"Steam","floor":13.0}],"player_experience":265401,"relics_obtained":[{"floor":7.0,"key":"Vajra"},{"floor":9.0,"key":"Bronze Scales"},{"floor":10.0,"key":"Art of War"},{"floor":13.0,"key":"Cables"}],"event_choices":[{"damage_healed":0.0,"max_hp_gain":0.0,"max_hp_loss":0.0,"gold_gain":0.0,"event_name":"Lab","player_choice":"Got Potions","floor":2.0,"gold_loss":0.0,"damage_taken":0.0},{"damage_healed":0.0,"max_hp_gain":0.0,"max_hp_loss":0.0,"gold_gain":100.0,"event_name":"Wheel of Change","player_choice":"Gold","floor":4.0,"gold_loss":0.0,"damage_taken":0.0}],"is_beta":false,"boss_relics":[],"items_purged_floors":[5],"is_endless":false,"potions_floor_spawned":[3,8,12,13],"killed_by":"Slime Boss","ascension_level":15}}