{"host":"eqoc4xtxwtie1mw2","time":1611789710,"event":{"mods":["2.2 Compatiblity","AchievementEnabler","Act Like it!","BaseMod","Bestiary","Better Altar","Better Match","Better Note","Better Sensory Stone","Better Skull","Better Third Choice","BetterRewards","Block Reminder","Colored Map","Colored Powertips","Downfall","Hallownest","Hubris","Infinite Spire","Minty Spire (QoL Compilation)","Rare Cards Sparkle","Relic Stats","Replay The Spire","Spicy Shops","StSLib","The Bug Knight"],"gold_per_floor":[99,113,125,138,153,253,278,346,359,378,378,36,36,53,69,173,173,173,223,223,223],"floor_reached":19,"language":"ENG","playtime":2179,"items_purged":[],"score":163,"play_id":"8c98ec34-fab3-47f5-9093-076fa3022f2e","local_time":"20210127172150","is_ascension_mode":false,"campfire_choices":[{"data":"bronze:Goto","floor":1,"key":"SMITH"},{"floor":11,"key":"REST"},{"floor":13,"key":"REST"},{"data":"bronze:CloningBeam","floor":13,"key":"SMITH"},{"floor":18,"key":"RECALL"}],"circlet_count":0,"master_deck":["bronze:Strike","bronze:Strike","bronze:Strike","bronze:Strike","bronze:Defend","bronze:Defend","bronze:Defend","bronze:Defend","bronze:Replicate","bronze:Goto+1","bronze:WhirlingStrike","bronze:Repair","bronze:CloningBeam+1","bronze:FollowUp","bronze:OilSpill","bronze:Verify","bronze:DelayedSlice","bronze:Iterate","bronze:Virus","bronze:BronzeOrb","bronze:OilSpill","bronze:Fortify","bronze:SpaghettiCode","Flash of Steel"],"relics":["bronze:BronzeCore","downfall:CloakOfManyFaces","CultistMask","FaceOfCleric","NlothsMask","GremlinMask","SsserpentHead","infinitespire:Magic Flask","Fusion Hammer"],"acts_visited":["Exordium","TheCity"],"potions_floor_usage":[6,9,16,16],"damage_taken":[{"damage":2,"enemies":"2 Louse","floor":2,"turns":3},{"damage":0,"enemies":"Cultist","floor":3,"turns":4},{"damage":3,"enemies":"Small Slimes","floor":4,"turns":3},{"damage":12,"enemies":"3 Louse","floor":5,"turns":2},{"damage":74,"enemies":"downfall:FaceTrader","floor":6,"turns":14},{"damage":3,"enemies":"Blue Slaver","floor":8,"turns":4},{"damage":3,"enemies":"Red Slaver","floor":9,"turns":3},{"damage":5,"enemies":"3 Louse","floor":10,"turns":2},{"damage":2,"enemies":"downfall:FleeingMerchant","floor":12,"turns":4},{"damage":4,"enemies":"Lots of Slimes","floor":14,"turns":4},{"damage":6,"enemies":"Blue Slaver","floor":15,"turns":2},{"damage":36,"enemies":"IC_STATUS_ARCHETYPE","floor":16,"turns":5}],"seed_played":"6366641528982847491","potions_obtained":[{"floor":5,"key":"PowerPotion"},{"floor":8,"key":"bronze:BurnAndBuffPotion"},{"floor":14,"key":"CultistPotion"},{"floor":15,"key":"GamblersBrew"},{"floor":16,"key":"FearPotion"}],"is_trial":false,"path_per_floor":["R","M","M","M","M","?","T","M","M","M","R","$","R","M","M","B",null,"R","?"],"character_chosen":"THE_AUTOMATON","items_purchased":["bronze:BronzeOrb","infinitespire:Magic Flask"],"campfire_rested":2,"item_purchase_floors":[12,12],"current_hp_per_floor":[77,75,75,77,72,9,9,14,19,15,39,45,69,80,82,54,84,84,84,84,84],"gold":223,"neow_bonus":"TEN_PERCENT_HP_BONUS","is_daily":false,"chose_seed":false,"campfire_upgraded":2,"win_rate":0.0,"timestamp":1611789710,"path_taken":["R","M","M","M","M","?","T","?","M","M","R","$","R","M","M","BOSS","R","?"],"items_purchased_type":["Card","Relic"],"build_version":"2020-12-22","purchased_purges":0,"victory":false,"max_hp_per_floor":[77,77,77,77,77,77,77,78,79,80,80,81,81,82,83,84,84,84,84,84,84],"relic_stats":{"SsserpentHead":100,"FaceOfCleric":7,"counters":[12,50],"obtain_stats":[{"SsserpentHead":6,"bronze:BronzeCore":0,"FaceOfCleric":6,"GremlinMask":6,"CultistMask":6,"Fusion Hammer":17,"downfall:CloakOfManyFaces":6,"infinitespire:Magic Flask":12,"NlothsMask":6},{"SsserpentHead":5,"bronze:BronzeCore":0,"FaceOfCleric":5,"GremlinMask":5,"CultistMask":5,"Fusion Hammer":12,"downfall:CloakOfManyFaces":5,"infinitespire:Magic Flask":9,"NlothsMask":5},{"SsserpentHead":26,"bronze:BronzeCore":0,"FaceOfCleric":26,"GremlinMask":26,"CultistMask":26,"Fusion Hammer":50,"downfall:CloakOfManyFaces":26,"infinitespire:Magic Flask":39,"NlothsMask":26}]},"card_choices":[{"not_picked":["bronze:Allocate","bronze:Invalidate"],"picked":"bronze:WhirlingStrike","floor":2},{"not_picked":["bronze:Iterate","bronze:Shield"],"picked":"bronze:Repair","floor":3},{"not_picked":["bronze:Turbo","bronze:Invalidate"],"picked":"bronze:CloningBeam","floor":4},{"not_picked":["bronze:BugBarrage","bronze:Invalidate"],"picked":"bronze:FollowUp","floor":5},{"not_picked":["bronze:WhirlingStrike","bronze:Deprecate"],"picked":"bronze:OilSpill","floor":6},{"not_picked":["bronze:Invalidate","bronze:BronzeArmor"],"picked":"bronze:Verify","floor":8},{"not_picked":["bronze:DarkDash","bronze:DigitalCarnage"],"picked":"bronze:DelayedSlice","floor":9},{"not_picked":["bronze:BuggyMess","bronze:BugBarrage"],"picked":"bronze:Iterate","floor":10},{"not_picked":["bronze:FollowUp","bronze:Deprecate"],"picked":"bronze:Virus","floor":12},{"not_picked":["bronze:DarkDash","bronze:DelayedGuard"],"picked":"bronze:OilSpill","floor":14},{"not_picked":["bronze:BugBarrage","bronze:Invalidate"],"picked":"bronze:Fortify","floor":15},{"not_picked":["bronze:ThunderWave","bronze:Break"],"picked":"bronze:SpaghettiCode","floor":16}],"player_experience":260560,"relics_obtained":[{"floor":6,"key":"downfall:CloakOfManyFaces"}],"event_choices":[{"cards_removed":["bronze:Verify"],"damage_healed":0,"gold_gain":0,"player_choice":"Take \u0026 Give","damage_taken":0,"max_hp_gain":0,"max_hp_loss":0,"event_name":"betterNote:BetterNote","floor":19,"gold_loss":0,"cards_obtained":["Flash of Steel"]}],"is_beta":false,"boss_relics":[{"not_picked":["infinitespire:Cupcake","Velvet Choker"],"picked":"Fusion Hammer"}],"items_purged_floors":[],"is_endless":false,"potions_floor_spawned":[5,8,14,15,16],"ascension_level":0}}