{"host":"92108ef2q9tm8rod","time":1611745738,"event":{"mods":["BaseMod","Defuse TimeMaze Blight","Minty Spire (QoL Compilation)","StSLib","The Jungle"],"gold_per_floor":[118,118,118,118,193,219,245,245,245,260,292,327,327,339,339,444,444,456,456,474,491,502,528,453,453,532,532,560,404,404,404,404,507,507,521,521,531,545,561,338,338,392,392,392,290,290,319,319,319,319],"floor_reached":51,"language":"ENG","playtime":1778,"items_purged":["Deflect"],"score":1037,"play_id":"e03ea42d-51f3-4c2c-a73f-52fdfc647ba4","local_time":"20210127110858","daily_mods":["SealedDeck","Colorless Cards","Heirloom","Flight"],"is_ascension_mode":false,"campfire_choices":[{"data":"Deflect","floor":8.0,"key":"SMITH"},{"data":"Sadistic Nature","floor":13.0,"key":"SMITH"},{"data":"Finesse","floor":15.0,"key":"SMITH"},{"data":"Panacea","floor":25.0,"key":"SMITH"},{"data":"Backflip","floor":27.0,"key":"SMITH"},{"data":"Deadly Poison","floor":30.0,"key":"SMITH"},{"floor":32.0,"key":"DIG"},{"data":"Noxious Fumes","floor":41,"key":"SMITH"},{"data":"Bandage Up","floor":44,"key":"SMITH"},{"floor":46,"key":"DIG"},{"floor":49,"key":"DIG"}],"circlet_count":0,"master_deck":["Bandage Up+1","Deflect+1","Bane+1","Backflip+1","Noxious Fumes+1","Deadly Poison+1","Blur+1","Finesse+1","Panacea+1","Sadistic Nature+1","Catalyst+1","Noxious Fumes+1"],"relics":["Ring of the Snake","Bird Faced Urn","Whetstone","Letter Opener","Ornamental Fan","Incense Burner","Centennial Puzzle","SlaversCollar","Shovel","Mercury Hourglass","Toy Ornithopter","Lee\u0027s Waffle","Omamori","SacredBark","TwistedFunnel","Orichalcum","Pear","Torii","CaptainsWheel","Ice Cream"],"acts_visited":["Exordium","Exordium","TheBeyond"],"potions_floor_usage":[38,47,50,50],"damage_taken":[{"damage":0.0,"enemies":"Small Slimes","floor":1.0,"turns":4.0},{"damage":0.0,"enemies":"3 Sentries","floor":6.0,"turns":7.0},{"damage":1.0,"enemies":"Gremlin Nob","floor":7.0,"turns":4.0},{"damage":0.0,"enemies":"2 Louse","floor":10.0,"turns":2.0},{"damage":0.0,"enemies":"Lagavulin","floor":11.0,"turns":5.0},{"damage":0.0,"enemies":"3 Sentries","floor":12.0,"turns":5.0},{"damage":0.0,"enemies":"Jaw Worm","floor":14.0,"turns":2.0},{"damage":0.0,"enemies":"The Guardian","floor":16.0,"turns":7.0},{"damage":0.0,"enemies":"theJungle:MUSHROOMGANG","floor":18.0,"turns":3.0},{"damage":0.0,"enemies":"Shell Parasite","floor":20.0,"turns":4.0},{"damage":0.0,"enemies":"Snake Plant","floor":21.0,"turns":3.0},{"damage":0.0,"enemies":"theJungle:Snecko_Cultist_And_Trap","floor":22.0,"turns":6.0},{"damage":0.0,"enemies":"theJungle:MamaSnecko","floor":23.0,"turns":4.0},{"damage":0.0,"enemies":"theJungle:2_Phrogs","floor":28.0,"turns":4.0},{"damage":0.0,"enemies":"theJungle:FunGuy","floor":33.0,"turns":5.0},{"damage":0.0,"enemies":"3 Shapes","floor":35.0,"turns":3.0},{"damage":0.0,"enemies":"3 Darklings","floor":37.0,"turns":4.0},{"damage":0,"enemies":"Spire Growth","floor":38,"turns":4},{"damage":1,"enemies":"Sphere and 2 Shapes","floor":39,"turns":4},{"damage":0,"enemies":"Giant Head","floor":47,"turns":6},{"damage":29,"enemies":"Time Eater","floor":50,"turns":7}],"seed_played":"3807539575330365987","potions_obtained":[{"floor":6.0,"key":"Fruit Juice"},{"floor":11.0,"key":"Poison Potion"},{"floor":18.0,"key":"ColorlessPotion"},{"floor":23.0,"key":"GamblersBrew"},{"floor":28.0,"key":"Poison Potion"},{"floor":33.0,"key":"BlessingOfTheForge"},{"floor":35.0,"key":"GamblersBrew"},{"floor":39,"key":"Swift Potion"}],"is_trial":true,"path_per_floor":["M","$","?","$","?","E","E","R","T","M","E","E","R","M","R","B",null,"M","$","M","M","M","E","$","R","T","R","E","$","R","?","R","B",null,"M","?","M","M","M","$","R","T","T","R","$","R","E","?","R","B",null],"character_chosen":"THE_SILENT","items_purchased":["Lee\u0027s Waffle","TwistedFunnel","Noxious Fumes","CultistPotion"],"campfire_rested":0,"item_purchase_floors":[29,40,40,45],"current_hp_per_floor":[70,70,56,56,45,56,61,61,61,63,69,75,75,75,75,75,75,75,75,75,75,75,75,75,75,75,75,75,82,82,82,82,82,82,82,82,82,82,82,82,82,82,92,92,92,92,92,92,92,63],"gold":319,"neow_bonus":"","is_daily":false,"chose_seed":false,"campfire_upgraded":8,"win_rate":0.0,"timestamp":1611745738,"path_taken":["M","$","?","$","?","E","E","R","T","M","E","E","R","M","R","BOSS","M","$","M","M","M","E","$","R","T","R","E","$","R","?","R","BOSS","M","?","M","M","M","$","R","?","T","R","$","R","E","?","R","BOSS"],"items_purchased_type":["Relic","Relic","Card","Potion"],"build_version":"2020-12-22","purchased_purges":1,"victory":true,"max_hp_per_floor":[70,70,70,70,70,75,75,75,75,75,75,75,75,75,75,75,75,75,75,75,75,75,75,75,75,75,75,75,82,82,82,82,82,82,82,82,82,82,82,82,82,82,92,92,92,92,92,92,92,92],"card_choices":[{"not_picked":["Dagger Throw","Poisoned Stab","Predator"],"picked":"SKIP","floor":1.0},{"not_picked":["Sucker Punch","Dodge and Roll","Deadly Poison"],"picked":"SKIP","floor":6.0},{"not_picked":["Bane","Deadly Poison","Acrobatics"],"picked":"SKIP","floor":7.0},{"not_picked":["Poisoned Stab","Slice","Dagger Throw"],"picked":"SKIP","floor":10.0},{"not_picked":["Riddle With Holes","Dagger Spray","Cloak And Dagger"],"picked":"SKIP","floor":11.0},{"not_picked":["Dodge and Roll","Deep Breath"],"picked":"Sadistic Nature","floor":12.0},{"not_picked":["Outmaneuver","Bandage Up","Backflip"],"picked":"SKIP","floor":14.0},{"not_picked":["Dodge and Roll+1","Acrobatics+1","Bane+1"],"picked":"SKIP","floor":18.0},{"not_picked":["Flying Knee+1","Dodge and Roll+1"],"picked":"Catalyst+1","floor":20.0},{"not_picked":["Leg Sweep","Infinite Blades+1","Masterful Stab"],"picked":"SKIP","floor":21.0},{"not_picked":["Crippling Poison","Deadly Poison","Flechettes"],"picked":"SKIP","floor":22.0},{"not_picked":["Panacea","Cloak And Dagger","Good Instincts"],"picked":"SKIP","floor":23.0},{"not_picked":["Cloak And Dagger","Riddle With Holes","Dramatic Entrance"],"picked":"SKIP","floor":28.0},{"not_picked":["Slice+1","Calculated Gamble+1","Acrobatics"],"picked":"SKIP","floor":35.0},{"not_picked":["Bane+1","PanicButton","Finesse"],"picked":"SKIP","floor":37.0},{"not_picked":["Deflect+1","Blade Dance+1","Dodge and Roll+1"],"picked":"SKIP","floor":38},{"not_picked":["Prepared","Acrobatics","Secret Technique"],"picked":"SKIP","floor":39},{"not_picked":["Burst","Footwork","Flash of Steel+1"],"picked":"SKIP","floor":47}],"player_experience":3350701,"relics_obtained":[{"floor":6.0,"key":"Whetstone"},{"floor":7.0,"key":"Letter Opener"},{"floor":9.0,"key":"Ornamental Fan"},{"floor":11.0,"key":"Incense Burner"},{"floor":12.0,"key":"Centennial Puzzle"},{"floor":23.0,"key":"Shovel"},{"floor":26.0,"key":"Mercury Hourglass"},{"floor":28.0,"key":"Toy Ornithopter"},{"floor":32.0,"key":"Omamori"},{"floor":42,"key":"Orichalcum"},{"floor":43,"key":"Pear"},{"floor":46,"key":"Torii"},{"floor":47,"key":"CaptainsWheel"},{"floor":49,"key":"Ice Cream"}],"event_choices":[{"damage_healed":0.0,"max_hp_gain":0.0,"max_hp_loss":0.0,"gold_gain":0.0,"event_name":"Shining Light","player_choice":"Entered Light","floor":3.0,"gold_loss":0.0,"damage_taken":14.0,"cards_upgraded":["Blur","Noxious Fumes"]},{"damage_healed":0.0,"max_hp_gain":0.0,"max_hp_loss":0.0,"gold_gain":75.0,"event_name":"World of Goop","player_choice":"Gather Gold","floor":5.0,"gold_loss":0.0,"damage_taken":11.0},{"damage_healed":0.0,"max_hp_gain":0.0,"max_hp_loss":0.0,"gold_gain":0.0,"event_name":"SensoryStone","player_choice":"Memory 1","floor":36.0,"gold_loss":0.0,"damage_taken":0.0},{"damage_healed":0,"gold_gain":0,"player_choice":"0 cards matched","damage_taken":0,"max_hp_gain":0,"max_hp_loss":0,"event_name":"Match and Keep!","floor":48,"gold_loss":0,"cards_obtained":[]}],"is_beta":false,"boss_relics":[{"not_picked":["Fusion Hammer","Empty Cage"],"picked":"SlaversCollar"},{"not_picked":["Coffee Dripper","Philosopher\u0027s Stone"],"picked":"SacredBark"}],"items_purged_floors":[24],"is_endless":false,"potions_floor_spawned":[6,11,18,23,28,33,35,39],"ascension_level":0}}