{"host":"0lnbgkridwifzojt","time":1611741358,"event":{"mods":["BaseMod","Minty Spire (QoL Compilation)","StSLib","The Bug Knight"],"gold_per_floor":[16,91,91,106,118,145,159,159,183,183,212,212,257,273,273,377,377,390,444,444,49,61,61,88,17,17,29,51,90,102,129,141,252,264,291,313,325,62,79,79,79],"floor_reached":40,"language":"ENG","playtime":4702,"items_purged":["HollowMod:NailStrikeStart","HollowMod:NailStrikeStart"],"score":434,"play_id":"df879772-7bea-43ef-958b-233d7280942c","local_time":"20210127015558","is_ascension_mode":false,"campfire_choices":[{"data":"HollowMod:TaintedHusks","floor":8,"key":"SMITH"},{"data":"HollowMod:CloakDash","floor":10,"key":"SMITH"},{"floor":15,"key":"REST"},{"data":"HollowMod:MothsMistake","floor":23,"key":"SMITH"},{"data":"HollowMod:NewGlowingWomb","floor":30,"key":"SMITH"},{"data":"HollowMod:NewGlowingWomb","floor":32,"key":"SMITH"}],"circlet_count":0,"master_deck":["HollowMod:QuickDashStart","HollowMod:QuickDashStart","HollowMod:QuickDashStart","HollowMod:FocusHealStart","HollowMod:PogoStrike","HollowMod:TaintedHusks+1","HollowMod:FallenFury","HollowMod:CloakDash+1","HollowMod:ChannelNail+1","HollowMod:MothsMistake+1","HollowMod:BrokenVessel","HollowMod:DoubleDash","HollowMod:LifebloodCore","HollowMod:GreatSlash+1","HollowMod:NewGlowingWomb+1","HollowMod:InfectedCysts","HollowMod:InfectedCysts","HollowMod:NewGlowingWomb+1","HollowMod:DoubleDash+1","HollowMod:TaintedHusks+1","HollowMod:NewInfectedGuardian","HollowMod:InfectedCysts+1","HollowMod:HowlingWraiths+1","HollowMod:BrokenVessel"],"relics":["HollowMod:VesselMask","Akabeko","Ancient Tea Set","Vajra","Coffee Dripper","Omamori","Frozen Eye","Art of War","Centennial Puzzle","MawBank","HollowMod:KingsBrand","Calling Bell","Smiling Mask","Blue Candle","TungstenRod","Anchor"],"acts_visited":["Exordium","TheCity","TheBeyond"],"potions_floor_usage":[16,18,22,29,29,39,39],"damage_taken":[{"damage":1,"enemies":"2 Louse","floor":1,"turns":2},{"damage":1,"enemies":"Cultist","floor":4,"turns":5},{"damage":1,"enemies":"Jaw Worm","floor":5,"turns":4},{"damage":56,"enemies":"Lagavulin","floor":6,"turns":8},{"damage":3,"enemies":"Lots of Slimes","floor":7,"turns":4},{"damage":33,"enemies":"Gremlin Nob","floor":11,"turns":4},{"damage":0,"enemies":"3 Louse","floor":14,"turns":2},{"damage":21,"enemies":"Hexaghost","floor":16,"turns":8},{"damage":14,"enemies":"3 Byrds","floor":18,"turns":5},{"damage":1,"enemies":"Chosen","floor":22,"turns":3},{"damage":10,"enemies":"HollowMod:Nosk","floor":24,"turns":6},{"damage":13,"enemies":"Snecko","floor":28,"turns":4},{"damage":26,"enemies":"Slavers","floor":29,"turns":3},{"damage":8,"enemies":"3 Cultists","floor":31,"turns":2},{"damage":13,"enemies":"Automaton","floor":33,"turns":8},{"damage":21,"enemies":"Orb Walker","floor":35,"turns":3},{"damage":15,"enemies":"3 Shapes","floor":36,"turns":3},{"damage":56,"enemies":"HollowMod:SlobberingHusk","floor":39,"turns":5},{"damage":28,"enemies":"Giant Head","floor":40,"turns":5}],"seed_played":"3365060101817160927","potions_obtained":[{"floor":4,"key":"CultistPotion"},{"floor":6,"key":"DistilledChaos"},{"floor":14,"key":"GamblersBrew"},{"floor":18,"key":"AttackPotion"},{"floor":24,"key":"BlessingOfTheForge"},{"floor":29,"key":"Ancient Potion"},{"floor":35,"key":"Dexterity Potion"},{"floor":36,"key":"Regen Potion"}],"is_trial":false,"path_per_floor":["M","?","?","M","M","E","M","R","T","R","E","?","T","M","R","B",null,"M","T","?","$","M","R","E","$","T","$","M","E","R","M","R","B",null,"M","M","?","$","M","E"],"character_chosen":"THE_BUGKNIGHT","items_purchased":["Frozen Eye","HollowMod:InfectedCysts","Art of War","HollowMod:NewGlowingWomb","Anchor","HollowMod:BrokenVessel"],"campfire_rested":1,"item_purchase_floors":[21,21,21,25,38,38],"current_hp_per_floor":[75,64,64,69,74,29,36,36,36,36,9,2,2,2,24,9,75,65,65,65,65,70,70,66,66,66,66,53,33,33,25,25,24,75,60,51,51,51,16,0,0],"gold":79,"neow_bonus":"REMOVE_TWO","is_daily":false,"chose_seed":false,"campfire_upgraded":5,"win_rate":0.0,"timestamp":1611741358,"path_taken":["M","?","?","M","M","E","?","R","T","R","E","?","?","M","R","BOSS","M","?","?","$","M","R","E","$","T","?","M","E","R","M","R","BOSS","M","M","?","$","M","E"],"items_purchased_type":["Relic","Card","Relic","Card","Relic","Card"],"build_version":"2020-12-22","purchased_purges":2,"victory":false,"max_hp_per_floor":[75,75,75,75,75,75,75,75,75,75,75,75,75,75,75,75,75,75,75,75,75,75,75,75,75,75,75,75,75,75,75,75,75,75,75,75,75,75,75,75,75],"card_choices":[{"not_picked":["HollowMod:CloakDash","HollowMod:CoiledNail"],"picked":"HollowMod:TaintedHusks","floor":1},{"not_picked":["HollowMod:SiblingsSouls","HollowMod:DescendingDark"],"picked":"HollowMod:CloakDash","floor":4},{"not_picked":["HollowMod:PureNailStrike","HollowMod:SharpenedNail","HollowMod:DashSlash"],"picked":"SKIP","floor":5},{"not_picked":["HollowMod:AbyssShriek","HollowMod:SlysStrikes"],"picked":"HollowMod:ChannelNail","floor":6},{"not_picked":["HollowMod:CornifersMapStart","HollowMod:SoulSplash"],"picked":"HollowMod:MothsMistake","floor":7},{"not_picked":["HollowMod:ShadowDash","HollowMod:BaldurShell"],"picked":"HollowMod:BrokenVessel","floor":11},{"not_picked":["HollowMod:SiblingsShadow","HollowMod:MonarchWings"],"picked":"HollowMod:DoubleDash","floor":14},{"not_picked":["HollowMod:AwokenDreamNail","HollowMod:MidwifesHunger"],"picked":"HollowMod:LifebloodCore","floor":16},{"not_picked":["HollowMod:WraithStrike","HollowMod:FastStrike"],"picked":"HollowMod:GreatSlash+1","floor":18},{"not_picked":["HollowMod:CornifersMapStart","HollowMod:VengefulVoid+1","HollowMod:RecoilStrike"],"picked":"SKIP","floor":22},{"not_picked":["HollowMod:SiblingsSouls","HollowMod:SoulSplash"],"picked":"HollowMod:InfectedCysts","floor":24},{"not_picked":["HollowMod:HowlingWraiths","HollowMod:GrimmsGift","HollowMod:DesolateDive+1"],"picked":"SKIP","floor":28},{"not_picked":["HollowMod:VengefulVoid+1","HollowMod:HowlingWraiths"],"picked":"HollowMod:DoubleDash+1","floor":29},{"not_picked":["HollowMod:ShapeofUnn","HollowMod:Hiveblood"],"picked":"HollowMod:TaintedHusks+1","floor":31},{"not_picked":["HollowMod:VoidDash","HollowMod:ZotesMagnificence"],"picked":"HollowMod:NewInfectedGuardian","floor":33},{"not_picked":["HollowMod:GoodIntentions+1","HollowMod:DescendingDark+1"],"picked":"HollowMod:InfectedCysts+1","floor":35},{"not_picked":["HollowMod:CloakDash+1","HollowMod:DashSlash+1"],"picked":"HollowMod:HowlingWraiths+1","floor":36},{"not_picked":["HollowMod:RecoilStrike+1","HollowMod:SoulVessel","HollowMod:FastStrike+1"],"picked":"SKIP","floor":39}],"player_experience":297760,"relics_obtained":[{"floor":6,"key":"Akabeko"},{"floor":11,"key":"Ancient Tea Set"},{"floor":13,"key":"Vajra"},{"floor":19,"key":"Omamori"},{"floor":24,"key":"Centennial Puzzle"},{"floor":26,"key":"MawBank"},{"floor":29,"key":"HollowMod:KingsBrand"},{"floor":34,"key":"Smiling Mask"},{"floor":34,"key":"Blue Candle"},{"floor":34,"key":"TungstenRod"}],"event_choices":[{"damage_healed":0,"gold_gain":75,"player_choice":"Gather Gold","damage_taken":11,"max_hp_gain":0,"max_hp_loss":0,"event_name":"World of Goop","floor":2,"gold_loss":0},{"damage_healed":0,"gold_gain":0,"cards_transformed":["HollowMod:NailStrikeStart"],"player_choice":"Transformed","damage_taken":0,"max_hp_gain":0,"max_hp_loss":0,"event_name":"Transmorgrifier","floor":3,"gold_loss":0,"cards_obtained":["HollowMod:FallenFury"]},{"damage_healed":0,"gold_gain":0,"player_choice":"Fled","damage_taken":7,"max_hp_gain":0,"max_hp_loss":0,"event_name":"Scrap Ooze","floor":12,"gold_loss":0},{"damage_healed":0,"gold_gain":0,"player_choice":"Read","damage_taken":0,"max_hp_gain":0,"max_hp_loss":0,"event_name":"The Library","floor":20,"gold_loss":0,"cards_obtained":["HollowMod:NewGlowingWomb"]},{"damage_healed":0,"gold_gain":0,"player_choice":"Upgraded","damage_taken":0,"max_hp_gain":0,"max_hp_loss":0,"event_name":"Upgrade Shrine","floor":37,"gold_loss":0,"cards_upgraded":["HollowMod:ChannelNail"]}],"is_beta":false,"boss_relics":[{"not_picked":["Empty Cage","Pandora\u0027s Box"],"picked":"Coffee Dripper"},{"not_picked":["Runic Dome","Cursed Key"],"picked":"Calling Bell"}],"items_purged_floors":[21,38],"is_endless":false,"potions_floor_spawned":[4,6,14,18,24,29,35,36],"killed_by":"Giant Head","ascension_level":0}}