{"host":"jmumkimrafwvkspb","time":1611769752,"event":{"mods":["AchievementEnabler","BaseMod","Colored Map","Minty Spire (QoL Compilation)","Replay The Spire","StSLib"],"gold_per_floor":[109,109,127,202,218,251,251,285,285,299,4,35,54,84,84,84,84],"floor_reached":16,"language":"ENG","playtime":771,"items_purged":["Strike_P"],"score":260,"play_id":"c0dfd882-9860-4378-b356-780cc15a2aff","local_time":"20210127184912","is_ascension_mode":true,"campfire_choices":[{"data":"Judgement","floor":7.0,"key":"SMITH"},{"floor":15.0,"key":"REST"}],"circlet_count":0,"master_deck":["AscendersBane","Strike_P","Strike_P+1","Defend_P+1","Defend_P","Defend_P","Defend_P","Eruption","Vigilance","Judgement+1","FearNoEvil","EmptyBody","EmptyBody","PathToVictory","PathToVictory","Replay:DivineShield","ThirdEye"],"relics":["PureWater","Lizard Tail","Sundial","Medical Kit","Simple Rune","Juzu Bracelet"],"acts_visited":["Exordium"],"potions_floor_usage":[16],"damage_taken":[{"damage":2.0,"enemies":"Jaw Worm","floor":1.0,"turns":3.0},{"damage":0.0,"enemies":"2 Louse","floor":3.0,"turns":2.0},{"damage":0.0,"enemies":"Cultist","floor":5.0,"turns":3.0},{"damage":10.0,"enemies":"3 Sentries","floor":6.0,"turns":7.0},{"damage":3.0,"enemies":"Lagavulin","floor":8.0,"turns":7.0},{"damage":17.0,"enemies":"Exordium Wildlife","floor":10.0,"turns":5.0},{"damage":21.0,"enemies":"Gremlin Nob","floor":12.0,"turns":3.0},{"damage":0.0,"enemies":"Large Slime","floor":13.0,"turns":2.0},{"damage":16.0,"enemies":"3 Sentries","floor":14.0,"turns":13.0},{"damage":67,"enemies":"Fading Forest","floor":16,"turns":11}],"seed_played":"2895789986172397874","potions_obtained":[{"floor":1.0,"key":"AttackPotion"},{"floor":5.0,"key":"SteroidPotion"},{"floor":12.0,"key":"BlessingOfTheForge"},{"floor":13.0,"key":"Dexterity Potion"}],"is_trial":false,"path_per_floor":["M","?","M","?","M","E","R","E","T","M","$","E","M","E","R","B"],"character_chosen":"WATCHER","items_purchased":["Medical Kit","Adrenaline Potion"],"campfire_rested":1,"item_purchase_floors":[11,11],"current_hp_per_floor":[59,52,52,41,41,31,31,28,28,11,11,31,31,15,33,0,0],"gold":84,"neow_bonus":"THREE_RARE_CARDS","is_daily":false,"chose_seed":false,"campfire_upgraded":1,"win_rate":0.0,"timestamp":1611769752,"path_taken":["M","?","M","?","M","E","R","E","T","M","$","E","M","E","R","BOSS"],"items_purchased_type":["Relic","Potion"],"build_version":"2020-12-22","purchased_purges":1,"victory":false,"max_hp_per_floor":[62,62,62,62,62,62,62,62,62,62,62,62,62,62,62,62,62],"card_choices":[{"not_picked":["Brilliance","Alpha"],"picked":"Judgement","floor":0.0},{"not_picked":["WheelKick","EmptyMind"],"picked":"FearNoEvil","floor":1.0},{"not_picked":["ClearTheMind","FollowUp"],"picked":"EmptyBody","floor":3.0},{"not_picked":["Evaluate","JustLucky"],"picked":"EmptyBody","floor":5.0},{"not_picked":["Study","Replay:BluntJabs"],"picked":"PathToVictory","floor":6.0},{"not_picked":["EmptyBody","LikeWater"],"picked":"PathToVictory","floor":8.0},{"not_picked":["WreathOfFlame","InnerPeace"],"picked":"Replay:DivineShield","floor":10.0},{"not_picked":["EmptyFist","ClearTheMind"],"picked":"ThirdEye","floor":12.0},{"not_picked":["Evaluate","Crescendo","Indignation"],"picked":"SKIP","floor":13.0},{"not_picked":["Crescendo","Consecrate","SashWhip"],"picked":"SKIP","floor":14.0}],"player_experience":1615432,"relics_obtained":[{"floor":6.0,"key":"Lizard Tail"},{"floor":8.0,"key":"Sundial"},{"floor":12.0,"key":"Simple Rune"},{"floor":14.0,"key":"Juzu Bracelet"}],"event_choices":[{"cards_removed":["Strike_P"],"damage_healed":0.0,"max_hp_gain":0.0,"max_hp_loss":0.0,"gold_gain":0.0,"event_name":"Golden Wing","player_choice":"Card Removal","floor":2.0,"gold_loss":0.0,"damage_taken":7.0},{"damage_healed":0.0,"max_hp_gain":0.0,"max_hp_loss":0.0,"gold_gain":75.0,"event_name":"World of Goop","player_choice":"Gather Gold","floor":4.0,"gold_loss":0.0,"damage_taken":11.0}],"is_beta":false,"boss_relics":[],"items_purged_floors":[11],"is_endless":false,"potions_floor_spawned":[1,5,12,13],"killed_by":"Fading Forest","ascension_level":20}}