{"host":"7nm1ow5v9mg4ehcw","time":1611774885,"event":{"mods":["BaseMod","Minty Spire (QoL Compilation)","Relic Stats","StSLib"],"gold_per_floor":[114,114,134,19,38,70,70,137,137,166,166,166,166,179,179,280,280,292,507,525,76,76,101,101,133,133,133,19,51,68,80,80,175,175,192,30,30,44,0,28,45,78,129,129,41,54,54,69,69,69,69,69,6,39,39],"floor_reached":56,"language":"ENG","playtime":2745,"items_purged":["Strike_G","Strike_G","Strike_G"],"score":2021,"play_id":"681e60d5-3be5-418a-aa09-82c84d2e72e3","local_time":"20210127201445","is_ascension_mode":true,"campfire_choices":[{"data":"Neutralize","floor":7,"key":"SMITH"},{"data":"Terror","floor":12,"key":"SMITH"},{"data":"Finisher","floor":15,"key":"SMITH"},{"data":"Cloak And Dagger","floor":24,"key":"SMITH"},{"data":"Envenom","floor":27,"key":"SMITH"},{"data":"A Thousand Cuts","floor":32,"key":"SMITH"},{"floor":44,"key":"REST"},{"floor":47,"key":"RECALL"},{"floor":49,"key":"DIG"},{"floor":52,"key":"DIG"}],"circlet_count":0,"master_deck":["AscendersBane","Strike_G+1","Defend_G","Defend_G","Defend_G","Defend_G","Defend_G","Survivor+1","Neutralize+1","Poisoned Stab","Finisher+1","Predator","Blade Dance","Terror+1","Backflip","PiercingWail","Backflip+1","Envenom+1","Backflip+1","Leg Sweep","Dagger Spray+1","Cloak And Dagger+1","Well Laid Plans","Blade Dance","Cloak And Dagger+1","A Thousand Cuts+1","Leg Sweep","After Image","Cloak And Dagger+1","Panache","Infinite Blades","Escape Plan+1","Finisher","Blade Dance+1","Blur"],"relics":["Philosopher\u0027s Stone","InkBottle","Pantograph","Potion Belt","Gremlin Horn","War Paint","WristBlade","Old Coin","Membership Card","Shovel","Question Card","Ninja Scroll","Whetstone","Pear","Lantern","Centennial Puzzle","Fusion Hammer","Matryoshka","Red Mask","CaptainsWheel","Blood Vial","Boot","Du-Vu Doll","Kunai","Vajra"],"acts_visited":["Exordium","TheCity","TheBeyond","TheEnding"],"potions_floor_usage":[14,16,16,20,20,23,25,30,33,33,41,50,54,55,55],"damage_taken":[{"damage":2,"enemies":"Small Slimes","floor":1,"turns":4},{"damage":0,"enemies":"Cultist","floor":3,"turns":2},{"damage":0,"enemies":"Jaw Worm","floor":5,"turns":2},{"damage":20,"enemies":"Lagavulin","floor":6,"turns":4},{"damage":9,"enemies":"Gremlin Nob","floor":10,"turns":3},{"damage":0,"enemies":"Exordium Wildlife","floor":14,"turns":1},{"damage":5,"enemies":"Slime Boss","floor":16,"turns":6},{"damage":12,"enemies":"Spheric Guardian","floor":18,"turns":3},{"damage":0,"enemies":"Chosen","floor":20,"turns":3},{"damage":0,"enemies":"Gremlin Leader","floor":23,"turns":3},{"damage":8,"enemies":"Slavers","floor":25,"turns":2},{"damage":0,"enemies":"Gremlin Leader","floor":29,"turns":3},{"damage":0,"enemies":"Snake Plant","floor":30,"turns":2},{"damage":0,"enemies":"Centurion and Healer","floor":31,"turns":4},{"damage":0,"enemies":"Collector","floor":33,"turns":4},{"damage":3,"enemies":"3 Darklings","floor":35,"turns":3},{"damage":0,"enemies":"Orb Walker","floor":38,"turns":2},{"damage":19,"enemies":"Reptomancer","floor":40,"turns":3},{"damage":10,"enemies":"Writhing Mass","floor":41,"turns":5},{"damage":9,"enemies":"Nemesis","floor":42,"turns":5},{"damage":0,"enemies":"Sphere and 2 Shapes","floor":46,"turns":2},{"damage":0,"enemies":"Maw","floor":48,"turns":5},{"damage":3,"enemies":"Donu and Deca","floor":50,"turns":7},{"damage":7,"enemies":"Shield and Spear","floor":54,"turns":5},{"damage":27,"enemies":"The Heart","floor":55,"turns":8}],"seed_played":"705918374171920049","potions_obtained":[{"floor":1,"key":"Ancient Potion"},{"floor":6,"key":"EntropicBrew"},{"floor":10,"key":"DistilledChaos"},{"floor":14,"key":"SpeedPotion"},{"floor":22,"key":"PowerPotion"},{"floor":22,"key":"CultistPotion"},{"floor":23,"key":"Weak Potion"},{"floor":29,"key":"Strength Potion"},{"floor":30,"key":"PowerPotion"},{"floor":33,"key":"SpeedPotion"},{"floor":35,"key":"Block Potion"},{"floor":42,"key":"Dexterity Potion"}],"is_trial":false,"path_per_floor":["M","?","M","$","M","E","R","?","T","E","T","R","?","M","R","B",null,"M","?","M","$","?","E","R","E","T","R","$","E","M","M","R","B",null,"M","$","?","M","?","E","M","E","T","R","$","M","R","M","R","B",null,"R","$","E","B",null],"character_chosen":"THE_SILENT","items_purchased":["Blade Dance","Terror","Membership Card","Shovel","Question Card","Dagger Spray","Blade Dance","Lantern","Strength Potion","Matryoshka","Finisher"],"campfire_rested":1,"item_purchase_floors":[4,4,21,21,21,21,28,28,28,36,45],"current_hp_per_floor":[61,61,61,61,61,41,41,41,41,32,32,32,20,20,20,40,63,51,51,51,51,51,51,51,43,53,53,53,53,53,53,53,78,80,77,77,77,77,77,58,48,39,39,63,63,65,65,67,67,77,79,79,79,73,53],"gold":39,"neow_bonus":"BOSS_RELIC","is_daily":false,"chose_seed":false,"campfire_upgraded":6,"win_rate":0.0,"timestamp":1611774885,"path_taken":["M","?","?","?","?","E","R","?","T","E","?","R","?","M","R","BOSS","M","?","M","?","?","E","R","E","T","R","$","E","M","?","R","BOSS","M","$","?","M","?","E","M","E","T","R","?","?","R","M","R","BOSS","R","$","E","BOSS"],"items_purchased_type":["Card","Card","Relic","Relic","Relic","Card","Card","Relic","Potion","Relic","Card"],"build_version":"2020-12-22","purchased_purges":3,"victory":true,"max_hp_per_floor":[70,70,70,70,70,70,70,70,70,70,70,70,70,70,70,70,70,70,70,70,70,70,70,70,70,80,80,80,80,80,80,80,80,80,80,80,80,80,80,80,80,80,80,80,80,80,80,80,80,80,80,80,80,80,80],"relic_stats":{"Gremlin Horn":[25,25],"counters":[25,91],"Whetstone":["Dagger Spray","Strike_G"],"War Paint":["Backflip","Survivor"],"Question Card":15,"Boot":[12],"Blood Vial":9,"Centennial Puzzle":[21],"Shovel":2,"Pantograph":66,"Kunai":[16],"obtain_stats":[{"Lantern":28,"Gremlin Horn":11,"Vajra":54,"Whetstone":25,"Boot":43,"Old Coin":19,"Blood Vial":42,"Centennial Puzzle":29,"Shovel":21,"Matryoshka":36,"WristBlade":17,"Ninja Scroll":23,"Pantograph":9,"Philosopher\u0027s Stone":0,"Fusion Hammer":34,"Red Mask":39,"Kunai":52,"InkBottle":6,"Ring of the Snake":0,"Potion Belt":10,"Pear":26,"War Paint":13,"Question Card":21,"Du-Vu Doll":49,"CaptainsWheel":40,"Membership Card":21},{"Lantern":11,"Gremlin Horn":5,"Vajra":24,"Whetstone":11,"Boot":20,"Old Coin":8,"Blood Vial":20,"Centennial Puzzle":12,"Shovel":9,"Matryoshka":16,"WristBlade":7,"Ninja Scroll":10,"Pantograph":4,"Philosopher\u0027s Stone":0,"Fusion Hammer":15,"Red Mask":17,"Kunai":23,"InkBottle":4,"Ring of the Snake":0,"Potion Belt":5,"Pear":11,"War Paint":5,"Question Card":9,"Du-Vu Doll":22,"CaptainsWheel":18,"Membership Card":9},{"Lantern":33,"Gremlin Horn":15,"Vajra":83,"Whetstone":33,"Boot":64,"Old Coin":25,"Blood Vial":64,"Centennial Puzzle":36,"Shovel":28,"Matryoshka":49,"WristBlade":22,"Ninja Scroll":31,"Pantograph":12,"Philosopher\u0027s Stone":0,"Fusion Hammer":46,"Red Mask":51,"Kunai":78,"InkBottle":12,"Ring of the Snake":0,"Potion Belt":15,"Pear":33,"War Paint":15,"Question Card":28,"Du-Vu Doll":71,"CaptainsWheel":54,"Membership Card":28}],"InkBottle":[57]},"card_choices":[{"not_picked":["Riddle With Holes","Deflect"],"picked":"Poisoned Stab","floor":1},{"not_picked":["Deadly Poison","Backflip"],"picked":"Predator","floor":3},{"not_picked":["Dodge and Roll","Concentrate"],"picked":"Backflip","floor":5},{"not_picked":["Heel Hook","Terror"],"picked":"PiercingWail","floor":6},{"not_picked":["Concentrate","Accuracy"],"picked":"Backflip","floor":10},{"not_picked":["Underhanded Strike","Masterful Stab","Prepared"],"picked":"SKIP","floor":14},{"not_picked":["Adrenaline","Venomology"],"picked":"Envenom","floor":16},{"not_picked":["Deflect","Prepared+1"],"picked":"Backflip+1","floor":18},{"not_picked":["Bouncing Flask+1","Catalyst"],"picked":"Leg Sweep","floor":20},{"not_picked":["All Out Attack","Endless Agony","Sucker Punch"],"picked":"Cloak And Dagger","floor":23},{"not_picked":["Deadly Poison","Acrobatics+1","Prepared"],"picked":"Well Laid Plans","floor":25},{"not_picked":["Acrobatics","Tactician+1","Predator"],"picked":"Cloak And Dagger+1","floor":29},{"not_picked":["Slice","Outmaneuver","Catalyst"],"picked":"A Thousand Cuts","floor":30},{"not_picked":["Quick Slash","Backflip","Dodge and Roll"],"picked":"Leg Sweep","floor":31},{"not_picked":["Phantasmal Killer","Die Die Die","Adrenaline"],"picked":"After Image","floor":33},{"not_picked":["Caltrops","Blade Dance","Calculated Gamble"],"picked":"Cloak And Dagger+1","floor":35},{"not_picked":["Magnetism","Discovery","Swift Strike"],"picked":"Panache","floor":37},{"not_picked":["Dagger Throw","PiercingWail","Outmaneuver+1","Flying Knee"],"picked":"SKIP","floor":38},{"not_picked":["Acrobatics","Outmaneuver","Dodge and Roll+1"],"picked":"Infinite Blades","floor":40},{"not_picked":["Prepared+1","Bane+1","Noxious Fumes+1","Predator"],"picked":"SKIP","floor":41},{"not_picked":["Caltrops","Unload","Flying Knee+1"],"picked":"Escape Plan+1","floor":42},{"not_picked":["Dash","Underhanded Strike","Escape Plan"],"picked":"Blade Dance+1","floor":46},{"not_picked":["Underhanded Strike+1","Sucker Punch","Reflex","Tactician+1"],"picked":"SKIP","floor":48},{"not_picked":["Finisher+1","Dagger Spray","Bouncing Flask+1"],"picked":"Blur","floor":54}],"player_experience":352296,"relics_obtained":[{"floor":6,"key":"InkBottle"},{"floor":9,"key":"Pantograph"},{"floor":10,"key":"Potion Belt"},{"floor":11,"key":"Gremlin Horn"},{"floor":23,"key":"Ninja Scroll"},{"floor":25,"key":"Whetstone"},{"floor":26,"key":"Pear"},{"floor":29,"key":"Centennial Puzzle"},{"floor":40,"key":"CaptainsWheel"},{"floor":42,"key":"Blood Vial"},{"floor":43,"key":"Boot"},{"floor":49,"key":"Du-Vu Doll"},{"floor":52,"key":"Kunai"},{"floor":54,"key":"Vajra"}],"event_choices":[{"damage_healed":0,"gold_gain":0,"cards_transformed":["Strike_G"],"player_choice":"Transformed","damage_taken":0,"max_hp_gain":0,"max_hp_loss":0,"event_name":"Transmorgrifier","floor":2,"gold_loss":0,"cards_obtained":["Finisher"]},{"damage_healed":0,"gold_gain":67,"player_choice":"Gained Gold","damage_taken":0,"max_hp_gain":0,"max_hp_loss":0,"event_name":"Golden Wing","floor":8,"gold_loss":0},{"damage_healed":0,"gold_gain":0,"player_choice":"Success","damage_taken":12,"relics_obtained":["War Paint"],"max_hp_gain":0,"max_hp_loss":0,"event_name":"Scrap Ooze","floor":13,"gold_loss":0},{"damage_healed":0,"gold_gain":0,"player_choice":"Obtained Relic","damage_taken":0,"relics_obtained":["Old Coin"],"max_hp_gain":0,"max_hp_loss":0,"event_name":"Addict","floor":19,"gold_loss":85},{"damage_healed":0,"gold_gain":0,"player_choice":"Got Potions","damage_taken":0,"max_hp_gain":0,"max_hp_loss":0,"event_name":"Lab","floor":22,"gold_loss":0},{"damage_healed":0,"gold_gain":0,"player_choice":"Memory 1","damage_taken":0,"max_hp_gain":0,"max_hp_loss":0,"event_name":"SensoryStone","floor":37,"gold_loss":0},{"damage_healed":0,"gold_gain":0,"player_choice":"Paid","damage_taken":0,"relics_obtained":["Red Mask"],"max_hp_gain":0,"max_hp_loss":0,"event_name":"Tomb of Lord Red Mask","floor":39,"gold_loss":44}],"is_beta":false,"boss_relics":[{"not_picked":["Black Star","Calling Bell"],"picked":"WristBlade"},{"not_picked":["Runic Dome","SacredBark"],"picked":"Fusion Hammer"}],"items_purged_floors":[36,45,53],"is_endless":false,"potions_floor_spawned":[1,6,10,14,23,29,30,33,35,40,42],"ascension_level":11}}