{"host":"skr63qsdfgeey3it","time":1611713444,"event":{"mods":["BaseMod","Colored Map","Hubris","Minty Spire (QoL Compilation)","Replay The Spire","Spicy Shops","StSLib"],"gold_per_floor":[109,109,128,145,17,50,50,50,120,40,69,84,84,98,98,171,171,183,183,282,282,60,60,75,103,103,103,119,22,32,32,32],"floor_reached":31,"language":"ENG","playtime":1575,"items_purged":["Strike_G"],"score":437,"play_id":"e8609bee-6d07-4c97-9b21-8404b6bfcbf9","local_time":"20210126201044","is_ascension_mode":true,"campfire_choices":[{"floor":8,"key":"REST"},{"floor":15,"key":"REST"},{"floor":23,"key":"REST"}],"circlet_count":0,"master_deck":["AscendersBane","Strike_G","Strike_G","Strike_G","Strike_G","Defend_G","Defend_G","Defend_G","Defend_G","Defend_G","Survivor","Neutralize","Poisoned Stab","Dash","Panache","hubris:EnhanceAbility","Master of Strategy","Prepared","Infinite Blades","Pot Of Greed","Pot Of Greed","Burst","Distraction","Bullet Time","Flying Knee+1","Pot Of Greed","Footwork","Blade Dance","Distraction"],"relics":["Ring of the Snake","NeowsBlessing","Vajra","ReplayTheSpireMod:ShopPack","Replay:Bottled Steam","Gremlin Horn","Grinning Jar","Fusion Hammer","Omamori","Gambling Chip","Bottled Flame","Replay:Bottled Flurry"],"acts_visited":["Exordium","TheCity"],"potions_floor_usage":[16,16,18,25,27,30],"damage_taken":[{"damage":0,"enemies":"2 Louse","floor":1,"turns":1},{"damage":0,"enemies":"Cultist","floor":3,"turns":1},{"damage":0,"enemies":"Jaw Worm","floor":4,"turns":1},{"damage":36,"enemies":"Gremlin Nob","floor":6,"turns":6},{"damage":12,"enemies":"Lagavulin","floor":11,"turns":6},{"damage":2,"enemies":"Lots of Slimes","floor":12,"turns":2},{"damage":3,"enemies":"Looter","floor":14,"turns":3},{"damage":14,"enemies":"The Guardian","floor":16,"turns":10},{"damage":11,"enemies":"2 Thieves","floor":18,"turns":4},{"damage":0,"enemies":"Spheric Guardian","floor":24,"turns":3},{"damage":25,"enemies":"Slavers","floor":25,"turns":5},{"damage":6,"enemies":"Chosen and Byrds","floor":27,"turns":4},{"damage":0,"enemies":"Sentry and Sphere","floor":28,"turns":3},{"damage":13,"enemies":"Centurion and Healer","floor":30,"turns":2},{"damage":24,"enemies":"Replay:Snechameleon","floor":31,"turns":6}],"seed_played":"5481822242807272896","potions_obtained":[{"floor":1,"key":"Weak Potion"},{"floor":11,"key":"Reflective Coating"},{"floor":13,"key":"Explosive Potion"},{"floor":13,"key":"Strength Potion"},{"floor":16,"key":"LiquidBronze"},{"floor":24,"key":"Adrenaline Potion"},{"floor":25,"key":"SmokeBomb"},{"floor":28,"key":"AttackPotion"}],"is_trial":false,"path_per_floor":["M","?","M","M","$","E","$","R","T","$","E","M","?","M","R","B",null,"M","?","?","?","$","R","M","E","T","M","M","$","M","E"],"character_chosen":"THE_SILENT","items_purchased":["ReplayTheSpireMod:ShopPack","Infinite Blades","Omamori","Replay:Bottled Flurry"],"campfire_rested":3,"item_purchase_floors":[5,10,22,29],"current_hp_per_floor":[63,63,63,63,63,27,27,48,48,48,36,34,34,31,52,38,62,51,51,51,51,51,70,70,45,45,39,39,39,26,2,2],"gold":32,"neow_bonus":"THREE_ENEMY_KILL","is_daily":false,"chose_seed":false,"campfire_upgraded":0,"win_rate":0.0,"timestamp":1611713444,"path_taken":["M","?","M","M","$","E","?","R","T","$","E","?","?","?","R","BOSS","M","?","?","?","$","R","M","E","T","M","?","?","?","E"],"items_purchased_type":["Relic","Card","Relic","Relic"],"build_version":"2020-12-22","purchased_purges":1,"victory":false,"max_hp_per_floor":[70,70,70,70,70,70,70,70,70,70,70,70,70,70,70,70,70,70,70,70,70,70,70,70,70,70,70,70,70,70,70,70],"card_choices":[{"not_picked":["hubris:Counter","Cloak And Dagger"],"picked":"Poisoned Stab","floor":1},{"not_picked":["Draining Mist","Sucker Punch"],"picked":"Dash","floor":3},{"not_picked":["Underhanded Strike","Eviscerate","Cloak And Dagger"],"picked":"SKIP","floor":4},{"not_picked":["Master of Strategy","Secret Weapon"],"picked":"Panache","floor":5},{"not_picked":["Replay:Sssssssssstrike","Forethought"],"picked":"hubris:EnhanceAbility","floor":5},{"not_picked":["Replay:Sssssssssstrike","Blind"],"picked":"Master of Strategy","floor":5},{"not_picked":["Dagger Throw","hubris:Counter"],"picked":"Prepared","floor":6},{"not_picked":["Sucker Punch","Eviscerate"],"picked":"Burst","floor":11},{"not_picked":["Dagger Throw","Deflect","Backflip"],"picked":"SKIP","floor":12},{"not_picked":["Slice","Riddle With Holes"],"picked":"Distraction","floor":14},{"not_picked":["Adrenaline","Doppelganger"],"picked":"Bullet Time","floor":16},{"not_picked":["Dagger Spray","Slice"],"picked":"Flying Knee+1","floor":18},{"not_picked":["Blur","Quick Slash"],"picked":"Footwork","floor":24},{"not_picked":["Acrobatics","Endless Agony"],"picked":"Blade Dance","floor":25},{"not_picked":["Bane","Underhanded Strike+1","Dodge and Roll"],"picked":"SKIP","floor":28},{"not_picked":["Prepared","Backstab"],"picked":"Distraction","floor":30}],"player_experience":810544,"relics_obtained":[{"floor":6,"key":"Replay:Bottled Steam"},{"floor":9,"key":"Gremlin Horn"},{"floor":11,"key":"Grinning Jar"},{"floor":25,"key":"Gambling Chip"},{"floor":26,"key":"Bottled Flame"}],"event_choices":[{"damage_healed":0,"gold_gain":0,"player_choice":"Gave Potion","damage_taken":0,"relics_obtained":["Vajra"],"max_hp_gain":0,"max_hp_loss":0,"event_name":"WeMeetAgain","floor":2,"gold_loss":0},{"damage_healed":0,"gold_gain":0,"player_choice":"Got Potions","damage_taken":0,"max_hp_gain":0,"max_hp_loss":0,"event_name":"Lab","floor":13,"gold_loss":0},{"damage_healed":0,"gold_gain":0,"player_choice":"Ignored","damage_taken":0,"max_hp_gain":0,"max_hp_loss":0,"event_name":"Beggar","floor":19,"gold_loss":0},{"damage_healed":0,"gold_gain":99,"player_choice":"Stole From Cult","damage_taken":0,"max_hp_gain":0,"max_hp_loss":0,"event_name":"Nest","floor":20,"gold_loss":0},{"damage_healed":0,"gold_gain":0,"player_choice":"Bought 0 Potions","damage_taken":0,"max_hp_gain":0,"max_hp_loss":0,"event_name":"The Woman in Blue","floor":21,"gold_loss":0}],"is_beta":false,"boss_relics":[{"not_picked":["Astrolabe","Kintsugi"],"picked":"Fusion Hammer"}],"items_purged_floors":[22],"is_endless":false,"potions_floor_spawned":[1,11,14,16,24,25,28],"killed_by":"Replay:Snechameleon","ascension_level":13}}