{"host":"3cfiijyxxn53e8lm","time":1611722990,"event":{"mods":["BaseMod","Hermit","Minty Spire (QoL Compilation)","Shop Mod","StSLib"],"gold_per_floor":[118,129,129,129,304,332,344,344,344,378,394,469,495,512,512,613,613,538,538,145,145,145,145,175,175,175,175,175,175],"floor_reached":28,"language":"ZHS","playtime":2091,"items_purged":["Doubt"],"score":357,"play_id":"fa0e5dd2-f73f-4d68-b14a-0c428afe6ad1","local_time":"20210127124950","is_ascension_mode":true,"campfire_choices":[{"data":"Zap","floor":8,"key":"SMITH"},{"floor":15,"key":"REST"},{"data":"Cold Snap","floor":23,"key":"SMITH"},{"floor":25,"key":"REST"}],"circlet_count":0,"master_deck":["Defend_B","Defend_B","Zap+1","Buffer+1","Defragment+1","Cold Snap+1","Machine Learning+1","Scrape+1","Bite","Bite","Bite","Bite","Bite","Magnetism+1","All For One","Sweeping Beam","Heatsinks+1"],"relics":["Cracked Core","NeowsBlessing","Mercury Hourglass","Frozen Egg 2","Shuriken","Vajra","PreservedInsect","MerchantsRug","Toxic Egg 2","Girya","The Courier"],"acts_visited":["Exordium","TheCity"],"potions_floor_usage":[10,16,28],"damage_taken":[{"damage":0,"enemies":"Small Slimes","floor":1,"turns":1},{"damage":0,"enemies":"2 Louse","floor":2,"turns":1},{"damage":0,"enemies":"Lagavulin","floor":6,"turns":1},{"damage":9,"enemies":"Jaw Worm","floor":7,"turns":4},{"damage":10,"enemies":"Gremlin Nob","floor":10,"turns":4},{"damage":0,"enemies":"2 Fungi Beasts","floor":11,"turns":3},{"damage":15,"enemies":"3 Sentries","floor":13,"turns":5},{"damage":0,"enemies":"Large Slime","floor":14,"turns":5},{"damage":16,"enemies":"Hexaghost","floor":16,"turns":9},{"damage":29,"enemies":"2 Thieves","floor":18,"turns":4},{"damage":52,"enemies":"Slavers","floor":24,"turns":4},{"damage":39,"enemies":"Book of Stabbing","floor":28,"turns":4}],"seed_played":"1061353038991667674","potions_obtained":[{"floor":6,"key":"Ancient Potion"},{"floor":7,"key":"ColorlessPotion"},{"floor":13,"key":"PotionOfCapacity"},{"floor":16,"key":"DistilledChaos"},{"floor":18,"key":"DistilledChaos"}],"is_trial":false,"path_per_floor":["M","M","?","?","?","E","M","R","T","E","M","?","E","M","R","B",null,"M","?","$","?","T","R","E","R","T","?","E"],"character_chosen":"DEFECT","items_purchased":["Magnetism+1","PreservedInsect","MerchantsRug"],"campfire_rested":2,"item_purchase_floors":[20,20,20],"current_hp_per_floor":[75,75,68,61,61,61,52,52,52,42,42,31,16,16,53,37,75,46,46,46,46,46,46,6,21,21,21,0,0],"gold":175,"neow_bonus":"THREE_ENEMY_KILL","is_daily":false,"chose_seed":false,"campfire_upgraded":2,"win_rate":0.0,"timestamp":1611722990,"path_taken":["M","M","?","?","?","E","M","R","T","E","?","?","E","M","R","BOSS","M","?","$","?","?","R","E","R","T","?","E"],"items_purchased_type":["Card","Relic","Relic"],"build_version":"2020-12-22","purchased_purges":1,"victory":false,"max_hp_per_floor":[75,75,75,75,75,75,75,75,75,75,75,75,75,75,75,75,75,75,52,52,52,52,52,52,52,52,52,52,52],"card_choices":[{"not_picked":["Turbo","Darkness","Gash"],"picked":"SKIP","floor":1},{"not_picked":["Barrage","Cold Snap"],"picked":"Heatsinks","floor":2},{"not_picked":["Conserve Battery","Barrage"],"picked":"Buffer+1","floor":6},{"not_picked":["Redo","Force Field","Stack"],"picked":"SKIP","floor":7},{"not_picked":["Turbo","Ball Lightning","Core Surge"],"picked":"SKIP","floor":10},{"not_picked":["Recycle","Glacier"],"picked":"Defragment+1","floor":11},{"not_picked":["Stack","Force Field"],"picked":"Cold Snap","floor":13},{"not_picked":["Redo","Compile Driver","Streamline"],"picked":"SKIP","floor":14},{"not_picked":["Biased Cognition+1","Fission"],"picked":"Machine Learning+1","floor":16},{"not_picked":["Compile Driver","Genetic Algorithm+1"],"picked":"Scrape+1","floor":18},{"not_picked":["Static Discharge+1","Steam+1"],"picked":"All For One","floor":24}],"player_experience":72143,"relics_obtained":[{"floor":6,"key":"Frozen Egg 2"},{"floor":9,"key":"Shuriken"},{"floor":10,"key":"Vajra"},{"floor":13,"key":"Regal Pillow"},{"floor":22,"key":"Toxic Egg 2"},{"floor":24,"key":"Girya"},{"floor":26,"key":"The Courier"}],"event_choices":[{"cards_removed":["Defend_B"],"damage_healed":0,"gold_gain":0,"player_choice":"Card Removal","damage_taken":7,"max_hp_gain":0,"max_hp_loss":0,"event_name":"Golden Wing","floor":3,"gold_loss":0},{"damage_healed":0,"gold_gain":0,"player_choice":"Success","damage_taken":7,"relics_obtained":["Mercury Hourglass"],"max_hp_gain":0,"max_hp_loss":0,"event_name":"Scrap Ooze","floor":4,"gold_loss":0},{"damage_healed":0,"gold_gain":175,"player_choice":"AGREE","damage_taken":0,"max_hp_gain":0,"max_hp_loss":0,"event_name":"Liars Game","floor":5,"gold_loss":0,"cards_obtained":["Doubt"]},{"damage_healed":0,"gold_gain":75,"player_choice":"Gather Gold","damage_taken":11,"max_hp_gain":0,"max_hp_loss":0,"event_name":"World of Goop","floor":12,"gold_loss":0},{"damage_healed":0,"gold_gain":0,"player_choice":"Became a vampire","damage_taken":0,"max_hp_gain":0,"max_hp_loss":23,"event_name":"Vampires","floor":19,"gold_loss":0,"cards_obtained":["Bite","Bite","Bite","Bite","Bite"]},{"cards_removed":["Defend_B"],"damage_healed":0,"gold_gain":0,"player_choice":"Elegance","damage_taken":0,"max_hp_gain":0,"max_hp_loss":0,"event_name":"Back to Basics","floor":21,"gold_loss":0},{"damage_healed":0,"gold_gain":0,"cards_transformed":["Heatsinks","Dualcast"],"player_choice":"Became Test Subject","damage_taken":0,"max_hp_gain":0,"max_hp_loss":0,"event_name":"Drug Dealer","floor":27,"gold_loss":0,"cards_obtained":["Sweeping Beam","Heatsinks"]}],"is_beta":false,"boss_relics":[{"not_picked":["Runic Pyramid","Runic Dome"],"picked":"Ectoplasm"}],"items_purged_floors":[20],"is_endless":false,"potions_floor_spawned":[6,7,13,16,18],"killed_by":"Book of Stabbing","ascension_level":4}}