{"host":"0vd2boh2oi7jm085","time":1611724201,"event":{"mods":["BaseMod","Colored Map","Colored Powertips","Highlight Path","Minty Spire (QoL Compilation)","Quick Restart","StSLib","The IronCluck"],"gold_per_floor":[117,133,133,133,18,18,18,18,18,37,73,73,117,130,130,219,219,234,234,248,248,248,273,188,25,50,68,68,80,95,95,95,95,95],"floor_reached":33,"language":"ENG","playtime":635,"items_purged":[],"score":493,"play_id":"684c1089-9323-4257-b1ab-13e1814f278b","local_time":"20210126211001","is_ascension_mode":true,"campfire_choices":[{"data":"Perfected Strike","floor":6.0,"key":"SMITH"},{"data":"Shockwave","floor":8.0,"key":"SMITH"},{"floor":15.0,"key":"REST"},{"floor":32.0,"key":"REST"}],"circlet_count":0,"master_deck":["AscendersBane","Strike_R","Strike_R","Strike_R","Strike_R","Strike_R","Defend_R","Defend_R","Defend_R","Defend_R","Bash","Perfected Strike+1","Shockwave+1","Pommel Strike","Twin Strike","Double Tap+1","Spot Weakness+1","Perfected Strike","Wild Strike+1","Anger+1"],"relics":["Burning Blood","NeowsBlessing","Bloody Idol","Toxic Egg 2","Letter Opener","Bronze Scales","Sozu","Red Mask","PreservedInsect","Orichalcum","Omamori","Molten Egg 2"],"acts_visited":["Exordium","TheCity"],"potions_floor_usage":[],"damage_taken":[{"damage":0.0,"enemies":"Small Slimes","floor":1.0,"turns":1.0},{"damage":0.0,"enemies":"2 Louse","floor":2.0,"turns":1.0},{"damage":0.0,"enemies":"Jaw Worm","floor":10.0,"turns":1.0},{"damage":20.0,"enemies":"Lagavulin","floor":11.0,"turns":5.0},{"damage":25.0,"enemies":"3 Sentries","floor":13.0,"turns":6.0},{"damage":11.0,"enemies":"2 Fungi Beasts","floor":14.0,"turns":3.0},{"damage":19.0,"enemies":"The Guardian","floor":16.0,"turns":8.0},{"damage":11.0,"enemies":"Spheric Guardian","floor":18.0,"turns":3.0},{"damage":7.0,"enemies":"Chosen","floor":20.0,"turns":4.0},{"damage":47.0,"enemies":"Masked Bandits","floor":23.0,"turns":5.0},{"damage":13.0,"enemies":"Centurion and Healer","floor":27.0,"turns":4.0},{"damage":12.0,"enemies":"Snake Plant","floor":29.0,"turns":3.0},{"damage":4.0,"enemies":"3 Cultists","floor":30.0,"turns":4.0},{"damage":36,"enemies":"Champ","floor":33,"turns":8}],"seed_played":"3704572538834620682","potions_obtained":[{"floor":10.0,"key":"Energy Potion"},{"floor":13.0,"key":"HeartOfIron"}],"is_trial":false,"path_per_floor":["M","M","?","?","$","R","$","R","T","M","E","?","E","M","R","B",null,"M","?","M","?","?","?","?","$","T","M","T","M","M","?","R","B"],"character_chosen":"IRONCLAD","items_purchased":["Pommel Strike","Twin Strike","Orichalcum"],"campfire_rested":2,"item_purchase_floors":[5,5,25],"current_hp_per_floor":[74,75,75,68,68,68,68,68,68,68,54,54,35,30,50,37,60,55,50,49,49,49,13,13,13,18,16,16,15,22,36,56,20,20],"gold":95,"neow_bonus":"THREE_ENEMY_KILL","is_daily":false,"chose_seed":false,"campfire_upgraded":2,"win_rate":0.0,"timestamp":1611724201,"path_taken":["M","M","?","?","$","R","$","R","T","M","E","?","E","M","R","BOSS","M","?","?","?","?","?","?","?","T","M","?","?","M","?","R","BOSS"],"items_purchased_type":["Card","Card","Relic"],"build_version":"2020-12-22","purchased_purges":0,"victory":false,"max_hp_per_floor":[75,75,75,68,68,68,68,68,68,68,68,68,68,68,68,68,68,68,68,68,68,68,68,68,68,68,68,68,68,68,68,68,68,68],"card_choices":[{"not_picked":["Cleave","Body Slam"],"picked":"Perfected Strike","floor":1.0},{"not_picked":["Body Slam","Sever Soul"],"picked":"Shockwave","floor":2.0},{"not_picked":["Shrug It Off+1","Clash","Clothesline"],"picked":"SKIP","floor":10.0},{"not_picked":["Thunderclap","Iron Wave","Rampage"],"picked":"SKIP","floor":11.0},{"not_picked":["Shrug It Off+1","Clothesline"],"picked":"Double Tap+1","floor":13.0},{"not_picked":["Iron Wave","Pummel","Burning Pact+1"],"picked":"SKIP","floor":14.0},{"not_picked":["Disarm+1","Evolve","Ghostly Armor+1"],"picked":"SKIP","floor":18.0},{"not_picked":["Anger","Shrug It Off+1","Ghostly Armor+1"],"picked":"SKIP","floor":20.0},{"not_picked":["Second Wind+1","Dual Wield+1"],"picked":"Spot Weakness+1","floor":23.0},{"not_picked":["Carnage","Body Slam"],"picked":"Perfected Strike","floor":27.0},{"not_picked":["Combust","Iron Wave+1"],"picked":"Wild Strike+1","floor":29.0},{"not_picked":["Bludgeon+1","Thunderclap+1"],"picked":"Anger+1","floor":30.0}],"player_experience":112281,"relics_obtained":[{"floor":9.0,"key":"Toxic Egg 2"},{"floor":11.0,"key":"Letter Opener"},{"floor":13.0,"key":"Bronze Scales"},{"floor":23.0,"key":"Red Mask"},{"floor":26.0,"key":"Omamori"},{"floor":28.0,"key":"Molten Egg 2"}],"event_choices":[{"damage_healed":0.0,"max_hp_gain":0.0,"max_hp_loss":0.0,"gold_gain":0.0,"event_name":"The Cleric","player_choice":"Leave","floor":3.0,"gold_loss":0.0,"damage_taken":0.0},{"damage_healed":0.0,"max_hp_gain":0.0,"max_hp_loss":7.0,"gold_gain":0.0,"event_name":"Golden Idol","player_choice":"Lose Max HP","floor":4.0,"gold_loss":0.0,"damage_taken":0.0,"relics_obtained":["Golden Idol"]},{"damage_healed":0.0,"max_hp_gain":0.0,"max_hp_loss":0.0,"gold_gain":0.0,"event_name":"Shining Light","player_choice":"Ignored","floor":12.0,"gold_loss":0.0,"damage_taken":0.0},{"damage_healed":0.0,"max_hp_gain":0.0,"max_hp_loss":0.0,"gold_gain":0.0,"event_name":"Designer","player_choice":"Punched","floor":19.0,"gold_loss":0.0,"damage_taken":5.0},{"damage_healed":0.0,"max_hp_gain":0.0,"max_hp_loss":0.0,"gold_gain":0.0,"event_name":"Forgotten Altar","player_choice":"Gave Idol","floor":21.0,"relics_lost":["Golden Idol"],"gold_loss":0.0,"damage_taken":0.0,"relics_obtained":["Bloody Idol"]},{"damage_healed":0.0,"max_hp_gain":0.0,"max_hp_loss":0.0,"gold_gain":0.0,"event_name":"Beggar","player_choice":"Ignored","floor":22.0,"gold_loss":0.0,"damage_taken":0.0},{"damage_healed":0.0,"max_hp_gain":0.0,"max_hp_loss":0.0,"gold_gain":0.0,"event_name":"Masked Bandits","player_choice":"Fought Bandits","floor":23.0,"gold_loss":0.0,"damage_taken":0.0},{"damage_healed":0.0,"max_hp_gain":0.0,"max_hp_loss":0.0,"gold_gain":0.0,"event_name":"Addict","player_choice":"Obtained Relic","floor":24.0,"gold_loss":85.0,"damage_taken":0.0,"relics_obtained":["PreservedInsect"]},{"damage_healed":14.0,"max_hp_gain":0.0,"max_hp_loss":0.0,"gold_gain":0.0,"event_name":"The Library","player_choice":"Heal","floor":31.0,"gold_loss":0.0,"damage_taken":0.0}],"is_beta":false,"boss_relics":[{"not_picked":["Busted Crown","Runic Dome"],"picked":"Sozu"}],"items_purged_floors":[],"is_endless":false,"potions_floor_spawned":[10,13,14,27,29],"killed_by":"Champ","ascension_level":19}}