{"host":"ojezjkpqju62j8xy","time":1611758432,"event":{"mods":["ATMod(°¢èªMod)","Act Like it!","Aspiration","BaseMod","Conspire","Minty Spire (QoL Compilation)","Pale of the Ancients","Replay The Spire","Spicy Shops","StSLib","[GremlinLeader]The Maniac","¡¾ÒÅÎï¿¨ÅÆ¡¿REMEMod"],"gold_per_floor":[115,40,40,52,52,87,87,117,117,136,162,162,211,240,240,349,349,397,428,428,318,374,437,437,470,493,545,545,579,645,684,684,716,716],"floor_reached":33,"language":"ZHS","playtime":962,"items_purged":[],"score":654,"play_id":"52c4664e-f845-4afb-860e-c8b4e85f7060","local_time":"20210127224032","is_ascension_mode":true,"campfire_choices":[{"floor":7.0,"key":"RECALL"},{"floor":12.0,"key":"REST"},{"data":"REME_ACTH","floor":15.0,"key":"SMITH"},{"floor":24.0,"key":"REST"},{"floor":28,"key":"REST"},{"floor":32,"key":"REST"}],"circlet_count":0,"master_deck":["AscendersBane","Strike_R+1","Bash","AT_DrawKnifeCut","Glass Knife","Shockwave","Ghostly Armor","Sentinel","REME_ACTH+1","REME_FearOfPain","Carnage","Whirlwind","AT_DrawKnifeCut","Shrug It Off","Offering","Thunderclap","Cleave","AT_DiedThrough","Pummel","Combust","Pummel","Seeing Red","Flex","Clash"],"relics":["Burning Blood","AT_ATBox","REME_ComplimentaryCards","WarpedTongs","Ornamental Fan","Omamori","Replay:Bandana","Kintsugi","Centennial Puzzle","AT_ArchangelStaff","StrikeDummy","Champion Belt"],"acts_visited":["Exordium","TheCity"],"potions_floor_usage":[27,30,31],"damage_taken":[{"damage":9.0,"enemies":"Jaw Worm","floor":1.0,"turns":2.0},{"damage":2.0,"enemies":"Cultist","floor":4.0,"turns":2.0},{"damage":30.0,"enemies":"Lagavulin","floor":6.0,"turns":5.0},{"damage":8.0,"enemies":"Gremlin Nob","floor":8.0,"turns":3.0},{"damage":0.0,"enemies":"Small Slimes","floor":10.0,"turns":3.0},{"damage":20.0,"enemies":"3 Sentries","floor":11.0,"turns":4.0},{"damage":1.0,"enemies":"Gremlin Gang","floor":13.0,"turns":3.0},{"damage":0.0,"enemies":"Blue Slaver","floor":14.0,"turns":3.0},{"damage":47.0,"enemies":"Fading Forest","floor":16.0,"turns":13.0},{"damage":6.0,"enemies":"3 Byrds","floor":18.0,"turns":1.0},{"damage":32.0,"enemies":"Shell Parasite","floor":19.0,"turns":3.0},{"damage":15.0,"enemies":"Centurion and Healer","floor":22.0,"turns":3.0},{"damage":15.0,"enemies":"Gremlin Leader","floor":23.0,"turns":4.0},{"damage":0.0,"enemies":"Sentry and Sphere","floor":25.0,"turns":1.0},{"damage":20,"enemies":"Book of Stabbing","floor":27,"turns":2},{"damage":10,"enemies":"3 Cultists","floor":29,"turns":3},{"damage":17,"enemies":"Slavers","floor":30,"turns":2},{"damage":10,"enemies":"Centurion and Healer","floor":31,"turns":2},{"damage":72,"enemies":"Automaton","floor":33,"turns":6}],"seed_played":"1862732042543783569","potions_obtained":[{"floor":1.0,"key":"BlessingOfTheForge"},{"floor":4.0,"key":"Weak Potion"},{"floor":11.0,"key":"Elixir"},{"floor":16.0,"key":"Adrenaline Potion"},{"floor":19.0,"key":"Cursed Concoction"},{"floor":22.0,"key":"SkillPotion"},{"floor":29,"key":"BlessingOfTheForge"},{"floor":30,"key":"Languid Potion"}],"is_trial":false,"path_per_floor":["M","?","?","M","?","E","R","E","T","M","E","R","M","M","R","B",null,"M","M","?","?","M","E","R","M","T","E","R","M","E","M","R","B"],"character_chosen":"IRONCLAD","items_purchased":[],"campfire_rested":4,"item_purchase_floors":[],"current_hp_per_floor":[65,65,65,69,69,45,45,43,43,49,35,57,62,68,68,52,69,69,43,43,43,34,25,47,53,53,39,61,57,46,42,64,0,0],"gold":716,"neow_bonus":"TRANSFORM_CARD","is_daily":false,"chose_seed":false,"campfire_upgraded":1,"win_rate":0.0,"timestamp":1611758432,"path_taken":["M","?","?","?","?","E","R","E","T","M","E","R","M","?","R","BOSS","M","M","?","?","?","E","R","M","T","E","R","M","E","M","R","BOSS"],"items_purchased_type":[],"build_version":"2020-12-22","purchased_purges":0,"victory":false,"max_hp_per_floor":[75,75,75,75,75,75,75,75,75,75,75,75,75,75,75,75,75,75,75,75,75,75,75,75,75,75,75,75,75,75,75,75,75,75],"card_choices":[{"not_picked":["Cleave","Twin Strike"],"picked":"Ghostly Armor","floor":1.0},{"not_picked":["AT_BodySlamDance","Shrug It Off"],"picked":"Sentinel","floor":4.0},{"not_picked":["Pommel Strike","Twin Strike"],"picked":"REME_ACTH","floor":6.0},{"not_picked":["Defy Death","Pommel Strike"],"picked":"REME_FearOfPain","floor":8.0},{"not_picked":["Twin Strike","Perfected Strike"],"picked":"Carnage","floor":10.0},{"not_picked":["Barricade","Second Wind"],"picked":"Whirlwind","floor":11.0},{"not_picked":["Anger","ReplayTheSpireMod:Strike From Hell"],"picked":"AT_DrawKnifeCut","floor":13.0},{"not_picked":["True Grit","AT_GerminateFire"],"picked":"Shrug It Off","floor":14.0},{"not_picked":["Exhume","Fiend Fire"],"picked":"Offering","floor":16.0},{"not_picked":["AT_BodySlamDance","AT_ShrugMaster"],"picked":"Thunderclap","floor":18.0},{"not_picked":["Abandon","Pommel Strike"],"picked":"Cleave","floor":19.0},{"not_picked":["ReplayTheSpireMod:Strike From Hell","Warcry"],"picked":"AT_DiedThrough","floor":22.0},{"not_picked":["Perfected Strike","Twin Strike"],"picked":"Pummel","floor":23.0},{"not_picked":["ReplayTheSpireMod:LeadingStrike","Run Through"],"picked":"Combust","floor":25.0},{"not_picked":["Pommel Strike","Entrench"],"picked":"Pummel","floor":27},{"not_picked":["AT_ShrugMaster","ReplayTheSpireMod:Strike From Hell"],"picked":"Seeing Red","floor":29},{"not_picked":["Dual Wield","Massacre"],"picked":"Flex","floor":30},{"not_picked":["Massacre","ReplayTheSpireMod:Strike From Hell"],"picked":"Clash","floor":31}],"player_experience":1400774,"relics_obtained":[{"floor":6.0,"key":"Ornamental Fan"},{"floor":8.0,"key":"Omamori"},{"floor":11.0,"key":"Replay:Bandana"},{"floor":23.0,"key":"Centennial Puzzle"},{"floor":26.0,"key":"AT_ArchangelStaff"},{"floor":27,"key":"StrikeDummy"},{"floor":30,"key":"Champion Belt"}],"event_choices":[{"cards_removed":["Defend_R"],"damage_healed":0.0,"max_hp_gain":0.0,"max_hp_loss":0.0,"gold_gain":0.0,"event_name":"The Cleric","player_choice":"Card Removal","floor":2.0,"gold_loss":75.0,"damage_taken":0.0},{"damage_healed":0.0,"max_hp_gain":0.0,"max_hp_loss":0.0,"gold_gain":0.0,"event_name":"Accursed Blacksmith","player_choice":"Rummage","floor":3.0,"gold_loss":0.0,"damage_taken":0.0,"relics_obtained":["WarpedTongs"],"cards_obtained":["Pain"]},{"cards_removed":["Pain"],"damage_healed":0.0,"max_hp_gain":0.0,"max_hp_loss":0.0,"gold_gain":0.0,"event_name":"Fountain of Cleansing","player_choice":"Removed Curses","floor":5.0,"gold_loss":0.0,"damage_taken":0.0},{"damage_healed":0.0,"max_hp_gain":0.0,"max_hp_loss":0.0,"gold_gain":0.0,"event_name":"Ghosts","player_choice":"Ignored","floor":20.0,"gold_loss":0.0,"damage_taken":0.0},{"cards_removed":["Strike_R"],"damage_healed":0.0,"max_hp_gain":0.0,"max_hp_loss":0.0,"gold_gain":0.0,"event_name":"Designer","player_choice":"Upgrade and Remove","floor":21.0,"gold_loss":110.0,"damage_taken":0.0,"cards_upgraded":["Strike_R"]}],"is_beta":false,"boss_relics":[{"not_picked":["Runic Pyramid","Tiny House"],"picked":"Kintsugi"}],"items_purged_floors":[],"is_endless":false,"potions_floor_spawned":[1,4,11,16,19,22,29,30],"killed_by":"Automaton","ascension_level":20}}