{"host":"2yhbarjh4s9lrrzt","time":1611739665,"event":{"mods":["2.2 Compatiblity","BaseMod","Better Note","Better Third Choice","Block Reminder","Hubris","Marked Mod","Minty Spire (QoL Compilation)","Replay The Spire","StSLib"],"gold_per_floor":[115,40,54,54,68,68,38,38,38,53,72,100,118,137,137,137,137],"floor_reached":16,"language":"ENG","playtime":1522,"items_purged":[],"score":104,"play_id":"e0ad6537-f9c3-438b-b99d-4d15debc7b22","local_time":"20210127042745","is_ascension_mode":false,"campfire_choices":[{"floor":6,"key":"REST"},{"floor":8,"key":"RECALL"},{"floor":15,"key":"REST"}],"circlet_count":0,"master_deck":["Strike_P","Strike_P","Strike_P+1","Strike_P","Defend_P+1","Defend_P","Defend_P","Defend_P","Eruption","Vigilance","MarkedMod:GentlePulse+1","Omniscience","Replay:ManipulateFuture","Collect","CrushJoints","LessonLearned","ThirdEye","WheelKick","Weave","ReachHeaven","Wish"],"relics":["PureWater","Orichalcum","Garlic","Dream Catcher"],"acts_visited":["Exordium"],"potions_floor_usage":[12,14,16,16,16],"damage_taken":[{"damage":0,"enemies":"Small Slimes","floor":1,"turns":4},{"damage":6,"enemies":"Cultist","floor":3,"turns":5},{"damage":7,"enemies":"2 Louse","floor":5,"turns":4},{"damage":0,"enemies":"Looter","floor":7,"turns":4},{"damage":8,"enemies":"Blue Slaver","floor":10,"turns":5},{"damage":19,"enemies":"Large Slime","floor":11,"turns":10},{"damage":31,"enemies":"Lagavulin","floor":12,"turns":10},{"damage":1,"enemies":"Exordium Wildlife","floor":13,"turns":4},{"damage":1,"enemies":"Exordium Thugs","floor":14,"turns":4},{"damage":33,"enemies":"Slime Boss","floor":16,"turns":9}],"seed_played":"-4841977202694690533","potions_obtained":[{"floor":1,"key":"Strength Potion"},{"floor":3,"key":"BottledMiracle"},{"floor":11,"key":"Weak Potion"},{"floor":13,"key":"Block Potion"},{"floor":14,"key":"Strength Potion"}],"is_trial":false,"path_per_floor":["M","$","M","?","M","R","M","R","T","M","M","E","M","M","R","B"],"character_chosen":"WATCHER","items_purchased":["Omniscience"],"campfire_rested":2,"item_purchase_floors":[2],"current_hp_per_floor":[72,72,66,66,59,72,72,72,72,64,45,14,13,12,33,0,0],"gold":137,"neow_bonus":"RANDOM_COMMON_RELIC","is_daily":false,"chose_seed":false,"campfire_upgraded":0,"win_rate":0.0,"timestamp":1611739665,"path_taken":["M","$","M","?","?","R","M","R","T","M","M","E","M","M","R","BOSS"],"items_purchased_type":["Card"],"build_version":"2020-12-22","purchased_purges":0,"victory":false,"max_hp_per_floor":[72,72,72,72,72,72,72,72,72,72,72,72,72,72,72,72,72],"card_choices":[{"not_picked":["CutThroughFate","ClearTheMind"],"picked":"MarkedMod:GentlePulse","floor":1},{"not_picked":["ClearTheMind","TalkToTheHand"],"picked":"Replay:ManipulateFuture","floor":3},{"not_picked":["MarkedMod:OneThousandNeedles","Prostrate"],"picked":"Collect","floor":5},{"not_picked":["ThirdEye","Meditate"],"picked":"CrushJoints","floor":7},{"not_picked":["Halt","Wallop"],"picked":"LessonLearned","floor":10},{"not_picked":["Replay:ManipulateFuture","Protect"],"picked":"ThirdEye","floor":11},{"not_picked":["BowlingBash","Tantrum"],"picked":"WheelKick","floor":12},{"not_picked":["Replay:BluntJabs","Evaluate"],"picked":"Weave","floor":13},{"not_picked":["FollowUp","EmptyMind"],"picked":"ReachHeaven","floor":14},{"not_picked":["Replay:ManipulateFuture","MarkedMod:GentlePulse"],"picked":"Wish","floor":15}],"player_experience":267069,"relics_obtained":[{"floor":9,"key":"Garlic"},{"floor":12,"key":"Dream Catcher"}],"event_choices":[{"cards_removed":["MarkedMod:GentlePulse"],"damage_healed":0,"gold_gain":0,"player_choice":"Give","damage_taken":0,"max_hp_gain":0,"max_hp_loss":0,"event_name":"betterNote:BetterNote","floor":4,"gold_loss":0,"cards_obtained":["Injury"]}],"is_beta":false,"boss_relics":[],"items_purged_floors":[],"is_endless":false,"potions_floor_spawned":[1,3,11,13,14],"killed_by":"Slime Boss","ascension_level":0}}