{"host":"bxn2em57qlx5u4i0","time":1611723074,"event":{"mods":["BaseMod","Colored Map","Colored Powertips","Highlight Path","Minty Spire (QoL Compilation)","Random Character Button","Relic Sorter","Relic Stats","StSLib","SuperFastMode"],"gold_per_floor":[113,123,67,77,95,121,121,138,161,161,126,126,126,126,126],"floor_reached":14,"language":"ENG","playtime":258,"items_purged":[],"score":180,"play_id":"18adcd11-26ce-43b9-88d3-b3fa2da959b8","local_time":"20210126235114","is_ascension_mode":true,"campfire_choices":[{"data":"Deadly Poison","floor":7,"key":"SMITH"},{"data":"Leg Sweep","floor":10,"key":"SMITH"}],"circlet_count":0,"master_deck":["AscendersBane","Strike_G","Strike_G","Strike_G","Strike_G","Strike_G","Defend_G","Defend_G+1","Defend_G+1","Defend_G","Defend_G+1","Survivor","Neutralize","Blur+1","Deadly Poison+1","Backstab","Leg Sweep+1","Die Die Die"],"relics":["Ring of the Snake","NeowsBlessing","War Paint","Art of War"],"acts_visited":["Exordium"],"potions_floor_usage":[14,14],"damage_taken":[{"damage":0,"enemies":"Cultist","floor":1,"turns":1},{"damage":0,"enemies":"2 Louse","floor":2,"turns":1},{"damage":0,"enemies":"Small Slimes","floor":4,"turns":1},{"damage":10,"enemies":"3 Louse","floor":5,"turns":5},{"damage":36,"enemies":"Lagavulin","floor":6,"turns":11},{"damage":0,"enemies":"Blue Slaver","floor":8,"turns":4},{"damage":12,"enemies":"3 Sentries","floor":14,"turns":6}],"seed_played":"6279283435904086554","potions_obtained":[{"floor":6,"key":"Poison Potion"}],"is_trial":false,"path_per_floor":["M","M","$","M","M","E","R","M","T","R","?","?","?","E"],"character_chosen":"THE_SILENT","items_purchased":["Fire Potion"],"campfire_rested":0,"item_purchase_floors":[3],"current_hp_per_floor":[59,59,59,59,49,13,13,13,13,13,29,29,9,0,0],"gold":126,"neow_bonus":"THREE_ENEMY_KILL","is_daily":false,"chose_seed":false,"campfire_upgraded":2,"win_rate":0.0,"timestamp":1611723074,"path_taken":["M","M","$","?","?","E","R","M","T","R","?","?","?","E"],"items_purchased_type":["Potion"],"build_version":"2020-12-22","purchased_purges":0,"victory":false,"max_hp_per_floor":[66,66,66,66,66,66,66,66,66,66,66,66,66,66,66],"relic_stats":{"counters":[7,29],"Art of War":[2],"War Paint":["Blur","Defend_G"],"obtain_stats":[{"NeowsBlessing":0,"Art of War":9,"War Paint":6,"Ring of the Snake":0},{"NeowsBlessing":0,"Art of War":6,"War Paint":5,"Ring of the Snake":0},{"NeowsBlessing":0,"Art of War":23,"War Paint":19,"Ring of the Snake":0}],"Ring of the Snake":[14]},"card_choices":[{"not_picked":["Backflip","Distraction"],"picked":"Blur","floor":1},{"not_picked":["Backstab","Blade Dance"],"picked":"Deadly Poison","floor":2},{"not_picked":["Reflex","PiercingWail"],"picked":"Backstab","floor":4},{"not_picked":["Bane","Dodge and Roll"],"picked":"Leg Sweep","floor":5},{"not_picked":["Blade Dance","Sucker Punch","Acrobatics"],"picked":"SKIP","floor":6},{"not_picked":["Underhanded Strike","Finisher"],"picked":"Die Die Die","floor":8}],"player_experience":2947544,"relics_obtained":[{"floor":6,"key":"War Paint"},{"floor":9,"key":"Art of War"}],"event_choices":[{"damage_healed":16,"gold_gain":0,"player_choice":"Healed","damage_taken":0,"max_hp_gain":0,"max_hp_loss":0,"event_name":"The Cleric","floor":11,"gold_loss":35},{"damage_healed":0,"gold_gain":0,"player_choice":"Ignored","damage_taken":0,"max_hp_gain":0,"max_hp_loss":0,"event_name":"Liars Game","floor":12,"gold_loss":0},{"damage_healed":0,"gold_gain":0,"player_choice":"Entered Light","damage_taken":20,"max_hp_gain":0,"max_hp_loss":0,"event_name":"Shining Light","floor":13,"gold_loss":0,"cards_upgraded":["Defend_G","Defend_G"]}],"is_beta":false,"boss_relics":[],"items_purged_floors":[],"is_endless":false,"potions_floor_spawned":[6],"killed_by":"3 Sentries","ascension_level":20}}