{"host":"ixpjvd0r4p7lnmut","time":1611743042,"event":{"mods":["BaseMod","Block Reminder","Colored Map","Colored Powertips","Minty Spire (QoL Compilation)","Rare Cards Sparkle","Relic Stats","StSLib"],"gold_per_floor":[113,41,55,66,79,79,79,27,51,85,100,112,112,146,146,242,242,257,269,286,310,323,323,338,338,338,338,35,54,86,105,105,105,105],"floor_reached":33,"language":"ENG","playtime":1584,"items_purged":["Strike_G"],"score":281,"play_id":"f501e12f-5f09-4e84-997c-894dbf876824","local_time":"20210127022402","is_ascension_mode":false,"campfire_choices":[{"floor":6,"key":"REST"},{"floor":13,"key":"REST"},{"floor":15,"key":"REST"},{"floor":23,"key":"REST"},{"floor":25,"key":"REST"},{"floor":27,"key":"REST"},{"floor":32,"key":"REST"}],"circlet_count":0,"master_deck":["Strike_G","Strike_G","Strike_G+1","Defend_G","Defend_G","Defend_G","Defend_G","Defend_G","Survivor","Neutralize","Quick Slash","Footwork","Infinite Blades","Skewer+1","Flying Knee","After Image","Riddle With Holes","Noxious Fumes","Flying Knee","Phantasmal Killer","PiercingWail","Catalyst","Prepared","Dagger Spray+1","Dagger Spray+1","Bouncing Flask","Backflip","Flying Knee"],"relics":["Fusion Hammer","MealTicket","Whetstone","InkBottle","Sozu","Omamori","Meat on the Bone","Happy Flower","Bottled Lightning"],"acts_visited":["Exordium","TheCity"],"potions_floor_usage":[5,16,16,16],"damage_taken":[{"damage":0,"enemies":"Cultist","floor":1,"turns":5},{"damage":9,"enemies":"Jaw Worm","floor":3,"turns":4},{"damage":0,"enemies":"2 Louse","floor":4,"turns":2},{"damage":10,"enemies":"Exordium Thugs","floor":5,"turns":5},{"damage":23,"enemies":"3 Sentries","floor":10,"turns":8},{"damage":0,"enemies":"2 Fungi Beasts","floor":11,"turns":3},{"damage":7,"enemies":"Looter","floor":12,"turns":2},{"damage":23,"enemies":"Gremlin Nob","floor":14,"turns":5},{"damage":4,"enemies":"Hexaghost","floor":16,"turns":8},{"damage":0,"enemies":"Chosen","floor":18,"turns":2},{"damage":17,"enemies":"2 Thieves","floor":19,"turns":5},{"damage":8,"enemies":"Snecko","floor":20,"turns":4},{"damage":23,"enemies":"Centurion and Healer","floor":22,"turns":6},{"damage":25,"enemies":"Cultist and Chosen","floor":24,"turns":7},{"damage":12,"enemies":"Shelled Parasite and Fungi","floor":29,"turns":3},{"damage":47,"enemies":"Slavers","floor":30,"turns":5},{"damage":4,"enemies":"Centurion and Healer","floor":31,"turns":6},{"damage":72,"enemies":"Champ","floor":33,"turns":8}],"seed_played":"2876758705638211306","potions_obtained":[{"floor":4,"key":"SteroidPotion"},{"floor":10,"key":"SpeedPotion"},{"floor":12,"key":"Dexterity Potion"},{"floor":14,"key":"FearPotion"}],"is_trial":false,"path_per_floor":["M","$","M","M","M","R","?","$","T","E","M","M","R","E","R","B",null,"M","M","M","T","M","R","M","R","T","R","$","M","E","M","R","B"],"character_chosen":"THE_SILENT","items_purchased":["Footwork","Flying Knee","Bouncing Flask","Happy Flower"],"campfire_rested":7,"item_purchase_floors":[2,8,28,28],"current_hp_per_floor":[70,70,61,61,51,70,70,70,70,47,47,40,61,38,59,55,70,70,53,45,45,22,43,18,39,39,60,70,58,23,31,52,0,0],"gold":105,"neow_bonus":"BOSS_RELIC","is_daily":false,"chose_seed":false,"campfire_upgraded":0,"win_rate":0.0,"timestamp":1611743042,"path_taken":["M","$","M","M","M","R","?","$","T","E","M","M","R","E","R","BOSS","M","M","M","?","M","R","M","R","T","R","$","?","E","M","R","BOSS"],"items_purchased_type":["Card","Card","Card","Relic"],"build_version":"2020-12-22","purchased_purges":1,"victory":false,"max_hp_per_floor":[70,70,70,70,70,70,70,70,70,70,70,70,70,70,70,70,70,70,70,70,70,70,70,70,70,70,70,70,70,70,70,70,70,70],"relic_stats":{"Sozu":3,"Happy Flower":[7],"counters":[18,88],"MealTicket":10,"Whetstone":["Skewer","Strike_G"],"obtain_stats":[{"Sozu":17,"Happy Flower":28,"MealTicket":9,"Fusion Hammer":0,"Omamori":21,"Whetstone":10,"Bottled Lightning":30,"InkBottle":14,"Ring of the Snake":0,"Meat on the Bone":26},{"Sozu":9,"Happy Flower":14,"MealTicket":4,"Fusion Hammer":0,"Omamori":12,"Whetstone":5,"Bottled Lightning":16,"InkBottle":8,"Ring of the Snake":0,"Meat on the Bone":14},{"Sozu":42,"Happy Flower":66,"MealTicket":16,"Fusion Hammer":0,"Omamori":53,"Whetstone":24,"Bottled Lightning":74,"InkBottle":34,"Ring of the Snake":0,"Meat on the Bone":66}],"InkBottle":[24],"Meat on the Bone":24},"card_choices":[{"not_picked":["Concentrate","Predator"],"picked":"Quick Slash","floor":1},{"not_picked":["Blur","Predator","Setup"],"picked":"SKIP","floor":3},{"not_picked":["Outmaneuver","Dodge and Roll"],"picked":"Infinite Blades","floor":4},{"not_picked":["Endless Agony","Calculated Gamble"],"picked":"Skewer","floor":5},{"not_picked":["Skewer","Poisoned Stab"],"picked":"After Image","floor":10},{"not_picked":["Slice","Acrobatics"],"picked":"Riddle With Holes","floor":11},{"not_picked":["Riddle With Holes","Sucker Punch"],"picked":"Noxious Fumes","floor":12},{"not_picked":["Blade Dance","PiercingWail"],"picked":"Flying Knee","floor":14},{"not_picked":["Venomology","Wraith Form v2"],"picked":"Phantasmal Killer","floor":16},{"not_picked":["Poisoned Stab","Acrobatics"],"picked":"PiercingWail","floor":18},{"not_picked":["Tactician","Blade Dance"],"picked":"Catalyst","floor":19},{"not_picked":["Concentrate","Cloak And Dagger"],"picked":"Prepared","floor":20},{"not_picked":["Dodge and Roll","Endless Agony"],"picked":"Dagger Spray+1","floor":22},{"not_picked":["Dodge and Roll","Slice"],"picked":"Dagger Spray+1","floor":24},{"not_picked":["Quick Slash","Blade Dance"],"picked":"Backflip","floor":29},{"not_picked":["Acrobatics","Poisoned Stab+1","Predator+1"],"picked":"SKIP","floor":30},{"not_picked":["Reflex","Outmaneuver"],"picked":"Flying Knee","floor":31}],"player_experience":127333,"relics_obtained":[{"floor":9,"key":"MealTicket"},{"floor":10,"key":"Whetstone"},{"floor":14,"key":"InkBottle"},{"floor":21,"key":"Omamori"},{"floor":26,"key":"Meat on the Bone"},{"floor":30,"key":"Bottled Lightning"}],"event_choices":[{"cards_removed":["Strike_G"],"damage_healed":0,"gold_gain":0,"player_choice":"Purged","damage_taken":0,"max_hp_gain":0,"max_hp_loss":0,"event_name":"Purifier","floor":7,"gold_loss":0}],"is_beta":false,"boss_relics":[{"not_picked":["Coffee Dripper","SlaversCollar"],"picked":"Sozu"}],"items_purged_floors":[28],"is_endless":false,"potions_floor_spawned":[4,10,12,14,18,22,24],"killed_by":"Champ","ascension_level":0}}