{"host":"640uue19m79c7wbt","time":1611716113,"event":{"mods":["BaseMod","Colored Map","Googly Eyes","Highlight Path","Minty Spire (QoL Compilation)","Quick Restart","StSLib"],"gold_per_floor":[117,267,282,282,282,317,242,254,304,319,344,369,385,385,385,385,385],"floor_reached":16,"language":"ENG","playtime":376,"items_purged":["Doubt"],"score":250,"play_id":"e5fdc48d-886c-4a09-a2c2-ab70828d3a50","local_time":"20210126215513","is_ascension_mode":true,"campfire_choices":[{"floor":15,"key":"REST"}],"circlet_count":0,"master_deck":["AscendersBane","Strike_G","Strike_G","Strike_G","Defend_G","Defend_G","Defend_G","Defend_G","Defend_G","Survivor","Neutralize","Choke","Cloak And Dagger","Storm of Steel","Finisher","Cloak And Dagger","PiercingWail","Endless Agony","Dash"],"relics":["Ring of the Snake","NeowsBlessing","Darkstone Periapt","Snake Skull","Bag of Marbles","Odd Mushroom","Bottled Flame"],"acts_visited":["Exordium"],"potions_floor_usage":[11,12,12],"damage_taken":[{"damage":0.0,"enemies":"Cultist","floor":1.0,"turns":1.0},{"damage":0.0,"enemies":"2 Louse","floor":3.0,"turns":1.0},{"damage":0.0,"enemies":"Gremlin Nob","floor":6.0,"turns":1.0},{"damage":0.0,"enemies":"Jaw Worm","floor":8.0,"turns":3.0},{"damage":1,"enemies":"3 Louse","floor":10,"turns":4},{"damage":0,"enemies":"The Mushroom Lair","floor":11,"turns":2},{"damage":46,"enemies":"Lagavulin","floor":12,"turns":7},{"damage":0,"enemies":"Large Slime","floor":13,"turns":2},{"damage":13,"enemies":"Hexaghost","floor":16,"turns":8}],"seed_played":"2499243273913696938","potions_obtained":[{"floor":1.0,"key":"EssenceOfSteel"},{"floor":6.0,"key":"CunningPotion"},{"floor":11,"key":"SteroidPotion"},{"floor":13,"key":"Ancient Potion"}],"is_trial":false,"path_per_floor":["M","?","M","?","T","E","$","M","T","M","?","E","M","?","R","B"],"character_chosen":"THE_SILENT","items_purchased":[],"campfire_rested":1,"item_purchase_floors":[],"current_hp_per_floor":[59,59,59,59,59,59,59,59,59,58,58,12,12,5,24,11,11],"gold":385,"neow_bonus":"THREE_ENEMY_KILL","is_daily":false,"chose_seed":false,"campfire_upgraded":0,"win_rate":0.0,"timestamp":1611716113,"path_taken":["M","?","M","?","?","E","$","M","T","M","?","E","M","?","R","BOSS"],"items_purchased_type":[],"build_version":"2020-12-22","purchased_purges":1,"victory":false,"max_hp_per_floor":[66,66,66,66,66,66,66,66,66,66,66,66,66,66,66,66,66],"card_choices":[{"not_picked":["Sucker Punch","Deflect"],"picked":"Choke","floor":1.0},{"not_picked":["Sucker Punch","Dagger Throw"],"picked":"Cloak And Dagger","floor":3.0},{"not_picked":["Underhanded Strike","Dagger Throw"],"picked":"Finisher","floor":6.0},{"not_picked":["Doppelganger","Deflect"],"picked":"Cloak And Dagger","floor":8.0},{"not_picked":["Prepared","Bane","Dagger Throw"],"picked":"SKIP","floor":10},{"not_picked":["Dodge and Roll","Storm of Steel"],"picked":"PiercingWail","floor":11},{"not_picked":["Escape Plan","Calculated Gamble"],"picked":"Endless Agony","floor":12},{"not_picked":["Dagger Spray","Acrobatics"],"picked":"Dash","floor":13}],"player_experience":639198,"relics_obtained":[{"floor":5.0,"key":"Darkstone Periapt"},{"floor":6.0,"key":"Snake Skull"},{"floor":9.0,"key":"Bag of Marbles"},{"floor":11,"key":"Odd Mushroom"},{"floor":12,"key":"Bottled Flame"}],"event_choices":[{"damage_healed":0.0,"max_hp_gain":0.0,"max_hp_loss":0.0,"gold_gain":150.0,"event_name":"Liars Game","player_choice":"AGREE","floor":2.0,"gold_loss":0.0,"damage_taken":0.0,"cards_obtained":["Doubt"]},{"damage_healed":0.0,"max_hp_gain":0.0,"max_hp_loss":0.0,"gold_gain":0.0,"cards_transformed":["Strike_G"],"event_name":"Living Wall","player_choice":"Change","floor":4.0,"gold_loss":0.0,"damage_taken":0.0,"cards_obtained":["Storm of Steel"]},{"damage_healed":0,"gold_gain":0,"player_choice":"Fought Mushrooms","damage_taken":0,"max_hp_gain":0,"max_hp_loss":0,"event_name":"Mushrooms","floor":11,"gold_loss":0},{"cards_removed":["Strike_G"],"damage_healed":0,"gold_gain":0,"player_choice":"Card Removal","damage_taken":7,"max_hp_gain":0,"max_hp_loss":0,"event_name":"Golden Wing","floor":14,"gold_loss":0}],"is_beta":false,"boss_relics":[],"items_purged_floors":[7],"is_endless":false,"potions_floor_spawned":[1,6,8,11,13],"killed_by":"Hexaghost","ascension_level":17}}