{"host":"tr12w2fixbnujl15","time":1611762819,"event":{"mods":["100% Spire Juice","2.2 Compatiblity","A Penny For Your Troubles","Arknights The Spire","BaseMod","Better Skull","Better Vampires","BetterRewards","CapriCore","Clockwork Mod","Colored Powertips","Evolution","Gremlin Skip","Hermit","Hubris","Infinite Spire","JesterMod","Kalas","KinomotoSakuraMod(????)","Koishi","Mad Scientist","Magitek Elite","Mathematician","Minty Spire (QoL Compilation)","Permanent Neow","Quick Restart","Reimu??????","Relic Filter","Remilia_Scarlet Moed?????·?????3.3.5","Replay The Spire","Shop Mod","StSLib","SuperFastMode","The Accelerator","The Animator","The Bug Knight","The Construct","The Cursed","The Hayseed","The Hierophant","The Immortal","The Mystic","The Necromancer","The Runesmith","The Sage","The Senshi","The Servant 0.9.4","The Spell Scribe","The Vixen","TheFirefly","TheSwordswoman","TheVelvet","Transform Curses","WarShipGirlsR/????R mod","Yakumo Yukari mod","[IsaacMod]????"],"gold_per_floor":[125,135,154,174,139,139,66,84,107,107,107,124,137,137,137,237,237,237,237],"floor_reached":18,"language":"ENG","playtime":649,"items_purged":[],"score":204,"play_id":"ff0e0d33-5ba0-4184-bb8f-509e0ebb4f8f","local_time":"20210127105339","is_ascension_mode":false,"campfire_choices":[{"data":"TheVixenMod:FireFang","floor":6,"key":"SMITH"},{"floor":15,"key":"REST"}],"circlet_count":0,"master_deck":["TheVixenMod:Strike_TheVixen","TheVixenMod:Strike_TheVixen","TheVixenMod:Strike_TheVixen","TheVixenMod:Strike_TheVixen","TheVixenMod:Defend_TheVixen","TheVixenMod:Defend_TheVixen","TheVixenMod:Defend_TheVixen","TheVixenMod:Defend_TheVixen","TheVixenMod:SunnyDay+1","TheVixenMod:Ember","BettingIsNotGood","TheVixenMod:LavaPlume","TheVixenMod:FlameBurst","TheVixenMod:ConfuseRay","TheVixenMod:FireFang+1","TheVixenMod:Blaze","TheVixenMod:Inferno","TheVixenMod:FirePunch","TheVixenMod:SynergyBurst","TheVixenMod:MysticalFire"],"relics":["TheVixenMod:EternalFlame","EVO:Axolotl","HushsDoor","Damocles","TheVixenMod:OranBerry","Shuriken","Toxic Egg 2","hubris:TenFootPole","infinitespire:PuzzleCube","Mythril_Glove","hubris:MedicalManual"],"acts_visited":["Exordium","TheCity"],"potions_floor_usage":[16,16,16],"damage_taken":[{"damage":8,"enemies":"Jaw Worm","floor":1,"turns":4},{"damage":0,"enemies":"2 Louse","floor":2,"turns":3},{"damage":5,"enemies":"Small Slimes","floor":3,"turns":4},{"damage":0,"enemies":"Blue Slaver","floor":4,"turns":3},{"damage":0,"enemies":"Red Slaver","floor":8,"turns":3},{"damage":4,"enemies":"2 Fungi Beasts","floor":12,"turns":2},{"damage":4,"enemies":"Blue Slaver","floor":13,"turns":2},{"damage":0,"enemies":"Slime Boss","floor":16,"turns":8},{"damage":5,"enemies":"Chosen","floor":18,"turns":1}],"seed_played":"-5213632474028798148","potions_obtained":[{"floor":1,"key":"FearPotion"},{"floor":3,"key":"SkillPotion"},{"floor":4,"key":"GrandPatriotsElixir:ReiMu"},{"floor":12,"key":"PowerPotion"},{"floor":16,"key":"Energy Potion"}],"is_trial":false,"path_per_floor":["M","M","M","M","?","R","$","M","T","?","?","M","M","?","R","B",null,"M"],"character_chosen":"THE_VIXEN","items_purchased":["TheVixenMod:Blaze"],"campfire_rested":1,"item_purchase_floors":[7],"current_hp_per_floor":[62,67,62,62,70,70,70,70,70,70,63,59,55,55,70,70,70,0,0],"gold":237,"neow_bonus":"RANDOM_EVENT","is_daily":false,"chose_seed":false,"campfire_upgraded":1,"win_rate":0.0,"timestamp":1611762819,"path_taken":["M","M","M","M","?","R","$","M","T","?","?","?","M","?","R","BOSS","M"],"items_purchased_type":["Card"],"build_version":"2020-12-22","purchased_purges":0,"victory":false,"max_hp_per_floor":[70,70,70,70,70,70,70,70,70,70,70,70,70,70,70,70,70,70,70],"card_choices":[{"not_picked":[],"picked":"BettingIsNotGood","floor":0},{"not_picked":["TheVixenMod:Swagger","TheVixenMod:DoubleTeam"],"picked":"TheVixenMod:LavaPlume","floor":1},{"not_picked":["TheVixenMod:Flamethrower","TheVixenMod:Disable"],"picked":"TheVixenMod:FlameBurst","floor":2},{"not_picked":["TheVixenMod:MagicCoat","TheVixenMod:Flamethrower"],"picked":"TheVixenMod:ConfuseRay","floor":3},{"not_picked":["TheVixenMod:FlameCharge","TheVixenMod:Facade"],"picked":"TheVixenMod:FireFang","floor":4},{"not_picked":["TheVixenMod:MagicCoat+1","TheVixenMod:FlameCharge"],"picked":"TheVixenMod:Inferno","floor":8},{"not_picked":["TheVixenMod:FlameBurst","TheVixenMod:Protect+1"],"picked":"TheVixenMod:FirePunch","floor":12},{"not_picked":["TheVixenMod:Barrier+1","TheVixenMod:CADC+1"],"picked":"TheVixenMod:SynergyBurst","floor":13},{"not_picked":["TheVixenMod:SynergyBurst","TheVixenMod:Copycat+1"],"picked":"TheVixenMod:MysticalFire","floor":16}],"player_experience":82521,"relics_obtained":[{"floor":3,"key":"TheVixenMod:OranBerry"},{"floor":4,"key":"Shuriken"},{"floor":8,"key":"Toxic Egg 2"},{"floor":9,"key":"hubris:TenFootPole"},{"floor":12,"key":"Mythril_Glove"},{"floor":13,"key":"hubris:MedicalManual"}],"event_choices":[{"damage_healed":17,"gold_gain":0,"player_choice":"Healed","damage_taken":0,"max_hp_gain":0,"max_hp_loss":0,"event_name":"The Cleric","floor":5,"gold_loss":35},{"damage_healed":0,"gold_gain":0,"player_choice":"Searched \u00270\u0027 times","damage_taken":0,"max_hp_gain":0,"max_hp_loss":0,"event_name":"Dead Adventurer","floor":10,"gold_loss":0}],"is_beta":false,"boss_relics":[{"not_picked":["Replay:Bronze Core","Fusion Hammer"],"picked":"TheVixenMod:EternalFlame"},{"not_picked":[]}],"items_purged_floors":[],"is_endless":false,"potions_floor_spawned":[1,3,4,12,16],"killed_by":"Chosen","ascension_level":0}}