{"host":"drjz7zl15rqtgg20","time":1611787266,"event":{"mods":["BaseMod","Downfall","Minty Spire (QoL Compilation)","StSLib"],"gold_per_floor":[99,118,130,43,43,43,43,43,61,95,95,129,29,14,25,120,120,120,131,131,41,61,89,89,89,89,89],"floor_reached":25,"language":"ENG","playtime":2133,"items_purged":["Slimebound:Strike_Slimebound"],"score":238,"play_id":"c9bfb529-bade-40f5-9b7d-22dd89190a6e","local_time":"20210127174106","is_ascension_mode":true,"campfire_choices":[{"data":"Slimebound:Split","floor":1,"key":"SMITH"},{"floor":8,"key":"RECALL"},{"floor":13,"key":"REST"},{"data":"Slimebound:RallyTheTroops","floor":18,"key":"SMITH"}],"circlet_count":0,"master_deck":["Slimebound:Strike_Slimebound","Slimebound:Strike_Slimebound","Slimebound:Tackle","Slimebound:Defend_Slimebound","Slimebound:Defend_Slimebound","Slimebound:Defend_Slimebound","Slimebound:Defend_Slimebound","Slimebound:Split+1","Slimebound:CorrosiveSpit","Slimebound:RollThrough","Slimebound:LeechingTouch","Slimebound:SamplingLick","Slimebound:Repurpose","Slimebound:LeadByExample+1","Slimebound:Gluttony","Slimebound:RallyTheTroops+1","Slimebound:SelfFormingGoo","Slimebound:GoopTackle+1","Slimebound:Split","Slimebound:SlimeBrawl","Slimebound:LivingWall+1"],"relics":["Slimebound:AbsorbEndCombat","Blood Vial","Bag of Preparation","MealTicket","downfall:HeartBlessingRed","Sozu","Orichalcum"],"acts_visited":["Exordium","TheCity"],"potions_floor_usage":[],"damage_taken":[{"damage":9,"enemies":"2 Louse","floor":2,"turns":3},{"damage":7,"enemies":"Jaw Worm","floor":3,"turns":4},{"damage":5,"enemies":"downfall:FleeingMerchant","floor":4,"turns":4},{"damage":0,"enemies":"Cultist","floor":6,"turns":1},{"damage":20,"enemies":"Exordium Thugs","floor":9,"turns":3},{"damage":18,"enemies":"Lagavulin","floor":10,"turns":6},{"damage":17,"enemies":"Gremlin Nob","floor":12,"turns":4},{"damage":11,"enemies":"downfall:FleeingMerchant","floor":14,"turns":4},{"damage":8,"enemies":"Red Slaver","floor":15,"turns":3},{"damage":4,"enemies":"SI_SHIV_ARCHETYPE","floor":16,"turns":7},{"damage":10,"enemies":"Chosen","floor":19,"turns":4},{"damage":20,"enemies":"downfall:FleeingMerchant","floor":21,"turns":4},{"damage":38,"enemies":"Snake Plant","floor":22,"turns":4},{"damage":28,"enemies":"Book of Stabbing","floor":23,"turns":6},{"damage":13,"enemies":"3 Cultists","floor":25,"turns":3}],"seed_played":"-6980723712568974639","potions_obtained":[{"floor":9,"key":"Slimebound:SlimedPotion"},{"floor":15,"key":"Explosive Potion"}],"is_trial":false,"path_per_floor":["R","M","M","$","?","M","T","R","M","E","?","E","R","$","M","B",null,"R","M","?","$","M","E","T","M"],"character_chosen":"SLIMEBOUND","items_purchased":["Slimebound:Repurpose"],"campfire_rested":1,"item_purchase_floors":[4],"current_hp_per_floor":[71,62,59,56,56,56,56,56,40,30,30,21,42,52,46,52,71,71,63,63,55,27,9,9,0,0,0],"gold":89,"neow_bonus":"TEN_PERCENT_HP_BONUS","is_daily":false,"chose_seed":false,"campfire_upgraded":2,"win_rate":0.0,"timestamp":1611787266,"path_taken":["R","M","M","$","?","M","T","R","M","E","?","E","R","$","M","BOSS","R","M","?","?","M","E","T","M"],"items_purchased_type":["Card"],"build_version":"2020-12-22","purchased_purges":1,"victory":false,"max_hp_per_floor":[71,71,71,71,71,71,71,71,71,71,71,71,71,71,71,71,71,71,71,71,71,71,71,71,71,71,71],"card_choices":[{"not_picked":["Slimebound:SplitAcid","Slimebound:ComboTackle"],"picked":"Slimebound:RollThrough","floor":2},{"not_picked":["Slimebound:PressTheAttack","Slimebound:TongueLash"],"picked":"Slimebound:LeechingTouch","floor":3},{"not_picked":["Slimebound:FinishingTackle","Slimebound:HauntingLick"],"picked":"Slimebound:SamplingLick","floor":4},{"not_picked":["Slimebound:Prepare","Slimebound:GoopSpray"],"picked":"Slimebound:LeadByExample","floor":6},{"not_picked":["Slimebound:SplitBruiser","Slimebound:Chomp","Slimebound:SlimeSpikes"],"picked":"SKIP","floor":9},{"not_picked":["Slimebound:ViciousTackle","Slimebound:SplitAcid"],"picked":"Slimebound:Gluttony","floor":10},{"not_picked":["Slimebound:DisruptingSlam","Slimebound:FlameTackle"],"picked":"Slimebound:RallyTheTroops","floor":12},{"not_picked":["Slimebound:GoopTackle","Slimebound:SamplingLick","Slimebound:LeechEnergy"],"picked":"SKIP","floor":14},{"not_picked":["Slimebound:FinishingTackle","Slimebound:ForwardTackle","Slimebound:SlimeBarrage"],"picked":"SKIP","floor":15},{"not_picked":["Slimebound:OozeBath","Slimebound:SlimeSlap"],"picked":"Slimebound:SelfFormingGoo","floor":16},{"not_picked":["Slimebound:ItLooksTasty","Slimebound:GrowthPunch+1"],"picked":"Slimebound:GoopTackle+1","floor":19},{"not_picked":["Slimebound:SplitAcid","Slimebound:FlameTackle+1","Slimebound:LeadByExample"],"picked":"SKIP","floor":21},{"not_picked":["Slimebound:LeechingTouch","Slimebound:SplitMire","Slimebound:Prepare"],"picked":"SKIP","floor":22},{"not_picked":["Slimebound:Gluttony+1","Slimebound:SelfFormingGoo"],"picked":"Slimebound:LivingWall+1","floor":23}],"player_experience":566458,"relics_obtained":[{"floor":7,"key":"Blood Vial"},{"floor":10,"key":"Bag of Preparation"},{"floor":12,"key":"MealTicket"},{"floor":23,"key":"Orichalcum"}],"event_choices":[],"is_beta":false,"boss_relics":[{"not_picked":["SlaversCollar","Runic Dome"],"picked":"Sozu"}],"items_purged_floors":[21],"is_endless":false,"potions_floor_spawned":[9,15,22],"killed_by":"3 Cultists","ascension_level":1}}