{"host":"mmro3auxcbu5pwad","time":1611762110,"event":{"mods":["Aspiration","BaseMod","Conspire","Energized Spire","Halation","Hubris","Infinite Spire","Minty Spire (QoL Compilation)","Permanent Neow","Replay The Spire","StSLib"],"gold_per_floor":[110,129,129,144,158,158,169,169,219,233,233,258,277,202,202,309,309,326,326,348,288,288,288,288],"floor_reached":23,"language":"ENG","playtime":702,"items_purged":["Vigilance"],"score":193,"play_id":"b12a9ef9-d472-4c10-afe7-0dd9b3312a6a","local_time":"20210127164150","is_ascension_mode":false,"campfire_choices":[{"data":"PathToVictory","floor":6,"key":"SMITH"},{"data":"PathToVictory","floor":8,"key":"SMITH"},{"data":"PathToVictory","floor":11,"key":"SMITH"},{"data":"Swivel","floor":15,"key":"SMITH"}],"circlet_count":0,"master_deck":["Strike_P","Strike_P","Strike_P","Defend_P","PathToVictory+1","PathToVictory+1","Evaluate","PathToVictory+1","Evaluate","Swivel+1","DeceiveReality","Phantasmal Killer","Outmaneuver","Calculated Gamble"],"relics":["PureWater","hubris:MobiusCoin","Replay:Bandana","halation:Prosthetics"],"acts_visited":["Exordium","TheCity"],"potions_floor_usage":[16,20,23,23],"damage_taken":[{"damage":5,"enemies":"Jaw Worm","floor":1,"turns":7},{"damage":1,"enemies":"Cultist","floor":2,"turns":3},{"damage":0,"enemies":"2 Louse","floor":4,"turns":2},{"damage":0,"enemies":"Red Slaver","floor":5,"turns":3},{"damage":2,"enemies":"2 Fungi Beasts","floor":7,"turns":3},{"damage":0,"enemies":"Looter","floor":10,"turns":2},{"damage":12,"enemies":"Lagavulin","floor":12,"turns":4},{"damage":0,"enemies":"3 Louse","floor":13,"turns":3},{"damage":16,"enemies":"The Guardian","floor":16,"turns":5},{"damage":10,"enemies":"Spheric Guardian","floor":18,"turns":4},{"damage":5,"enemies":"2 Thieves","floor":20,"turns":5},{"damage":26,"enemies":"Slavers","floor":23,"turns":1}],"seed_played":"6283063076884252836","potions_obtained":[{"floor":5,"key":"ColorlessPotion"},{"floor":7,"key":"Strength Potion"},{"floor":12,"key":"PowerPotion"},{"floor":13,"key":"PowerPotion"},{"floor":16,"key":"SpeedPotion"},{"floor":20,"key":"LiquidBronze"}],"is_trial":false,"path_per_floor":["M","M","?","M","M","R","M","R","T","M","R","E","M","$","R","B",null,"M","?","M","?","?","E"],"character_chosen":"WATCHER","items_purchased":[],"campfire_rested":0,"item_purchase_floors":[],"current_hp_per_floor":[67,66,66,66,66,66,64,64,64,64,64,52,52,52,52,36,37,27,27,22,22,22,0,0],"gold":288,"neow_bonus":"REMOVE_CARD","is_daily":false,"chose_seed":false,"campfire_upgraded":4,"win_rate":0.0,"timestamp":1611762110,"path_taken":["M","M","?","?","M","R","M","R","T","M","R","E","?","$","R","BOSS","M","?","?","?","?","E"],"items_purchased_type":[],"build_version":"2020-12-22","purchased_purges":1,"victory":false,"max_hp_per_floor":[72,72,72,72,72,72,72,72,72,72,72,72,72,72,72,72,37,37,37,37,37,37,37,37],"card_choices":[{"not_picked":["Prostrate","Weave"],"picked":"PathToVictory","floor":1},{"not_picked":["MentalFortress","MasterReality"],"picked":"PathToVictory","floor":2},{"not_picked":["Prostrate","CutThroughFate"],"picked":"Evaluate","floor":4},{"not_picked":["WheelKick","FlurryOfBlows","Collect"],"picked":"SKIP","floor":5},{"not_picked":["Vault","MentalFortress"],"picked":"PathToVictory","floor":7},{"not_picked":["FearNoEvil","Weave","SashWhip"],"picked":"SKIP","floor":10},{"not_picked":["Vault","Replay:ManipulateFuture"],"picked":"Evaluate","floor":12},{"not_picked":["Replay:Vibes","Protect"],"picked":"Swivel","floor":13},{"not_picked":["FollowUp","SashWhip"],"picked":"DeceiveReality","floor":18},{"not_picked":["FlyingSleeves","MentalFortress","Collect"],"picked":"SKIP","floor":20}],"player_experience":54561,"relics_obtained":[{"floor":9,"key":"hubris:MobiusCoin"},{"floor":12,"key":"Replay:Bandana"}],"event_choices":[{"damage_healed":0,"gold_gain":0,"player_choice":"Ignored","damage_taken":0,"max_hp_gain":0,"max_hp_loss":0,"event_name":"NoteForYourself","floor":3,"gold_loss":0},{"cards_removed":["Strike_P"],"damage_healed":0,"gold_gain":0,"player_choice":"Elegance","damage_taken":0,"max_hp_gain":0,"max_hp_loss":0,"event_name":"Back to Basics","floor":22,"gold_loss":0}],"is_beta":false,"boss_relics":[{"not_picked":["ChewingGum","hubris:HollowSoul"],"picked":"halation:Prosthetics"}],"items_purged_floors":[14],"is_endless":false,"potions_floor_spawned":[5,7,12,13,16,20],"killed_by":"Slavers","ascension_level":0}}