{"host":"ydg0vn0pu4pubmdt","time":1611734469,"event":{"mods":["AchievementEnabler","BaseMod","Colored Map","Gold Saver","Minty Spire (QoL Compilation)","Quick Restart","SuperFastMode"],"gold_per_floor":[112,37,52,64,64,64,64,64,112,128,142,142,154,165,165,269,269,288,97,124,124,138,138,148,163,163,175,188,205,80,91,91,91,91],"floor_reached":33,"language":"KOR","playtime":782,"items_purged":["Strike_R","Strike_R","Strike_R"],"score":245,"play_id":"9740fe47-ddc2-48b9-9696-e4bb4b18b4ac","local_time":"20210127170109","is_ascension_mode":false,"campfire_choices":[{"data":"Apotheosis","floor":6.0,"key":"SMITH"},{"data":"Whirlwind","floor":12.0,"key":"SMITH"},{"data":"Battle Trance","floor":15.0,"key":"SMITH"},{"data":"Brutality","floor":23.0,"key":"SMITH"},{"floor":32,"key":"REST"}],"circlet_count":0,"master_deck":["Defend_R","Defend_R","Bash","Apotheosis+1","Whirlwind+1","Flame Barrier","Battle Trance+1","Immolate","Flash of Steel","Evolve+1","Wild Strike","Brutality+1","Shrug It Off","Shrug It Off+1","Shrug It Off"],"relics":["Black Blood"],"acts_visited":["Exordium","TheCity"],"potions_floor_usage":[31,33],"damage_taken":[{"damage":0.0,"enemies":"Cultist","floor":1.0,"turns":3.0},{"damage":6.0,"enemies":"Jaw Worm","floor":3.0,"turns":5.0},{"damage":0.0,"enemies":"2 Louse","floor":4.0,"turns":2.0},{"damage":3.0,"enemies":"Exordium Wildlife","floor":10.0,"turns":4.0},{"damage":0.0,"enemies":"Lots of Slimes","floor":11.0,"turns":1.0},{"damage":2.0,"enemies":"Blue Slaver","floor":13.0,"turns":5.0},{"damage":5.0,"enemies":"Looter","floor":14.0,"turns":4.0},{"damage":27.0,"enemies":"The Guardian","floor":16.0,"turns":13.0},{"damage":10.0,"enemies":"Chosen","floor":18.0,"turns":4.0},{"damage":10.0,"enemies":"Masked Bandits","floor":20.0,"turns":2.0},{"damage":30.0,"enemies":"Shell Parasite","floor":22.0,"turns":5.0},{"damage":23.0,"enemies":"Snake Plant","floor":24.0,"turns":3.0},{"damage":20.0,"enemies":"Shelled Parasite and Fungi","floor":25.0,"turns":3.0},{"damage":19.0,"enemies":"Cultist and Chosen","floor":27.0,"turns":5.0},{"damage":32.0,"enemies":"Snake Plant","floor":28.0,"turns":5.0},{"damage":13,"enemies":"Sentry and Sphere","floor":29,"turns":6},{"damage":7,"enemies":"Centurion and Healer","floor":31,"turns":5},{"damage":47,"enemies":"Automaton","floor":33,"turns":8}],"seed_played":"141719900464395204","potions_obtained":[{"floor":1.0,"key":"Swift Potion"},{"floor":4.0,"key":"Block Potion"},{"floor":11.0,"key":"Swift Potion"},{"floor":18.0,"key":"AttackPotion"}],"is_trial":false,"path_per_floor":["M","$","M","M","?","R","?","$","T","M","M","R","M","M","R","B",null,"M","$","?","?","M","R","M","M","T","M","M","M","$","M","R","B"],"character_chosen":"IRONCLAD","items_purchased":["Flash of Steel"],"campfire_rested":1,"item_purchase_floors":[19],"current_hp_per_floor":[62,62,62,68,68,68,61,61,61,64,70,70,74,75,75,54,80,80,80,80,80,62,62,51,43,43,36,16,15,15,20,44,0,0],"gold":91,"neow_bonus":"RANDOM_COLORLESS_2","is_daily":false,"chose_seed":false,"campfire_upgraded":4,"win_rate":0.0,"timestamp":1611734469,"path_taken":["M","$","M","M","?","R","?","?","T","M","?","R","M","M","R","BOSS","M","$","?","?","?","R","M","M","T","M","M","M","?","M","R","BOSS"],"items_purchased_type":["Card"],"build_version":"2020-12-22","purchased_purges":3,"victory":false,"max_hp_per_floor":[80,80,80,80,80,80,80,80,80,80,80,80,80,80,80,80,80,80,80,80,80,80,80,80,80,80,80,80,80,80,80,80,80,80],"card_choices":[{"not_picked":["Secret Weapon","Mayhem"],"picked":"Apotheosis","floor":0.0},{"not_picked":["Clash","Intimidate","Iron Wave"],"picked":"SKIP","floor":1.0},{"not_picked":["Wild Strike","Thunderclap"],"picked":"Whirlwind","floor":3.0},{"not_picked":["Anger","Sever Soul","Perfected Strike"],"picked":"SKIP","floor":4.0},{"not_picked":["Thunderclap","Dual Wield"],"picked":"Flame Barrier","floor":10.0},{"not_picked":["Infernal Blade","Wild Strike","Spot Weakness"],"picked":"SKIP","floor":11.0},{"not_picked":["Perfected Strike","Clothesline","Metallicize"],"picked":"SKIP","floor":13.0},{"not_picked":["Rampage","Iron Wave"],"picked":"Battle Trance","floor":14.0},{"not_picked":["Exhume","Feed"],"picked":"Immolate","floor":16.0},{"not_picked":["Carnage+1","Clash","Dual Wield"],"picked":"SKIP","floor":18.0},{"not_picked":["Heavy Blade","Cleave+1"],"picked":"Evolve+1","floor":20.0},{"not_picked":["Heavy Blade","Havoc+1","Entrench+1"],"picked":"SKIP","floor":22.0},{"not_picked":["Spot Weakness","Fiend Fire"],"picked":"Shrug It Off","floor":24.0},{"not_picked":["Searing Blow","Seeing Red","Anger"],"picked":"SKIP","floor":25.0},{"not_picked":["Searing Blow","Seeing Red","Anger"],"picked":"SKIP","floor":25.0},{"not_picked":["Iron Wave+1","True Grit"],"picked":"Shrug It Off+1","floor":27.0},{"not_picked":["Carnage+1","Clash","Inflame+1"],"picked":"SKIP","floor":28.0},{"not_picked":["Sever Soul","Warcry","Ghostly Armor"],"picked":"SKIP","floor":29},{"not_picked":["Pommel Strike","Sword Boomerang"],"picked":"Shrug It Off","floor":31}],"player_experience":598161,"relics_obtained":[],"event_choices":[{"cards_removed":["Strike_R"],"damage_healed":0.0,"max_hp_gain":0.0,"max_hp_loss":0.0,"gold_gain":0.0,"event_name":"Living Wall","player_choice":"Forget","floor":5.0,"gold_loss":0.0,"damage_taken":0.0},{"cards_removed":["Defend_R"],"damage_healed":0.0,"max_hp_gain":0.0,"max_hp_loss":0.0,"gold_gain":0.0,"event_name":"Golden Wing","player_choice":"Card Removal","floor":7.0,"gold_loss":0.0,"damage_taken":7.0},{"damage_healed":0.0,"max_hp_gain":0.0,"max_hp_loss":0.0,"gold_gain":0.0,"event_name":"Masked Bandits","player_choice":"Fought Bandits","floor":20.0,"gold_loss":0.0,"damage_taken":0.0},{"damage_healed":0.0,"max_hp_gain":0.0,"max_hp_loss":0.0,"gold_gain":0.0,"cards_transformed":["Defend_R","Strike_R"],"event_name":"Drug Dealer","player_choice":"Became Test Subject","floor":21.0,"gold_loss":0.0,"damage_taken":0.0,"cards_obtained":["Wild Strike","Brutality"]}],"is_beta":false,"boss_relics":[{"not_picked":["Philosopher\u0027s Stone","Pandora\u0027s Box"],"picked":"Black Blood"}],"items_purged_floors":[2,19,30],"is_endless":false,"potions_floor_spawned":[1,4,11,13,18,22,24,28],"killed_by":"Automaton","ascension_level":0}}