{"host":"lnaqncbfopcj593v","time":1611778519,"event":{"mods":["AchievementEnabler","BaseMod","Colored Map","Downfall","Minty Spire (QoL Compilation)","StSLib"],"gold_per_floor":[99,99,99,99,109,143,170,184,184,204,204,534,534,534,554,554,554,554],"floor_reached":16,"language":"ENG","playtime":865,"items_purged":[],"score":108,"play_id":"f6235fc6-4520-4157-80b0-16f19caf4a20","local_time":"20210128051519","is_ascension_mode":false,"campfire_choices":[{"floor":1,"key":"RECALL"},{"floor":11,"key":"REST"},{"floor":13,"key":"REST"}],"circlet_count":0,"master_deck":["Guardian:Strike_Guardian","Guardian:Strike_Guardian+1","Guardian:Strike_Guardian","Guardian:Strike_Guardian","Guardian:Defend_Guardian","Guardian:Defend_Guardian","Guardian:Defend_Guardian+1","Guardian:Defend_Guardian","Guardian:CurlUp+1","Guardian:TwinSlam","Guardian:EvasiveProtocol","Guardian:PrimingBeam","Guardian:TemporalShield","Guardian:Reroute","Guardian:TimeBomb","Guardian:PiercingHide","downfall:Malfunctioning","Guardian:Gem_White"],"relics":["Guardian:ModeShifter","downfall:HeartsMalice","FossilizedHelix","Old Coin","downfall:BrokenWingStatue"],"acts_visited":["Exordium"],"potions_floor_usage":[],"damage_taken":[{"damage":0,"enemies":"Cultist","floor":2,"turns":1},{"damage":0,"enemies":"2 Louse","floor":3,"turns":1},{"damage":0,"enemies":"Jaw Worm","floor":4,"turns":1},{"damage":10,"enemies":"3 Louse","floor":5,"turns":4},{"damage":14,"enemies":"Gremlin Nob","floor":6,"turns":6},{"damage":8,"enemies":"2 Fungi Beasts","floor":8,"turns":4},{"damage":3,"enemies":"Exordium Wildlife","floor":10,"turns":4},{"damage":12,"enemies":"Lagavulin","floor":12,"turns":9},{"damage":20,"enemies":"Exordium Thugs","floor":15,"turns":4},{"damage":81,"enemies":"DF_ARCHETYPE_STREAMLINE","floor":16,"turns":14}],"seed_played":"3983341213506229376","potions_obtained":[{"floor":5,"key":"BlessingOfTheForge"},{"floor":6,"key":"Explosive Potion"},{"floor":8,"key":"ColorlessPotion"}],"is_trial":false,"path_per_floor":["R","M","M","M","M","E","T","M","?","M","R","E","R","?","M","B"],"character_chosen":"GUARDIAN","items_purchased":[],"campfire_rested":2,"item_purchase_floors":[],"current_hp_per_floor":[80,80,80,80,70,56,56,48,48,45,69,57,80,80,60,0,0,0],"gold":554,"neow_bonus":"THREE_ENEMY_KILL","is_daily":false,"chose_seed":false,"campfire_upgraded":0,"win_rate":0.0,"timestamp":1611778519,"path_taken":["R","M","M","M","M","E","T","?","?","M","R","E","R","?","M","BOSS"],"items_purchased_type":[],"build_version":"2020-12-22","purchased_purges":0,"victory":false,"max_hp_per_floor":[80,80,80,80,80,80,80,80,80,80,80,80,80,80,80,80,80,80],"card_choices":[{"not_picked":["Guardian:TemporalShield","Guardian:RefractedBeam"],"picked":"Guardian:EvasiveProtocol","floor":2},{"not_picked":["Guardian:DecasProtection","Guardian:ChargeCore"],"picked":"Guardian:PrimingBeam","floor":3},{"not_picked":["Guardian:PrimingBeam","Guardian:Repulse"],"picked":"Guardian:TemporalShield","floor":4},{"not_picked":["Guardian:VentSteam","Guardian:PrimingBeam"],"picked":"Guardian:Reroute","floor":5},{"not_picked":["Guardian:Planning","Guardian:Emergency"],"picked":"Guardian:TimeBomb","floor":6},{"not_picked":["Guardian:WalkerClaw","Guardian:ChargeCore"],"picked":"Guardian:PiercingHide","floor":8},{"not_picked":["Guardian:WalkerClaw","Guardian:Emergency"],"picked":"Guardian:Gem_Blue","floor":10},{"not_picked":["Guardian:SentryBeam","Guardian:Recover"],"picked":"Guardian:Gem_Synthetic","floor":12},{"not_picked":["Guardian:Planning","Guardian:SpikerProtocol"],"picked":"Guardian:Gem_White","floor":15}],"player_experience":56368,"relics_obtained":[{"floor":6,"key":"FossilizedHelix"},{"floor":12,"key":"Old Coin"}],"event_choices":[],"is_beta":false,"boss_relics":[],"items_purged_floors":[],"is_endless":false,"potions_floor_spawned":[5,6,8,10],"killed_by":"DF_ARCHETYPE_STREAMLINE","ascension_level":0}}