{"host":"xmr2g8b7eju0288o","time":1611775709,"event":{"mods":["AchievementEnabler","BaseMod","Colored Map","Colored Powertips","KOR Keyword Fix","Minty Spire (QoL Compilation)","Quick Restart","Spicy Shops","StSLib","SuperFastMode"],"gold_per_floor":[150,150,189,189,16,94,142,142,142,142,175,277,355,388,388,610,610,646,136,181,181,181,262,262,262],"floor_reached":24,"language":"KOR","playtime":896,"items_purged":["Strike_G","Strike_G"],"score":468,"play_id":"83db0ebd-64e6-40c6-ac97-0ec6a4cff346","local_time":"20210128042829","daily_mods":["Heirloom","DeadlyEvents","Elite Swarm","Midas"],"is_ascension_mode":true,"campfire_choices":[{"floor":8.0,"key":"REST"},{"floor":10.0,"key":"REST"},{"floor":15.0,"key":"REST"}],"circlet_count":0,"master_deck":["AscendersBane","Strike_G","Strike_G","Defend_G","Defend_G","Defend_G","Defend_G","Defend_G","Survivor","Neutralize+1","Cloak And Dagger","Quick Slash","Catalyst","Dagger Spray","After Image","Dodge and Roll","Poisoned Stab","Poisoned Stab","Footwork","Burst","Deadly Poison","Bouncing Flask","Catalyst","Dodge and Roll+1","Crippling Poison","Writhe","Doppelganger"],"relics":["Ring of the Serpent","Prayer Wheel","Membership Card","Pocketwatch","FossilizedHelix","Oddly Smooth Stone","Ginger","Frozen Eye","Thread and Needle","Strange Spoon","Letter Opener","Shovel","Ice Cream"],"acts_visited":["Exordium","TheCity"],"potions_floor_usage":[],"damage_taken":[{"damage":4.0,"enemies":"Small Slimes","floor":1.0,"turns":4.0},{"damage":0.0,"enemies":"2 Louse","floor":3.0,"turns":4.0},{"damage":33.0,"enemies":"3 Sentries","floor":6.0,"turns":9.0},{"damage":2.0,"enemies":"Jaw Worm","floor":7.0,"turns":4.0},{"damage":0.0,"enemies":"2 Fungi Beasts","floor":11.0,"turns":3.0},{"damage":11.0,"enemies":"Gremlin Nob","floor":12.0,"turns":5.0},{"damage":11.0,"enemies":"Lagavulin","floor":13.0,"turns":6.0},{"damage":0.0,"enemies":"Large Slime","floor":14.0,"turns":8.0},{"damage":44.0,"enemies":"Slime Boss","floor":16.0,"turns":11.0},{"damage":43.0,"enemies":"3 Byrds","floor":18.0,"turns":6.0},{"damage":0.0,"enemies":"Spheric Guardian","floor":20.0,"turns":4.0},{"damage":8.0,"enemies":"Gremlin Leader","floor":23.0,"turns":5.0},{"damage":4,"enemies":"Shelled Parasite and Fungi","floor":24,"turns":1}],"seed_played":"895089785087077853","potions_obtained":[{"floor":1.0,"key":"Regen Potion"},{"floor":6.0,"key":"PowerPotion"},{"floor":13.0,"key":"DuplicationPotion"},{"floor":14.0,"key":"Dexterity Potion"},{"floor":16.0,"key":"DuplicationPotion"},{"floor":20.0,"key":"Explosive Potion"}],"is_trial":true,"path_per_floor":["M","?","M","?","$","E","M","R","T","R","M","E","E","M","R","B",null,"M","$","M","?","?","E","M"],"character_chosen":"THE_SILENT","items_purchased":["Membership Card","Dagger Spray","Frozen Eye","Thread and Needle","Strange Spoon","Letter Opener"],"campfire_rested":3,"item_purchase_floors":[5,5,19,19,19,19],"current_hp_per_floor":[55,55,55,48,48,30,28,47,47,66,66,55,44,44,63,19,54,11,11,11,11,11,3,0,0],"gold":262,"neow_bonus":"","is_daily":false,"chose_seed":false,"campfire_upgraded":0,"win_rate":0.0,"timestamp":1611775709,"path_taken":["M","?","M","?","$","E","?","R","T","R","M","E","?","M","R","BOSS","M","$","M","?","?","E","M"],"items_purchased_type":["Relic","Card","Relic","Relic","Relic","Relic"],"build_version":"2020-12-22","purchased_purges":2,"victory":false,"max_hp_per_floor":[66,66,66,66,66,66,66,66,66,66,66,66,66,66,66,66,66,66,66,66,66,66,66,66,66],"card_choices":[{"not_picked":["Finisher","Slice"],"picked":"Cloak And Dagger","floor":1.0},{"not_picked":["Prepared","Dodge and Roll"],"picked":"Quick Slash","floor":1.0},{"not_picked":["Underhanded Strike","PiercingWail"],"picked":"Catalyst","floor":3.0},{"not_picked":["Acrobatics","Finisher","Blade Dance"],"picked":"SKIP","floor":3.0},{"not_picked":["Phantasmal Killer","Doppelganger"],"picked":"After Image","floor":6.0},{"not_picked":["Backstab","Flying Knee"],"picked":"Dodge and Roll","floor":7.0},{"not_picked":["Acrobatics","Deflect"],"picked":"Poisoned Stab","floor":7.0},{"not_picked":["Underhanded Strike","PiercingWail"],"picked":"Poisoned Stab","floor":11.0},{"not_picked":["Dodge and Roll","Expertise"],"picked":"Footwork","floor":11.0},{"not_picked":["Envenom","Unload"],"picked":"Burst","floor":12.0},{"not_picked":["Unload","Wraith Form v2","Grand Finale"],"picked":"SKIP","floor":13.0},{"not_picked":["Flying Knee","Quick Slash"],"picked":"Deadly Poison","floor":14.0},{"not_picked":["Prepared","Catalyst"],"picked":"Bouncing Flask","floor":14.0},{"not_picked":["Outmaneuver","Prepared"],"picked":"Catalyst","floor":18.0},{"not_picked":["Bane","Underhanded Strike","PiercingWail"],"picked":"SKIP","floor":18.0},{"not_picked":["Dagger Throw","Prepared"],"picked":"Dodge and Roll+1","floor":20.0},{"not_picked":["Slice","PiercingWail","Riddle With Holes"],"picked":"SKIP","floor":20.0},{"not_picked":["Night Terror","Grand Finale"],"picked":"Doppelganger","floor":23.0}],"player_experience":88746,"relics_obtained":[{"floor":6.0,"key":"Pocketwatch"},{"floor":9.0,"key":"FossilizedHelix"},{"floor":12.0,"key":"Oddly Smooth Stone"},{"floor":13.0,"key":"Ginger"},{"floor":23.0,"key":"Ice Cream"}],"event_choices":[{"damage_healed":0.0,"max_hp_gain":0.0,"max_hp_loss":0.0,"gold_gain":0.0,"event_name":"Living Wall","player_choice":"Grow","floor":2.0,"gold_loss":0.0,"damage_taken":0.0,"cards_upgraded":["Neutralize"]},{"cards_removed":["Strike_G"],"damage_healed":0.0,"max_hp_gain":0.0,"max_hp_loss":0.0,"gold_gain":0.0,"event_name":"Golden Wing","player_choice":"Card Removal","floor":4.0,"gold_loss":0.0,"damage_taken":7.0},{"damage_healed":0.0,"max_hp_gain":0.0,"max_hp_loss":0.0,"gold_gain":0.0,"event_name":"The Library","player_choice":"Read","floor":21.0,"gold_loss":0.0,"damage_taken":0.0,"cards_obtained":["Crippling Poison"]},{"damage_healed":0.0,"max_hp_gain":0.0,"max_hp_loss":0.0,"gold_gain":0.0,"event_name":"The Mausoleum","player_choice":"Opened","floor":22.0,"gold_loss":0.0,"damage_taken":0.0,"relics_obtained":["Shovel"],"cards_obtained":["Writhe"]}],"is_beta":false,"boss_relics":[{"not_picked":["Snecko Eye","Cursed Key"],"picked":"Ring of the Serpent"}],"items_purged_floors":[19,19],"is_endless":true,"potions_floor_spawned":[1,6,13,14,16,20],"killed_by":"Shelled Parasite and Fungi","ascension_level":20}}