{"host":"1ekl8hlbnopmdapi","time":1611775316,"event":{"mods":["AchievementEnabler","BaseMod","Colored Map","Colored Powertips","DeckTracker","Googly Eyes","Highlight Path","Minty Spire (QoL Compilation)","Relic Sorter","StSLib","Synergy Search"],"gold_per_floor":[115,131,131,131,83,118,118,118,118,134,154,154,154,197,197,197,197],"floor_reached":16,"language":"ENG","playtime":281,"items_purged":[],"score":166,"play_id":"68f607a0-a5a9-4047-82a8-2d438e307dd0","local_time":"20210127142156","is_ascension_mode":true,"campfire_choices":[{"floor":7,"key":"REST"},{"floor":13,"key":"RECALL"},{"data":"After Image","floor":15,"key":"SMITH"}],"circlet_count":0,"master_deck":["Strike_G","Strike_G","Strike_G+1","Strike_G","Strike_G","Defend_G","Defend_G","Defend_G","Defend_G","Survivor+1","Neutralize","Sucker Punch","Escape Plan","Adrenaline","All Out Attack","Poisoned Stab","Bane","Accuracy","Injury","After Image+1"],"relics":["Ring of the Snake","NeowsBlessing","Pantograph","Bottled Lightning","Prayer Wheel","Golden Idol","Potion Belt"],"acts_visited":["Exordium"],"potions_floor_usage":[],"damage_taken":[{"damage":0,"enemies":"Jaw Worm","floor":1,"turns":1},{"damage":0,"enemies":"2 Louse","floor":2,"turns":1},{"damage":0,"enemies":"3 Sentries","floor":6,"turns":1},{"damage":0,"enemies":"Small Slimes","floor":10,"turns":3},{"damage":12,"enemies":"3 Louse","floor":11,"turns":2},{"damage":19,"enemies":"Lagavulin","floor":14,"turns":7},{"damage":50,"enemies":"Hexaghost","floor":16,"turns":12}],"seed_played":"-5035003778909723783","potions_obtained":[{"floor":14,"key":"SteroidPotion"}],"is_trial":false,"path_per_floor":["M","M","?","?","?","E","R","?","T","M","M","?","R","E","R","B"],"character_chosen":"THE_SILENT","items_purchased":[],"campfire_rested":1,"item_purchase_floors":[],"current_hp_per_floor":[70,70,52,38,38,38,59,52,52,52,40,40,40,21,21,0,0],"gold":197,"neow_bonus":"THREE_ENEMY_KILL","is_daily":false,"chose_seed":false,"campfire_upgraded":1,"win_rate":0.0,"timestamp":1611775316,"path_taken":["M","M","?","?","?","E","R","?","T","M","?","?","R","E","R","BOSS"],"items_purchased_type":[],"build_version":"2020-12-22","purchased_purges":0,"victory":false,"max_hp_per_floor":[70,70,70,70,70,70,70,70,70,70,70,70,70,70,70,70,70],"card_choices":[{"not_picked":["Acrobatics","Dodge and Roll"],"picked":"Sucker Punch","floor":1},{"not_picked":["Endless Agony","Heel Hook"],"picked":"Escape Plan","floor":2},{"not_picked":["Concentrate","Dagger Spray"],"picked":"Adrenaline","floor":6},{"not_picked":["Escape Plan","Underhanded Strike"],"picked":"All Out Attack","floor":10},{"not_picked":["Infinite Blades","Distraction"],"picked":"Poisoned Stab","floor":10},{"not_picked":["Dash","Outmaneuver"],"picked":"Bane","floor":11},{"not_picked":["PiercingWail","Dagger Throw"],"picked":"Accuracy","floor":11},{"not_picked":["Prepared","Escape Plan"],"picked":"After Image","floor":14}],"player_experience":504309,"relics_obtained":[{"floor":6,"key":"Bottled Lightning"},{"floor":9,"key":"Prayer Wheel"},{"floor":14,"key":"Potion Belt"}],"event_choices":[{"damage_healed":0,"gold_gain":0,"player_choice":"Success","damage_taken":18,"relics_obtained":["Pantograph"],"max_hp_gain":0,"max_hp_loss":0,"event_name":"Scrap Ooze","floor":3,"gold_loss":0},{"damage_healed":0,"gold_gain":0,"player_choice":"Entered Light","damage_taken":14,"max_hp_gain":0,"max_hp_loss":0,"event_name":"Shining Light","floor":4,"gold_loss":0,"cards_upgraded":["Survivor","Strike_G"]},{"damage_healed":0,"gold_gain":0,"player_choice":"Left Gold","damage_taken":0,"max_hp_gain":0,"max_hp_loss":0,"event_name":"World of Goop","floor":5,"gold_loss":48},{"cards_removed":["Defend_G"],"damage_healed":0,"gold_gain":0,"player_choice":"Card Removal","damage_taken":7,"max_hp_gain":0,"max_hp_loss":0,"event_name":"Golden Wing","floor":8,"gold_loss":0},{"damage_healed":0,"gold_gain":0,"player_choice":"Take Wound","damage_taken":0,"relics_obtained":["Golden Idol"],"max_hp_gain":0,"max_hp_loss":0,"event_name":"Golden Idol","floor":12,"gold_loss":0,"cards_obtained":["Injury"]}],"is_beta":false,"boss_relics":[],"items_purged_floors":[],"is_endless":false,"potions_floor_spawned":[14],"killed_by":"Hexaghost","ascension_level":5}}