{"host":"takgv9cv6xf64vhq","time":1611758686,"event":{"mods":["BaseMod","Colored Powertips","Hubris","LagranYue(拉格朗・月)","Marisa（F雨　魔理沙）","Minty Spire (QoL Compilation)","Replay The Spire","StSLib","The Animator","The Cursed","The Jungle","TheHeartMod"],"gold_per_floor":[118,118,393,404,421,450,450,450,450,59,86,100,100,115,115,211,211,222,238,248,248,268,294,312,344,344,544,578,590,106,106,106,205,205,223,223,17,30,49,81,96,122,122,53,65,65,95,95,95,95,95,95,25,59,59],"floor_reached":56,"language":"ZHS","playtime":4018,"items_purged":["Regret","Normality","Injury"],"score":1505,"play_id":"5157290e-b691-487d-87ee-261a33fbee6a","local_time":"20210127224446","is_ascension_mode":true,"campfire_choices":[{"data":"Defragment","floor":7.0,"key":"SMITH"},{"data":"Defend_B","floor":15.0,"key":"PURGE"},{"data":"hubris:DuctTapeCard","floor":32.0,"key":"SMITH"},{"floor":46,"key":"RECALL"},{"data":"Sunder","floor":49,"key":"SMITH"},{"data":"Consume","floor":52,"key":"SMITH"}],"circlet_count":0,"master_deck":["Strike_B","Strike_B","Strike_B","Strike_B","Defend_B","Defend_B","Defend_B","Ball Lightning","Defragment+1","BasicCrystalCard+1","Sunder+1","ReplayUltimateDefense+1","BasicCrystalCard","Ball Lightning","Darkness+1","FIFO Queue+1","Cold Snap","Cold Snap","Coolheaded+1","hubris:PowerSurge","Biased Cognition","Replay:BasicMightCard","Fusion","Panic Button","Chill","Reinforced Body","Machine Learning","Steam Power","Cold Snap","Consume+1","Steam+1","Panic Button","Double Energy+1","Static Discharge","Core Surge","hubris:DuctTapeCard","Injury","Clumsy","Static Discharge+1","hubris:PowerSurge+1","Loop","Conserve Battery+1","Chill+1","Loop+1","Biased Cognition","ReplayTheSpireMod:System Scan+1","ReplayTheSpireMod:Calculation Training+1","Undo+1","FIFO Queue","Coolheaded+1","Hologram+1","Rainbow+1","Defragment","ReplayTheSpireMod:IOU","ReplayTheSpireMod:IOU","ReplayTheSpireMod:IOU","Leap+1"],"relics":["Cracked Core","NeowsBlessing","hubris:Icosahedron","StrikeDummy","FaceOfCleric","hubris:DuctTape","Lantern","Bottled Flame","Philosopher\u0027s Stone","Prayer Wheel","InkBottle","Art of War","Counterbalance","Replay:Baseball","Replay:Bottled Snecko","Replay:Ancient Bell","War Paint","Toxic Egg 2","Torii","hubris:PeanutButter","HornCleat","hubris:SlimyHat","Replay:Wax Seal","Replay:Frozen Program","Bronze Scales","Eternal Feather"],"acts_visited":["Exordium","Exordium","TheBeyond","TheEnding"],"potions_floor_usage":[45,50,54,55,55,55],"damage_taken":[{"damage":0.0,"enemies":"2 Louse","floor":1.0,"turns":1.0},{"damage":0.0,"enemies":"Cultist","floor":4.0,"turns":1.0},{"damage":0.0,"enemies":"Jaw Worm","floor":5.0,"turns":1.0},{"damage":23.0,"enemies":"Lagavulin","floor":6.0,"turns":5.0},{"damage":16.0,"enemies":"Gremlin Nob","floor":11.0,"turns":3.0},{"damage":0.0,"enemies":"3 Louse","floor":12.0,"turns":2.0},{"damage":6.0,"enemies":"Exordium Thugs","floor":14.0,"turns":3.0},{"damage":0.0,"enemies":"Slime Boss","floor":16.0,"turns":6.0},{"damage":0.0,"enemies":"theJungle:MUSHROOMGANG","floor":18.0,"turns":4.0},{"damage":11.0,"enemies":"theJungle:Flameango_and_Byrd","floor":19.0,"turns":5.0},{"damage":37.0,"enemies":"Snake Plant","floor":20.0,"turns":5.0},{"damage":12.0,"enemies":"theJungle:2_Snecko_Cultists","floor":22.0,"turns":2.0},{"damage":0.0,"enemies":"theJungle:2_Phrogs","floor":23.0,"turns":6.0},{"damage":11.0,"enemies":"theJungle:SlimyTreeVines","floor":24.0,"turns":6.0},{"damage":7.0,"enemies":"theJungle:MamaSnecko","floor":25.0,"turns":12.0},{"damage":13.0,"enemies":"theJungle:Cassacara","floor":28.0,"turns":8.0},{"damage":21.0,"enemies":"Snake Plant","floor":29.0,"turns":5.0},{"damage":25.0,"enemies":"theJungle:TotemBoss","floor":33.0,"turns":8.0},{"damage":31,"enemies":"3 Darklings","floor":35,"turns":8},{"damage":1,"enemies":"Orb Walker","floor":38,"turns":3},{"damage":0,"enemies":"3 Darklings","floor":39,"turns":7},{"damage":0,"enemies":"R_Hoarder","floor":40,"turns":7},{"damage":0,"enemies":"Sphere and 2 Shapes","floor":41,"turns":8},{"damage":0,"enemies":"Reptomancer","floor":42,"turns":8},{"damage":0,"enemies":"Maw","floor":45,"turns":6},{"damage":0,"enemies":"Nemesis","floor":47,"turns":7},{"damage":0,"enemies":"Replay:Hell Engine","floor":50,"turns":13},{"damage":19,"enemies":"Shield and Spear","floor":54,"turns":6},{"damage":27,"enemies":"The Heart","floor":55,"turns":10}],"seed_played":"-7838331996838829945","potions_obtained":[{"floor":6.0,"key":"ColorlessPotion"},{"floor":11.0,"key":"Swift Potion"},{"floor":12.0,"key":"Toxic Potion"},{"floor":16.0,"key":"Adrenaline Potion"},{"floor":19.0,"key":"Block Potion"},{"floor":23.0,"key":"Reflective Coating"},{"floor":24.0,"key":"Dexterity Potion"},{"floor":39,"key":"LifebloodPotion"},{"floor":40,"key":"DuplicationPotion"},{"floor":42,"key":"SteroidPotion"},{"floor":47,"key":"CultistPotion"},{"floor":54,"key":"Languid Potion"}],"is_trial":false,"path_per_floor":["M","?","?","M","M","E","R","?","T","$","E","M","$","M","R","B",null,"M","M","M","?","M","E","M","E","T","?","E","M","$","?","R","B",null,"M","?","$","M","M","E","M","E","T","$","M","R","E","?","R","B",null,"R","$","E","B",null],"character_chosen":"DEFECT","items_purchased":["Lantern","ReplayUltimateDefense","Double Energy+1","Replay:Bottled Snecko","Static Discharge","Loop","FIFO Queue","Replay:Wax Seal","Replay:Frozen Program","Bronze Scales","Adrenaline Potion"],"campfire_rested":0,"item_purchase_floors":[10,10,30,30,30,37,44,53,53,53,53],"current_hp_per_floor":[75,75,75,75,75,52,52,52,52,52,37,77,77,72,72,73,79,80,70,34,34,23,24,80,74,74,74,62,42,42,34,34,10,89,59,59,59,59,60,61,62,63,63,63,64,64,65,65,65,66,98,98,98,80,54],"gold":59,"neow_bonus":"THREE_ENEMY_KILL","is_daily":false,"chose_seed":false,"campfire_upgraded":4,"win_rate":0.0,"timestamp":1611758686,"path_taken":["M","?","?","M","?","E","R","?","T","?","E","?","$","M","R","BOSS","M","M","M","?","M","E","?","E","T","?","E","M","$","?","R","BOSS","M","?","$","M","M","E","?","E","T","$","M","R","E","?","R","BOSS","R","$","E","BOSS"],"items_purchased_type":["Relic","Card","Card","Relic","Card","Card","Card","Relic","Relic","Relic","Potion"],"build_version":"2020-12-22","purchased_purges":3,"victory":true,"max_hp_per_floor":[75,75,75,75,75,75,75,75,75,75,76,77,77,78,78,79,79,80,81,82,82,83,84,85,86,86,86,87,88,88,88,88,89,89,90,90,90,91,92,93,94,95,95,95,96,96,97,97,97,98,98,98,98,99,100],"card_choices":[{"not_picked":["Hologram","hubris:Ukulele"],"picked":"Ball Lightning","floor":1.0},{"not_picked":["Glacier","Ball Lightning"],"picked":"Defragment","floor":4.0},{"not_picked":["White Noise","Glacier"],"picked":"BasicCrystalCard","floor":5.0},{"not_picked":["Leap","Aggregate"],"picked":"Sunder","floor":6.0},{"not_picked":["Redo","BootSequence"],"picked":"BasicCrystalCard","floor":11.0},{"not_picked":["Barrage","Hologram"],"picked":"Ball Lightning","floor":12.0},{"not_picked":["Steam","ReplayTheSpireMod:GoodbyeWorld"],"picked":"Darkness","floor":14.0},{"not_picked":["Machine Learning","Thunder Strike"],"picked":"ReplayTheSpireMod:Fabricate Wheel","floor":16.0},{"not_picked":["Consume","Redo+1"],"picked":"FIFO Queue+1","floor":18.0},{"not_picked":["Leap","Blizzard"],"picked":"Cold Snap","floor":18.0},{"not_picked":["Gash","Rebound+1"],"picked":"Cold Snap","floor":19.0},{"not_picked":["Compile Driver","Reprogram+1","Rebound"],"picked":"SKIP","floor":19.0},{"not_picked":["Redo","Melter+1"],"picked":"Coolheaded+1","floor":20.0},{"not_picked":["Tempest","Machine Learning"],"picked":"hubris:PowerSurge","floor":20.0},{"not_picked":["Scrape","ReplayTheSpireMod:Reroute Power"],"picked":"Panic Button","floor":22.0},{"not_picked":["Redo","Rebound+1"],"picked":"Chill","floor":22.0},{"not_picked":["Streamline+1","Redo+1"],"picked":"Reinforced Body","floor":23.0},{"not_picked":["Panic Button+1","Conserve Battery"],"picked":"Machine Learning","floor":24.0},{"not_picked":["Reprogram+1","Stack"],"picked":"Steam Power","floor":24.0},{"not_picked":["Aggregate","Panic Button"],"picked":"Cold Snap","floor":25.0},{"not_picked":["Conserve Battery","Static Discharge"],"picked":"Consume","floor":28.0},{"not_picked":["Steam Power","Gash"],"picked":"Steam+1","floor":29.0},{"not_picked":["Redo","Rip and Tear+1"],"picked":"Panic Button","floor":29.0},{"not_picked":["Meteor Strike","Reboot"],"picked":"Core Surge","floor":33.0},{"not_picked":["Amnesia","animator:Curse_Greed"],"picked":"Injury","floor":34},{"not_picked":["ReplayTheSpireMod:IOU","Shame"],"picked":"Injury","floor":34},{"not_picked":["Parasite","Amnesia"],"picked":"Clumsy","floor":34},{"not_picked":["Beam Cell+1","Go for the Eyes+1"],"picked":"Static Discharge+1","floor":35},{"not_picked":["Conserve Battery+1","Sweeping Beam+1"],"picked":"hubris:PowerSurge+1","floor":35},{"not_picked":["Recycle+1","Sunder"],"picked":"Conserve Battery+1","floor":38},{"not_picked":["Go for the Eyes","Gash+1"],"picked":"Chill+1","floor":38},{"not_picked":["Fusion+1","Rebound"],"picked":"Loop+1","floor":39},{"not_picked":["Conserve Battery+1","ReplayTheSpireMod:Repulse+1"],"picked":"Biased Cognition","floor":39},{"not_picked":["Cold Snap+1","Steam+1"],"picked":"ReplayTheSpireMod:System Scan+1","floor":40},{"not_picked":["Darkness+1","Rebound"],"picked":"ReplayTheSpireMod:Calculation Training+1","floor":41},{"not_picked":["Conserve Battery+1","Compile Driver"],"picked":"Undo+1","floor":41},{"not_picked":["Sweeping Beam","hubris:Ukulele+1","Cold Snap"],"picked":"SKIP","floor":42},{"not_picked":["Compile Driver+1","Leap+1"],"picked":"Coolheaded+1","floor":45},{"not_picked":["Darkness+1","Cold Snap+1"],"picked":"Hologram+1","floor":45},{"not_picked":["Redo+1","Force Field+1"],"picked":"Rainbow+1","floor":47},{"not_picked":["Melter+1","Streamline+1"],"picked":"Leap+1","floor":54}],"player_experience":126819,"relics_obtained":[{"floor":6.0,"key":"StrikeDummy"},{"floor":9.0,"key":"hubris:DuctTape"},{"floor":11.0,"key":"Bottled Flame"},{"floor":23.0,"key":"InkBottle"},{"floor":25.0,"key":"Art of War"},{"floor":26.0,"key":"Counterbalance"},{"floor":28.0,"key":"Replay:Baseball"},{"floor":40,"key":"hubris:PeanutButter"},{"floor":42,"key":"HornCleat"},{"floor":47,"key":"hubris:SlimyHat"},{"floor":54,"key":"Eternal Feather"}],"event_choices":[{"damage_healed":0.0,"max_hp_gain":0.0,"max_hp_loss":0.0,"gold_gain":275.0,"event_name":"Golden Shrine","player_choice":"Desecrate","floor":3.0,"gold_loss":0.0,"damage_taken":0.0,"cards_obtained":["Regret"]},{"damage_healed":0.0,"max_hp_gain":0.0,"max_hp_loss":0.0,"gold_gain":0.0,"event_name":"FaceTrader","player_choice":"Trade","floor":8.0,"gold_loss":0.0,"damage_taken":0.0,"relics_obtained":["FaceOfCleric"]},{"damage_healed":0.0,"max_hp_gain":0.0,"max_hp_loss":0.0,"gold_gain":0.0,"event_name":"Match and Keep!","player_choice":"3 cards matched","floor":21.0,"gold_loss":0.0,"damage_taken":0.0,"cards_obtained":["Biased Cognition","Replay:BasicMightCard","Fusion"]},{"damage_healed":0,"gold_gain":0,"player_choice":"Upgraded","damage_taken":0,"max_hp_gain":0,"max_hp_loss":0,"event_name":"Upgrade Shrine","floor":36,"gold_loss":0,"cards_upgraded":["ReplayUltimateDefense"]},{"damage_healed":0,"gold_gain":0,"player_choice":"1 cards matched","damage_taken":0,"max_hp_gain":0,"max_hp_loss":0,"event_name":"Match and Keep!","floor":48,"gold_loss":0,"cards_obtained":["Defragment"]}],"is_beta":false,"boss_relics":[{"not_picked":["Abe\u0027s Treasure","Replay:Drink Me"],"picked":"Philosopher\u0027s Stone"},{"not_picked":["Runic Pyramid","Empty Cage"],"picked":"Replay:Ancient Bell"},{"not_picked":["Centennial Puzzle","Happy Flower"],"picked":"War Paint"},{"not_picked":["Frozen Egg 2","Replay:WaspNest"],"picked":"Toxic Egg 2"},{"not_picked":["StoneCalendar","hubris:MedicalManual"],"picked":"Torii"}],"items_purged_floors":[10,30,37],"is_endless":false,"potions_floor_spawned":[6,11,12,16,19,23,24,39,40,42,47,54],"ascension_level":1}}