{"host":"YagamiMirai","time":1611766474,"event":{"mods":["Act Like it!","BaseMod","Downfall","Hermit","Lobotomy","Minty Spire (QoL Compilation)","Replay The Spire","Spicy Shops","StSLib","The Animator","The Gatherer","The Mystic","óô»ðÖ¸ÄÏ"],"gold_per_floor":[99,110,110,110,116,177,203,3,33,33,58,158,190,54,71,71,71],"floor_reached":16,"language":"ZHS","playtime":982,"items_purged":[],"score":145,"play_id":"f2879135-6859-47cf-8d58-4c4d8a4eae67","local_time":"20210128005434","is_ascension_mode":true,"campfire_choices":[{"floor":1.0,"key":"RECALL"},{"data":"hexamod:SpectersWail","floor":8.0,"key":"SMITH"},{"data":"hexamod:ApocalypticArmor","floor":10.0,"key":"SMITH"}],"circlet_count":0,"master_deck":["hexamod:Strike","hexamod:Strike+1","hexamod:Defend","hexamod:Defend","hexamod:Defend","hexamod:Sear","hexamod:Float","hexamod:ThirdSeal","hexamod:Toasty+1","hexamod:SpectersWail+1","ReplayTheSpireMod:IOU","hexamod:SoulSteal","hexamod:SpectersWail+1","hexamod:ApocalypticArmor+1","hexamod:BacktrackSmack","hexamod:FourthSeal","hexamod:AdvancingGuard","hexamod:FirstSeal","hexamod:GhostShield","hexamod:BurningTouch","hexamod:TimeWarp","hexamod:EtherealExpedition","hexamod:HeatShield","hexamod:HauntingEcho","hexamod:RetreatToShadows"],"relics":["hexamod:SpiritBrand","Regal Pillow","Replay:Bottled Steam","Replay:Wax Seal","Akabeko","downfall:HeartBlessingRed","downfall:HeartBlessingBlue","Replay:Rubber Ducky","Strawberry","Whetstone","Iron Hammer"],"acts_visited":["Exordium"],"potions_floor_usage":[16,16],"damage_taken":[{"damage":1.0,"enemies":"Jaw Worm","floor":2.0,"turns":3.0},{"damage":0.0,"enemies":"downfall:FleeingMerchant","floor":5.0,"turns":4.0},{"damage":12.0,"enemies":"3 Sentries","floor":6.0,"turns":6.0},{"damage":4.0,"enemies":"3 Sentries","floor":9.0,"turns":5.0},{"damage":18.0,"enemies":"Lagavulin","floor":11.0,"turns":4.0},{"damage":8.0,"enemies":"downfall:Heads","floor":12.0,"turns":4.0},{"damage":4.0,"enemies":"Replay:BlueRogue","floor":13.0,"turns":3.0},{"damage":15.0,"enemies":"downfall:FleeingMerchant","floor":14.0,"turns":4.0},{"damage":3.0,"enemies":"2 Louse","floor":15.0,"turns":3.0},{"damage":21,"enemies":"SI_SHIV_ARCHETYPE","floor":16,"turns":7}],"seed_played":"2203650266657198466","potions_obtained":[{"floor":2.0,"key":"Fire Potion"},{"floor":9.0,"key":"Ancient Potion"},{"floor":12.0,"key":"Ancient Potion"},{"floor":13.0,"key":"Milkshake"},{"floor":15.0,"key":"AttackPotion"}],"is_trial":false,"path_per_floor":["R","M","?","?","$","?","T","R","E","R","E","?","E","$","M","B"],"character_chosen":"THE_SPIRIT","items_purchased":["Replay:Wax Seal","Iron Hammer"],"campfire_rested":0,"item_purchase_floors":[5,14],"current_hp_per_floor":[70,69,69,66,66,54,54,64,60,60,49,41,37,22,19,0,0,0],"gold":71,"neow_bonus":"RANDOM_COMMON_RELIC","is_daily":false,"chose_seed":false,"campfire_upgraded":2,"win_rate":0.0,"timestamp":1611766474,"path_taken":["R","M","?","?","$","?","T","R","E","R","E","?","E","$","M","BOSS"],"items_purchased_type":["Relic","Relic"],"build_version":"2020-12-18","purchased_purges":0,"victory":false,"max_hp_per_floor":[70,70,70,70,70,70,70,80,80,80,87,87,87,87,87,87,87,87],"card_choices":[{"not_picked":["hexamod:Haunt","hexamod:FlamesFromBeyond"],"picked":"hexamod:ThirdSeal","floor":2.0},{"not_picked":["hexamod:SwordOfDarkness","hexamod:FastForward"],"picked":"hexamod:Toasty","floor":5.0},{"not_picked":["hexamod:InspiringFlames","hexamod:SwordOfDarkness"],"picked":"hexamod:SpectersWail","floor":5.0},{"not_picked":["hexamod:HauntingEcho","hexamod:ThermalTransfer"],"picked":"hexamod:SoulSteal","floor":6.0},{"not_picked":["hexamod:ShieldOfDarkness","hexamod:GhostOfSpirePresent"],"picked":"hexamod:SpectersWail","floor":6.0},{"not_picked":["hexamod:BacktrackSmack","hexamod:HeatShield"],"picked":"hexamod:ApocalypticArmor","floor":9.0},{"not_picked":["hexamod:Firestarter","hexamod:Again"],"picked":"hexamod:BacktrackSmack","floor":9.0},{"not_picked":["hexamod:SpectersWail","hexamod:UnleashSpirits"],"picked":"hexamod:FourthSeal","floor":11.0},{"not_picked":["hexamod:FourthSeal","hexamod:Hexaguard"],"picked":"hexamod:AdvancingGuard","floor":11.0},{"not_picked":["hexamod:ThermalTransfer","hexamod:PowerFromBeyond"],"picked":"hexamod:FirstSeal","floor":12.0},{"not_picked":["hexamod:SoulSteal","hexamod:BacktrackSmack"],"picked":"hexamod:GhostShield","floor":12.0},{"not_picked":["hexamod:PhantomCloak","hexamod:HeatShield"],"picked":"hexamod:TimeWarp","floor":13.0},{"not_picked":["hexamod:EmpoweredFlame","hexamod:SpectralSpark"],"picked":"hexamod:EtherealExpedition","floor":13.0},{"not_picked":["hexamod:BurningTouch","hexamod:SuperheatedStrike"],"picked":"hexamod:HeatShield","floor":14.0},{"not_picked":["hexamod:SpectralAdrenaline","hexamod:ShieldOfDarkness"],"picked":"hexamod:HauntingEcho","floor":14.0},{"not_picked":["hexamod:HeatMetal","hexamod:HauntingEcho"],"picked":"hexamod:RetreatToShadows","floor":15.0}],"player_experience":954340,"relics_obtained":[{"floor":9.0,"key":"Replay:Rubber Ducky"},{"floor":11.0,"key":"Strawberry"},{"floor":13.0,"key":"Whetstone"}],"event_choices":[{"damage_healed":0.0,"max_hp_gain":0.0,"max_hp_loss":0.0,"gold_gain":0.0,"event_name":"Scrap Ooze","player_choice":"Success","floor":4.0,"gold_loss":0.0,"damage_taken":3.0,"relics_obtained":["Replay:Bottled Steam"]}],"is_beta":true,"boss_relics":[],"items_purged_floors":[],"is_endless":false,"potions_floor_spawned":[2,9,12],"killed_by":"SI_SHIV_ARCHETYPE","ascension_level":1}}