{"host":"xnmm48bggm313m0r","time":1611790170,"event":{"mods":["Arknights The Spire","BaseMod","Curses Come First","Hermit","KOR Keyword Fix","Lobotomy","Minty Spire (QoL Compilation)","Replay The Spire","StSLib","The Dragon Tamer"],"gold_per_floor":[99,114,114,32,51,51,69,69,69,69,69,69],"floor_reached":10,"language":"KOR","playtime":437,"items_purged":[],"score":56,"play_id":"c2abbc03-c0aa-41bb-9027-a1ae9f8b3b54","local_time":"20210128082930","daily_mods":["Heirloom","Time Dilation"],"is_ascension_mode":false,"metric_token":671,"campfire_choices":[{"data":"DTMod:Overwhelm","floor":6,"key":"SMITH"},{"data":"DTMod:MagiciansMark","floor":8,"key":"SMITH"}],"dtmod_dragon_data":[27,50,-1,-1,0,0],"circlet_count":0,"master_deck":["Demon Form","Echo Form","DevaForm","DTMod:ResonanceForm","DTMod:Strike","DTMod:Strike","DTMod:Strike","DTMod:Strike","DTMod:DoubleHit","DTMod:TargetDefense","DTMod:TargetDefense","DTMod:TargetDefense","DTMod:TargetDefense","DTMod:SwitchingTactic","DTMod:Feint+1","DTMod:Hide","Replay:Bootleg Shield Generator","DTMod:Overwhelm+1","DTMod:MagiciansMark+1"],"relics":["DTMod:PactStone","replay:Trail_Library","Peace Pipe","Replay:Rubber Ducky","ReplayTheSpireMod:Ninjato"],"acts_visited":["Exordium"],"potions_floor_usage":[],"damage_taken":[{"damage":5,"enemies":"Cultist","floor":2,"turns":4},{"damage":0,"enemies":"2 Louse","floor":5,"turns":2},{"damage":0,"enemies":"Jaw Worm","floor":7,"turns":4},{"damage":4,"enemies":"3 Sentries","floor":10,"turns":7}],"seed_played":"4556296136912545672","potions_obtained":[{"floor":5,"key":"Adrenaline Potion"}],"is_trial":true,"path_per_floor":["?","M","WH","$","M","R","M","R","T","E"],"character_chosen":"THE_DT","items_purchased":["Replay:Bootleg Shield Generator"],"campfire_rested":0,"item_purchase_floors":[4],"current_hp_per_floor":[45,40,40,40,40,40,40,40,40,36,36,36],"gold":69,"neow_bonus":"RANDOM_COMMON_RELIC","is_daily":false,"chose_seed":false,"campfire_upgraded":2,"win_rate":0.0,"timestamp":1611790170,"path_taken":["?","M","WH","$","M","R","M","R","T","E"],"items_purchased_type":["Card"],"build_version":"2020-12-22","purchased_purges":0,"victory":false,"max_hp_per_floor":[45,45,45,45,45,45,45,45,45,45,45,45],"card_choices":[{"not_picked":["DTMod:Weaken","DTMod:BurningEnergy"],"picked":"DTMod:Hide","floor":2},{"not_picked":["DTMod:MasterPlan","DTMod:Training"],"picked":"DTMod:Overwhelm","floor":5},{"not_picked":["DTMod:DeepFocus","DTMod:MasterPlan"],"picked":"DTMod:MagiciansMark","floor":7}],"player_experience":137720,"relics_obtained":[{"floor":9,"key":"ReplayTheSpireMod:Ninjato"}],"event_choices":[],"is_beta":false,"boss_relics":[],"items_purged_floors":[],"is_endless":false,"potions_floor_spawned":[5],"killed_by":"3 Sentries","ascension_level":0}}