{"host":"nmjik3bzoelmmajy","time":1611755735,"event":{"mods":["BaseMod","Better Third Choice","Colored Map","DeckTracker","Minty Spire (QoL Compilation)","Quick Restart","Say the Spire","StSLib","SuperFastMode"],"gold_per_floor":[114,39,52,327,342,342,372,372,421,433,433,468,484,504,504,504,504],"floor_reached":16,"language":"KOR","playtime":590,"items_purged":[],"score":123,"play_id":"e825de46-a892-4360-ab6b-b5cc05a32b91","local_time":"20210127225535","is_ascension_mode":true,"campfire_choices":[{"floor":6,"key":"REST"},{"data":"Backflip","floor":8,"key":"SMITH"},{"data":"Blade Dance","floor":11,"key":"SMITH"},{"floor":15,"key":"REST"}],"circlet_count":0,"master_deck":["Strike_G","Strike_G","Strike_G","Strike_G","Strike_G","Defend_G","Defend_G","Defend_G","Defend_G","Defend_G","Survivor","Neutralize","CurseOfTheBell","Blur","After Image+1","Regret","Backflip+1","Flying Knee","Blade Dance+1","Backflip","Masterful Stab","All Out Attack"],"relics":["Calling Bell","Art of War","Frozen Egg 2","Thread and Needle","Dream Catcher","Toy Ornithopter","Lantern","Ginger"],"acts_visited":["Exordium"],"potions_floor_usage":[7,7,16],"damage_taken":[{"damage":15,"enemies":"Jaw Worm","floor":1,"turns":10},{"damage":10,"enemies":"Cultist","floor":3,"turns":7},{"damage":1,"enemies":"2 Louse","floor":5,"turns":5},{"damage":29,"enemies":"Gremlin Nob","floor":7,"turns":7},{"damage":2,"enemies":"Blue Slaver","floor":10,"turns":5},{"damage":23,"enemies":"Lagavulin","floor":12,"turns":12},{"damage":2,"enemies":"Looter","floor":13,"turns":4},{"damage":0,"enemies":"2 Fungi Beasts","floor":14,"turns":3},{"damage":41,"enemies":"The Guardian","floor":16,"turns":8}],"seed_played":"-5905544224478078204","potions_obtained":[{"floor":3,"key":"Dexterity Potion"},{"floor":5,"key":"SneckoOil"},{"floor":13,"key":"Poison Potion"}],"is_trial":false,"path_per_floor":["M","?","M","?","M","R","E","R","T","M","R","E","M","M","R","B"],"character_chosen":"THE_SILENT","items_purchased":[],"campfire_rested":2,"item_purchase_floors":[],"current_hp_per_floor":[55,55,45,45,44,65,36,36,36,34,34,11,9,9,30,0,0],"gold":504,"neow_bonus":"BOSS_RELIC","is_daily":false,"chose_seed":false,"campfire_upgraded":2,"win_rate":0.0,"timestamp":1611755735,"path_taken":["M","?","?","?","M","R","E","R","T","M","R","E","?","M","R","BOSS"],"items_purchased_type":[],"build_version":"2020-12-22","purchased_purges":0,"victory":false,"max_hp_per_floor":[70,70,70,70,70,70,70,70,70,70,70,70,70,70,70,70,70],"card_choices":[{"not_picked":["Riddle With Holes","Deflect"],"picked":"Blur","floor":1},{"not_picked":["Escape Plan","Sucker Punch"],"picked":"After Image+1","floor":3},{"not_picked":["Sucker Punch","Skewer"],"picked":"Backflip","floor":5},{"not_picked":["PiercingWail","Bane"],"picked":"Flying Knee","floor":6},{"not_picked":["Underhanded Strike","Blur","Unload"],"picked":"SKIP","floor":7},{"not_picked":["Bane","Flying Knee"],"picked":"Blade Dance","floor":10},{"not_picked":["Reflex","Poisoned Stab"],"picked":"Backflip","floor":12},{"not_picked":["Flechettes","Poisoned Stab"],"picked":"Masterful Stab","floor":13},{"not_picked":["Dagger Throw","Deadly Poison"],"picked":"All Out Attack","floor":14}],"player_experience":500271,"relics_obtained":[{"floor":0,"key":"Art of War"},{"floor":0,"key":"Frozen Egg 2"},{"floor":0,"key":"Thread and Needle"},{"floor":7,"key":"Toy Ornithopter"},{"floor":9,"key":"Lantern"},{"floor":12,"key":"Ginger"}],"event_choices":[{"damage_healed":0,"gold_gain":0,"player_choice":"Paid Gold","damage_taken":0,"relics_obtained":["Dream Catcher"],"max_hp_gain":0,"max_hp_loss":0,"event_name":"WeMeetAgain","floor":2,"gold_loss":75},{"damage_healed":0,"gold_gain":275,"player_choice":"Desecrate","damage_taken":0,"max_hp_gain":0,"max_hp_loss":0,"event_name":"Golden Shrine","floor":4,"gold_loss":0,"cards_obtained":["Regret"]}],"is_beta":false,"boss_relics":[],"items_purged_floors":[],"is_endless":false,"potions_floor_spawned":[3,5,13],"killed_by":"The Guardian","ascension_level":2}}