{"host":"dl909bjyolgrn2uw","time":1611712621,"event":{"mods":["2.2 Compatiblity","AlwaysNeverKeys","BaseMod","Bestiary","Better Altar","Better Note","Better Sensory Stone","Better Skull","Better Vampires","Better-Laid Plans","BetterRewards","Colored Powertips","Curses Come First","Disable Question Mark Monsters","Displayed Cursed Tome","Emptier Cage","Evolution","Minty Spire (QoL Compilation)","Permanent Neow","Quick Restart","Rare Cards Sparkle","Relic Stats","Shop Mod","Spicy Shops","StSLib","SuperFastMode","Transform Curses"],"gold_per_floor":[119,129,129,141,155,155,185,185,185,185,203,230,245,259,259,360,360,377,49,49,49,60,60,93,93,93,124,124,124,142,172,172,172,172],"floor_reached":33,"language":"ENG","playtime":1091,"items_purged":["Strike_B"],"score":493,"play_id":"048ae868-b408-4eaa-8ee0-847a46bfcc3c","local_time":"20210126195701","is_ascension_mode":true,"campfire_choices":[{"data":"Rebound","floor":6.0,"key":"SMITH"},{"data":"Electrodynamics","floor":8.0,"key":"SMITH"},{"data":"Sweeping Beam","floor":10.0,"key":"SMITH"},{"data":"Defragment","floor":15.0,"key":"SMITH"},{"data":"Bite","floor":23.0,"key":"SMITH"},{"data":"Meteor Strike","floor":25.0,"key":"SMITH"},{"data":"Coolheaded","floor":28.0,"key":"SMITH"},{"data":"Leap","floor":32.0,"key":"SMITH"}],"circlet_count":0,"master_deck":["Ball Lightning+1","Compile Driver","Defend_B","Defend_B","Defend_B","Defend_B","Zap","Dualcast","Coolheaded+1","Coolheaded","Rebound+1","Sweeping Beam+1","Electrodynamics+1","Defragment+1","Ball Lightning","Reinforced Body","Biased Cognition","Necronomicurse","Bite+1","Leap+1","Meteor Strike+1","Undo+1"],"relics":["EVO:Axolotl","Runic Dome","MealTicket","Singing Bowl","Du-Vu Doll","Coffee Dripper","Membership Card","Ice Cream","Necronomicon","Pen Nib","Letter Opener","Art of War","Orichalcum"],"acts_visited":["Exordium","TheCity"],"potions_floor_usage":[33],"damage_taken":[{"damage":0.0,"enemies":"Small Slimes","floor":1.0,"turns":3.0},{"damage":0.0,"enemies":"Cultist","floor":2.0,"turns":3.0},{"damage":5.0,"enemies":"Jaw Worm","floor":4.0,"turns":2.0},{"damage":7.0,"enemies":"2 Fungi Beasts","floor":5.0,"turns":3.0},{"damage":4.0,"enemies":"3 Sentries","floor":7.0,"turns":7.0},{"damage":6.0,"enemies":"Looter","floor":11.0,"turns":2.0},{"damage":0.0,"enemies":"Gremlin Nob","floor":12.0,"turns":2.0},{"damage":10.0,"enemies":"Gremlin Gang","floor":13.0,"turns":2.0},{"damage":6.0,"enemies":"Blue Slaver","floor":14.0,"turns":3.0},{"damage":28.0,"enemies":"Hexaghost","floor":16.0,"turns":7.0},{"damage":0.0,"enemies":"Spheric Guardian","floor":18.0,"turns":3.0},{"damage":0.0,"enemies":"Chosen","floor":22.0,"turns":3.0},{"damage":30.0,"enemies":"Book of Stabbing","floor":24.0,"turns":4.0},{"damage":5.0,"enemies":"Slavers","floor":27.0,"turns":3.0},{"damage":19.0,"enemies":"Shelled Parasite and Fungi","floor":30.0,"turns":4.0},{"damage":17.0,"enemies":"Book of Stabbing","floor":31.0,"turns":3.0},{"damage":14,"enemies":"Collector","floor":33,"turns":3}],"seed_played":"3202974707200191593","potions_obtained":[{"floor":4.0,"key":"Dexterity Potion"},{"floor":5.0,"key":"PotionOfCapacity"},{"floor":7.0,"key":"Explosive Potion"},{"floor":12.0,"key":"EssenceOfDarkness"},{"floor":14.0,"key":"Explosive Potion"},{"floor":18.0,"key":"PowerPotion"},{"floor":24.0,"key":"GamblersBrew"}],"is_trial":false,"path_per_floor":["M","M","?","M","M","R","E","R","T","R","M","E","M","M","R","B",null,"M","$","?","?","M","R","E","R","T","E","R","?","M","E","R","B"],"character_chosen":"DEFECT","items_purchased":["Membership Card","Ice Cream"],"campfire_rested":0,"item_purchase_floors":[19,19],"current_hp_per_floor":[68,68,68,63,56,56,52,52,52,52,46,46,36,32,32,4,59,61,76,60,60,60,60,33,33,33,36,36,36,25,11,11,0,0],"gold":172,"neow_bonus":"BOSS_RELIC","is_daily":false,"chose_seed":false,"campfire_upgraded":8,"win_rate":0.0,"timestamp":1611712621,"path_taken":["M","M","?","M","M","R","E","R","T","R","M","E","M","?","R","BOSS","M","$","?","?","M","R","E","R","T","E","R","?","M","E","R","BOSS"],"items_purchased_type":["Relic","Relic"],"build_version":"2020-12-22","purchased_purges":1,"victory":false,"max_hp_per_floor":[75,75,75,75,75,75,75,75,75,75,75,75,75,77,77,77,77,79,79,79,74,74,74,74,74,74,76,76,76,78,78,78,78,78],"relic_stats":{"Singing Bowl":14,"counters":[18,58],"MealTicket":45,"Pen Nib":[2],"Necronomicon":[4],"Art of War":[1],"Letter Opener":[346],"Orichalcum":[6],"obtain_stats":[{"Ice Cream":19,"Singing Bowl":9,"Pen Nib":24,"EVO:Axolotl":0,"Letter Opener":26,"Orichalcum":31,"Du-Vu Doll":12,"Runic Dome":0,"MealTicket":7,"Coffee Dripper":0,"Necronomicon":20,"Art of War":27,"Membership Card":19,"Cracked Core":0},{"Ice Cream":12,"Singing Bowl":6,"Pen Nib":14,"EVO:Axolotl":0,"Letter Opener":14,"Orichalcum":17,"Du-Vu Doll":8,"Runic Dome":1,"MealTicket":6,"Coffee Dripper":0,"Necronomicon":12,"Art of War":15,"Membership Card":12,"Cracked Core":0},{"Ice Cream":38,"Singing Bowl":19,"Pen Nib":45,"EVO:Axolotl":0,"Letter Opener":45,"Orichalcum":55,"Du-Vu Doll":23,"Runic Dome":1,"MealTicket":19,"Coffee Dripper":0,"Necronomicon":38,"Art of War":48,"Membership Card":38,"Cracked Core":0}]},"card_choices":[{"not_picked":["FTL","Beam Cell"],"picked":"Coolheaded","floor":1.0},{"not_picked":["Gash","Streamline"],"picked":"Coolheaded","floor":2.0},{"not_picked":["Leap","Compile Driver"],"picked":"Rebound","floor":4.0},{"not_picked":["Go for the Eyes","Steam"],"picked":"Sweeping Beam","floor":5.0},{"not_picked":["Genetic Algorithm","Auto Shields"],"picked":"Electrodynamics","floor":7.0},{"not_picked":["Sweeping Beam","Stack"],"picked":"Defragment","floor":11.0},{"not_picked":["Go for the Eyes","Turbo"],"picked":"Ball Lightning","floor":12.0},{"not_picked":["Gash","Compile Driver"],"picked":"Reinforced Body","floor":13.0},{"not_picked":["White Noise","Steam Power","Sweeping Beam"],"picked":"Singing Bowl","floor":14.0},{"not_picked":["Fission","All For One"],"picked":"Biased Cognition","floor":16.0},{"not_picked":["Compile Driver","Gash","Rebound"],"picked":"Singing Bowl","floor":18.0},{"not_picked":["Turbo","Hologram"],"picked":"Leap","floor":22.0},{"not_picked":["White Noise","FTL"],"picked":"Meteor Strike","floor":24.0},{"not_picked":["Steam","Streamline","Stack"],"picked":"Singing Bowl","floor":27.0},{"not_picked":["Redo","Barrage+1","Rebound+1"],"picked":"Singing Bowl","floor":30.0},{"not_picked":["Stack","Auto Shields"],"picked":"Undo+1","floor":31.0}],"player_experience":321027,"relics_obtained":[{"floor":7.0,"key":"MealTicket"},{"floor":9.0,"key":"Singing Bowl"},{"floor":12.0,"key":"Du-Vu Doll"},{"floor":24.0,"key":"Pen Nib"},{"floor":26.0,"key":"Letter Opener"},{"floor":27.0,"key":"Art of War"},{"floor":31.0,"key":"Orichalcum"}],"event_choices":[{"damage_healed":0.0,"max_hp_gain":0.0,"max_hp_loss":0.0,"gold_gain":0.0,"event_name":"Upgrade Shrine","player_choice":"Upgraded","floor":3.0,"gold_loss":0.0,"damage_taken":0.0,"cards_upgraded":["Ball Lightning"]},{"damage_healed":0.0,"max_hp_gain":0.0,"max_hp_loss":0.0,"gold_gain":0.0,"event_name":"Cursed Tome","player_choice":"Obtained Book","floor":20.0,"gold_loss":0.0,"damage_taken":16.0},{"damage_healed":0.0,"max_hp_gain":0.0,"max_hp_loss":5.0,"gold_gain":0.0,"event_name":"Vampires","player_choice":"Became a vampire","floor":21.0,"gold_loss":0.0,"damage_taken":0.0,"cards_obtained":["Bite"]},{"damage_healed":0.0,"max_hp_gain":0.0,"max_hp_loss":0.0,"gold_gain":0.0,"event_name":"Lab","player_choice":"Got Potions","floor":29.0,"gold_loss":0.0,"damage_taken":0.0}],"is_beta":false,"boss_relics":[{"not_picked":["Nuclear Battery","Black Star"],"picked":"Coffee Dripper"}],"items_purged_floors":[19],"is_endless":false,"potions_floor_spawned":[4,5,7,12,14,16,18,24],"killed_by":"Collector","ascension_level":9}}