{"host":"aukiz5jlacd3g5yc","time":1611732019,"event":{"mods":["2.2 Compatiblity","BaseMod","Bestiary","Colored Map","Colored Powertips","Downfall","GifTheSpireLib","Minty Spire (QoL Compilation)","Permanent Neow","Quick Restart","Random Character Button","Rare Cards Sparkle","Relic Sorter","Relic Stats","Replay The Spire","StSLib","everything is the same but u backflip on backflip","slay the spire mod where everything is the same but ironclad has a cowboy hat"],"gold_per_floor":[213,62,62,72,87,118,118,118,132,132,209,209,239,239,29,29,29,128,128,145,160,17,28,28,28],"floor_reached":24,"language":"ENG","playtime":909,"items_purged":["Strike_B"],"score":224,"play_id":"c9fc66bf-18e4-47ed-8e0b-88600f4b8c9a","local_time":"20210127012019","is_ascension_mode":true,"campfire_choices":[{"data":"Sunder","floor":10,"key":"SMITH"},{"data":"ReplayGash","floor":14,"key":"SMITH"},{"data":"Machine Learning","floor":17,"key":"SMITH"}],"circlet_count":0,"master_deck":["Strike_B","Strike_B","Defend_B","Defend_B","Defend_B","Defend_B","Zap","Dualcast","Rebound","ReplayGash+1","Reprogram+1","Leap","Sunder+1","Gash","Genetic Algorithm","Beam Cell","Machine Learning+1","Hyperbeam","Clumsy","Injury","downfall:Icky","Leap","Go for the Eyes","Go for the Eyes"],"relics":["Cracked Core","Turnip","Replay:Bottled Snecko","Toy Ornithopter","Replay:Ancient Bell","Blue Doll","Kunai","Mango","Sling"],"acts_visited":["Exordium","TheCity"],"potions_floor_usage":[18,23,23],"damage_taken":[{"damage":0,"enemies":"2 Louse","floor":1,"turns":2},{"damage":1,"enemies":"Cultist","floor":4,"turns":3},{"damage":10,"enemies":"Small Slimes","floor":5,"turns":2},{"damage":28,"enemies":"Gremlin Nob","floor":6,"turns":4},{"damage":16,"enemies":"Exordium Thugs","floor":9,"turns":5},{"damage":14,"enemies":"3 Sentries","floor":13,"turns":5},{"damage":27,"enemies":"Fading Forest","floor":18,"turns":11},{"damage":48,"enemies":"2 Thieves","floor":20,"turns":4},{"damage":25,"enemies":"Chosen","floor":21,"turns":5},{"damage":13,"enemies":"Snake Plant","floor":23,"turns":4},{"damage":22,"enemies":"Sentry and Sphere","floor":24,"turns":5}],"seed_played":"1998766268481256054","potions_obtained":[{"floor":9,"key":"Energy Potion"},{"floor":13,"key":"Swift Potion"},{"floor":20,"key":"Dexterity Potion"},{"floor":23,"key":"Adrenaline Potion"}],"is_trial":false,"path_per_floor":["M","$","?","M","M","E","PTL","PTL","M","R","T","?","E","R","$","?","R","B",null,"M","M","$","M","M"],"character_chosen":"DEFECT","items_purchased":["ReplayGash","Reprogram","Machine Learning","Sling"],"campfire_rested":0,"item_purchase_floors":[2,2,15,22],"current_hp_per_floor":[75,75,75,74,64,36,36,36,20,20,20,75,61,61,61,61,61,49,89,41,16,16,13,0,0],"gold":28,"neow_bonus":"HUNDRED_GOLD","is_daily":false,"chose_seed":false,"campfire_upgraded":3,"win_rate":0.0,"timestamp":1611732019,"path_taken":["M","$","?","?","M","E","PTL","PTL","M","R","T","?","E","R","?","?","R","BOSS","M","?","$","M","M"],"items_purchased_type":["Card","Card","Card","Relic"],"build_version":"2020-12-22","purchased_purges":1,"victory":false,"max_hp_per_floor":[75,75,75,75,75,75,75,75,75,75,75,75,75,75,75,75,75,75,89,89,89,89,89,89,89],"relic_stats":{"counters":[11,50],"Turnip":[10],"Kunai":[3],"obtain_stats":[{"Blue Doll":19,"Mango":19,"Turnip":6,"Replay:Ancient Bell":19,"Replay:Bottled Snecko":11,"Kunai":19,"Cracked Core":0,"Sling":22,"Toy Ornithopter":13},{"Blue Doll":7,"Mango":7,"Turnip":4,"Replay:Ancient Bell":7,"Replay:Bottled Snecko":5,"Kunai":7,"Cracked Core":0,"Sling":9,"Toy Ornithopter":6},{"Blue Doll":32,"Mango":32,"Turnip":11,"Replay:Ancient Bell":32,"Replay:Bottled Snecko":16,"Kunai":32,"Cracked Core":0,"Sling":41,"Toy Ornithopter":21}],"Toy Ornithopter":15},"card_choices":[{"not_picked":["Cold Snap","ReplayTheSpireMod:System Scan"],"picked":"Rebound","floor":1},{"not_picked":["ReplayTheSpireMod:Calculation Training","Redo"],"picked":"Leap","floor":4},{"not_picked":["Ball Lightning","BasicCrystalCard"],"picked":"Sunder","floor":5},{"not_picked":["Compile Driver","Aggregate"],"picked":"Gash","floor":6},{"not_picked":["Sweeping Beam","Auto Shields"],"picked":"Genetic Algorithm","floor":9},{"not_picked":["Coolheaded","ReplaySolidLightProjector"],"picked":"Beam Cell","floor":13},{"not_picked":["Machine Learning","Rainbow"],"picked":"Hyperbeam","floor":18},{"not_picked":["Regret","Pain"],"picked":"Clumsy","floor":19},{"not_picked":["CurseOfTheBell","Decay"],"picked":"Injury","floor":19},{"not_picked":["ReplayTheSpireMod:IOU","downfall:Haunted"],"picked":"downfall:Icky","floor":19},{"not_picked":["Heatsinks","Darkness"],"picked":"Leap","floor":20},{"not_picked":["Amplify","ReplayTheSpireMod:System Scan"],"picked":"Go for the Eyes","floor":21},{"not_picked":["Redo+1","Compile Driver"],"picked":"Go for the Eyes","floor":23}],"player_experience":358493,"relics_obtained":[{"floor":6,"key":"Turnip"},{"floor":11,"key":"Replay:Bottled Snecko"},{"floor":13,"key":"Toy Ornithopter"}],"event_choices":[{"damage_healed":0,"gold_gain":0,"player_choice":"Upgraded","damage_taken":0,"max_hp_gain":0,"max_hp_loss":0,"event_name":"Upgrade Shrine","floor":3,"gold_loss":0,"cards_upgraded":["Reprogram"]},{"damage_healed":55,"gold_gain":0,"player_choice":"Full Heal","damage_taken":0,"max_hp_gain":0,"max_hp_loss":0,"event_name":"Wheel of Change","floor":12,"gold_loss":0},{"cards_removed":["Strike_B"],"damage_healed":0,"gold_gain":0,"player_choice":"Offered Basic","damage_taken":0,"max_hp_gain":0,"max_hp_loss":0,"event_name":"Bonfire Elementals","floor":16,"gold_loss":0}],"is_beta":false,"boss_relics":[{"not_picked":["Pandora\u0027s Box","bronze:MakeshiftBattery"],"picked":"Replay:Ancient Bell"},{"not_picked":["Simple Rune","Tiny Chest"],"picked":"Blue Doll"},{"not_picked":["Replay:WaspNest","Pantograph"],"picked":"Kunai"},{"not_picked":["Dead Branch","Emotion Chip"],"picked":"Mango"}],"items_purged_floors":[15],"is_endless":false,"potions_floor_spawned":[9,13,20,23],"killed_by":"Sentry and Sphere","ascension_level":2}}