{"host":"sian7qp8a9pc9xwd","time":1611750022,"event":{"mods":["BaseMod","Minty Spire (QoL Compilation)","StSLib","SuperFastMode"],"gold_per_floor":[112,64,239,253,267,293,293,45,45,62,89,108,122,154,154,227,227,238,257,36,36,47,47,47,88,100,129,160,192,204,248,260,350,362,385,311,342,367,390,435,447,490,526,551,563,575,600,612,624,636],"floor_reached":51,"language":"ENG","playtime":4288,"items_purged":["Strike_G"],"score":1428,"play_id":"7db1208d-d07f-4ef1-8bfa-003f03654ff3","local_time":"20210127072022","is_ascension_mode":true,"campfire_choices":[{"data":"Malaise","floor":7.0,"key":"SMITH"},{"data":"Catalyst","floor":15,"key":"SMITH"},{"data":"After Image","floor":23,"key":"SMITH"},{"data":"After Image","floor":30,"key":"SMITH"},{"data":"Adrenaline","floor":32,"key":"SMITH"},{"data":"After Image","floor":41,"key":"SMITH"},{"data":"Footwork","floor":45,"key":"SMITH"},{"data":"Footwork","floor":49,"key":"SMITH"}],"circlet_count":0,"master_deck":["AscendersBane","Strike_G","Strike_G","Strike_G","Defend_G","Defend_G","Defend_G","Defend_G","Defend_G","Survivor","Neutralize","Bouncing Flask","Deadly Poison","Doubt","Catalyst+1","Malaise+1","Cloak And Dagger","Footwork+1","Footwork+1","Dodge and Roll","Leg Sweep","Corpse Explosion","Catalyst+1","Well Laid Plans+1","After Image+1","After Image+1","Adrenaline+1","Parasite","Deadly Poison","After Image+1","Backflip+1","Backflip+1","Escape Plan","Dodge and Roll+1","Shame","Deadly Poison","Caltrops"],"relics":["Ring of the Snake","NeowsBlessing","Prayer Wheel","HornCleat","Meat on the Bone","Bird Faced Urn","Ginger","Cursed Key","DollysMirror","MawBank","White Beast Statue","Singing Bowl","Regal Pillow","SlaversCollar","Shuriken","Lantern","Eternal Feather"],"acts_visited":["Exordium","TheCity","TheBeyond"],"potions_floor_usage":[14,14,22,38,39],"damage_taken":[{"damage":0.0,"enemies":"2 Louse","floor":1.0,"turns":1.0},{"damage":0.0,"enemies":"Small Slimes","floor":4.0,"turns":1.0},{"damage":0.0,"enemies":"Jaw Worm","floor":5.0,"turns":1.0},{"damage":15.0,"enemies":"Lagavulin","floor":6.0,"turns":5.0},{"damage":5.0,"enemies":"3 Louse","floor":10.0,"turns":5.0},{"damage":28.0,"enemies":"3 Sentries","floor":11.0,"turns":12.0},{"damage":12.0,"enemies":"Gremlin Gang","floor":12.0,"turns":8.0},{"damage":7,"enemies":"Exordium Wildlife","floor":13,"turns":6},{"damage":24,"enemies":"Gremlin Nob","floor":14,"turns":6},{"damage":10,"enemies":"The Guardian","floor":16,"turns":10},{"damage":2,"enemies":"Shell Parasite","floor":18,"turns":6},{"damage":0,"enemies":"3 Byrds","floor":19,"turns":8},{"damage":41,"enemies":"3 Cultists","floor":22,"turns":5},{"damage":41,"enemies":"Gremlin Leader","floor":25,"turns":10},{"damage":0,"enemies":"Snecko","floor":27,"turns":3},{"damage":5,"enemies":"Centurion and Healer","floor":28,"turns":4},{"damage":0,"enemies":"3 Cultists","floor":29,"turns":3},{"damage":0,"enemies":"Book of Stabbing","floor":31,"turns":6},{"damage":8,"enemies":"Collector","floor":33,"turns":9},{"damage":3,"enemies":"3 Shapes","floor":35,"turns":6},{"damage":2,"enemies":"3 Darklings","floor":37,"turns":3},{"damage":23,"enemies":"4 Shapes","floor":38,"turns":11},{"damage":4,"enemies":"Jaw Worm Horde","floor":39,"turns":5},{"damage":0,"enemies":"Giant Head","floor":40,"turns":8},{"damage":6,"enemies":"Nemesis","floor":42,"turns":9},{"damage":0,"enemies":"Spire Growth","floor":44,"turns":7},{"damage":0,"enemies":"Sphere and 2 Shapes","floor":47,"turns":8},{"damage":71,"enemies":"Awakened One","floor":50,"turns":20}],"seed_played":"2799138220849721759","potions_obtained":[{"floor":1.0,"key":"BlessingOfTheForge"},{"floor":5.0,"key":"Block Potion"},{"floor":11.0,"key":"SkillPotion"},{"floor":12.0,"key":"Explosive Potion"},{"floor":13,"key":"Energy Potion"},{"floor":19,"key":"SpeedPotion"},{"floor":27,"key":"LiquidMemories"},{"floor":28,"key":"Fire Potion"},{"floor":33,"key":"SkillPotion"},{"floor":38,"key":"CunningPotion"},{"floor":39,"key":"Block Potion"}],"is_trial":false,"path_per_floor":["M","$","?","M","M","E","R","$","T","M","E","M","M","E","R","B",null,"M","M","$","?","M","R","?","E","T","M","M","M","R","E","R","B",null,"M","?","M","M","M","E","R","E","T","M","R","?","M","?","R","B",null],"character_chosen":"THE_SILENT","items_purchased":["Deadly Poison","HornCleat","DollysMirror"],"campfire_rested":0,"item_purchase_floors":[2,8,20],"current_hp_per_floor":[59,59,59,59,59,44,44,44,44,39,23,27,36,28,28,34,58,60,64,64,64,41,41,41,22,22,40,45,53,53,63,63,65,75,78,78,80,64,74,86,86,86,86,94,94,94,96,96,96,43],"gold":648,"neow_bonus":"THREE_ENEMY_KILL","is_daily":false,"chose_seed":false,"campfire_upgraded":8,"win_rate":0.0,"timestamp":1611750022,"path_taken":["M","$","?","M","M","E","R","$","T","M","E","M","M","E","R","BOSS","M","M","$","?","M","R","?","E","T","M","M","M","R","E","R","BOSS","M","?","?","M","M","E","R","E","T","M","R","?","?","?","R","BOSS"],"items_purchased_type":["Card","Relic","Relic"],"build_version":"2020-12-22","purchased_purges":1,"victory":true,"max_hp_per_floor":[66,66,66,66,66,66,66,66,66,66,66,66,66,66,66,66,66,66,66,66,66,66,66,66,66,66,70,74,76,76,78,78,78,78,78,78,82,84,88,88,88,90,90,94,94,94,96,96,96,96],"card_choices":[{"not_picked":["Expertise","Dagger Spray"],"picked":"Bouncing Flask","floor":1.0},{"not_picked":["Prepared","Caltrops","Finisher"],"picked":"SKIP","floor":4.0},{"not_picked":["PiercingWail","Escape Plan"],"picked":"Catalyst","floor":5.0},{"not_picked":["Dodge and Roll","Slice"],"picked":"Malaise","floor":6.0},{"not_picked":["Flying Knee","Dodge and Roll"],"picked":"Cloak And Dagger","floor":10.0},{"not_picked":["Predator","Slice"],"picked":"Footwork","floor":10.0},{"not_picked":["Distraction","Escape Plan"],"picked":"Footwork","floor":11.0},{"not_picked":["Flechettes","Tactician"],"picked":"Dodge and Roll","floor":12.0},{"not_picked":["Sucker Punch","Acrobatics","Quick Slash"],"picked":"SKIP","floor":12.0},{"not_picked":["Masterful Stab","Calculated Gamble","Setup"],"picked":"SKIP","floor":13},{"not_picked":["Slice","Dagger Throw","Poisoned Stab"],"picked":"SKIP","floor":13},{"not_picked":["All Out Attack","Blade Dance"],"picked":"Leg Sweep","floor":14},{"not_picked":["Bullet Time","Grand Finale"],"picked":"Corpse Explosion","floor":16},{"not_picked":["Deflect","Footwork"],"picked":"Catalyst+1","floor":18},{"not_picked":["Dagger Spray","Expertise","Outmaneuver"],"picked":"SKIP","floor":18},{"not_picked":["Leg Sweep","Bane"],"picked":"Well Laid Plans+1","floor":19},{"not_picked":["Quick Slash","Dagger Throw"],"picked":"After Image","floor":19},{"not_picked":["Heel Hook","Calculated Gamble","Deflect"],"picked":"SKIP","floor":22},{"not_picked":["Quick Slash+1","Flechettes","Masterful Stab"],"picked":"SKIP","floor":22},{"not_picked":["Cloak And Dagger","Dodge and Roll"],"picked":"Adrenaline","floor":25},{"not_picked":["Finisher","Predator","Tactician"],"picked":"Singing Bowl","floor":27},{"not_picked":["Acrobatics+1","Poisoned Stab","Cloak And Dagger"],"picked":"Singing Bowl","floor":27},{"not_picked":["Concentrate","Noxious Fumes","Flying Knee"],"picked":"Singing Bowl","floor":28},{"not_picked":["Underhanded Strike","Slice","Eviscerate"],"picked":"Singing Bowl","floor":28},{"not_picked":["Expertise","Dagger Spray"],"picked":"Deadly Poison","floor":29},{"not_picked":["Corpse Explosion","Prepared","Dash"],"picked":"Singing Bowl","floor":29},{"not_picked":["Concentrate","Finisher","Dagger Spray+1"],"picked":"Singing Bowl","floor":31},{"not_picked":["A Thousand Cuts","Grand Finale"],"picked":"After Image","floor":33},{"not_picked":["PiercingWail","Blade Dance"],"picked":"Backflip+1","floor":35},{"not_picked":["Bouncing Flask+1","Dash"],"picked":"Backflip+1","floor":35},{"not_picked":["Acrobatics","Deadly Poison","Blade Dance"],"picked":"Singing Bowl","floor":37},{"not_picked":["All Out Attack","Underhanded Strike","Quick Slash"],"picked":"Singing Bowl","floor":37},{"not_picked":["Bouncing Flask","Blade Dance","Masterful Stab"],"picked":"Singing Bowl","floor":38},{"not_picked":["Corpse Explosion","Dagger Spray"],"picked":"Escape Plan","floor":38},{"not_picked":["Backflip","Quick Slash","Deadly Poison"],"picked":"Singing Bowl","floor":39},{"not_picked":["Prepared","Expertise","PiercingWail"],"picked":"Singing Bowl","floor":39},{"not_picked":["Wraith Form v2","Outmaneuver"],"picked":"Dodge and Roll+1","floor":40},{"not_picked":["Caltrops","Phantasmal Killer","Riddle With Holes"],"picked":"Singing Bowl","floor":42},{"not_picked":["Blade Dance","Underhanded Strike+1","PiercingWail"],"picked":"Singing Bowl","floor":44},{"not_picked":["Deadly Poison","Dagger Throw","Heel Hook+1"],"picked":"Singing Bowl","floor":44},{"not_picked":["Finisher","Blade Dance+1","PiercingWail"],"picked":"Singing Bowl","floor":47},{"not_picked":["Calculated Gamble","Noxious Fumes"],"picked":"Caltrops","floor":47}],"player_experience":793731,"relics_obtained":[{"floor":6.0,"key":"Prayer Wheel"},{"floor":9.0,"key":"Meat on the Bone"},{"floor":11.0,"key":"Bird Faced Urn"},{"floor":14,"key":"Ginger"},{"floor":25,"key":"White Beast Statue"},{"floor":26,"key":"Singing Bowl"},{"floor":31,"key":"Regal Pillow"},{"floor":40,"key":"Lantern"},{"floor":42,"key":"Eternal Feather"}],"event_choices":[{"damage_healed":0.0,"max_hp_gain":0.0,"max_hp_loss":0.0,"gold_gain":175.0,"event_name":"Liars Game","player_choice":"AGREE","floor":3.0,"gold_loss":0.0,"damage_taken":0.0,"cards_obtained":["Doubt"]},{"cards_removed":["Strike_G"],"damage_healed":0,"gold_gain":0,"player_choice":"Elegance","damage_taken":0,"max_hp_gain":0,"max_hp_loss":0,"event_name":"Back to Basics","floor":21,"gold_loss":0},{"damage_healed":0,"gold_gain":0,"player_choice":"Opened","damage_taken":0,"relics_obtained":["MawBank"],"max_hp_gain":0,"max_hp_loss":0,"event_name":"The Mausoleum","floor":24,"gold_loss":0},{"damage_healed":0,"gold_gain":0,"player_choice":"Paid Gold","damage_taken":0,"relics_obtained":["Shuriken"],"max_hp_gain":0,"max_hp_loss":0,"event_name":"WeMeetAgain","floor":36,"gold_loss":86},{"damage_healed":0,"gold_gain":0,"player_choice":"1 cards matched","damage_taken":0,"max_hp_gain":0,"max_hp_loss":0,"event_name":"Match and Keep!","floor":46,"gold_loss":0,"cards_obtained":["Deadly Poison"]},{"damage_healed":0,"gold_gain":0,"player_choice":"Bought 0 Potions","damage_taken":0,"max_hp_gain":0,"max_hp_loss":0,"event_name":"The Woman in Blue","floor":48,"gold_loss":0}],"is_beta":false,"boss_relics":[{"not_picked":["Runic Pyramid","WristBlade"],"picked":"Cursed Key"},{"not_picked":["SacredBark","Fusion Hammer"],"picked":"SlaversCollar"}],"items_purged_floors":[20],"is_endless":false,"potions_floor_spawned":[1,5,11,12,13,19,27,28,29,31,33,35,37,38,39,40,42,44,47],"ascension_level":14}}