{"host":"mnpd8gh7cwxsn5kh","time":1611768500,"event":{"mods":["BaseMod","Block Reminder","Colored Map","Colored Powertips","Highlight Path","Minty Spire (QoL Compilation)","Relic Sorter","Relic Stats"],"gold_per_floor":[112,130,130,4,4,4,16,42,42,105,105,131,144,171,171,273,273,289,299,299,60,80,105,105,118,118,153,153,99,112,141,141,244,244,257,275,288,288,288,322,334,148,203,203,203,13,31,57,57,57],"floor_reached":51,"language":"ENG","playtime":6561,"items_purged":[],"score":964,"play_id":"42b5d935-95d4-48c3-ac0e-1f399d517dba","local_time":"20210127182820","is_ascension_mode":true,"campfire_choices":[{"data":"Evaluate","floor":6,"key":"SMITH"},{"data":"Fasting2","floor":15,"key":"SMITH"},{"data":"LikeWater","floor":24,"key":"SMITH"},{"data":"BattleHymn","floor":32,"key":"SMITH"},{"data":"LikeWater","floor":41,"key":"SMITH"},{"floor":45,"key":"RECALL"},{"data":"Omniscience","floor":49,"key":"SMITH"}],"circlet_count":0,"master_deck":["Defend_P+1","Defend_P+1","Defend_P","Defend_P","Eruption+1","Vigilance","Fasting2+1","Evaluate+1","LikeWater+1","ClearTheMind","JustLucky+1","EmptyFist","Protect+1","CarveReality+1","WindmillStrike+1","FearNoEvil+1","LessonLearned+1","Conclude+1","Weave+1","Nirvana+1","InnerPeace","LikeWater+1","LikeWater+1","Protect","LessonLearned+1","PathToVictory+1","Protect+1","Bite+1","Bite+1","Bite+1","Bite+1","Bite+1","BattleHymn+1","CrushJoints+1","Judgement","SpiritShield","Vengeance+1","CutThroughFate+1","Wish","Alpha","Decay","Forethought","Parasite","Meditate","Omniscience+1"],"relics":["Coffee Dripper","Anchor","Whetstone","The Courier","Molten Egg 2","Bottled Lightning","Regal Pillow","VioletLotus","HornCleat","Darkstone Periapt","Ornamental Fan","Du-Vu Doll","Cursed Key","MawBank","Mummified Hand","Melange","Meat on the Bone"],"acts_visited":["Exordium","TheCity","TheBeyond"],"potions_floor_usage":[18,23,31,31,35,47,48,50],"damage_taken":[{"damage":0,"enemies":"Cultist","floor":1,"turns":4},{"damage":0,"enemies":"2 Louse","floor":2,"turns":3},{"damage":0,"enemies":"Small Slimes","floor":7,"turns":5},{"damage":8,"enemies":"Lagavulin","floor":8,"turns":10},{"damage":0,"enemies":"Gremlin Nob","floor":10,"turns":2},{"damage":1,"enemies":"3 Sentries","floor":12,"turns":11},{"damage":1,"enemies":"Looter","floor":13,"turns":3},{"damage":14,"enemies":"Gremlin Nob","floor":14,"turns":4},{"damage":0,"enemies":"Slime Boss","floor":16,"turns":5},{"damage":5,"enemies":"2 Thieves","floor":18,"turns":4},{"damage":0,"enemies":"Shell Parasite","floor":19,"turns":4},{"damage":0,"enemies":"Snake Plant","floor":22,"turns":2},{"damage":15,"enemies":"Book of Stabbing","floor":23,"turns":9},{"damage":1,"enemies":"Sentry and Sphere","floor":25,"turns":7},{"damage":15,"enemies":"Gremlin Leader","floor":27,"turns":11},{"damage":3,"enemies":"3 Cultists","floor":30,"turns":5},{"damage":1,"enemies":"Slavers","floor":31,"turns":3},{"damage":8,"enemies":"Champ","floor":33,"turns":12},{"damage":13,"enemies":"3 Darklings","floor":35,"turns":5},{"damage":0,"enemies":"Orb Walker","floor":36,"turns":4},{"damage":34,"enemies":"Spire Growth","floor":37,"turns":6},{"damage":4,"enemies":"Reptomancer","floor":40,"turns":6},{"damage":42,"enemies":"Writhing Mass","floor":47,"turns":7},{"damage":0,"enemies":"Nemesis","floor":48,"turns":9},{"damage":9,"enemies":"Awakened One","floor":50,"turns":15}],"seed_played":"5132564375007259314","potions_obtained":[{"floor":1,"key":"AttackPotion"},{"floor":3,"key":"DuplicationPotion"},{"floor":3,"key":"EssenceOfSteel"},{"floor":19,"key":"Block Potion"},{"floor":23,"key":"PowerPotion"},{"floor":31,"key":"Ancient Potion"},{"floor":33,"key":"Weak Potion"},{"floor":35,"key":"Explosive Potion"},{"floor":37,"key":"LiquidMemories"},{"floor":47,"key":"Weak Potion"},{"floor":48,"key":"Weak Potion"}],"is_trial":false,"path_per_floor":["M","M","?","$","T","R","M","E","T","?","?","E","M","E","R","B",null,"M","M","?","$","M","E","R","M","T","E","?","$","M","E","R","B",null,"M","M","M","?","?","E","R","$","T","?","R","$","M","E","R","B",null],"character_chosen":"WATCHER","items_purchased":["LikeWater","ClearTheMind","Nirvana","InnerPeace","LikeWater","LikeWater","BattleHymn","Mummified Hand","Forethought","Melange"],"campfire_rested":0,"item_purchase_floors":[4,4,21,21,21,21,29,42,46,46],"current_hp_per_floor":[72,72,72,72,72,72,72,64,64,64,64,63,62,48,48,48,72,67,67,67,67,67,52,52,51,51,36,36,36,39,44,44,49,50,49,50,22,44,42,42,42,42,48,48,48,48,24,42,42,52],"gold":57,"neow_bonus":"BOSS_RELIC","is_daily":false,"chose_seed":false,"campfire_upgraded":6,"win_rate":0.0,"timestamp":1611768500,"path_taken":["M","M","?","$","?","R","M","E","T","?","?","E","M","E","R","BOSS","M","M","?","$","M","E","R","M","T","E","?","?","M","E","R","BOSS","M","M","M","?","?","E","R","$","T","?","R","?","M","E","R","BOSS"],"items_purchased_type":["Card","Card","Card","Card","Card","Card","Card","Relic","Card","Relic"],"build_version":"2020-12-22","purchased_purges":0,"victory":true,"max_hp_per_floor":[72,72,72,72,72,72,72,72,72,72,72,72,72,72,72,72,72,72,72,72,72,72,72,72,72,72,72,50,50,50,50,50,50,50,50,50,50,44,42,42,42,42,48,48,48,48,54,54,54,54],"relic_stats":{"Darkstone Periapt":12,"Regal Pillow":0,"counters":[25,156],"Ornamental Fan":[116],"Mummified Hand":[23],"Melange":[3],"VioletLotus":[11],"Whetstone":["Eruption","JustLucky"],"Cursed Key":1,"MawBank":24,"obtain_stats":[{"Darkstone Periapt":26,"Regal Pillow":14,"Melange":46,"The Courier":9,"Whetstone":8,"Cursed Key":34,"MawBank":40,"Du-Vu Doll":31,"Anchor":5,"HornCleat":23,"Ornamental Fan":27,"Mummified Hand":42,"Molten Egg 2":10,"VioletLotus":17,"Coffee Dripper":0,"Bottled Lightning":12,"PureWater":0,"Meat on the Bone":48},{"Darkstone Periapt":14,"Regal Pillow":8,"Melange":22,"The Courier":4,"Whetstone":4,"Cursed Key":18,"MawBank":22,"Du-Vu Doll":17,"Anchor":2,"HornCleat":13,"Ornamental Fan":15,"Mummified Hand":22,"Molten Egg 2":5,"VioletLotus":9,"Coffee Dripper":0,"Bottled Lightning":6,"PureWater":0,"Meat on the Bone":24},{"Darkstone Periapt":73,"Regal Pillow":42,"Melange":125,"The Courier":22,"Whetstone":22,"Cursed Key":104,"MawBank":125,"Du-Vu Doll":92,"Anchor":7,"HornCleat":66,"Ornamental Fan":84,"Mummified Hand":125,"Molten Egg 2":24,"VioletLotus":47,"Coffee Dripper":0,"Bottled Lightning":35,"PureWater":0,"Meat on the Bone":141}],"Meat on the Bone":0},"card_choices":[{"not_picked":["EmptyMind","Sanctity"],"picked":"Fasting2","floor":1},{"not_picked":["EmptyBody","BowlingBash"],"picked":"Evaluate","floor":2},{"not_picked":["Fasting2","Pray"],"picked":"JustLucky","floor":7},{"not_picked":["Nirvana","EmptyBody"],"picked":"EmptyFist","floor":8},{"not_picked":["SashWhip+1","Crescendo"],"picked":"Protect","floor":10},{"not_picked":["WaveOfTheHand","EmptyBody"],"picked":"CarveReality+1","floor":12},{"not_picked":["Perseverance","Protect"],"picked":"WindmillStrike+1","floor":13},{"not_picked":["DeceiveReality","Consecrate+1"],"picked":"FearNoEvil+1","floor":14},{"not_picked":["Ragnarok+1","Alpha"],"picked":"LessonLearned+1","floor":16},{"not_picked":["Vengeance+1","Meditate"],"picked":"Conclude+1","floor":18},{"not_picked":["Prostrate","Fasting2"],"picked":"Weave+1","floor":19},{"not_picked":["BowlingBash+1","SashWhip+1"],"picked":"Protect","floor":22},{"not_picked":["EmptyBody","ConjureBlade"],"picked":"LessonLearned+1","floor":23},{"not_picked":["Swivel","ClearTheMind"],"picked":"PathToVictory","floor":25},{"not_picked":["WreathOfFlame","Halt"],"picked":"Protect","floor":27},{"not_picked":["WaveOfTheHand","Study+1"],"picked":"CrushJoints+1","floor":30},{"not_picked":["Sanctity+1","EmptyBody"],"picked":"Judgement","floor":31},{"not_picked":["Scrawl","Devotion"],"picked":"SpiritShield","floor":33},{"not_picked":["ClearTheMind+1","WreathOfFlame"],"picked":"Vengeance+1","floor":35},{"not_picked":["Adaptation+1","CrushJoints+1"],"picked":"CutThroughFate+1","floor":36},{"not_picked":["WindmillStrike+1","SashWhip+1"],"picked":"Wish","floor":37},{"not_picked":["Meditate","Prostrate"],"picked":"Alpha","floor":40},{"not_picked":["FlurryOfBlows+1","Halt"],"picked":"Meditate","floor":47},{"not_picked":["WindmillStrike+1","Sanctity"],"picked":"Omniscience","floor":48}],"player_experience":111905,"relics_obtained":[{"floor":5,"key":"Anchor"},{"floor":8,"key":"Whetstone"},{"floor":9,"key":"The Courier"},{"floor":10,"key":"Molten Egg 2"},{"floor":12,"key":"Bottled Lightning"},{"floor":14,"key":"Regal Pillow"},{"floor":23,"key":"HornCleat"},{"floor":26,"key":"Darkstone Periapt"},{"floor":27,"key":"Ornamental Fan"},{"floor":31,"key":"Du-Vu Doll"},{"floor":40,"key":"MawBank"},{"floor":48,"key":"Meat on the Bone"}],"event_choices":[{"damage_healed":0,"gold_gain":0,"player_choice":"Got Potions","damage_taken":0,"max_hp_gain":0,"max_hp_loss":0,"event_name":"Lab","floor":3,"gold_loss":0},{"damage_healed":0,"gold_gain":30,"player_choice":"Searched \u00272\u0027 times","damage_taken":0,"max_hp_gain":0,"max_hp_loss":0,"event_name":"Dead Adventurer","floor":10,"gold_loss":0},{"damage_healed":0,"gold_gain":0,"player_choice":"Fled","damage_taken":0,"max_hp_gain":0,"max_hp_loss":0,"event_name":"Scrap Ooze","floor":11,"gold_loss":0},{"damage_healed":0,"gold_gain":0,"player_choice":"Ignored","damage_taken":0,"max_hp_gain":0,"max_hp_loss":0,"event_name":"Beggar","floor":20,"gold_loss":0},{"damage_healed":0,"gold_gain":0,"player_choice":"Became a vampire","damage_taken":0,"max_hp_gain":0,"max_hp_loss":22,"event_name":"Vampires","floor":28,"gold_loss":0,"cards_obtained":["Bite","Bite","Bite","Bite","Bite"]},{"damage_healed":44,"gold_gain":0,"player_choice":"Heal","damage_taken":0,"max_hp_gain":0,"max_hp_loss":6,"event_name":"The Moai Head","floor":38,"gold_loss":0},{"damage_healed":0,"gold_gain":0,"player_choice":"Max HP","damage_taken":0,"max_hp_gain":0,"max_hp_loss":2,"event_name":"Winding Halls","floor":39,"gold_loss":0},{"damage_healed":0,"gold_gain":0,"player_choice":"Ignored","damage_taken":0,"max_hp_gain":0,"max_hp_loss":0,"event_name":"Tomb of Lord Red Mask","floor":44,"gold_loss":0}],"is_beta":false,"boss_relics":[{"not_picked":["Tiny House","Black Star"],"picked":"VioletLotus"},{"not_picked":["Fusion Hammer","Velvet Choker"],"picked":"Cursed Key"}],"items_purged_floors":[],"is_endless":false,"potions_floor_spawned":[1,12,14,19,23,31,33,35,37,47,48],"ascension_level":2}}