{"host":"qg654vxoo1kzp6cj","time":1611706454,"event":{"mods":["100% Spire Juice","2.2 Compatiblity","Act Like it!","Aspiration","BaseMod","Better Altar","Better Skull","Better Third Choice","Better Vampires","Displayed Cursed Tome","Downfall","Elementarium","Gensokyo","GifTheSpireLib","Hallownest","HololiveMod","Hubris","Ironclad Rager","Menagerie","Minty Spire (QoL Compilation)","MostiFishMod","Pale of the Ancients","Reliquary","Replay The Spire","Spicy Shops","StSLib","Stuff the Spire","The Animator","The Bug Knight","The Runesmith","The Senshi","The Servant 0.9.4","TheHero","Wandering Minibosses","WarShipGirlsR/????R mod"],"gold_per_floor":[114,114,130,0,0,31,45,45,45,45,77,93,17,17,17,119,119,136,201,201,101,114,147,174,174,225,251,292,304,327,370,382,489,501,533,545,457,6,6,37,37,51,99,131,131,143,175,188,188,188,201,219,319,344,344,360,360,9,9,9],"floor_reached":61,"language":"ENG","playtime":2825,"items_purged":[],"score":1981,"play_id":"a6ce1936-5ad4-4db3-9abd-0b78c84f31ae","local_time":"20210126191414","is_ascension_mode":true,"campfire_choices":[{"data":"Loop","floor":8,"key":"SMITH"},{"data":"Enlightenment","floor":10,"key":"SMITH"},{"data":"aspiration:Polymerization","floor":15,"key":"SMITH"},{"data":"StuffTheSpire:Ambrosia","floor":25,"key":"SMITH"},{"floor":32,"key":"REST"},{"floor":41,"key":"RECALL"},{"data":"MostiFishMod:Prepare","floor":45,"key":"SMITH"},{"data":"Buffer","floor":49,"key":"SMITH"},{"data":"MostiFishMod:ReadyAimFire","floor":55,"key":"SMITH"},{"floor":57,"key":"REST"}],"circlet_count":0,"master_deck":["Strike_B","Strike_B","Strike_B+1","Strike_B","Defend_B","Defend_B","Defend_B","Zap","Dualcast","Leap","Loop+1","Core Surge","Conserve Battery","aspiration:Polymerization+1","Ball Lightning","Creative AI","Cold Snap+1","Melter","StuffTheSpire:Ambrosia+1","Redo+1","Buffer+1","Chaos+1","Defragment","MostiFishMod:ReadyAimFire+1","White Noise+1","Storm+1","MostiFishMod:Prepare+1","Rebound","MostiFishMod:PushDownKick+1","Chaos+1","Defragment","hubris:PowerSurge","Tempest","Storm","Panacea"],"relics":["Cracked Core","DaveBox","NeowsBlessing","SynthV:TestCard","Civilization","Juzu Bracelet","hubris:OldNail","Replay:Bottled Flurry","reliquary:RedPaperclip","StuffTheSpire:RubySignet","WingedGreaves","hubris:FunFungus","reliquary:Knoch","MawBank","reliquary:TuningFork","Omamori","aspiration:PoetsPen","wanderingMiniBosses:CarrionFlame","Matryoshka","Medical Kit","Technique","hubris:DeckOfHolding","reliquary:PorcupineQuills","Potion Belt","StuffTheSpire:Expresso","Chameleon Ring","paleoftheancients:Timepiece","paleoftheancients:KeyRelic","CultistMask","reliquary:RoseTintedGlasses","Whetstone","paleoftheancients:SoulOfTheDefect","BargainBundle","Replay:Frozen Program"],"acts_visited":["Exordium","TheCity","TheBeyond","TheBeyond"],"potions_floor_usage":[16,16,23,27,27,30,33,50,50,50,50,52],"damage_taken":[{"damage":0,"enemies":"Small Slimes","floor":1,"turns":1},{"damage":0,"enemies":"2 Louse","floor":3,"turns":1},{"damage":0,"enemies":"Lagavulin","floor":6,"turns":1},{"damage":4,"enemies":"Jaw Worm","floor":7,"turns":2},{"damage":4,"enemies":"Gremlin Nob","floor":11,"turns":3},{"damage":0,"enemies":"Looter","floor":12,"turns":3},{"damage":15,"enemies":"The Guardian","floor":16,"turns":5},{"damage":14,"enemies":"Shell Parasite","floor":18,"turns":3},{"damage":0,"enemies":"Spheric Guardian","floor":22,"turns":3},{"damage":12,"enemies":"Replay:Snechameleon","floor":23,"turns":4},{"damage":17,"enemies":"HollowMod:Nosk","floor":24,"turns":4},{"damage":19,"enemies":"Gremlin Leader","floor":27,"turns":5},{"damage":45,"enemies":"Book of Stabbing","floor":28,"turns":5},{"damage":0,"enemies":"Snecko","floor":30,"turns":2},{"damage":5,"enemies":"HollowMod:Nosk","floor":31,"turns":2},{"damage":16,"enemies":"Pondfish","floor":33,"turns":3},{"damage":11,"enemies":"3 Shapes","floor":35,"turns":5},{"damage":11,"enemies":"Giant Head","floor":40,"turns":4},{"damage":12,"enemies":"Orb Walker","floor":42,"turns":2},{"damage":0,"enemies":"Nemesis","floor":44,"turns":3},{"damage":0,"enemies":"Transient","floor":46,"turns":5},{"damage":0,"enemies":"R_Hoarder","floor":47,"turns":4},{"damage":16,"enemies":"Sphere and 2 Shapes","floor":48,"turns":2},{"damage":37,"enemies":"Time Eater","floor":50,"turns":5},{"damage":77,"enemies":"Time Eater","floor":51,"turns":6},{"damage":18,"enemies":"Time Eater","floor":52,"turns":3},{"damage":65,"enemies":"Time Eater","floor":56,"turns":8},{"damage":92,"enemies":"paleoftheancients:N","floor":60,"turns":4}],"seed_played":"-5000292469002943175","potions_obtained":[{"floor":11,"key":"EssenceOfSteel"},{"floor":12,"key":"BlessingOfTheForge"},{"floor":16,"key":"DuplicationPotion"},{"floor":22,"key":"ColorlessPotion"},{"floor":23,"key":"FearPotion"},{"floor":27,"key":"Strength Potion"},{"floor":31,"key":"LiquidMemories"},{"floor":40,"key":"SkillPotion"},{"floor":44,"key":"Dexterity Potion"},{"floor":46,"key":"AttackPotion"},{"floor":47,"key":"SpeedPotion"},{"floor":51,"key":"Languid Potion"},{"floor":56,"key":"Swift Potion"}],"is_trial":false,"path_per_floor":["M","?","M","?","?","E","M","R","T","R","E","M","$","T","R","B",null,"M","?","?","?","M","E","E","R","T","E","E","?","M","E","R","B",null,"M","?","NS","$","?","E","R","M","T","E","R","M","E","M","R","B","M","M","?","T","R","M","R","$","?","B",null],"character_chosen":"DEFECT","items_purchased":["hubris:OldNail","Matryoshka","Medical Kit","Technique","BargainBundle","Replay:Frozen Program","Storm","Panacea","PotionOfCapacity","PowerPotion","Weak Potion"],"campfire_rested":2,"item_purchase_floors":[13,38,38,38,58,58,58,58,58,58,58],"current_hp_per_floor":[68,52,54,60,60,63,63,63,63,63,64,69,84,84,84,74,97,88,88,88,88,94,88,77,77,77,65,28,28,42,44,90,81,143,143,143,143,143,180,176,176,173,173,187,187,198,214,206,206,228,206,227,227,227,227,219,261,261,261,222],"gold":9,"neow_bonus":"THREE_ENEMY_KILL","is_daily":false,"chose_seed":false,"campfire_upgraded":7,"win_rate":0.0,"timestamp":1611706454,"path_taken":["M","?","M","?","?","E","M","R","T","R","E","M","?","?","R","BOSS","M","?","?","?","M","E","E","R","T","E","E","?","M","E","R","BOSS","M","?","NS","$","?","E","R","M","T","E","R","M","E","M","R","BOSS","M","M","?","T","R","M","R","$","?","BOSS"],"items_purchased_type":["Relic","Relic","Relic","Relic","Relic","Relic","Card","Card","Potion","Potion","Potion"],"build_version":"2020-12-22","purchased_purges":0,"victory":true,"max_hp_per_floor":[75,75,77,83,83,86,90,90,90,90,95,100,100,100,100,105,105,110,110,110,110,116,122,128,128,128,135,142,142,149,156,156,163,163,170,170,170,170,180,187,187,194,194,201,201,208,215,222,222,240,247,254,254,254,254,261,261,261,261,268],"card_choices":[{"not_picked":["Hologram","Barrage"],"picked":"Leap","floor":1},{"not_picked":["Streamline","Chill","Melter","Ball Lightning"],"picked":"Loop","floor":3},{"not_picked":["Go for the Eyes","Coolheaded","Barrage","Cold Snap"],"picked":"Core Surge","floor":6},{"not_picked":["Fusion","Aggregate","Auto Shields","Rebound"],"picked":"Conserve Battery","floor":7},{"not_picked":["hubris:PowerSurge","Gash","Sweeping Beam","StuffTheSpire:ShieldGenerator"],"picked":"aspiration:Polymerization","floor":11},{"not_picked":["Rebound","Double Energy","Lockon","MostiFishMod:PushDownKick"],"picked":"Ball Lightning","floor":12},{"not_picked":["Core Surge","MostiFishMod:InterfaceCompatibility","Hyperbeam","MostiFishMod:SeaWaves"],"picked":"Creative AI","floor":16},{"not_picked":["Coolheaded","Compile Driver","Gash","Conserve Battery+1"],"picked":"Cold Snap","floor":18},{"not_picked":["StuffTheSpire:ShieldGenerator","Hello World+1","Darkness","Stack"],"picked":"StuffTheSpire:Plugnplay+1","floor":19},{"not_picked":["aspiration:Polymerization+1","Ball Lightning+1","Barrage","Sweeping Beam"],"picked":"Melter","floor":19},{"not_picked":["MostiFishMod:ReprogramOld+1","Steam+1","Coolheaded","StuffTheSpire:GlassShard"],"picked":"Redo+1","floor":22},{"not_picked":["Skim","Steam","Hologram","Turbo"],"picked":"Buffer","floor":23},{"not_picked":["Static Discharge+1","Darkness","Turbo","Steam Power"],"picked":"Chaos","floor":24},{"not_picked":["Ball Lightning","StuffTheSpire:Plugnplay+1","Sunder","Chill"],"picked":"Defragment","floor":27},{"not_picked":["Streamline","Stack","BootSequence","Self Repair"],"picked":"MostiFishMod:ReadyAimFire","floor":28},{"not_picked":["Rebound","Steam","Sweeping Beam+1","Sunder"],"picked":"White Noise","floor":30},{"not_picked":["Redo","Beam Cell","MostiFishMod:PushDownKick","MostiFishMod:Exploitation"],"picked":"Storm","floor":31},{"not_picked":["Core Surge","MostiFishMod:InterfaceCompatibility","hubris:DoWhile","StuffTheSpire:EventHorizon"],"picked":"MostiFishMod:Prepare","floor":33},{"not_picked":["Coolheaded+1","Ball Lightning+1","Recycle+1","StuffTheSpire:LoadUp"],"picked":"Rebound","floor":35},{"not_picked":["StuffTheSpire:Plugnplay+1","Steam Power+1","StuffTheSpire:LaunchingStrike","StuffTheSpire:GlassShard","StuffTheSpire:LoadUp"],"picked":"SKIP","floor":40},{"not_picked":["StuffTheSpire:SnapShoot","Lockon","Gash","Hologram+1","Compile Driver"],"picked":"SKIP","floor":42},{"not_picked":["Gash+1","Steam+1","Leap+1","StuffTheSpire:Plugnplay"],"picked":"MostiFishMod:PushDownKick+1","floor":44},{"not_picked":["Hyperbeam","hubris:Ukulele+1","Leap","StuffTheSpire:LoadUp","Steam+1"],"picked":"SKIP","floor":46},{"not_picked":["StuffTheSpire:LoadUp","Redo","Conserve Battery+1","StuffTheSpire:Plugnplay","Stack+1"],"picked":"SKIP","floor":47},{"not_picked":["Fusion","StuffTheSpire:LoadUp","Gash+1","Reinforced Body+1"],"picked":"Chaos+1","floor":48},{"not_picked":["Stack+1","Sweeping Beam","Sunder","MostiFishMod:PushDownKick+1"],"picked":"Defragment","floor":51},{"not_picked":["Barrage","Cold Snap+1","StuffTheSpire:LoadUp","MostiFishMod:PushDownKick+1"],"picked":"hubris:PowerSurge","floor":52},{"not_picked":["MostiFishMod:Impulse","Blizzard+1","Streamline+1","Chill"],"picked":"Tempest","floor":56}],"player_experience":835715,"relics_obtained":[{"floor":1,"key":"SynthV:TestCard"},{"floor":6,"key":"MealTicket"},{"floor":11,"key":"Juzu Bracelet"},{"floor":14,"key":"Replay:Bottled Flurry"},{"floor":19,"key":"StuffTheSpire:RubySignet"},{"floor":23,"key":"WingedGreaves"},{"floor":24,"key":"hubris:FunFungus"},{"floor":26,"key":"reliquary:Knoch"},{"floor":27,"key":"MawBank"},{"floor":28,"key":"reliquary:TuningFork"},{"floor":31,"key":"Omamori"},{"floor":35,"key":"wanderingMiniBosses:CarrionFlame"},{"floor":40,"key":"hubris:DeckOfHolding"},{"floor":43,"key":"reliquary:PorcupineQuills"},{"floor":43,"key":"Potion Belt"},{"floor":44,"key":"StuffTheSpire:Expresso"},{"floor":47,"key":"Chameleon Ring"},{"floor":54,"key":"reliquary:RoseTintedGlasses"},{"floor":54,"key":"Whetstone"},{"floor":56,"key":"paleoftheancients:SoulOfTheDefect"}],"event_choices":[{"damage_healed":0,"gold_gain":0,"player_choice":"RENOUNCE","damage_taken":130,"max_hp_gain":0,"max_hp_loss":0,"event_name":"betterThird:BetterSerpent","floor":4,"gold_loss":130,"cards_obtained":["Enlightenment"]},{"damage_healed":0,"gold_gain":0,"player_choice":"Ignored","damage_taken":0,"max_hp_gain":0,"max_hp_loss":0,"event_name":"Beggar","floor":20,"gold_loss":0},{"damage_healed":0,"gold_gain":0,"player_choice":"Upgraded","damage_taken":0,"max_hp_gain":0,"max_hp_loss":0,"event_name":"Upgrade Shrine","floor":29,"gold_loss":0,"cards_upgraded":["Chaos"]},{"damage_healed":0,"gold_gain":0,"player_choice":"Ignored","damage_taken":0,"max_hp_gain":0,"max_hp_loss":0,"event_name":"Tomb of Lord Red Mask","floor":36,"gold_loss":0},{"cards_removed":["MostiFishMod:DustFall"],"damage_healed":27,"gold_gain":0,"player_choice":"Offered Rare","damage_taken":0,"max_hp_gain":10,"max_hp_loss":0,"event_name":"Bonfire Elementals","floor":39,"gold_loss":0},{"damage_healed":0,"gold_gain":100,"player_choice":"Pray","damage_taken":0,"max_hp_gain":0,"max_hp_loss":0,"event_name":"Golden Shrine","floor":53,"gold_loss":0}],"is_beta":false,"boss_relics":[{"not_picked":["ShadowXiaoBlade","reliquary:KinkedSpring"],"picked":"reliquary:RedPaperclip"},{"not_picked":["HaiYi:Twilight","MostiFishMod:Hod"],"picked":"aspiration:PoetsPen"}],"items_purged_floors":[],"is_endless":false,"potions_floor_spawned":[11,12,16,22,23,27,31,40,44,46,47,51,56],"ascension_level":6}}