{"host":"i4eavuqabbk5mi94","time":1611774145,"event":{"mods":["BaseMod","Googly Eyes","Minty Spire (QoL Compilation)"],"gold_per_floor":[111,122,122,140,140,173,188,217,241,260,279,279,279,297,297,402,402,402,402],"floor_reached":18,"language":"ENG","playtime":707,"items_purged":[],"score":174,"play_id":"de149cf7-d92c-453b-91be-52ef2eb76e66","local_time":"20210127190225","is_ascension_mode":false,"campfire_choices":[{"floor":15.0,"key":"REST"}],"circlet_count":0,"master_deck":["Strike_P+1","Strike_P","Strike_P","Defend_P","Defend_P","Defend_P","Defend_P","Eruption","Vigilance","EmptyBody+1","Adaptation+1","Wallop","TalkToTheHand","ThirdEye","BowlingBash","Scrawl","JustLucky","Parasite","LessonLearned"],"relics":["Velvet Choker","Juzu Bracelet","Potion Belt","Art of War","Snecko Eye"],"acts_visited":["Exordium","TheCity"],"potions_floor_usage":[],"damage_taken":[{"damage":0.0,"enemies":"Cultist","floor":1.0,"turns":3.0},{"damage":0.0,"enemies":"Small Slimes","floor":2.0,"turns":3.0},{"damage":0.0,"enemies":"2 Louse","floor":4.0,"turns":2.0},{"damage":19.0,"enemies":"Lagavulin","floor":6.0,"turns":8.0},{"damage":10.0,"enemies":"Lots of Slimes","floor":7.0,"turns":3.0},{"damage":24.0,"enemies":"Gremlin Nob","floor":8.0,"turns":6.0},{"damage":0.0,"enemies":"Blue Slaver","floor":10.0,"turns":3.0},{"damage":0.0,"enemies":"2 Fungi Beasts","floor":11.0,"turns":2.0},{"damage":0.0,"enemies":"Red Slaver","floor":14.0,"turns":3.0},{"damage":27.0,"enemies":"Slime Boss","floor":16.0,"turns":9.0},{"damage":8,"enemies":"Spheric Guardian","floor":18,"turns":3}],"seed_played":"-5344880602300524956","potions_obtained":[{"floor":8.0,"key":"Swift Potion"},{"floor":11.0,"key":"Swift Potion"},{"floor":14.0,"key":"DuplicationPotion"},{"floor":16.0,"key":"Swift Potion"}],"is_trial":false,"path_per_floor":["M","M","?","M","?","E","M","E","T","M","M","?","?","M","R","B",null,"M"],"character_chosen":"WATCHER","items_purchased":[],"campfire_rested":1,"item_purchase_floors":[],"current_hp_per_floor":[72,72,58,58,58,39,29,5,5,5,5,5,23,23,44,17,72,64,64],"gold":402,"neow_bonus":"BOSS_RELIC","is_daily":false,"chose_seed":false,"campfire_upgraded":0,"win_rate":0.0,"timestamp":1611774145,"path_taken":["M","?","?","M","?","E","M","E","T","M","M","?","?","M","R","BOSS","M"],"items_purchased_type":[],"build_version":"2020-12-22","purchased_purges":0,"victory":false,"max_hp_per_floor":[72,72,72,72,72,72,72,72,72,72,72,72,72,72,72,72,72,72,72],"card_choices":[{"not_picked":["ClearTheMind","Evaluate"],"picked":"EmptyBody","floor":1.0},{"not_picked":["WindmillStrike","Halt"],"picked":"Adaptation","floor":2.0},{"not_picked":["Prostrate","Pray"],"picked":"Wallop","floor":4.0},{"not_picked":["BowlingBash","Prostrate"],"picked":"TalkToTheHand","floor":6.0},{"not_picked":["Protect","Prostrate"],"picked":"ThirdEye","floor":7.0},{"not_picked":["ReachHeaven","EmptyBody"],"picked":"BowlingBash","floor":8.0},{"not_picked":["Worship","Consecrate"],"picked":"Scrawl","floor":10.0},{"not_picked":["FearNoEvil","Nirvana"],"picked":"JustLucky","floor":11.0},{"not_picked":["CutThroughFate","EmptyFist","Crescendo"],"picked":"SKIP","floor":14.0},{"not_picked":["Brilliance","MasterReality"],"picked":"LessonLearned","floor":16.0}],"player_experience":401586,"relics_obtained":[{"floor":6.0,"key":"Juzu Bracelet"},{"floor":8.0,"key":"Potion Belt"},{"floor":9.0,"key":"Art of War"}],"event_choices":[{"damage_healed":0.0,"max_hp_gain":0.0,"max_hp_loss":0.0,"gold_gain":0.0,"event_name":"Shining Light","player_choice":"Entered Light","floor":3.0,"gold_loss":0.0,"damage_taken":14.0,"cards_upgraded":["EmptyBody","Strike_P"]},{"damage_healed":0.0,"max_hp_gain":0.0,"max_hp_loss":0.0,"gold_gain":0.0,"event_name":"Living Wall","player_choice":"Grow","floor":5.0,"gold_loss":0.0,"damage_taken":0.0,"cards_upgraded":["Adaptation"]},{"cards_removed":["Strike_P"],"damage_healed":0.0,"max_hp_gain":0.0,"max_hp_loss":0.0,"gold_gain":0.0,"event_name":"Purifier","player_choice":"Purged","floor":12.0,"gold_loss":0.0,"damage_taken":0.0},{"damage_healed":18.0,"max_hp_gain":0.0,"max_hp_loss":0.0,"gold_gain":0.0,"event_name":"Mushrooms","player_choice":"Healed and dodged fight","floor":13.0,"gold_loss":0.0,"damage_taken":0.0,"cards_obtained":["Parasite"]}],"is_beta":false,"boss_relics":[{"not_picked":["Busted Crown","Tiny House"],"picked":"Snecko Eye"}],"items_purged_floors":[],"is_endless":false,"potions_floor_spawned":[8,11,14,16],"killed_by":"Spheric Guardian","ascension_level":0}}