{"host":"iy54rgx5egu9t31x","time":1611707464,"event":{"mods":["2.2 Compatiblity","Act Like it!","Always Whale","BaseMod","Gensokyo","Koishi","Marisa£®ÏF”Í°°ƒß¿Ì…≥£©","Minty Spire (QoL Compilation)","Quick Restart","Reimu£®≤©¿ˆ¡È√Œ£©","StSLib","SuperFastMode"],"gold_per_floor":[112,112,112,3,22,352,73,105,130,130,130,130,130,143,143,248,248,266,266,283,299,316,350,365,245,245,245,21,38,363,389,389,484,484,503,72,12,12,29,64,64,99,172,172,500,530,530,16,16,16,16,16,16,51,51],"floor_reached":56,"language":"ZHS","playtime":2241,"items_purged":[],"score":1521,"play_id":"91c457d2-54d2-4e22-bf5f-51378d2d56fa","local_time":"20210127083104","is_ascension_mode":true,"campfire_choices":[{"data":"AlertArray:ReiMu","floor":13.0,"key":"SMITH"},{"data":"Conquer:ReiMu","floor":15.0,"key":"SMITH"},{"data":"DependentForm:ReiMu","floor":32.0,"key":"SMITH"},{"floor":49,"key":"RECALL"},{"data":"KyokaiOfKami:ReiMu","floor":52,"key":"SMITH"}],"circlet_count":0,"master_deck":["Strike_Lin:ReiMu","Strike_Lin:ReiMu","Defend_Lin:ReiMu+1","Defend_Lin:ReiMu+1","Defend_Lin:ReiMu","AlertArray:ReiMu+1","Enchanting:ReiMu+1","ManaGlint:ReiMu","Authority:ReiMu","Conquer:ReiMu+1","OrbThrow:ReiMu+1","Gensokyo:CrescentMoonSlash+1","DoubleButterfly:ReiMu+1","CurseOfTheBell","RainPray2:ReiMu","AirManeuver:ReiMu+1","OctopathBindingBorder2:ReiMu","NineCharacters:ReiMu","CleanRite:ReiMu","SubAcupoint:ReiMu+1","Gensokyo:Taser","KyokaiOfKami:ReiMu+1","Authority:ReiMu","CareerPray:ReiMu+1","Gensokyo:ShootingStar","YinYang:ReiMu+1","SpiritualOutbreak2:ReiMu+1","Gensokyo:RedCapeBlueCape+1","Gensokyo:CustomPotion","ShadowOfCrow2:ReiMu+1","RainPray2:ReiMu+1","PrayRite:ReiMu","LearningPray:ReiMu","PayForSelf:ReiMu+1","AirManeuver:ReiMu+1","UpKicking:ReiMu+1","YinYangSange:ReiMu","SafetyPray:ReiMu+1"],"relics":["Coffee Dripper","Happy Flower","Juzu Bracelet","Letter Opener","Molten Egg 2","Matryoshka","Centennial Puzzle","Bag of Marbles","HornCleat","Gensokyo:Justice","Calling Bell","Mastiff:ReiMu","Tea:ReiMu","Lizard Tail","Gensokyo:RedStar","Unceasing Top","Gensokyo:LionMask","War Paint","Vajra","Gensokyo:ConquerorOfFear","WingedGreaves","Mercury Hourglass","SkyOrb:ReiMu","Toy Ornithopter","CrownOfHeavens:ReiMu","Bottled Flame","Gensokyo:TheCrow","PureWhite:ReiMu","Lantern","Peace Pipe","Art of War","Orichalcum","Pantograph","Oddly Smooth Stone","Dead Branch","Bow_fan:ReiMu"],"acts_visited":["Gensokyo:Gensokyo","Gensokyo:Gensokyoer","Gensokyo:Gensokyoest","TheEnding"],"potions_floor_usage":[55,55,55],"damage_taken":[{"damage":0.0,"enemies":"Gensokyo:3_Fairies","floor":1.0,"turns":5.0},{"damage":10.0,"enemies":"Gensokyo:Gryphon","floor":5.0,"turns":6.0},{"damage":1.0,"enemies":"Gensokyo:Mamizou","floor":6.0,"turns":9.0},{"damage":15.0,"enemies":"Gensokyo:Cirno","floor":8.0,"turns":5.0},{"damage":0.0,"enemies":"Gensokyo:2_Kodama","floor":14.0,"turns":2.0},{"damage":8.0,"enemies":"Gensokyo:Yukari","floor":16.0,"turns":5.0},{"damage":1.0,"enemies":"Gensokyo:3_Dogs","floor":18.0,"turns":2.0},{"damage":0.0,"enemies":"Gensokyo:2_Gloops","floor":20.0,"turns":2.0},{"damage":0.0,"enemies":"Gensokyo:Mirror_and_Dog","floor":21.0,"turns":2.0},{"damage":10.0,"enemies":"Gensokyo:Slime_Group","floor":22.0,"turns":5.0},{"damage":0.0,"enemies":"Gensokyo:Reisen","floor":23.0,"turns":4.0},{"damage":0.0,"enemies":"Gensokyo:Swordslinger","floor":24.0,"turns":4.0},{"damage":17.0,"enemies":"Gensokyo:Monolith_and_Dog","floor":29.0,"turns":5.0},{"damage":9.0,"enemies":"Gensokyo:Koishi","floor":30.0,"turns":6.0},{"damage":13.0,"enemies":"Gensokyo:Tenshi","floor":31.0,"turns":4.0},{"damage":23,"enemies":"Gensokyo:Kaguya","floor":33,"turns":9},{"damage":5,"enemies":"Gensokyo:AncientGuardian","floor":35,"turns":5},{"damage":4,"enemies":"Gensokyo:3_Boulders","floor":39,"turns":4},{"damage":0,"enemies":"Gensokyo:Doremy","floor":40,"turns":6},{"damage":11,"enemies":"Gensokyo:Kasen","floor":42,"turns":6},{"damage":1,"enemies":"Gensokyo:Doremy","floor":45,"turns":4},{"damage":0,"enemies":"Gensokyo:Marisa","floor":46,"turns":4},{"damage":30,"enemies":"Gensokyo:Scarlet_Devils","floor":50,"turns":5},{"damage":2,"enemies":"Shield and Spear","floor":54,"turns":4},{"damage":36,"enemies":"The Heart","floor":55,"turns":6}],"seed_played":"-5298182302080259702","potions_obtained":[{"floor":8.0,"key":"MagicPotion:ReiMu"},{"floor":14.0,"key":"HakureiPotion:ReiMu"},{"floor":20.0,"key":"SpeedPotion"},{"floor":21.0,"key":"Block Potion"},{"floor":24.0,"key":"BlessingOfTheForge"},{"floor":29.0,"key":"FairyPotion"},{"floor":30.0,"key":"Weak Potion"},{"floor":39,"key":"Swift Potion"},{"floor":42,"key":"Swift Potion"}],"is_trial":false,"path_per_floor":["M","?","?","COS","M","E","$","E","T","?","?","?","R","M","R","B",null,"M","?","M","M","M","E","M","?","T","?","COS","M","E","E","R","B",null,"M","COS","?","?","M","E","?","E","T","?","E","E","?","$","R","B",null,"R","$","E","B",null],"character_chosen":"REIMU","items_purchased":["Letter Opener","Conquer:ReiMu","Pantograph","Oddly Smooth Stone","YinYangSange:ReiMu","PowerPotion"],"campfire_rested":0,"item_purchase_floors":[7,7,48,48,48,48],"current_hp_per_floor":[65,65,65,65,55,54,54,39,39,26,17,17,17,17,17,9,65,64,64,64,64,54,54,54,54,54,54,54,37,28,15,15,36,65,60,60,60,60,56,56,56,45,45,45,44,44,44,44,63,35,65,65,65,63,36],"gold":51,"neow_bonus":"BOSS_RELIC","is_daily":false,"chose_seed":false,"campfire_upgraded":4,"win_rate":0.0,"timestamp":1611707464,"path_taken":["M","?","?","COS","M","E","$","E","T","?","?","?","R","M","R","BOSS","M","?","M","M","M","E","M","?","T","?","COS","M","E","E","R","BOSS","M","COS","?","?","M","E","?","E","T","?","E","E","?","?","R","BOSS","R","$","E","BOSS"],"items_purchased_type":["Relic","Card","Relic","Relic","Card","Potion"],"build_version":"2020-12-22","purchased_purges":0,"victory":true,"max_hp_per_floor":[65,65,65,65,65,65,65,65,65,65,65,65,65,65,65,65,65,65,65,65,65,65,65,65,65,65,65,65,65,65,65,65,65,65,65,65,65,65,65,65,65,65,65,65,65,65,65,65,65,65,65,65,65,65,65],"card_choices":[{"not_picked":["SpreadBorder2:ReiMu","SubAcupoint:ReiMu"],"picked":"AlertArray:ReiMu","floor":1.0},{"not_picked":["OrbThrow:ReiMu+1","PayForSelf:ReiMu+1"],"picked":"Enchanting:ReiMu+1","floor":5.0},{"not_picked":["OrbThrow:ReiMu","CareerPray:ReiMu"],"picked":"ManaGlint:ReiMu","floor":5.0},{"not_picked":["ManaGlint:ReiMu","InherentArray:ReiMu"],"picked":"Authority:ReiMu","floor":6.0},{"not_picked":["Amulet:ReiMu","Intuition:ReiMu"],"picked":"OrbThrow:ReiMu+1","floor":8.0},{"not_picked":["AirStrike:ReiMu+1","PhosphorusFlame:ReiMu"],"picked":"DoubleButterfly:ReiMu+1","floor":14.0},{"not_picked":["BlastKick2:ReiMu+1","KyokaiOfKami:ReiMu"],"picked":"DependentForm:ReiMu","floor":16.0},{"not_picked":["CareerPray:ReiMu","Enchanting:ReiMu"],"picked":"RainPray2:ReiMu","floor":18.0},{"not_picked":["WonderfulDomain:ReiMu","SpringWay:ReiMu+1"],"picked":"AirManeuver:ReiMu+1","floor":20.0},{"not_picked":["FantasyBorder:ReiMu+1","EmergencyTakeOff:ReiMu"],"picked":"OctopathBindingBorder2:ReiMu","floor":21.0},{"not_picked":["Conquer:ReiMu+1","CareerPray:ReiMu+1"],"picked":"NineCharacters:ReiMu","floor":22.0},{"not_picked":["WonderfulDomain:ReiMu","AlertArray:ReiMu+1"],"picked":"CleanRite:ReiMu","floor":23.0},{"not_picked":["TightArray:ReiMu+1","Conquer:ReiMu+1"],"picked":"SubAcupoint:ReiMu+1","floor":24.0},{"not_picked":["SpringWay:ReiMu","ManaGlint:ReiMu+1"],"picked":"EmergencyTakeOff:ReiMu+1","floor":29.0},{"not_picked":["Dreaming:ReiMu","CeremonyResonance:ReiMu"],"picked":"KyokaiOfKami:ReiMu","floor":30.0},{"not_picked":["Mountainwind:ReiMu","CareerPray:ReiMu+1"],"picked":"Authority:ReiMu","floor":30.0},{"not_picked":["Meditation:ReiMu","SafetyPray:ReiMu"],"picked":"CareerPray:ReiMu+1","floor":31.0},{"not_picked":[],"picked":"Gensokyo:ShootingStar","floor":33},{"not_picked":["CardOfSanctity:ReiMu","CeremonyResonance:ReiMu"],"picked":"YinYang:ReiMu+1","floor":33},{"not_picked":["CareerPray:ReiMu","Meditation:ReiMu"],"picked":"SpiritualOutbreak2:ReiMu+1","floor":35},{"not_picked":["Conquer:ReiMu+1","Intuition:ReiMu+1"],"picked":"ShadowOfCrow2:ReiMu+1","floor":39},{"not_picked":["Revelation:ReiMu+1","AirStrike:ReiMu+1"],"picked":"RainPray2:ReiMu+1","floor":39},{"not_picked":["KyokaiOfKami:ReiMu","DependentForm:ReiMu"],"picked":"PrayRite:ReiMu","floor":40},{"not_picked":["Conquer:ReiMu+1","Authority:ReiMu"],"picked":"LearningPray:ReiMu","floor":40},{"not_picked":["SafetyPray:ReiMu+1","YinYangSange:ReiMu"],"picked":"PayForSelf:ReiMu+1","floor":42},{"not_picked":["Enchanting:ReiMu","SafetyPray:ReiMu+1"],"picked":"AirManeuver:ReiMu+1","floor":45},{"not_picked":["BarrageOfMoneybags:ReiMu+1","TightArray:ReiMu+1"],"picked":"UpKicking:ReiMu+1","floor":46},{"not_picked":["SubcavityInstant:ReiMu","Conquer:ReiMu+1"],"picked":"SafetyPray:ReiMu+1","floor":54}],"player_experience":1088875,"relics_obtained":[{"floor":6.0,"key":"Juzu Bracelet"},{"floor":8.0,"key":"Matryoshka"},{"floor":9.0,"key":"Centennial Puzzle"},{"floor":9.0,"key":"Bag of Marbles"},{"floor":17.0,"key":"Mastiff:ReiMu"},{"floor":17.0,"key":"Tea:ReiMu"},{"floor":17.0,"key":"Lizard Tail"},{"floor":23.0,"key":"Unceasing Top"},{"floor":26.0,"key":"War Paint"},{"floor":26.0,"key":"Vajra"},{"floor":29.0,"key":"Gensokyo:ConquerorOfFear"},{"floor":30.0,"key":"WingedGreaves"},{"floor":31.0,"key":"SkyOrb:ReiMu"},{"floor":40,"key":"Bottled Flame"},{"floor":42,"key":"PureWhite:ReiMu"},{"floor":45,"key":"Peace Pipe"},{"floor":46,"key":"Orichalcum"},{"floor":54,"key":"Bow_fan:ReiMu"}],"event_choices":[],"is_beta":false,"boss_relics":[{"not_picked":["Tiny House","SlaversCollar"],"picked":"Calling Bell"},{"not_picked":["Pandora\u0027s Box","Busted Crown"],"picked":"CrownOfHeavens:ReiMu"}],"items_purged_floors":[],"is_endless":false,"potions_floor_spawned":[8,14,20,21,24,29,30,39,42],"ascension_level":1}}