{"host":"skr63qsdfgeey3it","time":1611724674,"event":{"mods":["BaseMod","Colored Map","Hubris","Minty Spire (QoL Compilation)","Replay The Spire","Spicy Shops","StSLib"],"gold_per_floor":[119,207,282,60,60,60,60,85,111,143,2,2,46,64,64,144,144,161,161,155,155,155,254,254,286,286,286,330,356,51,91,91,174,174,200,236,266,303,347,347,402,402,425,464,507,507,507,507,507,525,525],"floor_reached":50,"language":"ENG","playtime":2321,"items_purged":[],"score":1753,"play_id":"9c2bdb21-f4b1-42cb-ab3a-8896e81830a1","local_time":"20210126231754","is_ascension_mode":true,"campfire_choices":[{"floor":6,"key":"REST"},{"data":"Calculated Gamble","floor":12,"key":"SMITH"},{"data":"ReplayTheSpireMod:Scrap Shanks","floor":15,"key":"SMITH"},{"data":"Calculated Gamble","floor":27,"key":"SMITH"},{"data":"Burst","floor":32,"key":"SMITH"},{"data":"Prepared","floor":40,"key":"SMITH"},{"data":"ReplayTheSpireMod:Shiv Toss","floor":46,"key":"SMITH"},{"floor":49,"key":"DIG"}],"circlet_count":0,"master_deck":["AscendersBane","Strike_G","Strike_G","Strike_G","Strike_G","Defend_G","Defend_G","Defend_G","Defend_G","Defend_G+1","Survivor","Neutralize","Footwork","Calculated Gamble+1","Riddle With Holes","Footwork","ReplayTheSpireMod:Scrap Shanks+1","hubris:Counter","Escape Plan","Poison Darts","Venomology","Eviscerate","Burst+1","ReplayTheSpireMod:Shiv Toss+1","Calculated Gamble+1","Ghostly","Ghostly","Ghostly","Ghostly","Ghostly","Storm of Steel","Acrobatics","Caltrops+1","Accuracy+1","Pot Of Greed","Pot Of Greed","Pot Of Greed+1","Storm of Steel","Cloak And Dagger+1","Pot Of Greed","ReplayTheSpireMod:Scrap Shanks+1","Parasite","Prepared+1","Adrenaline+1"],"relics":["Ring of the Snake","NeowsBlessing","Juzu Bracelet","Replay:Rubber Ducky","FossilizedHelix","Bag of Marbles","Replay:Bandana","Blue Doll","hubris:CrackedHourglass","Frozen Egg 2","hubris:BottledHeart","PreservedInsect","Torii","Byrd Skull","Grinning Jar","War Paint","hubris:VirtuousBlindfold","Happy Flower","hubris:TenFootPole","Toxic Egg 2","Mango","hubris:Icosahedron","Counterbalance"],"acts_visited":["Exordium","TheCity","TheBeyond"],"potions_floor_usage":[13,16,16,18,18,18,20,25,25,28,29,29,33,33,35,36,36,37,38,38,39,44,50],"damage_taken":[{"damage":0,"enemies":"Small Slimes","floor":1,"turns":1},{"damage":0,"enemies":"Gremlin Nob","floor":8,"turns":1},{"damage":0,"enemies":"3 Sentries","floor":10,"turns":2},{"damage":0,"enemies":"Lagavulin","floor":13,"turns":5},{"damage":0,"enemies":"2 Louse","floor":14,"turns":3},{"damage":27,"enemies":"Hexaghost","floor":16,"turns":10},{"damage":12,"enemies":"Shell Parasite","floor":18,"turns":4},{"damage":25,"enemies":"2 Thieves","floor":20,"turns":4},{"damage":0,"enemies":"Slavers","floor":25,"turns":8},{"damage":0,"enemies":"Gremlin Leader","floor":28,"turns":7},{"damage":0,"enemies":"Snake Plant","floor":29,"turns":3},{"damage":0,"enemies":"Shelled Parasite and Fungi","floor":31,"turns":3},{"damage":0,"enemies":"Pondfish","floor":33,"turns":8},{"damage":0,"enemies":"3 Darklings","floor":35,"turns":5},{"damage":0,"enemies":"3 Shapes","floor":36,"turns":4},{"damage":0,"enemies":"Maw","floor":37,"turns":9},{"damage":0,"enemies":"Transient","floor":38,"turns":5},{"damage":0,"enemies":"Writhing Mass","floor":39,"turns":6},{"damage":0,"enemies":"Giant Head","floor":41,"turns":4},{"damage":0,"enemies":"Reptomancer","floor":44,"turns":5},{"damage":0,"enemies":"Mind Bloom Boss Battle","floor":45,"turns":5},{"damage":8,"enemies":"hubris:GrandSnecko","floor":50,"turns":7}],"seed_played":"-4431442193248336055","potions_obtained":[{"floor":8,"key":"Weak Potion"},{"floor":14,"key":"Poison Potion"},{"floor":16,"key":"Dexterity Potion"},{"floor":18,"key":"Regen Potion"},{"floor":25,"key":"EssenceOfSteel"},{"floor":28,"key":"Block Potion"},{"floor":29,"key":"Adrenaline Potion"},{"floor":35,"key":"BlessingOfTheForge"},{"floor":38,"key":"SpeedPotion"},{"floor":39,"key":"SpeedPotion"}],"is_trial":false,"path_per_floor":["M","?","?","$","?","R","?","E","T","E","$","R","E","M","R","B",null,"M","?","M","?","?","?","?","E","T","R","E","M","$","M","R","B",null,"M","M","M","M","M","R","E","?","T","E","?","R","?","?","R_BF","B"],"character_chosen":"THE_SILENT","items_purchased":["Replay:Rubber Ducky","Footwork","Poison Darts","Accuracy+1","Grinning Jar","War Paint"],"campfire_rested":1,"item_purchase_floors":[4,4,11,30,30,30],"current_hp_per_floor":[63,35,24,24,24,45,45,45,45,45,45,45,45,45,45,18,57,45,45,34,1,1,1,1,1,1,1,1,1,1,1,1,1,1,1,1,1,1,1,1,1,1,1,1,1,1,1,1,1,0,0],"gold":525,"neow_bonus":"THREE_ENEMY_KILL","is_daily":false,"chose_seed":false,"campfire_upgraded":6,"win_rate":0.0,"timestamp":1611724674,"path_taken":["M","?","?","$","?","R","?","E","T","E","$","R","E","M","R","BOSS","M","?","M","?","?","?","?","E","T","R","E","M","$","M","R","BOSS","M","M","M","M","M","R","E","?","T","E","?","R","?","?","R_BF","BOSS"],"items_purchased_type":["Relic","Card","Card","Card","Relic","Relic"],"build_version":"2020-12-22","purchased_purges":0,"victory":false,"max_hp_per_floor":[70,70,70,70,70,70,70,70,70,70,70,70,70,70,70,70,70,70,70,70,1,1,1,1,1,1,1,1,1,1,1,1,1,1,1,1,1,1,1,1,1,1,1,1,1,1,1,1,1,1,1],"card_choices":[{"not_picked":["Blade Dance","Hidden Blade"],"picked":"Footwork","floor":1},{"not_picked":["Blade Dance","Sucker Punch"],"picked":"Calculated Gamble","floor":2},{"not_picked":["Hidden Blade","hubris:SlightOfHand"],"picked":"Riddle With Holes","floor":2},{"not_picked":["Deflect","Underhanded Strike"],"picked":"hubris:Counter","floor":8},{"not_picked":["Catalyst","Backflip"],"picked":"Escape Plan","floor":10},{"not_picked":["Riddle With Holes","Flying Knee"],"picked":"Venomology","floor":13},{"not_picked":["Backflip","Prepared"],"picked":"Eviscerate","floor":14},{"not_picked":["Corpse Explosion","ReplayTheSpireMod:From All Sides"],"picked":"Burst","floor":16},{"not_picked":["Dagger Spray","Deflect"],"picked":"ReplayTheSpireMod:Shiv Toss","floor":18},{"not_picked":["Dagger Spray","Deflect"],"picked":"Calculated Gamble","floor":20},{"not_picked":["Dagger Throw","Bane"],"picked":"Storm of Steel","floor":25},{"not_picked":["Sucker Punch","Deadly Poison"],"picked":"Acrobatics","floor":28},{"not_picked":["Crippling Poison","Outmaneuver"],"picked":"Caltrops+1","floor":29},{"not_picked":["Bane","ReplayTheSpireMod:Exploit Weakness","Crippling Poison"],"picked":"SKIP","floor":31},{"not_picked":["ReplayTheSpireMod:From All Sides","Malaise"],"picked":"Storm of Steel","floor":33},{"not_picked":["Acrobatics+1","Backflip","Sucker Punch"],"picked":"SKIP","floor":35},{"not_picked":["Hidden Blade","Skewer+1"],"picked":"Cloak And Dagger+1","floor":36},{"not_picked":["Blur","Heel Hook+1"],"picked":"ReplayTheSpireMod:Scrap Shanks+1","floor":37},{"not_picked":["Sucker Punch","Blade Dance+1","Cloak And Dagger"],"picked":"SKIP","floor":38},{"not_picked":["Bane","Deadly Poison"],"picked":"Prepared","floor":39},{"not_picked":["Underhanded Strike","Slice+1","Outmaneuver"],"picked":"SKIP","floor":41},{"not_picked":["Underhanded Strike+1","Backflip+1"],"picked":"Adrenaline+1","floor":44}],"player_experience":820806,"relics_obtained":[{"floor":2,"key":"Juzu Bracelet"},{"floor":8,"key":"FossilizedHelix"},{"floor":9,"key":"Bag of Marbles"},{"floor":10,"key":"Replay:Bandana"},{"floor":13,"key":"Blue Doll"},{"floor":25,"key":"PreservedInsect"},{"floor":26,"key":"Torii"},{"floor":28,"key":"Byrd Skull"},{"floor":41,"key":"Happy Flower"},{"floor":43,"key":"hubris:TenFootPole"},{"floor":44,"key":"Toxic Egg 2"},{"floor":45,"key":"Mango"},{"floor":49,"key":"Counterbalance"}],"event_choices":[{"damage_healed":0,"gold_gain":75,"player_choice":"Gather Gold","damage_taken":11,"max_hp_gain":0,"max_hp_loss":0,"event_name":"World of Goop","floor":3,"gold_loss":0},{"cards_removed":["Strike_G"],"damage_healed":0,"gold_gain":0,"player_choice":"Forget","damage_taken":0,"max_hp_gain":0,"max_hp_loss":0,"event_name":"Living Wall","floor":5,"gold_loss":0},{"damage_healed":0,"gold_gain":0,"player_choice":"Full Heal","damage_taken":0,"max_hp_gain":0,"max_hp_loss":0,"event_name":"Wheel of Change","floor":22,"gold_loss":0},{"damage_healed":0,"gold_gain":99,"player_choice":"Stole From Cult","damage_taken":0,"max_hp_gain":0,"max_hp_loss":0,"event_name":"Nest","floor":23,"gold_loss":0},{"damage_healed":0,"gold_gain":0,"player_choice":"Became a Ghost","damage_taken":0,"max_hp_gain":0,"max_hp_loss":0,"event_name":"Ghosts","floor":24,"gold_loss":0,"cards_obtained":["Ghostly","Ghostly","Ghostly","Ghostly","Ghostly"]},{"damage_healed":0,"gold_gain":0,"player_choice":"Fight","damage_taken":0,"max_hp_gain":0,"max_hp_loss":0,"event_name":"MindBloom","floor":45,"gold_loss":0},{"damage_healed":0,"gold_gain":0,"player_choice":"Ignored","damage_taken":0,"max_hp_gain":0,"max_hp_loss":0,"event_name":"Tomb of Lord Red Mask","floor":47,"gold_loss":0}],"is_beta":false,"boss_relics":[{"not_picked":["hubris:GrandSneckoEye","Velvet Choker"],"picked":"hubris:CrackedHourglass"},{"not_picked":["hubris:ScarierMask","Runic Pyramid"],"picked":"hubris:VirtuousBlindfold"}],"items_purged_floors":[],"is_endless":false,"potions_floor_spawned":[8,14,16,18,25,28,29,35,38,39,45],"killed_by":"hubris:GrandSnecko","ascension_level":13}}