{"host":"pesfwaef25r60kxm","time":1611733675,"event":{"mods":["ATMod(阿瑾Mod)","Act Like it!","Arknights The Spire","BaseMod","Colored Powertips","Gensokyo","Minty Spire (QoL Compilation)","Replay The Spire","RumiaBox-露米娅的神秘盒子","Spicy Shops","StSLib","WarShipGirlsR/战舰少女R mod","[IsaacMod]以撒尖塔","noobMod","【遗物卡牌】REMEMod"],"gold_per_floor":[132,307,314,83,120,120,466,480,480,510,528,574,574,586,586,698,698,716,756,362,408,502,590,630,630,655,670,920,959,982,972,972,1092,1092,1110,1110,86,86,127,127,172,172,172,205,245,44,89,106,106,134,134,134,34,114,310],"floor_reached":56,"language":"ZHS","playtime":2110,"items_purged":["Doubt","Strike_R","Strike_R","Defend_R+1","Hallucinations","Strike_R","Strike_R","Defend_R","Strike_R"],"score":1523,"play_id":"8866067d-8e50-4089-83a9-94d2c3d3f206","local_time":"20210127154755","is_ascension_mode":false,"campfire_choices":[{"data":"AT_MachinaRedman","floor":6,"key":"SMITH"},{"floor":13,"key":"RECALL"},{"data":"ReplayTheSpireMod:Corrosion Curse","floor":15,"key":"SMITH"},{"data":"Armaments","floor":25,"key":"SMITH"},{"data":"Demon Form","floor":32,"key":"SMITH"},{"data":"Armaments","floor":40,"key":"SMITH"},{"data":"Armaments","floor":49,"key":"SMITH"},{"data":"AT_Dispersion","floor":52,"key":"SMITH"}],"circlet_count":0,"master_deck":["Defend_R","Defend_R","EpicFetus","AT_MachinaRedman+1","Creative AI+1","ReplayTheSpireMod:Corrosion Curse+1","Spot Weakness","Spot Weakness","Brutality","Shockwave+1","Cleave+1","Armaments+1","Metallicize","Demon Form+1","Replay:Many Hands","AT_ShrugMaster","Armaments+1","AT_Dispersion+1","REME_FearOfPain+1","Inflame+1","Armaments+1","Armaments+1","ReplayReversal+1","AT_CaressingTears+1","ReplayTheSpireMod:Muscle Training+1"],"relics":["Burning Blood","HushsDoor","ice","REME_ComplimentaryCards","AT_ATBox","SalivaCoin","ReplayTheSpireMod:TigerMarble","Old Coin","Odd Mushroom","Black Star","GuppysHead","Boot","Toolbox","Smiling Mask","Question Card","AT_ArchangelStaff","TungstenRod","SSSystem","Replay:Grab Bag","GuppysCollar","GuppysTail","Ring of Searing","Ring of Peace","AT_RedTearstoneRing","Replay:Ringing Soul","Quantum Egg","Bird Faced Urn","Ginger","DeathBook","Habit","REME_HandOfSuture","BookOfRevelations","Pen Nib","AT_SunfireAegis"],"acts_visited":["Exordium","Exordium","TheBeyond","TheEnding"],"potions_floor_usage":[30,39,44,55,55,55,55,55,55,55,55,55],"damage_taken":[{"damage":13,"enemies":"2 Louse","floor":1,"turns":2},{"damage":21,"enemies":"Jaw Worm","floor":5,"turns":4},{"damage":27,"enemies":"Gremlin Nob","floor":7,"turns":4},{"damage":0,"enemies":"Small Slimes","floor":8,"turns":2},{"damage":0,"enemies":"The Mushroom Lair","floor":10,"turns":1},{"damage":6,"enemies":"Exordium Wildlife","floor":11,"turns":3},{"damage":23,"enemies":"Gremlin Gang","floor":12,"turns":3},{"damage":0,"enemies":"2 Fungi Beasts","floor":14,"turns":1},{"damage":2,"enemies":"Slime Boss","floor":16,"turns":4},{"damage":0,"enemies":"Gensokyo:3_Dogs","floor":18,"turns":1},{"damage":24,"enemies":"Gensokyo:AngelMirror","floor":19,"turns":2},{"damage":25,"enemies":"Gensokyo:Wraith","floor":21,"turns":3},{"damage":37,"enemies":"Gensokyo:Chomper_and_Gloop","floor":22,"turns":4},{"damage":22,"enemies":"Gensokyo:Reisen","floor":23,"turns":5},{"damage":13,"enemies":"Gensokyo:3_Gloops","floor":24,"turns":4},{"damage":0,"enemies":"Gensokyo:Swordslinger","floor":27,"turns":1},{"damage":15,"enemies":"Gensokyo:Koishi","floor":29,"turns":2},{"damage":13,"enemies":"Gensokyo:Slime_Group","floor":30,"turns":3},{"damage":34,"enemies":"Gensokyo:Eiki","floor":33,"turns":7},{"damage":0,"enemies":"3 Darklings","floor":35,"turns":3},{"damage":13,"enemies":"3 Shapes","floor":39,"turns":3},{"damage":0,"enemies":"Transient","floor":41,"turns":5},{"damage":8,"enemies":"Jaw Worm Horde","floor":44,"turns":2},{"damage":12,"enemies":"Spire Growth","floor":45,"turns":3},{"damage":8,"enemies":"Giant Head","floor":47,"turns":4},{"damage":0,"enemies":"3 Darklings","floor":48,"turns":2},{"damage":13,"enemies":"Time Eater","floor":50,"turns":4},{"damage":64,"enemies":"Shield and Spear","floor":54,"turns":6},{"damage":178,"enemies":"LittleHush","floor":55,"turns":16}],"seed_played":"-726839891088944641","potions_obtained":[{"floor":10,"key":"Venom Potion"},{"floor":11,"key":"AttackPotion"},{"floor":12,"key":"LiquidMemories"},{"floor":27,"key":"BloodPotion"},{"floor":30,"key":"BloodPotion"},{"floor":33,"key":"Elixir"},{"floor":39,"key":"REME_GoldPotion"},{"floor":41,"key":"CultistPotion"},{"floor":44,"key":"SpeedPotion"}],"is_trial":false,"path_per_floor":["M","?","?","$","M","R","E","M","T","?","M","M","R","M","R","B",null,"M","M","$","M","M","E","M","R","T","M","?","E","M","?","R","B",null,"M","?","$","?","M","R","M","T","T","M","M","$","E","M","R","B",null,"R","$","E","B",null],"character_chosen":"IRONCLAD","items_purchased":["ReplayTheSpireMod:TigerMarble","GuppysHead","Boot","Toolbox","GuppysCollar","GuppysTail","AT_ShrugMaster","AT_RedTearstoneRing","Replay:Ringing Soul","Quantum Egg","Bird Faced Urn","AT_Dispersion","Habit"],"campfire_rested":0,"item_purchase_floors":[4,17,20,20,34,34,34,37,37,37,37,37,46],"current_hp_per_floor":[81,81,63,63,48,48,27,33,33,39,47,30,30,39,39,43,76,76,58,58,39,8,68,61,61,61,67,67,58,66,66,66,38,47,50,50,53,53,51,51,70,70,70,75,75,75,83,89,89,88,96,96,96,47,65],"gold":310,"neow_bonus":"TEN_PERCENT_HP_BONUS","is_daily":false,"chose_seed":false,"campfire_upgraded":7,"win_rate":0.0,"timestamp":1611733675,"path_taken":["M","?","?","$","M","R","E","M","T","?","?","M","R","M","R","BOSS","M","M","$","M","M","E","M","R","T","?","?","E","M","?","R","BOSS","M","?","?","?","M","R","M","?","T","M","M","$","E","M","R","BOSS","R","$","E","BOSS"],"items_purchased_type":["Relic","Relic","Relic","Relic","Relic","Relic","Card","Relic","Relic","Relic","Relic","Card","Relic"],"build_version":"2020-12-22","purchased_purges":9,"victory":true,"max_hp_per_floor":[88,88,88,88,88,88,88,88,88,88,88,88,88,91,91,91,76,76,76,76,76,76,77,78,78,78,78,74,74,76,76,76,80,47,50,50,53,53,62,62,70,70,70,75,80,80,84,89,89,96,96,96,96,109,148],"card_choices":[{"not_picked":[],"picked":"EpicFetus","floor":0},{"not_picked":["Run Through","Havoc"],"picked":"Bomb","floor":1},{"not_picked":["Dark Embrace","Feed"],"picked":"ReplayTheSpireMod:Corrosion Curse","floor":5},{"not_picked":["Cleave","Perfected Strike"],"picked":"Spot Weakness","floor":7},{"not_picked":["Headbutt","Clothesline","Havoc"],"picked":"SKIP","floor":8},{"not_picked":["Clothesline","Abandon"],"picked":"Spot Weakness","floor":10},{"not_picked":["Battle Trance","Wild Strike","Clash"],"picked":"SKIP","floor":11},{"not_picked":["ReplayTheSpireMod:Strike From Hell","Pommel Strike","REME_TheLastStrike"],"picked":"SKIP","floor":12},{"not_picked":["Massacre","Twin Strike"],"picked":"Bomb","floor":14},{"not_picked":["REME_TheLastStrike","Hemogenesis"],"picked":"Brutality","floor":16},{"not_picked":["Iron Wave","Clothesline"],"picked":"Shockwave+1","floor":18},{"not_picked":["Pommel Strike","Flex+1"],"picked":"Cleave+1","floor":19},{"not_picked":["Body Slam+1","Thunderclap","Pommel Strike+1"],"picked":"SKIP","floor":21},{"not_picked":["Hemokinesis","Heavy Blade","Twin Strike"],"picked":"SKIP","floor":22},{"not_picked":["Intimidate+1","Wild Strike","AT_BodySlamDance"],"picked":"SKIP","floor":23},{"not_picked":["Seeing Red","Wild Strike","REME_Scribble"],"picked":"Armaments","floor":24},{"not_picked":["True Grit","Feed","Twin Strike","Run Through"],"picked":"SKIP","floor":27},{"not_picked":["Twin Strike","Cleave","Iron Wave","Wild Strike"],"picked":"SKIP","floor":29},{"not_picked":["Combust","Abandon","AT_IchimonjiDouble"],"picked":"Metallicize","floor":30},{"not_picked":[],"picked":"Demon Form","floor":31},{"not_picked":["Impervious","Demonic Infusion","Hemogenesis"],"picked":"Replay:Many Hands","floor":33},{"not_picked":["Warcry","AT_GerminateFire","Iron Wave+1"],"picked":"Armaments","floor":35},{"not_picked":["Abandon+1","Havoc","Run Through"],"picked":"REME_FearOfPain+1","floor":39},{"not_picked":["Uppercut","Thunderclap","Headbutt+1"],"picked":"Inflame+1","floor":41},{"not_picked":["Sword Boomerang+1","Headbutt+1","Bloodletting"],"picked":"Armaments","floor":44},{"not_picked":["AT_IchimonjiDouble","Corruption","Anger+1"],"picked":"Armaments+1","floor":45},{"not_picked":["Twin Strike+1","Second Wind","Sentinel"],"picked":"ReplayReversal+1","floor":47},{"not_picked":["Cleave","Iron Wave+1","Burning Pact+1"],"picked":"AT_CaressingTears+1","floor":48},{"not_picked":["Iron Wave+1","Searing Blow","Run Through"],"picked":"ReplayTheSpireMod:Muscle Training+1","floor":54}],"player_experience":94108,"relics_obtained":[{"floor":7,"key":"Old Coin"},{"floor":10,"key":"Odd Mushroom"},{"floor":23,"key":"Smiling Mask"},{"floor":23,"key":"Question Card"},{"floor":26,"key":"AT_ArchangelStaff"},{"floor":29,"key":"TungstenRod"},{"floor":29,"key":"SSSystem"},{"floor":36,"key":"Ring of Searing"},{"floor":36,"key":"Ring of Peace"},{"floor":42,"key":"Ginger"},{"floor":43,"key":"DeathBook"},{"floor":47,"key":"REME_HandOfSuture"},{"floor":47,"key":"BookOfRevelations"},{"floor":54,"key":"Pen Nib"},{"floor":54,"key":"AT_SunfireAegis"}],"event_choices":[{"damage_healed":0,"gold_gain":175,"player_choice":"AGREE","damage_taken":0,"max_hp_gain":0,"max_hp_loss":0,"event_name":"Liars Game","floor":2,"gold_loss":0,"cards_obtained":["Doubt"]},{"damage_healed":0,"gold_gain":0,"player_choice":"Entered Light","damage_taken":18,"max_hp_gain":0,"max_hp_loss":0,"event_name":"Shining Light","floor":3,"gold_loss":0,"cards_upgraded":["Defend_R","Creative AI"]},{"damage_healed":0,"gold_gain":0,"player_choice":"Fought Mushrooms","damage_taken":0,"max_hp_gain":0,"max_hp_loss":0,"event_name":"Mushrooms","floor":10,"gold_loss":0},{"cards_removed":["Bash"],"damage_healed":0,"gold_gain":0,"player_choice":"Removed Attack","damage_taken":0,"max_hp_gain":0,"max_hp_loss":0,"event_name":"Falling","floor":38,"gold_loss":0}],"is_beta":false,"boss_relics":[{"not_picked":["Velvet Choker","ReplayTheSpireMod:DimensionalGlitch"],"picked":"Black Star"},{"not_picked":[]},{"not_picked":["Kintsugi","Abe\u0027s Treasure"],"picked":"Replay:Grab Bag"},{"not_picked":[]}],"items_purged_floors":[4,17,20,34,37,37,46,53,53],"is_endless":false,"potions_floor_spawned":[10,11,12,14,16,18,22,24,27,30,33,39,41,44],"ascension_level":0}}