{"host":"17xjy7b7ubl548g2","time":1611719152,"event":{"mods":["2.2 Compatiblity","Act Like it!","Aspiration","Astrologer","Bard","BaseMod","Challenge The Spire","ChefMod","Colored Map","Colored Powertips","Conspire","Elementarium","Energized Spire","Gensokyo","GifTheSpireLib","Halation","Hallownest","Hermit","Hubris","Infinite Spire","Jedi Mod","Jorbs\u0027s Wanderer Trilogy","Marisa（霧雨　魔理沙）","Marked Mod","Menagerie","Minty Spire (QoL Compilation)","Permanent Neow","Reliquary","Replay The Spire","Robot Space Explorer","Spicy Shops","Spire Arcade","StSLib","Stuff the Spire","The Blue Laboratory","The Bug Knight","The Construct","The Disciple","The Hayseed","The Hierophant","The Marked","The Runesmith","The Sage","TheFirefly"],"gold_per_floor":[109,122,122,134,134,134,134,134,134,134,169,283,295,51,51,51,51],"floor_reached":16,"language":"ENG","playtime":1020,"items_purged":["Strike_B"],"score":190,"play_id":"30f63b1e-7d7b-4dff-b17d-d4644363f229","local_time":"20210126224552","is_ascension_mode":true,"campfire_choices":[{"data":"Streamline","floor":6.0,"key":"SMITH"},{"data":"Dualcast","floor":8.0,"key":"SMITH"},{"data":"Ball Lightning","floor":10.0,"key":"SMITH"},{"floor":15,"key":"REST"}],"circlet_count":0,"master_deck":["AscendersBane","Strike_B+1","Strike_B+1","Defend_B","Defend_B","Defend_B","Defend_B","Zap+1","Dualcast+1","Streamline+1","Compile Driver","Ball Lightning+1","Self Repair","jedi:meditation+1","BasicCrystalCard"],"relics":["Cracked Core","hubris:Icosahedron","Golden Egg","conspire:GiftBox","Toy Ornithopter"],"acts_visited":["Exordium"],"potions_floor_usage":[16],"damage_taken":[{"damage":0.0,"enemies":"Hallownest:monsterHuskWarrior","floor":1.0,"turns":4.0},{"damage":7.0,"enemies":"2_ Uuma","floor":2.0,"turns":3.0},{"damage":4.0,"enemies":"Hallownest:2_Baldur","floor":4.0,"turns":4.0},{"damage":20.0,"enemies":"Hallownest:eliteVengeflyKing","floor":11.0,"turns":5.0},{"damage":7.0,"enemies":"Hallownest:monsterFoolEater","floor":12.0,"turns":3.0},{"damage":29.0,"enemies":"Hallownest:1_Ooma_and_2_Uuma","floor":13.0,"turns":4.0},{"damage":20,"enemies":"Hallownest:BossBrokenVessel","floor":16,"turns":4}],"seed_played":"2821274503161793423","potions_obtained":[{"floor":1.0,"key":"DistilledChaos"},{"floor":11.0,"key":"blueLaboratory:BiasPotion"}],"is_trial":false,"path_per_floor":["M","M","?","M","?","R","?","R","T","R","E","M","M","$","R","B"],"character_chosen":"DEFECT","items_purchased":["Toy Ornithopter"],"campfire_rested":1,"item_purchase_floors":[14],"current_hp_per_floor":[64,57,57,53,53,53,53,53,53,53,33,33,11,11,32,17,17],"gold":51,"neow_bonus":"REMOVE_CARD","is_daily":false,"chose_seed":false,"campfire_upgraded":3,"win_rate":0.0,"timestamp":1611719152,"path_taken":["M","M","?","M","?","R","?","R","T","R","E","?","M","$","R","BOSS"],"items_purchased_type":["Relic"],"build_version":"2020-12-22","purchased_purges":1,"victory":false,"max_hp_per_floor":[71,71,71,71,71,71,71,71,71,71,71,71,71,71,71,71,71],"card_choices":[{"not_picked":["Beam Cell","Panic Button"],"picked":"Streamline","floor":1.0},{"not_picked":["StuffTheSpire:SnapShoot","Rebound"],"picked":"Compile Driver","floor":2.0},{"not_picked":["Leap","Consume"],"picked":"Ball Lightning","floor":4.0},{"not_picked":["jedi:BurstLightning","StuffTheSpire:LoadUp"],"picked":"Self Repair","floor":11.0},{"not_picked":["ReplayTheSpireMod:Omega Cannon","hubris:Prefetch"],"picked":"jedi:meditation","floor":11.0},{"not_picked":["Compile Driver","Sweeping Beam","jedi:BurstLightning"],"picked":"SKIP","floor":12.0},{"not_picked":["Storm","StuffTheSpire:Rend"],"picked":"BasicCrystalCard","floor":13.0}],"player_experience":1983475,"relics_obtained":[{"floor":9.0,"key":"Golden Egg"},{"floor":11.0,"key":"conspire:GiftBox"}],"event_choices":[],"is_beta":false,"boss_relics":[],"items_purged_floors":[14],"is_endless":false,"potions_floor_spawned":[1,11,12],"killed_by":"Hallownest:BossBrokenVessel","ascension_level":20}}