{"host":"g2yp6paluzgljz05","time":1611752854,"event":{"mods":["BaseMod","Bestiary","Colored Powertips","DeckTracker","Highlight Path","Minty Spire (QoL Compilation)","Quick Restart"],"gold_per_floor":[419,419,419,153,170,170,198,210,210,210,87,87,105,133,133,228,228,241,241,241,39,50,50,69,69,69,100,100,110,145,164,164,262,262,281,281,301,103,116,116,145,145,194,246,256,276,288,318,318,318,318,318,27,60,60,60],"floor_reached":55,"language":"ENG","playtime":2275,"items_purged":["Defend_R","Defend_R","Defend_R","Decay"],"score":1083,"play_id":"a45c027f-9813-4454-8850-360ed24168ce","local_time":"20210128000734","is_ascension_mode":true,"campfire_choices":[{"data":"Uppercut","floor":6.0,"key":"SMITH"},{"floor":10.0,"key":"REST"},{"data":"Perfected Strike","floor":15.0,"key":"SMITH"},{"data":"Heavy Blade","floor":23.0,"key":"SMITH"},{"floor":25.0,"key":"REST"},{"data":"Whirlwind","floor":28.0,"key":"SMITH"},{"data":"Limit Break","floor":32.0,"key":"SMITH"},{"data":"Offering","floor":40.0,"key":"SMITH"},{"data":"Warcry","floor":42.0,"key":"SMITH"},{"floor":49,"key":"RECALL"},{"data":"Shrug It Off","floor":52,"key":"SMITH"}],"circlet_count":0,"master_deck":["Strike_R","Strike_R","Strike_R","Strike_R","Strike_R","Perfected Strike+1","Uppercut+1","Cleave","Warcry+1","Shrug It Off","Offering+1","Havoc+1","Whirlwind+1","Heavy Blade+1","Inflame","Limit Break+1","Reaper","Shrug It Off+1","Normality","Parasite"],"relics":["Burning Blood","Old Coin","Brimstone","Darkstone Periapt","InkBottle","Centennial Puzzle","Cursed Key","MutagenicStrength","Meat on the Bone","PreservedInsect","Self Forming Clay","Busted Crown","Happy Flower","Vajra","The Courier","Lizard Tail","Pear"],"acts_visited":["Exordium","TheCity","TheBeyond","TheEnding"],"potions_floor_usage":[46,46,46],"damage_taken":[{"damage":8.0,"enemies":"2 Louse","floor":1.0,"turns":2.0},{"damage":0.0,"enemies":"Small Slimes","floor":5.0,"turns":2.0},{"damage":32.0,"enemies":"3 Sentries","floor":7.0,"turns":6.0},{"damage":9.0,"enemies":"Jaw Worm","floor":8.0,"turns":2.0},{"damage":1.0,"enemies":"Red Slaver","floor":13.0,"turns":2.0},{"damage":18.0,"enemies":"Lagavulin","floor":14.0,"turns":4.0},{"damage":60.0,"enemies":"Hexaghost","floor":16.0,"turns":6.0},{"damage":7.0,"enemies":"Shell Parasite","floor":18.0,"turns":3.0},{"damage":8.0,"enemies":"2 Thieves","floor":22.0,"turns":2.0},{"damage":21.0,"enemies":"Centurion and Healer","floor":24.0,"turns":2.0},{"damage":7.0,"enemies":"Gremlin Leader","floor":27.0,"turns":2.0},{"damage":6.0,"enemies":"Snecko","floor":29.0,"turns":2.0},{"damage":12.0,"enemies":"Book of Stabbing","floor":30.0,"turns":2.0},{"damage":28.0,"enemies":"Shelled Parasite and Fungi","floor":31.0,"turns":3.0},{"damage":26.0,"enemies":"Collector","floor":33.0,"turns":4.0},{"damage":18.0,"enemies":"3 Shapes","floor":35.0,"turns":2.0},{"damage":30.0,"enemies":"3 Darklings","floor":37.0,"turns":3.0},{"damage":6.0,"enemies":"Sphere and 2 Shapes","floor":39.0,"turns":2.0},{"damage":6.0,"enemies":"Giant Head","floor":41.0,"turns":2.0},{"damage":30,"enemies":"Writhing Mass","floor":45,"turns":2},{"damage":6,"enemies":"Transient","floor":46,"turns":5},{"damage":19,"enemies":"Spire Growth","floor":47,"turns":3},{"damage":20,"enemies":"Reptomancer","floor":48,"turns":2},{"damage":87,"enemies":"Time Eater","floor":50,"turns":5},{"damage":64,"enemies":"Shield and Spear","floor":54,"turns":3},{"damage":166,"enemies":"The Heart","floor":55,"turns":5}],"seed_played":"2396064324780410441","potions_obtained":[{"floor":5.0,"key":"EssenceOfSteel"},{"floor":14.0,"key":"FearPotion"},{"floor":16.0,"key":"Fruit Juice"},{"floor":18.0,"key":"Energy Potion"},{"floor":27.0,"key":"LiquidMemories"},{"floor":31.0,"key":"Block Potion"},{"floor":48,"key":"AttackPotion"}],"is_trial":false,"path_per_floor":["M","?","?","$","M","R","E","M","T","R","$","?","M","E","R","B",null,"M","?","?","$","M","R","M","R","T","E","R","M","E","M","R","B",null,"M","?","M","$","M","R","E","R","T","T","M","M","M","E","R","B",null,"R","$","E","B"],"character_chosen":"IRONCLAD","items_purchased":["Uppercut","Brimstone","Warcry","Whirlwind","Shrug It Off","Lizard Tail","FearPotion"],"campfire_rested":2,"item_purchase_floors":[4,4,11,21,38,53,53],"current_hp_per_floor":[49,42,68,68,74,74,48,45,45,69,69,69,74,62,62,8,62,66,66,66,66,64,64,49,74,80,79,79,79,73,63,63,55,82,70,70,58,58,80,80,80,80,86,92,68,92,79,103,103,58,92,92,92,56,0,0],"gold":60,"neow_bonus":"ONE_RARE_RELIC","is_daily":false,"chose_seed":false,"campfire_upgraded":8,"win_rate":0.0,"timestamp":1611752854,"path_taken":["M","?","?","?","?","R","E","M","T","R","$","?","M","E","R","BOSS","M","?","?","$","M","R","M","R","T","E","R","?","E","M","R","BOSS","M","?","M","$","M","R","E","R","T","?","M","M","M","E","R","BOSS","R","$","E","BOSS"],"items_purchased_type":["Card","Relic","Card","Card","Card","Relic","Potion"],"build_version":"2020-12-22","purchased_purges":4,"victory":false,"max_hp_per_floor":[80,80,80,80,80,80,80,80,80,80,80,80,80,80,80,80,80,85,85,85,85,85,85,85,85,91,91,91,91,91,91,91,91,91,91,91,91,91,91,91,91,91,97,103,103,103,103,103,103,103,103,103,103,113,113,113],"card_choices":[{"not_picked":["Clash","Feel No Pain"],"picked":"Perfected Strike","floor":1.0},{"not_picked":["True Grit","Rage"],"picked":"Ghostly Armor","floor":5.0},{"not_picked":["Demon Form","Uppercut"],"picked":"Cleave","floor":7.0},{"not_picked":["Flex","Heavy Blade","True Grit"],"picked":"SKIP","floor":8.0},{"not_picked":["Headbutt","Dual Wield","Flex"],"picked":"SKIP","floor":13.0},{"not_picked":["Spot Weakness","Ghostly Armor"],"picked":"Shrug It Off","floor":14.0},{"not_picked":["Demon Form","Brutality"],"picked":"Offering","floor":16.0},{"not_picked":["Sentinel","Searing Blow+1"],"picked":"Havoc+1","floor":18.0},{"not_picked":["Shrug It Off","Dropkick"],"picked":"Heavy Blade","floor":22.0},{"not_picked":["Twin Strike","Blood for Blood","Power Through"],"picked":"SKIP","floor":24.0},{"not_picked":["Brutality","Flex"],"picked":"Inflame","floor":27.0},{"not_picked":["Clash","Headbutt","Armaments"],"picked":"SKIP","floor":29.0},{"not_picked":["Headbutt","Clash"],"picked":"Limit Break","floor":30.0},{"not_picked":["Evolve","Wild Strike","Clash"],"picked":"SKIP","floor":31.0},{"not_picked":["Juggernaut","Offering"],"picked":"Reaper","floor":33.0},{"not_picked":["Clash+1"],"picked":"SKIP","floor":35.0},{"not_picked":["Havoc+1"],"picked":"SKIP","floor":37.0},{"not_picked":["Thunderclap"],"picked":"SKIP","floor":39.0},{"not_picked":["Thunderclap"],"picked":"SKIP","floor":39.0},{"not_picked":["Iron Wave"],"picked":"SKIP","floor":41.0},{"not_picked":["Cleave"],"picked":"SKIP","floor":45},{"not_picked":["Rage+1"],"picked":"SKIP","floor":46},{"not_picked":["Clash"],"picked":"SKIP","floor":47},{"not_picked":["Wild Strike"],"picked":"SKIP","floor":48},{"not_picked":["Armaments+1"],"picked":"SKIP","floor":54}],"player_experience":277062,"relics_obtained":[{"floor":7.0,"key":"Darkstone Periapt"},{"floor":9.0,"key":"InkBottle"},{"floor":14.0,"key":"Centennial Puzzle"},{"floor":26.0,"key":"Meat on the Bone"},{"floor":27.0,"key":"PreservedInsect"},{"floor":30.0,"key":"Self Forming Clay"},{"floor":41.0,"key":"Happy Flower"},{"floor":43.0,"key":"Vajra"},{"floor":48,"key":"The Courier"},{"floor":54,"key":"Pear"}],"event_choices":[{"cards_removed":["Bash"],"damage_healed":0.0,"max_hp_gain":0.0,"max_hp_loss":0.0,"gold_gain":0.0,"event_name":"Golden Wing","player_choice":"Card Removal","floor":2.0,"gold_loss":0.0,"damage_taken":7.0},{"damage_healed":26.0,"max_hp_gain":0.0,"max_hp_loss":0.0,"gold_gain":0.0,"event_name":"Big Fish","player_choice":"Banana","floor":3.0,"gold_loss":0.0,"damage_taken":0.0},{"damage_healed":0.0,"max_hp_gain":0.0,"max_hp_loss":0.0,"gold_gain":0.0,"event_name":"Liars Game","player_choice":"Ignored","floor":12.0,"gold_loss":0.0,"damage_taken":0.0},{"damage_healed":0.0,"max_hp_gain":0.0,"max_hp_loss":0.0,"gold_gain":0.0,"event_name":"Drug Dealer","player_choice":"Inject Mutagens","floor":19.0,"gold_loss":0.0,"damage_taken":0.0,"relics_obtained":["MutagenicStrength"]},{"cards_removed":["Defend_R"],"damage_healed":0.0,"max_hp_gain":0.0,"max_hp_loss":0.0,"gold_gain":0.0,"event_name":"Purifier","player_choice":"Purged","floor":20.0,"gold_loss":0.0,"damage_taken":0.0},{"cards_removed":["Ghostly Armor"],"damage_healed":0.0,"max_hp_gain":0.0,"max_hp_loss":0.0,"gold_gain":0.0,"event_name":"Falling","player_choice":"Removed Skill","floor":36.0,"gold_loss":0.0,"damage_taken":0.0}],"is_beta":false,"boss_relics":[{"not_picked":["Philosopher\u0027s Stone","Sozu"],"picked":"Cursed Key"},{"not_picked":["Runic Pyramid","Tiny House"],"picked":"Busted Crown"}],"items_purged_floors":[4,11,21,38],"is_endless":false,"potions_floor_spawned":[5,14,16,18,27,31,35,39,48],"killed_by":"The Heart","ascension_level":6}}