{"host":"9d9dhukr2jywmy0f","time":1611767449,"event":{"mods":["2.2 Compatiblity","Alarm Clock","BaseMod","Bestiary","Block Reminder","Colored Map","Colored Powertips","Curses Come First","DeckTracker","Energized Spire","Highlight Path","Key Reminder","Minty Spire (QoL Compilation)","Quick Restart","Rare Cards Sparkle","Relic Sorter","Relic Stats","Reliquary","Spire Birthday Party","StSLib","SuperFastMode","Synergy Search","Unceasing Turn Reminder","Unknown Chances"],"gold_per_floor":[112,126,51,51,64,64,64,64,87,101,114,114,114,127,127,127,127],"floor_reached":16,"language":"ZHS","playtime":570,"items_purged":["Defend_G"],"score":184,"play_id":"b34cd49c-7eb1-4916-8d4b-8933b27cded1","local_time":"20210128011049","is_ascension_mode":true,"campfire_choices":[{"data":"Neutralize","floor":6.0,"key":"SMITH"},{"floor":8.0,"key":"RECALL"},{"data":"Flechettes","floor":12,"key":"SMITH"},{"data":"Blade Dance","floor":15,"key":"SMITH"}],"circlet_count":0,"master_deck":["AscendersBane","Strike_G","Strike_G","Strike_G","Strike_G","Strike_G","Defend_G","Defend_G","Defend_G","Defend_G","Survivor","Neutralize+1","Backflip","Flechettes+1","Blur","Blade Dance+1"],"relics":["Ring of the Snake","NeowsBlessing","Art of War","keyreminder:keyreminder","reliquary:TatteredRug","Sundial"],"acts_visited":["Exordium"],"potions_floor_usage":[10,16],"damage_taken":[{"damage":0.0,"enemies":"Cultist","floor":1.0,"turns":1.0},{"damage":0.0,"enemies":"Jaw Worm","floor":2.0,"turns":1.0},{"damage":0.0,"enemies":"Small Slimes","floor":5.0,"turns":1.0},{"damage":18,"enemies":"Exordium Wildlife","floor":10,"turns":5},{"damage":5,"enemies":"3 Louse","floor":11,"turns":5},{"damage":8,"enemies":"Red Slaver","floor":14,"turns":6},{"damage":0,"enemies":"Slime Boss","floor":16,"turns":4}],"seed_played":"-406871442351186939","potions_obtained":[{"floor":5.0,"key":"Explosive Potion"},{"floor":14,"key":"PowerPotion"}],"is_trial":false,"path_per_floor":["M","M","$","?","M","R","$","R","T","M","M","R","T","M","R","B"],"character_chosen":"THE_SILENT","items_purchased":[],"campfire_rested":0,"item_purchase_floors":[],"current_hp_per_floor":[59,59,59,41,41,41,41,41,41,23,18,18,18,10,10,10,10],"gold":127,"neow_bonus":"THREE_ENEMY_KILL","is_daily":false,"chose_seed":false,"campfire_upgraded":3,"win_rate":0.0,"timestamp":1611767449,"path_taken":["M","?","?","?","M","R","?","R","T","M","?","R","?","M","R","BOSS"],"items_purchased_type":[],"build_version":"2020-11-30","purchased_purges":1,"victory":false,"max_hp_per_floor":[66,66,66,66,66,66,66,66,66,66,66,66,66,66,66,66,66],"relic_stats":{"counters":[7,23],"Sundial":[2],"Art of War":[1],"obtain_stats":[{"keyreminder:keyreminder":8,"NeowsBlessing":0,"Sundial":13,"reliquary:TatteredRug":9,"Art of War":4,"Ring of the Snake":0},{"keyreminder:keyreminder":3,"NeowsBlessing":0,"Sundial":5,"reliquary:TatteredRug":3,"Art of War":2,"Ring of the Snake":0},{"keyreminder:keyreminder":3,"NeowsBlessing":0,"Sundial":13,"reliquary:TatteredRug":3,"Art of War":2,"Ring of the Snake":0}],"Ring of the Snake":[14]},"card_choices":[{"not_picked":["Underhanded Strike","Dagger Throw","Concentrate"],"picked":"SKIP","floor":1.0},{"not_picked":["Outmaneuver","Deflect","Heel Hook"],"picked":"SKIP","floor":2.0},{"not_picked":["Dash","Sucker Punch"],"picked":"Backflip","floor":5.0},{"not_picked":["Outmaneuver","Poisoned Stab"],"picked":"Flechettes","floor":10},{"not_picked":["Dodge and Roll","Poisoned Stab"],"picked":"Blur","floor":11},{"not_picked":["Distraction","Sucker Punch"],"picked":"Blade Dance","floor":14}],"player_experience":868716,"relics_obtained":[{"floor":9.0,"key":"reliquary:TatteredRug"},{"floor":13,"key":"Sundial"}],"event_choices":[{"damage_healed":0.0,"max_hp_gain":0.0,"max_hp_loss":0.0,"gold_gain":0.0,"event_name":"Scrap Ooze","player_choice":"Success","floor":4.0,"gold_loss":0.0,"damage_taken":18.0,"relics_obtained":["Art of War"]}],"is_beta":false,"boss_relics":[],"items_purged_floors":[3],"is_endless":false,"potions_floor_spawned":[5,14],"killed_by":"Slime Boss","ascension_level":20}}