{"host":"21h5e52imz35vo8g","time":1611745568,"event":{"mods":["AchievementEnabler","BaseMod","Colored Map","Colored Powertips","Googly Eyes","Minty Spire (QoL Compilation)","Quick Restart","Rare Cards Sparkle","StSLib"],"gold_per_floor":[111,386,116,131,143,143,160,175,201,212,212,242,242,269,269,364,364,380,399,7,7,34,34,61,61,61,61,161,161,174,174,174],"floor_reached":31,"language":"ZHS","playtime":3320,"items_purged":["Regret","Defend_B"],"score":255,"play_id":"24f2d9d6-aec4-4f05-95ec-46f9893e624d","local_time":"20210127190608","is_ascension_mode":true,"campfire_choices":[{"data":"Loop","floor":6.0,"key":"SMITH"},{"data":"White Noise","floor":11.0,"key":"SMITH"},{"floor":13.0,"key":"REST"},{"data":"Defragment","floor":15.0,"key":"SMITH"},{"data":"Tempest","floor":23.0,"key":"SMITH"},{"data":"Conserve Battery","floor":25.0,"key":"SMITH"},{"data":"Defragment","floor":27.0,"key":"SMITH"},{"floor":29.0,"key":"REST"}],"circlet_count":0,"master_deck":["Strike_B","Defend_B","Defend_B","Defend_B","Zap","Dualcast","Genetic Algorithm","Conserve Battery+1","Loop+1","Defragment+1","White Noise+1","Defragment+1","Tempest+1","Echo Form","Buffer","Rip and Tear+1","Streamline+1","Double Energy+1","Double Energy+1","Defragment+1","Loop+1"],"relics":["Cracked Core","NeowsBlessing","Oddly Smooth Stone","Orichalcum","Lantern","Pen Nib","Astrolabe","Frozen Egg 2","Red Mask","Vajra","Gambling Chip","TungstenRod","Symbiotic Virus"],"acts_visited":["Exordium","TheCity"],"potions_floor_usage":[],"damage_taken":[{"damage":0.0,"enemies":"Small Slimes","floor":1.0,"turns":1.0},{"damage":0.0,"enemies":"Cultist","floor":4.0,"turns":1.0},{"damage":0.0,"enemies":"Jaw Worm","floor":5.0,"turns":1.0},{"damage":10.0,"enemies":"Looter","floor":7.0,"turns":4.0},{"damage":3.0,"enemies":"Blue Slaver","floor":8.0,"turns":4.0},{"damage":6.0,"enemies":"Large Slime","floor":10.0,"turns":6.0},{"damage":18.0,"enemies":"3 Sentries","floor":12.0,"turns":6.0},{"damage":21.0,"enemies":"Gremlin Nob","floor":14.0,"turns":4.0},{"damage":24.0,"enemies":"The Guardian","floor":16.0,"turns":7.0},{"damage":9.0,"enemies":"3 Byrds","floor":18.0,"turns":4.0},{"damage":4.0,"enemies":"Shell Parasite","floor":19.0,"turns":4.0},{"damage":40.0,"enemies":"Masked Bandits","floor":22.0,"turns":4.0},{"damage":12.0,"enemies":"Colosseum Slavers","floor":28.0,"turns":2.0},{"damage":0.0,"enemies":"Colosseum Nobs","floor":28.0,"turns":3.0},{"damage":7.0,"enemies":"Sentry and Sphere","floor":30.0,"turns":4.0},{"damage":25,"enemies":"Slavers","floor":31,"turns":2}],"seed_played":"6824010822306825779","potions_obtained":[{"floor":1.0,"key":"EssenceOfSteel"},{"floor":7.0,"key":"SkillPotion"},{"floor":12.0,"key":"Dexterity Potion"},{"floor":14.0,"key":"Block Potion"},{"floor":16.0,"key":"Block Potion"},{"floor":18.0,"key":"SteroidPotion"},{"floor":28.0,"key":"SkillPotion"}],"is_trial":false,"path_per_floor":["M","?","$","M","M","R","M","M","T","M","R","E","R","E","R","B",null,"M","M","$","?","?","R","T","R","T","R","?","R","M","E"],"character_chosen":"DEFECT","items_purchased":["Conserve Battery","Oddly Smooth Stone","Frozen Egg 2","Loop+1"],"campfire_rested":2,"item_purchase_floors":[3,3,20,20],"current_hp_per_floor":[75,75,75,75,75,75,65,62,62,56,56,38,60,39,39,15,75,66,62,62,62,22,22,22,22,22,22,10,32,25,0,0],"gold":174,"neow_bonus":"THREE_ENEMY_KILL","is_daily":false,"chose_seed":false,"campfire_upgraded":6,"win_rate":0.0,"timestamp":1611745568,"path_taken":["M","?","$","M","?","R","M","M","T","?","R","E","R","E","R","BOSS","M","?","$","?","?","R","?","R","T","R","?","R","?","E"],"items_purchased_type":["Card","Relic","Relic","Card"],"build_version":"2020-12-22","purchased_purges":2,"victory":false,"max_hp_per_floor":[75,75,75,75,75,75,75,75,75,75,75,75,75,75,75,75,75,75,75,75,75,75,75,75,75,75,75,75,75,75,75,75],"card_choices":[{"not_picked":["Recycle","Steam"],"picked":"Genetic Algorithm","floor":1.0},{"not_picked":["Genetic Algorithm","Beam Cell"],"picked":"Loop","floor":4.0},{"not_picked":["Barrage","Capacitor"],"picked":"Defragment","floor":5.0},{"not_picked":["Glacier","Leap","Reinforced Body"],"picked":"SKIP","floor":7.0},{"not_picked":["Conserve Battery","Steam"],"picked":"White Noise","floor":8.0},{"not_picked":["Go for the Eyes","Heatsinks"],"picked":"Defragment","floor":10.0},{"not_picked":["Go for the Eyes","Melter"],"picked":"Tempest","floor":12.0},{"not_picked":["Hello World","Gash"],"picked":"Echo Form","floor":14.0},{"not_picked":["Hyperbeam","Echo Form"],"picked":"Buffer","floor":16.0},{"not_picked":["Redo+1","Barrage"],"picked":"Double Energy+1","floor":18.0},{"not_picked":["Gash","Reinforced Body+1"],"picked":"Defragment+1","floor":19.0},{"not_picked":["Barrage","Coolheaded+1","Sweeping Beam"],"picked":"SKIP","floor":30.0}],"player_experience":342721,"relics_obtained":[{"floor":9.0,"key":"Orichalcum"},{"floor":12.0,"key":"Lantern"},{"floor":14.0,"key":"Pen Nib"},{"floor":22.0,"key":"Red Mask"},{"floor":24.0,"key":"Vajra"},{"floor":26.0,"key":"Gambling Chip"},{"floor":28.0,"key":"TungstenRod"},{"floor":28.0,"key":"Symbiotic Virus"}],"event_choices":[{"damage_healed":0.0,"max_hp_gain":0.0,"max_hp_loss":0.0,"gold_gain":275.0,"event_name":"Golden Shrine","player_choice":"Desecrate","floor":2.0,"gold_loss":0.0,"damage_taken":0.0,"cards_obtained":["Regret"]},{"damage_healed":0.0,"max_hp_gain":0.0,"max_hp_loss":0.0,"gold_gain":0.0,"event_name":"Vampires","player_choice":"Ignored","floor":21.0,"gold_loss":0.0,"damage_taken":0.0},{"damage_healed":0.0,"max_hp_gain":0.0,"max_hp_loss":0.0,"gold_gain":0.0,"event_name":"Masked Bandits","player_choice":"Fought Bandits","floor":22.0,"gold_loss":0.0,"damage_taken":0.0},{"damage_healed":0.0,"max_hp_gain":0.0,"max_hp_loss":0.0,"gold_gain":0.0,"event_name":"Colosseum","player_choice":"Fight","floor":28.0,"gold_loss":0.0,"damage_taken":0.0},{"damage_healed":0.0,"max_hp_gain":0.0,"max_hp_loss":0.0,"gold_gain":0.0,"event_name":"Colosseum","player_choice":"Fought Nobs","floor":28.0,"gold_loss":0.0,"damage_taken":0.0}],"is_beta":false,"boss_relics":[{"not_picked":["Inserter","Ectoplasm"],"picked":"Astrolabe"}],"items_purged_floors":[3,20],"is_endless":false,"potions_floor_spawned":[1,7,12,14,16,18,28],"killed_by":"Slavers","ascension_level":1}}