{"host":"juoup3p5tvzzktl5","time":1611732338,"event":{"mods":["Aspiration","BaseMod","Better Vampires","BetterRewards","Colored Map","Colored Powertips","Friendly Minions","GifTheSpireLib","Hermit","Hubris","Infinite Spire","KinomotoSakuraMod(ƒæ÷Æ±æ”£)","Koishi","KomeijiMod","Marisa£®ÏF”Í°°ƒß¿Ì…≥£©","Minty Spire (QoL Compilation)","Quick Restart","Reimu£®≤©¿ˆ¡È√Œ£©","Replay The Spire","Shop Mod","StSLib","The Administrix","The Alterego","The Bug Knight","The Construct","The Cursed","The Jungle","The Mystic","The Runesmith","The Senshi","Youmu£®ªÍ∆«—˝√Œ£©","Yuyuko"],"gold_per_floor":[116,127,27,27,27,102,102,128,128,178,197,209,122,141,151,151,223,223,238,238,238,258,178,178,178,178],"floor_reached":25,"language":"ZHS","playtime":1072,"items_purged":["Defend_P","Defend_P"],"score":502,"play_id":"076c5df3-ba96-46b2-98f1-08697347adca","local_time":"20210127162538","is_ascension_mode":true,"campfire_choices":[{"floor":7.0,"key":"REST"},{"floor":9.0,"key":"REST"},{"data":"Adaptation","floor":24,"key":"SMITH"}],"circlet_count":0,"master_deck":["Strike_P","Strike_P","Strike_P+1","Eruption","Vigilance","Adaptation+1","FlurryOfBlows","SashWhip+1","WheelKick","Wallop","JustLucky+1","LessonLearned","ClearTheMind","Sword Boomerang","hubris:DuctTapeCard"],"relics":["PureWater","hubris:64BitClover","ThirstyCross","hubris:DuctTape","Vajra","Juzu Bracelet","Sozu","ZunR:ReiMu"],"acts_visited":["Exordium","TheCity"],"potions_floor_usage":[],"damage_taken":[{"damage":2.0,"enemies":"Small Slimes","floor":1.0,"turns":2.0},{"damage":7.0,"enemies":"Jaw Worm","floor":2.0,"turns":3.0},{"damage":35.0,"enemies":"Lagavulin","floor":8.0,"turns":3.0},{"damage":0.0,"enemies":"Cultist","floor":11.0,"turns":2.0},{"damage":6.0,"enemies":"Blue Slaver","floor":12.0,"turns":2.0},{"damage":0.0,"enemies":"Exordium Wildlife","floor":14.0,"turns":1.0},{"damage":1.0,"enemies":"Looter","floor":15.0,"turns":2.0},{"damage":3.0,"enemies":"Fading Forest","floor":17.0,"turns":13.0},{"damage":0.0,"enemies":"2 Thieves","floor":19.0,"turns":2.0},{"damage":21.0,"enemies":"Shell Parasite","floor":22.0,"turns":2.0},{"damage":22,"enemies":"Slavers","floor":25,"turns":2}],"seed_played":"3355918875023947176","potions_obtained":[{"floor":8.0,"key":"Explosive Potion"},{"floor":17.0,"key":"Dexterity Potion"}],"is_trial":false,"path_per_floor":["M","M","$","?","?","?","R","E","R","T","M","M","$","M","M","R_BF","B",null,"M","?","?","M","?","R","E"],"character_chosen":"WATCHER","items_purchased":["Adaptation","WheelKick"],"campfire_rested":2,"item_purchase_floors":[0,13],"current_hp_per_floor":[41,34,34,34,34,23,43,8,28,28,28,22,22,22,21,21,26,58,58,68,68,47,41,41,19,19],"gold":178,"neow_bonus":"","is_daily":false,"chose_seed":true,"campfire_upgraded":1,"win_rate":0.0,"timestamp":1611732338,"path_taken":["M","M","$","?","?","?","R","E","R","T","M","M","$","M","M","R_BF","BOSS","M","?","?","M","?","R","E"],"items_purchased_type":["Card","Card"],"build_version":"2020-12-22","purchased_purges":2,"victory":false,"max_hp_per_floor":[68,68,68,68,68,68,68,68,68,68,68,68,68,68,68,68,68,68,68,68,68,68,68,68,68,68],"card_choices":[{"not_picked":["ClearTheMind","Replay:Hum"],"picked":"FlurryOfBlows","floor":1.0},{"not_picked":["ThirdEye","CrushJoints"],"picked":"SashWhip","floor":2.0},{"not_picked":["Evaluate","Replay:DivineShield","Prostrate"],"picked":"SKIP","floor":8.0},{"not_picked":["Prostrate","Indignation","CrushJoints"],"picked":"SKIP","floor":11.0},{"not_picked":["LikeWater","CutThroughFate","Replay:AtTheReady"],"picked":"SKIP","floor":12.0},{"not_picked":["Devotion","ClearTheMind"],"picked":"Wallop","floor":14.0},{"not_picked":["WaveOfTheHand","Prostrate","Nirvana"],"picked":"SKIP","floor":15.0},{"not_picked":["Judgement","Omniscience"],"picked":"LessonLearned","floor":17.0},{"not_picked":["Meditate","SashWhip"],"picked":"ClearTheMind","floor":19.0},{"not_picked":["Swivel","LikeWater","Replay:ManipulateFuture"],"picked":"SKIP","floor":22.0}],"player_experience":1038442,"relics_obtained":[{"floor":8.0,"key":"hubris:DuctTape"},{"floor":10.0,"key":"Vajra"},{"floor":17.0,"key":"Juzu Bracelet"}],"event_choices":[{"damage_healed":0.0,"max_hp_gain":0.0,"max_hp_loss":0.0,"gold_gain":75.0,"event_name":"World of Goop","player_choice":"Gather Gold","floor":6.0,"gold_loss":0.0,"damage_taken":11.0},{"damage_healed":0.0,"max_hp_gain":0.0,"max_hp_loss":0.0,"gold_gain":0.0,"event_name":"The Library","player_choice":"Read","floor":21.0,"gold_loss":0.0,"damage_taken":0.0,"cards_obtained":["Sword Boomerang"]},{"damage_healed":0,"gold_gain":0,"player_choice":"π∫¬Ú…Òæ∆","damage_taken":6,"relics_obtained":["ZunR:ReiMu"],"max_hp_gain":0,"max_hp_loss":0,"event_name":"ZunEvent","floor":23,"gold_loss":0}],"is_beta":false,"boss_relics":[{"not_picked":["Replay:Drink Me","Runic Pyramid"],"picked":"Sozu"}],"items_purged_floors":[0,3],"is_endless":false,"potions_floor_spawned":[8,17],"killed_by":"Slavers","ascension_level":20}}