{"host":"uv5ws9rdk87e8i5k","time":1611775939,"event":{"mods":["AchievementEnabler","BaseMod","Colored Map","Minty Spire (QoL Compilation)","Permanent Neow","Quick Restart","StSLib","SuperFastMode","The Animator","The Cursed","The Hierophant","The Necromancer"],"gold_per_floor":[115,115,128,142,155,183,183,202,202,24,58,70,103,121,121,121,121],"floor_reached":16,"language":"ENG","playtime":270,"items_purged":[],"score":205,"play_id":"96e771bf-b1b2-483a-be0f-a5be1350fc1b","local_time":"20210127133219","is_ascension_mode":true,"campfire_choices":[{"data":"Immolate","floor":7.0,"key":"SMITH"},{"data":"Havoc","floor":15,"key":"SMITH"}],"circlet_count":0,"master_deck":["Strike_R","Strike_R","Strike_R","Strike_R+1","Strike_R","Defend_R","Defend_R","Defend_R+1","Defend_R","Bash","Havoc","Havoc","Perfected Strike","Havoc+1","Immolate+1","Headbutt","Havoc","Dramatic Entrance","Heavy Blade","Battle Trance"],"relics":["Burning Blood","Bag of Marbles","StoneCalendar","Omamori","Bronze Scales","Gremlin Horn"],"acts_visited":["Exordium"],"potions_floor_usage":[13],"damage_taken":[{"damage":7.0,"enemies":"Small Slimes","floor":1.0,"turns":3.0},{"damage":6.0,"enemies":"Jaw Worm","floor":3.0,"turns":3.0},{"damage":6.0,"enemies":"Cultist","floor":4.0,"turns":3.0},{"damage":10.0,"enemies":"Gremlin Gang","floor":5.0,"turns":6.0},{"damage":8.0,"enemies":"Gremlin Nob","floor":6.0,"turns":3.0},{"damage":0.0,"enemies":"Blue Slaver","floor":8.0,"turns":1.0},{"damage":15.0,"enemies":"3 Sentries","floor":11.0,"turns":3.0},{"damage":0.0,"enemies":"Exordium Thugs","floor":12.0,"turns":1.0},{"damage":11,"enemies":"Lagavulin","floor":13,"turns":3},{"damage":0,"enemies":"3 Louse","floor":14,"turns":1},{"damage":3,"enemies":"The Guardian","floor":16,"turns":3}],"seed_played":"-5323963734041482834","potions_obtained":[{"floor":1.0,"key":"Strength Potion"},{"floor":8.0,"key":"Regen Potion"},{"floor":11.0,"key":"Block Potion"},{"floor":14,"key":"BlessingOfTheForge"}],"is_trial":false,"path_per_floor":["M","?","M","M","M","E","R","M","T","$","E","M","E","M","R","B"],"character_chosen":"IRONCLAD","items_purchased":["Havoc","SkillPotion","Dramatic Entrance"],"campfire_rested":0,"item_purchase_floors":[10,10,10],"current_hp_per_floor":[71,55,55,55,51,49,49,55,55,55,55,61,56,62,62,59,59],"gold":121,"neow_bonus":"RANDOM_COMMON_RELIC","is_daily":false,"chose_seed":false,"campfire_upgraded":2,"win_rate":0.0,"timestamp":1611775939,"path_taken":["M","?","M","M","M","E","R","M","T","$","E","M","E","M","R","BOSS"],"items_purchased_type":["Card","Potion","Card"],"build_version":"2020-12-22","purchased_purges":0,"victory":false,"max_hp_per_floor":[80,80,80,80,80,80,80,80,80,80,80,80,80,80,80,80,80],"card_choices":[{"not_picked":["Uppercut","Infernal Blade"],"picked":"Havoc","floor":1.0},{"not_picked":["Twin Strike","Heavy Blade"],"picked":"Havoc","floor":3.0},{"not_picked":["Wild Strike","Headbutt"],"picked":"Perfected Strike","floor":4.0},{"not_picked":["Shrug It Off","Clothesline"],"picked":"Havoc","floor":5.0},{"not_picked":["Shrug It Off","Warcry"],"picked":"Immolate","floor":6.0},{"not_picked":["Shrug It Off","Seeing Red"],"picked":"Headbutt","floor":8.0},{"not_picked":["Anger","Clothesline"],"picked":"Heavy Blade","floor":11.0},{"not_picked":["Ghostly Armor","Headbutt"],"picked":"Battle Trance","floor":12.0},{"not_picked":["Clothesline","Berserk","Clash"],"picked":"SKIP","floor":13},{"not_picked":["Feel No Pain","Power Through","Headbutt"],"picked":"SKIP","floor":14}],"player_experience":305179,"relics_obtained":[{"floor":6.0,"key":"StoneCalendar"},{"floor":9.0,"key":"Omamori"},{"floor":11.0,"key":"Bronze Scales"},{"floor":13,"key":"Gremlin Horn"}],"event_choices":[{"damage_healed":0.0,"max_hp_gain":0.0,"max_hp_loss":0.0,"gold_gain":0.0,"event_name":"Shining Light","player_choice":"Entered Light","floor":2.0,"gold_loss":0.0,"damage_taken":16.0,"cards_upgraded":["Strike_R","Defend_R"]}],"is_beta":false,"boss_relics":[],"items_purged_floors":[],"is_endless":false,"potions_floor_spawned":[1,8,11,14],"killed_by":"The Guardian","ascension_level":9}}