{"host":"zrtolk9726p85qr7","time":1611709739,"event":{"mods":["BaseMod","BetterRewards","Colored Powertips","Minty Spire (QoL Compilation)","Permanent Neow","Quick Restart","Spire Arcade","StSLib","The Animator","The Necromancer","The Wild Card"],"gold_per_floor":[213,213,213,223,223,223,253,253,253,269,269,269,309,327,327,458,458,472,472,472,472,496,539,539,539,563,587,601,601,601],"floor_reached":29,"language":"ENG","playtime":1619,"items_purged":[],"score":251,"play_id":"9b634b2c-3abb-473b-8bb9-231710ffcd0c","local_time":"20210127020859","is_ascension_mode":false,"campfire_choices":[{"data":"theWildCard:Michael","floor":6,"key":"SMITH"},{"data":"Clash","floor":8,"key":"SMITH"},{"floor":15,"key":"REST"},{"floor":25,"key":"REST"}],"circlet_count":0,"master_deck":["Strike_R","Strike_R","Strike_R","Strike_R","Strike_R","Defend_R","Defend_R+1","Defend_R","Defend_R+1","Bash","Cleave","theWildCard:Michael+1","Flex","Clash+1","Heavy Blade","Injury","Spot Weakness","Spot Weakness","Anger","Inflame+1","Whirlwind+1","Clash+1","Clash"],"relics":["Burning Blood","Bronze Scales","Golden Idol","Oddly Smooth Stone","PreservedInsect","Paper Frog","War Paint"],"acts_visited":["Exordium","TheCity"],"potions_floor_usage":[7,29,29,29],"damage_taken":[{"damage":12,"enemies":"Small Slimes","floor":1,"turns":4},{"damage":0,"enemies":"2 Louse","floor":4,"turns":2},{"damage":19,"enemies":"Lagavulin","floor":7,"turns":5},{"damage":1,"enemies":"Jaw Worm","floor":10,"turns":2},{"damage":27,"enemies":"3 Sentries","floor":13,"turns":5},{"damage":6,"enemies":"Exordium Wildlife","floor":14,"turns":2},{"damage":43,"enemies":"The Guardian","floor":16,"turns":7},{"damage":0,"enemies":"Chosen","floor":18,"turns":4},{"damage":10,"enemies":"Spheric Guardian","floor":22,"turns":3},{"damage":58,"enemies":"Gremlin Leader","floor":23,"turns":6},{"damage":30,"enemies":"3 Cultists","floor":27,"turns":4},{"damage":20,"enemies":"Chosen and Byrds","floor":28,"turns":4},{"damage":38,"enemies":"Snecko","floor":29,"turns":6}],"seed_played":"-9537816268720019","potions_obtained":[{"floor":4,"key":"Block Potion"},{"floor":10,"key":"Dexterity Potion"},{"floor":18,"key":"BloodPotion"},{"floor":27,"key":"Strength Potion"}],"is_trial":false,"path_per_floor":["M","?","?","M","?","R","E","R","T","M","?","?","E","M","R","B",null,"M","?","?","$","M","E","?","R","T","M","M","M"],"character_chosen":"IRONCLAD","items_purchased":[],"campfire_rested":2,"item_purchase_floors":[],"current_hp_per_floor":[74,74,74,80,80,80,67,67,67,72,72,72,51,51,75,38,80,80,80,80,80,76,24,24,48,48,24,10,0,0],"gold":601,"neow_bonus":"HUNDRED_GOLD","is_daily":false,"chose_seed":false,"campfire_upgraded":2,"win_rate":0.0,"timestamp":1611709739,"path_taken":["M","?","?","M","?","R","E","R","T","M","?","?","E","M","R","BOSS","M","?","?","$","M","E","?","R","T","M","M","M"],"items_purchased_type":[],"build_version":"2020-12-22","purchased_purges":0,"victory":false,"max_hp_per_floor":[80,80,80,80,80,80,80,80,80,80,80,80,80,80,80,80,80,80,80,80,80,80,80,80,80,80,80,80,80,80],"card_choices":[{"not_picked":["Iron Wave","Entrench"],"picked":"Cleave","floor":1},{"not_picked":["Armaments","Reckless Charge"],"picked":"Flex","floor":4},{"not_picked":["True Grit","Flame Barrier"],"picked":"Clash","floor":7},{"not_picked":["Shrug It Off","Clothesline"],"picked":"Heavy Blade","floor":10},{"not_picked":["Flex","Reaper"],"picked":"Spot Weakness","floor":13},{"not_picked":["Iron Wave","Anger"],"picked":"Spot Weakness","floor":14},{"not_picked":["Twin Strike","True Grit+1","Fire Breathing"],"picked":"SKIP","floor":18},{"not_picked":["Headbutt","Metallicize"],"picked":"Inflame+1","floor":22},{"not_picked":["Headbutt","Twin Strike"],"picked":"Whirlwind+1","floor":23},{"not_picked":["Fire Breathing","Perfected Strike+1"],"picked":"Clash+1","floor":27},{"not_picked":["Perfected Strike+1","Rage"],"picked":"Clash","floor":28}],"player_experience":113665,"relics_obtained":[{"floor":7,"key":"Bronze Scales"},{"floor":13,"key":"Oddly Smooth Stone"},{"floor":23,"key":"Paper Frog"},{"floor":26,"key":"War Paint"}],"event_choices":[{"damage_healed":0,"gold_gain":0,"player_choice":"Ignored","damage_taken":0,"max_hp_gain":0,"max_hp_loss":0,"event_name":"Liars Game","floor":2,"gold_loss":0},{"damage_healed":0,"gold_gain":0,"player_choice":"Leave","damage_taken":0,"max_hp_gain":0,"max_hp_loss":0,"event_name":"The Cleric","floor":5,"gold_loss":0},{"damage_healed":0,"gold_gain":0,"player_choice":"Searched \u00270\u0027 times","damage_taken":0,"max_hp_gain":0,"max_hp_loss":0,"event_name":"Dead Adventurer","floor":11,"gold_loss":0},{"damage_healed":0,"gold_gain":0,"player_choice":"Take Wound","damage_taken":0,"relics_obtained":["Golden Idol"],"max_hp_gain":0,"max_hp_loss":0,"event_name":"Golden Idol","floor":12,"gold_loss":0,"cards_obtained":["Injury"]},{"damage_healed":0,"gold_gain":0,"player_choice":"Read","damage_taken":0,"max_hp_gain":0,"max_hp_loss":0,"event_name":"The Library","floor":19,"gold_loss":0,"cards_obtained":["Anger"]},{"damage_healed":0,"gold_gain":0,"player_choice":"Opened","damage_taken":0,"relics_obtained":["PreservedInsect"],"max_hp_gain":0,"max_hp_loss":0,"event_name":"The Mausoleum","floor":20,"gold_loss":0},{"damage_healed":0,"gold_gain":0,"player_choice":"Ignored","damage_taken":0,"max_hp_gain":0,"max_hp_loss":0,"event_name":"Vampires","floor":24,"gold_loss":0}],"is_beta":false,"boss_relics":[{"not_picked":["Fusion Hammer","Runic Pyramid","Ectoplasm"]}],"items_purged_floors":[],"is_endless":false,"potions_floor_spawned":[4,10,18,27],"killed_by":"Snecko","ascension_level":0}}