{"host":"smn2tb46ysgs1sad","time":1611732841,"event":{"mods":["AchievementEnabler","Aspiration","BaseMod","Colored Powertips","Downfall","Hermit","Minty Spire (QoL Compilation)","Replay The Spire","StSLib","The Cursed","The Disciple","The Hierophant"],"gold_per_floor":[99,111,55,73,86,86,113,113,38,55,88,88,38,38,51,153,153,103,121,131,231,73,104,104,133,133,133,83,96,46,46,102,199,199,149,211,322,378,428,378,378,393,393,393],"floor_reached":42,"language":"ENG","playtime":2401,"items_purged":["downfall:Malfunctioning"],"score":457,"play_id":"c24ab244-405f-416a-a52e-8a5cfa362239","local_time":"20210126233401","is_ascension_mode":false,"campfire_choices":[{"data":"Slimebound:CorrosiveSpit","floor":1,"key":"SMITH"},{"data":"Slimebound:LevelUp","floor":6,"key":"SMITH"},{"floor":13,"key":"REST"},{"floor":18,"key":"RECALL"},{"floor":28,"key":"REST"},{"floor":30,"key":"REST"},{"data":"Slimebound:MassRepurpose","floor":35,"key":"SMITH"},{"floor":40,"key":"REST"}],"circlet_count":0,"master_deck":["Slimebound:Strike_Slimebound","Slimebound:Defend_Slimebound","Slimebound:Defend_Slimebound","Slimebound:Defend_Slimebound","Slimebound:Split","Slimebound:CorrosiveSpit+1","Slimebound:SplitAcid","Slimebound:LevelUp","Slimebound:Dissolve","Slimebound:LevelUp+1","Slimebound:LeechEnergy","Regret","Slimebound:Teamwork","Slimebound:SamplingLick","Slimebound:HauntingLick","Slimebound:RallyTheTroops","Slimebound:FinishingTackle+1","Slimebound:OozeBath+1","Slimebound:LeechingTouch+1","Slimebound:PressTheAttack","Slimebound:Repurpose","Slimebound:TongueLash","Slimebound:LivingWall+1","Regret","Slimebound:DouseInSlime","Slimebound:MassRepurpose+1","Slimebound:GoopSpray","Slimebound:SpikyOuterGoop+1","Slimebound:MinionMaster","downfall:Bewildered","TheCursedMod:Dregs"],"relics":["Slimebound:TarBlob","downfall:ExtraCursedKey","Slimebound:GreedOozeRelic","aspiration:StickyExplosives","Guardian:PocketSentry","Astrolabe","Lee\u0027s Waffle","Ornamental Fan","aspiration:HatOfInfinitePower","ReplayTheSpireMod:Ring of Challenge","Ring of Fury","downfall:RedIOU","Replay:Grab Bag","Runic Dome","aspiration:FutureDiary","Snecko Eye","Replay:Mystery Machine","Torii","HornCleat"],"acts_visited":["Exordium","TheCity","TheBeyond"],"potions_floor_usage":[16,23,23,33,33],"damage_taken":[{"damage":4,"enemies":"Jaw Worm","floor":2,"turns":3},{"damage":13,"enemies":"downfall:FleeingMerchant","floor":3,"turns":4},{"damage":0,"enemies":"Small Slimes","floor":4,"turns":3},{"damage":6,"enemies":"2 Louse","floor":5,"turns":2},{"damage":0,"enemies":"Red Slaver","floor":10,"turns":3},{"damage":23,"enemies":"Lagavulin","floor":11,"turns":5},{"damage":9,"enemies":"Exordium Wildlife","floor":15,"turns":2},{"damage":10,"enemies":"SI_SHIV_ARCHETYPE","floor":16,"turns":5},{"damage":13,"enemies":"Shell Parasite","floor":19,"turns":3},{"damage":2,"enemies":"Chosen","floor":20,"turns":3},{"damage":0,"enemies":"downfall:FleeingMerchant","floor":22,"turns":4},{"damage":39,"enemies":"Slavers","floor":23,"turns":4},{"damage":8,"enemies":"Book of Stabbing","floor":25,"turns":4},{"damage":17,"enemies":"Snake Plant","floor":29,"turns":3},{"damage":17,"enemies":"Cultist and Chosen","floor":32,"turns":5},{"damage":8,"enemies":"WA_ARCHETYPE_CALM","floor":33,"turns":5},{"damage":1,"enemies":"Orb Walker","floor":36,"turns":3},{"damage":7,"enemies":"downfall:FleeingMerchant","floor":37,"turns":3},{"damage":11,"enemies":"3 Shapes","floor":38,"turns":4},{"damage":18,"enemies":"3 Shapes","floor":39,"turns":5},{"damage":57,"enemies":"Maw","floor":42,"turns":5}],"seed_played":"4441953526383197767","potions_obtained":[{"floor":4,"key":"Explosive Potion"},{"floor":5,"key":"SpeedPotion"},{"floor":11,"key":"Slimebound:SlimyTonguePotion"},{"floor":19,"key":"Explosive Potion"},{"floor":25,"key":"Milkshake"},{"floor":27,"key":"Regen Potion"},{"floor":27,"key":"Doom Potion"},{"floor":32,"key":"Dexterity Potion"},{"floor":38,"key":"Weak Potion"}],"is_trial":false,"path_per_floor":["R","M","$","M","M","R","T","?","?","M","E","?","R","?","M","B",null,"R","M","M","?","$","E","T","E","?","?","R","M","R","?","M","B",null,"R","M","$","M","?","R","T","M"],"character_chosen":"SLIMEBOUND","items_purchased":["Slimebound:Dissolve","Lee\u0027s Waffle","Replay:Mystery Machine"],"campfire_rested":4,"item_purchase_floors":[3,22,37],"current_hp_per_floor":[65,61,48,48,42,42,42,42,42,42,19,19,38,20,11,1,65,65,52,50,50,72,33,33,25,25,25,46,29,50,50,33,39,72,72,71,64,53,35,56,56,0,0,0],"gold":393,"neow_bonus":"BOSS_RELIC","is_daily":false,"chose_seed":false,"campfire_upgraded":3,"win_rate":0.0,"timestamp":1611732841,"path_taken":["R","M","$","M","M","R","T","?","?","M","E","?","R","?","M","BOSS","R","M","M","?","$","E","T","E","?","?","R","?","R","?","M","BOSS","R","M","$","M","?","R","T","M"],"items_purchased_type":["Card","Relic","Relic"],"build_version":"2020-12-22","purchased_purges":1,"victory":false,"max_hp_per_floor":[65,65,65,65,65,65,65,65,65,65,65,65,65,65,65,65,65,65,65,65,65,72,72,72,72,72,72,72,72,72,72,72,72,72,72,72,72,72,72,72,72,72,72,72],"card_choices":[{"not_picked":["Slimebound:RainOfGoop","Slimebound:SlimeTap"],"picked":"Slimebound:SplitAcid","floor":2},{"not_picked":["Slimebound:SlimeSpikes","Slimebound:SamplingLick"],"picked":"Slimebound:LevelUp","floor":3},{"not_picked":["Slimebound:SplitAcid","Slimebound:TongueLash"],"picked":"Slimebound:LevelUp","floor":4},{"not_picked":["Slimebound:GoopTackle","Slimebound:HauntingLick"],"picked":"Slimebound:LeechEnergy","floor":5},{"not_picked":["Slimebound:SplitAcid","Slimebound:TongueLash"],"picked":"Slimebound:SamplingLick","floor":10},{"not_picked":["Slimebound:SlimeBarrage","Slimebound:LevelUp"],"picked":"Slimebound:HauntingLick","floor":11},{"not_picked":["Slimebound:ItLooksTasty","Slimebound:SplitMire","Slimebound:SlimeSlap"],"picked":"SKIP","floor":15},{"not_picked":["Slimebound:CheckThePlaybook","Slimebound:SlimeSlap"],"picked":"Slimebound:RallyTheTroops","floor":16},{"not_picked":["Slimebound:Prepare","Slimebound:ForwardTackle"],"picked":"Slimebound:PressTheAttack","floor":19},{"not_picked":["Slimebound:ForwardTackle","Slimebound:GrowthPunch+1"],"picked":"Slimebound:Repurpose","floor":20},{"not_picked":["Slimebound:ItLooksTasty","Slimebound:LevelUp"],"picked":"Slimebound:TongueLash","floor":22},{"not_picked":["Slimebound:SplitMire","Slimebound:ComboTackle+1"],"picked":"Slimebound:LivingWall+1","floor":23},{"not_picked":["Slimebound:SplitMire+1","Slimebound:FinishingTackle","Slimebound:HauntingLick"],"picked":"SKIP","floor":25},{"not_picked":["Slimebound:Replication","Slimebound:SamplingLick+1"],"picked":"Slimebound:DouseInSlime","floor":29},{"not_picked":["Slimebound:HauntingLick","Slimebound:Schlurp","Slimebound:RollThrough"],"picked":"SKIP","floor":32},{"not_picked":["Slimebound:OozeBath","Slimebound:DouseInSlime"],"picked":"Slimebound:MassRepurpose","floor":33},{"not_picked":["Slimebound:Dissolve","Slimebound:HauntingLick+1"],"picked":"Slimebound:GoopSpray","floor":36},{"not_picked":["Slimebound:ViciousTackle","Slimebound:FinishingTackle+1"],"picked":"Slimebound:SpikyOuterGoop+1","floor":37},{"not_picked":["Slimebound:BestDefense+1","Slimebound:SplitAcid","Slimebound:Nibble"],"picked":"SKIP","floor":38},{"not_picked":["Slimebound:Nibble","Slimebound:MegaLick+1"],"picked":"Slimebound:MinionMaster","floor":39}],"player_experience":178940,"relics_obtained":[{"floor":11,"key":"aspiration:StickyExplosives"},{"floor":23,"key":"Ornamental Fan"},{"floor":24,"key":"aspiration:HatOfInfinitePower"},{"floor":25,"key":"Replay:Wax Seal"},{"floor":26,"key":"ReplayTheSpireMod:Ring of Challenge"},{"floor":26,"key":"Ring of Fury"},{"floor":39,"key":"Torii"},{"floor":41,"key":"HornCleat"}],"event_choices":[{"damage_healed":0,"gold_gain":0,"player_choice":"Success","damage_taken":18,"relics_obtained":["Guardian:PocketSentry"],"max_hp_gain":0,"max_hp_loss":0,"event_name":"Scrap Ooze","floor":14,"gold_loss":0},{"damage_healed":0,"gold_gain":0,"player_choice":"Got Potions","damage_taken":0,"max_hp_gain":0,"max_hp_loss":0,"event_name":"Lab","floor":27,"gold_loss":0}],"is_beta":false,"boss_relics":[{"not_picked":["Velvet Choker","Ring of Chaos"],"picked":"Astrolabe"},{"not_picked":["aspiration:WatcherSkillbook","Replay:Bronze Core"],"picked":"Replay:Grab Bag"},{"not_picked":["ChewingGum","Philosopher\u0027s Stone"],"picked":"Runic Dome"},{"not_picked":["Replay:Wanted Poster","ReplayTheSpireMod:Onyx Gauntlets"],"picked":"aspiration:FutureDiary"},{"not_picked":["SlaversCollar","Runic Pyramid"],"picked":"Snecko Eye"}],"items_purged_floors":[37],"is_endless":false,"potions_floor_spawned":[4,5,11,19,25,32,38],"killed_by":"Maw","ascension_level":0}}