{"host":"bvp2uifzy1c463d9","time":1611728578,"event":{"mods":["AchievementEnabler","BaseMod","Block Reminder","Colored Map","Colored Powertips","Hermit","Highlight Path","Infinite Spire","Minty Spire (QoL Compilation)","Random Character Button","Relic Stats","Replay The Spire","StSLib","The Jungle"],"gold_per_floor":[112,112,124,142,217,246,246,261,261,261,261,281,281,281,173,173,173,269,269,279,279,279,108,122,122,122,122,122,157,157,157,175,204,204,204,204],"floor_reached":35,"language":"ENG","playtime":2277,"items_purged":["hermit:Defend_Hermit","hermit:Strike_Hermit"],"score":291,"play_id":"d345c674-d491-42ff-8025-226670a3f66f","local_time":"20210127002258","is_ascension_mode":false,"campfire_choices":[{"floor":7.0,"key":"REST"},{"data":"hermit:ShadowCloak","floor":13.0,"key":"SMITH"},{"data":"hermit:HoleUp","floor":25,"key":"SMITH"},{"data":"hermit:Determination","floor":25,"key":"SMITH"},{"data":"hermit:Dissolve","floor":27,"key":"SMITH"},{"data":"hermit:Covet","floor":27,"key":"SMITH"},{"floor":30,"key":"REST"},{"floor":34,"key":"REST"}],"circlet_count":0,"master_deck":["hermit:Strike_Hermit+1","hermit:Defend_Hermit","hermit:Defend_Hermit","hermit:Snapshot","hermit:Covet+1","Discovery","hermit:Misfire+1","hermit:ShadowCloak+1","hermit:SprayPray+1","hermit:Gestalt","hermit:Deadeye","hermit:Determination+1","hermit:Dissolve+1","Decay","Looming Evil","Delirium","hermit:HoleUp+1","Decay","hermit:Malice+1","hermit:Misfire+1","hermit:Roulette+1","hermit:NoHoldsBarred+1","hermit:Cheat","hermit:Misfire+1"],"relics":["hermit:Momento","Matryoshka","infinitespire:FocusingShard","infinitespire:BottledMercury","Calipers","Replay:Ancient Bell","Potion Belt","Molten Egg 2","Replay:Arrowhead","Orichalcum","StoneCalendar","Unceasing Top","Shuriken"],"acts_visited":["Exordium","TheCity"],"potions_floor_usage":[29,32,35,35],"damage_taken":[{"damage":2.0,"enemies":"Small Slimes","floor":1.0,"turns":3.0},{"damage":6.0,"enemies":"Jaw Worm","floor":3.0,"turns":3.0},{"damage":0.0,"enemies":"2 Louse","floor":4.0,"turns":2.0},{"damage":26.0,"enemies":"3 Sentries","floor":6.0,"turns":11.0},{"damage":0.0,"enemies":"Large Slime","floor":8.0,"turns":4.0},{"damage":0.0,"enemies":"Blue Slaver","floor":12.0,"turns":2.0},{"damage":25.0,"enemies":"Hexaghost","floor":18.0,"turns":11.0},{"damage":8,"enemies":"Shell Parasite","floor":20,"turns":6},{"damage":15,"enemies":"Spheric Guardian","floor":24,"turns":4},{"damage":28,"enemies":"Gremlin Leader","floor":29,"turns":7},{"damage":1,"enemies":"3 Cultists","floor":32,"turns":5},{"damage":26,"enemies":"Nightmare","floor":33,"turns":9},{"damage":79,"enemies":"Automaton","floor":35,"turns":6}],"seed_played":"6058418113721067681","potions_obtained":[{"floor":3.0,"key":"SpeedPotion"},{"floor":18.0,"key":"hermit:Tonic"},{"floor":29,"key":"SkillPotion"},{"floor":32,"key":"Venom Potion"}],"is_trial":false,"path_per_floor":["M","?","M","M","?","E","R","M","T","PTL","PTL","M","R","?","$","?","R_BF","B",null,"M","AVR","?","$","M","R","?","R","T","E","R","?","M","NM","R","B"],"character_chosen":"HERMIT","items_purchased":["hermit:Determination","hermit:Malice+1"],"campfire_rested":3,"item_purchase_floors":[15,23],"current_hp_per_floor":[73,58,52,52,41,15,37,37,37,37,37,37,37,30,30,23,45,20,75,67,67,67,67,52,52,52,52,52,24,46,46,45,19,41,0,0],"gold":204,"neow_bonus":"RANDOM_COLORLESS","is_daily":false,"chose_seed":false,"campfire_upgraded":5,"win_rate":0.0,"timestamp":1611728578,"path_taken":["M","?","M","M","?","E","R","M","T","PTL","PTL","M","R","?","$","?","R_BF","BOSS","M","AVR","?","$","M","R","?","R","T","E","R","?","M","NM","R","BOSS"],"items_purchased_type":["Card","Card"],"build_version":"2020-12-22","purchased_purges":2,"victory":false,"max_hp_per_floor":[75,75,75,75,75,75,75,75,75,75,75,75,75,75,75,75,75,75,75,75,75,75,75,75,75,75,75,75,75,75,75,75,75,75,75,75],"relic_stats":{"counters":[13,73],"Shuriken":[1],"StoneCalendar":[96],"Orichalcum":[54],"obtain_stats":[{"Potion Belt":19,"infinitespire:BottledMercury":9,"Calipers":14,"StoneCalendar":28,"infinitespire:FocusingShard":9,"Replay:Ancient Bell":19,"Orichalcum":28,"Replay:Arrowhead":19,"Matryoshka":6,"Shuriken":33,"Molten Egg 2":19,"hermit:Momento":0,"Unceasing Top":29},{"Potion Belt":7,"infinitespire:BottledMercury":5,"Calipers":6,"StoneCalendar":9,"infinitespire:FocusingShard":5,"Replay:Ancient Bell":7,"Orichalcum":9,"Replay:Arrowhead":7,"Matryoshka":4,"Shuriken":12,"Molten Egg 2":7,"hermit:Momento":0,"Unceasing Top":10},{"Potion Belt":36,"infinitespire:BottledMercury":23,"Calipers":25,"StoneCalendar":46,"infinitespire:FocusingShard":23,"Replay:Ancient Bell":36,"Orichalcum":46,"Replay:Arrowhead":36,"Matryoshka":19,"Shuriken":67,"Molten Egg 2":36,"hermit:Momento":0,"Unceasing Top":53}],"Unceasing Top":[0]},"card_choices":[{"not_picked":["Replay:BasicMightCard","Dark Shackles"],"picked":"Discovery","floor":0.0},{"not_picked":["hermit:CalledShot","hermit:Coalescence"],"picked":"hermit:Misfire","floor":1.0},{"not_picked":["hermit:EyeOfTheStorm","hermit:Enervate"],"picked":"hermit:ShadowCloak","floor":3.0},{"not_picked":["hermit:Glare","hermit:ItchyTrigger"],"picked":"hermit:SprayPray","floor":4.0},{"not_picked":["hermit:Desperado","hermit:Deadeye"],"picked":"hermit:Gestalt","floor":6.0},{"not_picked":["hermit:TakeAim","hermit:LowProfile"],"picked":"hermit:Deadeye","floor":8.0},{"not_picked":["hermit:BodyArmor","hermit:Headshot","hermit:RoundhouseKick"],"picked":"SKIP","floor":12.0},{"not_picked":["hermit:BlackWind","hermit:Roughhouse"],"picked":"hermit:Dissolve","floor":18.0},{"not_picked":["Spreading Infection","hermit:ImpendingDoom"],"picked":"Decay","floor":19},{"not_picked":["Hallucinations","ReplayTheSpireMod:Faulty Equipment"],"picked":"Looming Evil","floor":19},{"not_picked":["Hallucinations","Normality"],"picked":"Delirium","floor":19},{"not_picked":["hermit:ItchyTrigger+1","hermit:Glare"],"picked":"hermit:HoleUp","floor":20},{"not_picked":["hermit:SprayPray+1","hermit:TrackingShot+1"],"picked":"hermit:Misfire+1","floor":24},{"not_picked":["hermit:Shortfuse+1","hermit:Quickdraw+1"],"picked":"hermit:Roulette+1","floor":29},{"not_picked":["hermit:TrackingShot+1","hermit:Roulette+1","hermit:ItchyTrigger+1"],"picked":"SKIP","floor":32},{"not_picked":["hermit:Purgatory+1","hermit:BodyArmor"],"picked":"hermit:Misfire+1","floor":33}],"player_experience":183948,"relics_obtained":[{"floor":6.0,"key":"Matryoshka"},{"floor":9.0,"key":"infinitespire:FocusingShard"},{"floor":9.0,"key":"infinitespire:BottledMercury"},{"floor":28,"key":"Orichalcum"},{"floor":28,"key":"StoneCalendar"},{"floor":29,"key":"Unceasing Top"},{"floor":33,"key":"Shuriken"}],"event_choices":[{"damage_healed":0.0,"max_hp_gain":0.0,"max_hp_loss":0.0,"gold_gain":0.0,"event_name":"Shining Light","player_choice":"Entered Light","floor":2.0,"gold_loss":0.0,"damage_taken":15.0,"cards_upgraded":["hermit:Misfire","hermit:Strike_Hermit"]},{"damage_healed":0.0,"max_hp_gain":0.0,"max_hp_loss":0.0,"gold_gain":75.0,"event_name":"World of Goop","player_choice":"Gather Gold","floor":5.0,"gold_loss":0.0,"damage_taken":11.0},{"damage_healed":0.0,"max_hp_gain":0.0,"max_hp_loss":0.0,"gold_gain":0.0,"event_name":"Scrap Ooze","player_choice":"Success","floor":14.0,"gold_loss":0.0,"damage_taken":7.0,"relics_obtained":["Calipers"]},{"cards_removed":["hermit:Strike_Hermit"],"damage_healed":0.0,"max_hp_gain":0.0,"max_hp_loss":0.0,"gold_gain":0.0,"event_name":"Golden Wing","player_choice":"Card Removal","floor":16.0,"gold_loss":0.0,"damage_taken":7.0},{"damage_healed":0,"gold_gain":0,"player_choice":"Smashed Altar","damage_taken":0,"max_hp_gain":0,"max_hp_loss":0,"event_name":"Forgotten Altar","floor":22,"gold_loss":0,"cards_obtained":["Decay"]},{"damage_healed":0,"gold_gain":0,"player_choice":"Ignored","damage_taken":0,"max_hp_gain":0,"max_hp_loss":0,"event_name":"Cursed Tome","floor":26,"gold_loss":0},{"damage_healed":0,"gold_gain":0,"cards_transformed":["hermit:Defend_Hermit","hermit:Strike_Hermit"],"player_choice":"Became Test Subject","damage_taken":0,"max_hp_gain":0,"max_hp_loss":0,"event_name":"Drug Dealer","floor":31,"gold_loss":0,"cards_obtained":["hermit:NoHoldsBarred","hermit:Cheat"]}],"is_beta":false,"boss_relics":[{"not_picked":["Sozu","Philosopher\u0027s Stone"],"picked":"Replay:Ancient Bell"},{"not_picked":["Grinning Jar","Pet Ghost"],"picked":"Potion Belt"},{"not_picked":["ReplayTheSpireMod:Shallot","Letter Opener"],"picked":"Molten Egg 2"},{"not_picked":["infinitespire:Lychee Nut","FossilizedHelix"],"picked":"Replay:Arrowhead"}],"items_purged_floors":[15,23],"is_endless":true,"potions_floor_spawned":[3,18,29,32],"killed_by":"Automaton","ascension_level":0}}