{"host":"h4qgcirtxz6qax9j","time":1611725081,"event":{"mods":["2.2 Compatiblity","AchievementEnabler","BaseMod","Colored Powertips","Custom Start","Hermit","Marisa£¨Ùöéë¡¡Øª×âÞÞ£©","Minty Spire (QoL Compilation)","Replay The Spire","StSLib","SuperFastMode","The Servant 0.9.4"],"gold_per_floor":[113,126,126,126,1,1,1,1,27,42,42,42,59,59,59,164,164,179,179,199,199,8,8,22,22,22,34,34,60,87,98,98,211,211,223,139,139,157,168,168,168,168],"floor_reached":41,"language":"KOR","playtime":904,"items_purged":[],"score":499,"play_id":"d8fcc0be-01ca-4235-8217-eef3a498af1c","local_time":"20210127142441","is_ascension_mode":true,"campfire_choices":[{"data":"PulseMagic","floor":6,"key":"SMITH"},{"data":"DoubleSpark","floor":8,"key":"SMITH"},{"floor":12,"key":"REST"},{"floor":15,"key":"REST"},{"data":"MaximisePower","floor":23,"key":"SMITH"},{"data":"DragonMeteor","floor":25,"key":"SMITH"},{"data":"UpSweep","floor":32,"key":"SMITH"},{"data":"MaximisePower","floor":40,"key":"SMITH"}],"circlet_count":0,"master_deck":["Strike_MRS","Strike_MRS","Strike_MRS","Strike_MRS","Defend_MRS","Defend_MRS","Defend_MRS+1","Defend_MRS","MasterSpark","UpSweep+1","DarkSpark+1","DoubleSpark+1","PulseMagic+1","PowerUp+1","MaximisePower+1","WitchOfGreed","PowerUp","PowerUp","DragonMeteor+1","CasketOfStar","MachineGunSpark","MaximisePower+1","DoubleSpark+1","PowerUp","GrandCross","GrandCross","OortCloud+1"],"relics":["MiniHakkero","Pet Ghost","Ring of Fury","Centennial Puzzle","Coffee Dripper","Anchor","Darkstone Periapt","Calipers","ExperimentalFamiliar"],"acts_visited":["Exordium","TheCity","TheBeyond"],"potions_floor_usage":[30,33,33,33,35,41],"damage_taken":[{"damage":1,"enemies":"2 Louse","floor":1,"turns":3},{"damage":0,"enemies":"Jaw Worm","floor":2,"turns":3},{"damage":8,"enemies":"Small Slimes","floor":10,"turns":2},{"damage":15,"enemies":"3 Louse","floor":13,"turns":2},{"damage":0,"enemies":"Slime Boss","floor":16,"turns":5},{"damage":5,"enemies":"Shell Parasite","floor":18,"turns":3},{"damage":6,"enemies":"3 Byrds","floor":20,"turns":3},{"damage":6,"enemies":"Centurion and Healer","floor":24,"turns":4},{"damage":3,"enemies":"Chosen and Byrds","floor":27,"turns":4},{"damage":18,"enemies":"Cultist and Chosen","floor":29,"turns":6},{"damage":6,"enemies":"Slavers","floor":30,"turns":2},{"damage":4,"enemies":"Snake Plant","floor":31,"turns":2},{"damage":13,"enemies":"Champ","floor":33,"turns":6},{"damage":23,"enemies":"3 Shapes","floor":35,"turns":2},{"damage":1,"enemies":"3 Darklings","floor":38,"turns":3},{"damage":12,"enemies":"4 Shapes","floor":39,"turns":2},{"damage":56,"enemies":"Giant Head","floor":41,"turns":6}],"seed_played":"7597927231999761656","potions_obtained":[{"floor":2,"key":"Adrenaline Potion"},{"floor":13,"key":"DuplicationPotion"},{"floor":29,"key":"DistilledChaos"},{"floor":30,"key":"Flashbang"},{"floor":33,"key":"Fruit Juice"},{"floor":39,"key":"Energy Potion"}],"is_trial":false,"path_per_floor":["M","M","$","?","$","R","?","R","T","M","?","R","M","$","R","B",null,"M","$","M","?","$","R","M","R","T","M","?","M","E","M","R","B",null,"M","$","?","M","M","R","E"],"character_chosen":"MARISA","items_purchased":["PulseMagic","PowerUp","Anchor","PowerUp","PowerUp","GrandCross"],"campfire_rested":2,"item_purchase_floors":[5,5,22,22,36,36],"current_hp_per_floor":[74,74,74,74,74,74,74,74,74,66,51,73,58,58,75,75,75,70,70,64,64,64,64,58,58,58,55,55,37,31,27,27,14,75,57,57,57,56,44,44,0,0],"gold":168,"neow_bonus":"RANDOM_COMMON_RELIC","is_daily":false,"chose_seed":false,"campfire_upgraded":6,"win_rate":0.0,"timestamp":1611725081,"path_taken":["M","M","$","?","?","R","?","R","T","M","?","R","M","$","R","BOSS","M","$","M","?","$","R","M","R","T","M","?","M","E","?","R","BOSS","M","$","?","M","?","R","E"],"items_purchased_type":["Card","Card","Relic","Card","Card","Card"],"build_version":"2020-12-22","purchased_purges":0,"victory":false,"max_hp_per_floor":[75,75,75,75,75,75,75,75,75,75,75,75,75,75,75,75,75,75,75,75,75,75,75,75,75,75,75,75,75,75,75,75,75,75,80,80,80,80,80,80,80,80],"card_choices":[{"not_picked":["SporeBomb","WitchLeyline"],"picked":"DarkSpark","floor":1},{"not_picked":["MysteriousBeam","WitchOfGreed"],"picked":"DoubleSpark","floor":2},{"not_picked":["UnstableBomb","GravityBeat","ShootingEcho"],"picked":"SKIP","floor":10},{"not_picked":["WitchLeyline","StarBarrage","BlazingStar"],"picked":"SKIP","floor":13},{"not_picked":["JA","MillisecondPulsars"],"picked":"MaximisePower","floor":16},{"not_picked":["GravityBeat+1","GalacticHalo"],"picked":"WitchOfGreed","floor":18},{"not_picked":["UnstableBomb+1","6A","ManaConvection"],"picked":"SKIP","floor":20},{"not_picked":["LuminesStrike","MilkyWay"],"picked":"DragonMeteor","floor":24},{"not_picked":["ShootingEcho","IllusionStar","PropBag"],"picked":"SKIP","floor":27},{"not_picked":["MagicAbsorber+1","PropBag+1","Acceleration"],"picked":"SKIP","floor":29},{"not_picked":["AsteroidBelt","StarDustReverie","LuminesStrike"],"picked":"SKIP","floor":30},{"not_picked":["SporeBomb","Occultation"],"picked":"MachineGunSpark","floor":31},{"not_picked":["MillisecondPulsars","AbsoluteMagnitude"],"picked":"MaximisePower","floor":33},{"not_picked":["DarkSpark","OneTimeOff"],"picked":"DoubleSpark+1","floor":35},{"not_picked":["MysteriousBeam","AsteroidBelt+1","BlazeAway"],"picked":"SKIP","floor":38},{"not_picked":["WitchOfGreed+1","WitchLeyline+1"],"picked":"OortCloud+1","floor":39}],"player_experience":116849,"relics_obtained":[{"floor":4,"key":"Ring of Fury"},{"floor":9,"key":"Centennial Puzzle"},{"floor":26,"key":"Darkstone Periapt"},{"floor":30,"key":"Calipers"}],"event_choices":[{"damage_healed":0,"gold_gain":0,"player_choice":"Grow","damage_taken":0,"max_hp_gain":0,"max_hp_loss":0,"event_name":"Living Wall","floor":7,"gold_loss":0,"cards_upgraded":["DarkSpark"]},{"damage_healed":0,"gold_gain":0,"player_choice":"Entered Light","damage_taken":15,"max_hp_gain":0,"max_hp_loss":0,"event_name":"Shining Light","floor":11,"gold_loss":0,"cards_upgraded":["Defend_MRS","PowerUp"]},{"damage_healed":0,"gold_gain":0,"player_choice":"Ignored","damage_taken":0,"max_hp_gain":0,"max_hp_loss":0,"event_name":"Beggar","floor":21,"gold_loss":0},{"damage_healed":0,"gold_gain":0,"player_choice":"Read","damage_taken":0,"max_hp_gain":0,"max_hp_loss":0,"event_name":"The Library","floor":28,"gold_loss":0,"cards_obtained":["CasketOfStar"]},{"cards_removed":["Amnesia"],"damage_healed":0,"gold_gain":0,"player_choice":"Purged","damage_taken":0,"max_hp_gain":0,"max_hp_loss":0,"event_name":"Purifier","floor":37,"gold_loss":0}],"is_beta":false,"boss_relics":[{"not_picked":["Kintsugi","Snecko Eye"],"picked":"Coffee Dripper"},{"not_picked":["Velvet Choker","Calling Bell"],"picked":"ExperimentalFamiliar"}],"items_purged_floors":[],"is_endless":false,"potions_floor_spawned":[2,13,29,30,31,39],"killed_by":"Giant Head","ascension_level":1}}