{"host":"vm3f1ccwgbs4oygt","time":1611738016,"event":{"mods":["BaseMod","BetterRewards","Colored Powertips","Minty Spire (QoL Compilation)","Permanent Neow","Shop Mod","StSLib"],"gold_per_floor":[116,116,41,62,87,87,123,147,147,147,147,167,167,181,181,312,312,328,29,42,57,57,95,107,119,131,157,169,199,211,241,253,396,408,444,472,484,514,123,159,11,27,27,27,40,40,40],"floor_reached":46,"language":"ENG","playtime":4146,"items_purged":["Injury","Strike_R","Strike_R"],"score":595,"play_id":"f3f38bf9-4d1a-49b8-bc0b-b9c530b1360e","local_time":"20210127100016","is_ascension_mode":true,"campfire_choices":[{"data":"Bash","floor":6,"key":"SMITH"},{"floor":11,"key":"REST"},{"data":"Feed","floor":13,"key":"SMITH"},{"data":"Clothesline","floor":15,"key":"SMITH"},{"data":"Inflame","floor":25,"key":"SMITH"},{"data":"Demon Form","floor":30,"key":"SMITH"},{"floor":32,"key":"REST"},{"floor":44,"key":"REST"}],"circlet_count":0,"master_deck":["Strike_R","Strike_R","Strike_R+1","Defend_R+1","Defend_R","Defend_R","Defend_R","Bash+1","Feed+1","Clothesline+1","Seeing Red","Cleave","Shrug It Off","Flex","Limit Break","Inflame+1","Dual Wield","Writhe","Fire Breathing","Ghostly Armor+1","Demon Form+1","Thunderclap","Demon Form","True Grit","Thunderclap","Power Through+1","Rampage+1"],"relics":["Black Blood","Golden Idol","Orichalcum","MealTicket","Velvet Choker","Strange Spoon","Kunai","MawBank","Champion Belt","Sling","Omamori","Paper Frog"],"acts_visited":["Exordium","TheCity","TheBeyond"],"potions_floor_usage":[7,16,16,16,23,23,23,33,40,40,41,42,42,42,42,45,45],"damage_taken":[{"damage":6,"enemies":"Cultist","floor":1,"turns":3},{"damage":2,"enemies":"Jaw Worm","floor":4,"turns":3},{"damage":0,"enemies":"2 Louse","floor":5,"turns":2},{"damage":62,"enemies":"Lagavulin","floor":7,"turns":9},{"damage":6,"enemies":"Looter","floor":8,"turns":3},{"damage":16,"enemies":"Exordium Thugs","floor":12,"turns":4},{"damage":0,"enemies":"Lots of Slimes","floor":14,"turns":3},{"damage":29,"enemies":"Hexaghost","floor":16,"turns":11},{"damage":20,"enemies":"3 Byrds","floor":18,"turns":7},{"damage":16,"enemies":"Shell Parasite","floor":20,"turns":5},{"damage":8,"enemies":"Centurion and Healer","floor":21,"turns":6},{"damage":47,"enemies":"Gremlin Leader","floor":23,"turns":8},{"damage":27,"enemies":"Snake Plant","floor":27,"turns":4},{"damage":29,"enemies":"3 Cultists","floor":29,"turns":6},{"damage":16,"enemies":"Sentry and Sphere","floor":31,"turns":4},{"damage":71,"enemies":"Automaton","floor":33,"turns":9},{"damage":33,"enemies":"Orb Walker","floor":35,"turns":5},{"damage":35,"enemies":"3 Shapes","floor":36,"turns":6},{"damage":74,"enemies":"Sphere and 2 Shapes","floor":38,"turns":6},{"damage":49,"enemies":"Nemesis","floor":40,"turns":7},{"damage":44,"enemies":"3 Darklings","floor":42,"turns":5},{"damage":71,"enemies":"Transient","floor":45,"turns":5},{"damage":38,"enemies":"Maw","floor":46,"turns":5}],"seed_played":"-1284034190975275575","potions_obtained":[{"floor":4,"key":"BloodPotion"},{"floor":7,"key":"Dexterity Potion"},{"floor":12,"key":"ColorlessPotion"},{"floor":16,"key":"Fruit Juice"},{"floor":18,"key":"AttackPotion"},{"floor":21,"key":"FearPotion"},{"floor":29,"key":"Block Potion"},{"floor":38,"key":"SpeedPotion"},{"floor":40,"key":"Strength Potion"},{"floor":45,"key":"Strength Potion"}],"is_trial":false,"path_per_floor":["M","?","$","M","M","R","E","M","T","?","R","M","R","M","R","B",null,"M","$","M","M","?","E","?","R","T","M","?","M","R","M","R","B",null,"M","M","$","M","$","E","$","M","T","R","M","M"],"character_chosen":"IRONCLAD","items_purchased":["Strange Spoon","Energy Potion","Energy Potion","DuplicationPotion","Sling","BloodPotion","EntropicBrew"],"campfire_rested":3,"item_purchase_floors":[19,19,39,39,39,41,41],"current_hp_per_floor":[83,83,83,86,89,89,50,53,53,35,62,55,55,65,65,47,104,94,108,102,104,104,63,101,101,101,80,80,61,61,51,87,26,124,103,84,99,41,56,19,60,54,54,93,34,0,0],"gold":40,"neow_bonus":"ONE_RANDOM_RARE_CARD","is_daily":false,"chose_seed":false,"campfire_upgraded":5,"win_rate":0.0,"timestamp":1611738016,"path_taken":["M","?","$","M","M","R","E","M","T","?","R","M","R","M","R","BOSS","M","$","M","M","?","E","?","R","T","M","?","?","R","M","R","BOSS","M","M","?","?","$","E","?","M","T","R","?","M"],"items_purchased_type":["Relic","Potion","Potion","Potion","Relic","Potion","Potion"],"build_version":"2020-12-22","purchased_purges":3,"victory":false,"max_hp_per_floor":[83,83,83,86,89,89,89,92,92,92,92,95,95,99,99,104,104,108,108,112,116,116,116,116,116,116,116,116,120,120,120,120,124,124,124,128,128,132,132,132,132,132,132,132,132,132,132],"card_choices":[{"not_picked":["Twin Strike","Thunderclap"],"picked":"Clothesline","floor":1},{"not_picked":["Armaments","Whirlwind"],"picked":"Seeing Red","floor":4},{"not_picked":["Warcry","Wild Strike","Armaments"],"picked":"SKIP","floor":5},{"not_picked":["Sword Boomerang","Evolve","Sever Soul"],"picked":"SKIP","floor":7},{"not_picked":["Perfected Strike","Clash"],"picked":"Cleave","floor":8},{"not_picked":["Sword Boomerang","Offering"],"picked":"Shrug It Off","floor":12},{"not_picked":["Warcry","Combust"],"picked":"Flex","floor":14},{"not_picked":["Brutality","Reaper"],"picked":"Limit Break","floor":16},{"not_picked":["Heavy Blade","Headbutt"],"picked":"Inflame","floor":18},{"not_picked":["Feel No Pain","Anger","Sword Boomerang"],"picked":"SKIP","floor":20},{"not_picked":["Pommel Strike+1","Sever Soul"],"picked":"Dual Wield","floor":21},{"not_picked":["Clash","Reckless Charge+1"],"picked":"Fire Breathing","floor":23},{"not_picked":["Entrench+1","Seeing Red"],"picked":"Ghostly Armor+1","floor":27},{"not_picked":["Iron Wave+1","Fire Breathing+1"],"picked":"Demon Form","floor":29},{"not_picked":["Hemokinesis","Rage"],"picked":"Thunderclap","floor":31},{"not_picked":["Brutality","Feed"],"picked":"Demon Form","floor":33},{"not_picked":["Thunderclap","Headbutt+1"],"picked":"True Grit","floor":35},{"not_picked":["True Grit","Iron Wave","Rampage+1"],"picked":"SKIP","floor":36},{"not_picked":["Cleave+1","Warcry+1"],"picked":"Thunderclap","floor":38},{"not_picked":["Whirlwind+1","Cleave","Bludgeon"],"picked":"SKIP","floor":40},{"not_picked":["Inflame+1","Anger+1"],"picked":"Power Through+1","floor":42},{"not_picked":["Headbutt","Havoc+1"],"picked":"Rampage+1","floor":45}],"player_experience":873445,"relics_obtained":[{"floor":7,"key":"Orichalcum"},{"floor":9,"key":"MealTicket"},{"floor":23,"key":"MawBank"},{"floor":26,"key":"Champion Belt"},{"floor":40,"key":"Omamori"},{"floor":43,"key":"Paper Frog"}],"event_choices":[{"damage_healed":0,"gold_gain":0,"player_choice":"Take Wound","damage_taken":0,"relics_obtained":["Golden Idol"],"max_hp_gain":0,"max_hp_loss":0,"event_name":"Golden Idol","floor":2,"gold_loss":0,"cards_obtained":["Injury"]},{"damage_healed":0,"gold_gain":0,"player_choice":"Entered Light","damage_taken":18,"max_hp_gain":0,"max_hp_loss":0,"event_name":"Shining Light","floor":10,"gold_loss":0,"cards_upgraded":["Defend_R","Strike_R"]},{"damage_healed":0,"gold_gain":0,"player_choice":"Opened","damage_taken":0,"relics_obtained":["Kunai"],"max_hp_gain":0,"max_hp_loss":0,"event_name":"The Mausoleum","floor":22,"gold_loss":0,"cards_obtained":["Writhe"]},{"damage_healed":38,"gold_gain":0,"player_choice":"Heal","damage_taken":0,"max_hp_gain":0,"max_hp_loss":0,"event_name":"The Library","floor":24,"gold_loss":0},{"damage_healed":0,"gold_gain":0,"player_choice":"Ignored","damage_taken":0,"max_hp_gain":0,"max_hp_loss":0,"event_name":"Ghosts","floor":28,"gold_loss":0}],"is_beta":false,"boss_relics":[{"not_picked":["Runic Cube","Empty Cage"],"picked":"Velvet Choker"},{"not_picked":["Black Star","Philosopher\u0027s Stone"],"picked":"Black Blood"}],"items_purged_floors":[3,19,39],"is_endless":false,"potions_floor_spawned":[4,7,12,16,18,21,29,38,40,45],"killed_by":"Maw","ascension_level":3}}