{"host":"vm3f1ccwgbs4oygt","time":1611776834,"event":{"mods":["BaseMod","BetterRewards","Colored Powertips","Minty Spire (QoL Compilation)","Permanent Neow","Shop Mod","StSLib"],"gold_per_floor":[118,133,152,162,162,162,198,198,198,198,218,231,252,224,224,345,345,359,374,48,48,48,48,48],"floor_reached":23,"language":"ENG","playtime":37925,"items_purged":["Strike_G"],"score":212,"play_id":"28ae0f25-4261-4ace-8b57-f62c1486240c","local_time":"20210127204714","is_ascension_mode":true,"campfire_choices":[{"data":"Choke","floor":6,"key":"SMITH"},{"data":"PiercingWail","floor":8,"key":"SMITH"},{"floor":10,"key":"REST"},{"floor":15,"key":"REST"}],"circlet_count":0,"master_deck":["Strike_G","Strike_G","Strike_G","Strike_G","Defend_G","Defend_G","Defend_G","Defend_G","Survivor+1","Neutralize","Blade Dance+1","PiercingWail+1","Outmaneuver","Choke+1","Injury","Flying Knee","Dagger Throw","Deflect","Bouncing Flask","Envenom","Acrobatics","Infinite Blades"],"relics":["Ring of the Snake","Bloody Idol","Oddly Smooth Stone","War Paint","HoveringKite","Toxic Egg 2"],"acts_visited":["Exordium","TheCity"],"potions_floor_usage":[16,16,23,23],"damage_taken":[{"damage":1,"enemies":"Cultist","floor":1,"turns":5},{"damage":0,"enemies":"Small Slimes","floor":2,"turns":2},{"damage":0,"enemies":"Jaw Worm","floor":3,"turns":5},{"damage":7,"enemies":"Looter","floor":4,"turns":4},{"damage":40,"enemies":"3 Sentries","floor":7,"turns":10},{"damage":6,"enemies":"2 Fungi Beasts","floor":11,"turns":3},{"damage":0,"enemies":"Exordium Wildlife","floor":12,"turns":3},{"damage":13,"enemies":"Exordium Thugs","floor":13,"turns":4},{"damage":8,"enemies":"Hexaghost","floor":16,"turns":9},{"damage":14,"enemies":"3 Byrds","floor":18,"turns":5},{"damage":2,"enemies":"Shell Parasite","floor":19,"turns":5},{"damage":55,"enemies":"Slavers","floor":23,"turns":6}],"seed_played":"-703355106575816098","potions_obtained":[{"floor":1,"key":"FearPotion"},{"floor":3,"key":"Fire Potion"},{"floor":11,"key":"BlessingOfTheForge"},{"floor":19,"key":"Block Potion"}],"is_trial":false,"path_per_floor":["M","M","M","M","?","R","E","R","T","R","M","M","M","?","R","B",null,"M","M","$","?","?","E"],"character_chosen":"THE_SILENT","items_purchased":["Toxic Egg 2"],"campfire_rested":2,"item_purchase_floors":[20],"current_hp_per_floor":[69,69,69,62,62,62,22,22,22,43,37,37,24,24,45,37,70,56,54,54,54,54,0,0],"gold":48,"neow_bonus":"REMOVE_CARD","is_daily":false,"chose_seed":false,"campfire_upgraded":2,"win_rate":0.0,"timestamp":1611776834,"path_taken":["M","M","M","M","?","R","E","R","T","R","M","M","M","?","R","BOSS","M","M","$","?","?","E"],"items_purchased_type":["Relic"],"build_version":"2020-12-22","purchased_purges":1,"victory":false,"max_hp_per_floor":[70,70,70,70,70,70,70,70,70,70,70,70,70,70,70,70,70,70,70,70,70,70,70,70],"card_choices":[{"not_picked":["Expertise","Dagger Throw"],"picked":"Blade Dance","floor":1},{"not_picked":["Quick Slash","Crippling Poison"],"picked":"PiercingWail","floor":2},{"not_picked":["Prepared","Caltrops"],"picked":"Outmaneuver","floor":3},{"not_picked":["Dodge and Roll","Calculated Gamble"],"picked":"Choke","floor":4},{"not_picked":["Outmaneuver","Glass Knife"],"picked":"Flying Knee","floor":7},{"not_picked":["Cloak And Dagger","Finisher"],"picked":"Dagger Throw","floor":11},{"not_picked":["PiercingWail","Sucker Punch"],"picked":"Deflect","floor":12},{"not_picked":["Outmaneuver","Prepared"],"picked":"Bouncing Flask","floor":13},{"not_picked":["Phantasmal Killer","Unload"],"picked":"Envenom","floor":16},{"not_picked":["Flying Knee","Choke"],"picked":"Acrobatics","floor":18},{"not_picked":["Eviscerate","Caltrops"],"picked":"Infinite Blades","floor":19}],"player_experience":877591,"relics_obtained":[{"floor":7,"key":"Oddly Smooth Stone"},{"floor":9,"key":"War Paint"}],"event_choices":[{"damage_healed":0,"gold_gain":0,"player_choice":"Take Wound","damage_taken":0,"relics_obtained":["Golden Idol"],"max_hp_gain":0,"max_hp_loss":0,"event_name":"Golden Idol","floor":5,"gold_loss":0,"cards_obtained":["Injury"]},{"damage_healed":0,"gold_gain":0,"player_choice":"Left Gold","damage_taken":0,"max_hp_gain":0,"max_hp_loss":0,"event_name":"World of Goop","floor":14,"gold_loss":28},{"damage_healed":0,"gold_gain":0,"player_choice":"Gave Idol","damage_taken":0,"relics_obtained":["Bloody Idol"],"max_hp_gain":0,"max_hp_loss":0,"event_name":"Forgotten Altar","floor":21,"relics_lost":["Golden Idol"],"gold_loss":0},{"damage_healed":0,"gold_gain":0,"player_choice":"Ignored","damage_taken":0,"max_hp_gain":0,"max_hp_loss":0,"event_name":"Vampires","floor":22,"gold_loss":0}],"is_beta":false,"boss_relics":[{"not_picked":["Philosopher\u0027s Stone","Busted Crown"],"picked":"HoveringKite"}],"items_purged_floors":[20],"is_endless":false,"potions_floor_spawned":[1,3,11,12,13,19],"killed_by":"Slavers","ascension_level":2}}