{"host":"d8hh7rr4yzitjeuj","time":1611727610,"event":{"mods":["2.2 Compatiblity","AchievementEnabler","Act Like it!","BaseMod","Colored Map","Colored Powertips","Highlight Path","Keyboard Shortcuts","Minty Spire (QoL Compilation)","Permanent Neow","Quick Restart","StSLib","SuperFastMode"],"gold_per_floor":[119,130,146,162,177,212,230,230,230],"floor_reached":8,"language":"KOR","playtime":258,"items_purged":[],"score":124,"play_id":"6d8d20c9-a950-42bb-843b-b332f1c15b51","local_time":"20210127150650","is_ascension_mode":true,"campfire_choices":[],"circlet_count":0,"master_deck":["AscendersBane","Strike_B","Strike_B","Strike_B","Strike_B","Defend_B","Defend_B","Defend_B","Defend_B","Zap","Dualcast","Go for the Eyes","Genetic Algorithm","Coolheaded","Defragment","Compile Driver","White Noise+1","Hologram+1"],"relics":["Cracked Core","NeowsBlessing","Toxic Egg 2"],"acts_visited":["Exordium"],"potions_floor_usage":[8],"damage_taken":[{"damage":0,"enemies":"Cultist","floor":1,"turns":1},{"damage":0,"enemies":"Jaw Worm","floor":2,"turns":1},{"damage":0,"enemies":"Small Slimes","floor":3,"turns":1},{"damage":19,"enemies":"3 Louse","floor":4,"turns":3},{"damage":15,"enemies":"2 Fungi Beasts","floor":5,"turns":4},{"damage":12,"enemies":"Lagavulin","floor":6,"turns":8},{"damage":7,"enemies":"Exordium Thugs","floor":7,"turns":4},{"damage":20,"enemies":"3 Sentries","floor":8,"turns":4}],"seed_played":"2188809076463131253","potions_obtained":[{"floor":4,"key":"LiquidBronze"},{"floor":5,"key":"SpeedPotion"}],"is_trial":false,"path_per_floor":["M","M","M","M","M","E","M","E"],"character_chosen":"DEFECT","items_purchased":[],"campfire_rested":0,"item_purchase_floors":[],"current_hp_per_floor":[64,64,64,45,30,18,11,0,0],"gold":230,"neow_bonus":"THREE_ENEMY_KILL","is_daily":false,"chose_seed":false,"campfire_upgraded":0,"win_rate":0.0,"timestamp":1611727610,"path_taken":["M","M","M","M","M","E","M","E"],"items_purchased_type":[],"build_version":"2020-12-22","purchased_purges":0,"victory":false,"max_hp_per_floor":[71,71,71,71,71,71,71,71,71],"card_choices":[{"not_picked":["Hologram","Coolheaded"],"picked":"Go for the Eyes","floor":1},{"not_picked":["Beam Cell","Rebound"],"picked":"Genetic Algorithm","floor":2},{"not_picked":["Go for the Eyes","Stack"],"picked":"Coolheaded","floor":3},{"not_picked":["Redo","Blizzard"],"picked":"Defragment","floor":4},{"not_picked":["Skim","Coolheaded"],"picked":"Compile Driver","floor":5},{"not_picked":["Hello World","Fission+1"],"picked":"White Noise+1","floor":6},{"not_picked":["Turbo+1","Compile Driver"],"picked":"Hologram+1","floor":7}],"player_experience":1454136,"relics_obtained":[{"floor":6,"key":"Toxic Egg 2"}],"event_choices":[],"is_beta":false,"boss_relics":[],"items_purged_floors":[],"is_endless":false,"potions_floor_spawned":[4,5,6],"killed_by":"3 Sentries","ascension_level":20}}