{"host":"1445u9fdo06cpl2a","time":1611779799,"event":{"mods":["AchievementEnabler","Aspiration","Astrologer","Bard","BaseMod","Better Skull","BetterRewards","Colored Map","Colored Powertips","Conspire","Curses Come First","DeckTracker","Duelist Mod","GifTheSpireLib","GungeonMod","Halation","Hermit","Highlight Path","Hubris","Infinite Spire","Minty Spire (QoL Compilation)","Permanent Neow","Random Character Button","Rare Cards Sparkle","Replay The Spire","Shop Mod","Spire Arcade","StSLib","Stuff the Spire","Td1madao Mod","The Blackbeard","The Bladedancer","The Construct","The Cursed","The Forsaken","The Gatherer","The Hierophant","The Marked","The Mystic","The Necromancer","The Poker Player","The Runesmith","The Saiyan"],"gold_per_floor":[109,109,109,109,125,125,142,142,220,247,267,267,277,296,296,400,400,414,414,434,445,319,319,337,369,369,369,400,416,416,316,316,412,412,454,496,547,182,214,260,295,341,341,341,373,373,373,373,410,410,410,535,535,569,618,662,135,146,146,165,187,234,234,234,253,277,313,313,400,400,420,446,446,484,514,514,538,584,608,670,676,586,586,618,618,711,711,764,764,820,873,823,823,880,929,929,929,1000,1000,1071,1148,1148,1282,1282,1374,1470,591,82,102,102,117,150,175,185,205,205,117,133,133,225,225,233,248,124,142,102,102,123,123,204,221,221,237,44,51,51,122,122,140,140,156,228,228,228,244,244,270,270,308,333,363,144,144,0,0],"floor_reached":154,"language":"ENG","playtime":19836,"items_purged":["Strike_P","Strike_P","Defend_P","Strike_P+1","theForsaken:PlagueCurse"],"score":3721,"play_id":"096bd733-0b5f-41bb-aa12-834510979f6b","local_time":"20210127203639","is_ascension_mode":false,"campfire_choices":[{"data":"Crescendo","floor":6.0,"key":"SMITH"},{"data":"Scrawl","floor":8.0,"key":"SMITH"},{"floor":15.0,"key":"DIG"},{"data":"LessonLearned","floor":23.0,"key":"SMITH"},{"data":"Adaptation","floor":27.0,"key":"SMITH"},{"data":"Defend_P","floor":32.0,"key":"PURGE"},{"data":"hubris:DuctTapeCard","floor":44.0,"key":"SMITH"},{"data":"TalkToTheHand","floor":48.0,"key":"SMITH"},{"floor":51.0,"key":"REST"},{"data":"Nirvana","floor":59.0,"key":"SMITH"},{"data":"CutThroughFate","floor":63.0,"key":"SMITH"},{"data":"TalkToTheHand","floor":68.0,"key":"SMITH"},{"data":"TalkToTheHand","floor":76.0,"key":"SMITH"},{"data":"hubris:InfiniteBlow+1","floor":83.0,"key":"SMITH"},{"data":"Brilliance","floor":93,"key":"SMITH"},{"data":"hubris:InfiniteBlow+6","floor":102,"key":"SMITH"},{"data":"Vault","floor":110,"key":"SMITH"},{"floor":119,"key":"DIG"},{"data":"hubris:InfiniteBlow+9","floor":127,"key":"SMITH"},{"data":"hubris:InfiniteBlow+10","floor":129,"key":"SMITH"},{"data":"hubris:InfiniteBlow+11","floor":132,"key":"SMITH"},{"data":"hubris:InfiniteBlow+12","floor":144,"key":"SMITH"},{"data":"hubris:InfiniteBlow+13","floor":146,"key":"SMITH"},{"data":"hubris:InfiniteBlow+14","floor":148,"key":"SMITH"}],"circlet_count":0,"master_deck":["Vigilance+1","Replay:ManipulateFuture+1","StuffTheSpire:Innocence+1","Crescendo+1","Scrawl+1","CutThroughFate+1","Consecrate+1","CutThroughFate+1","FollowUp+1","Brilliance+1","FearNoEvil+1","LessonLearned+1","Weave+1","EmptyFist+1","Adaptation+1","Replay:Hum+1","Protect+1","Crescendo+1","Establishment+1","Swivel+1","Evaluate+1","Tantrum+1","TalkToTheHand+1","LikeWater+1","Nirvana+1","Flash of Steel+1","Replay:Cycle+1","Replay:Cycle+1","TalkToTheHand+1","Vault+1","Perseverance+1","Study+1","TalkToTheHand+1","hubris:InfiniteBlow+15","hubris:DuctTapeCard","Vault+1","infinitespire:Menacing","Vault+1","Nirvana+1","hubris:Insight","Thinking Ahead","Nirvana+1","Collect+1","StuffTheSpire:Innocence","Omniscience+1","StuffTheSpire:FreeRealEstate"],"relics":["HolyWater","aspiration:Nostalgia","mysticmod:SpellBook","StuffTheSpire:Rhapsscallions","StuffTheSpire:MayFlowers","Damaru","conspire:DecoderRing","DemoMod:MemoryAlloy","infinitespire:Satchel","Pear","infinitespire:EvilPickle","hubris:Backtick","hubris:DuctTape","War Paint","conspire:TopHat","DemoMod:VorpalBullet","halation:BlueSoulGem","aspiration:PoetsPen_weak","hubris:Potato","ClockworkSouvenir","StuffTheSpire:Wildfire","Runesmith:AutoHammer","DemoMod:GundromedaStrain","Torii","aspiration:SecretTechniqueScroll","Replay:Ringing Soul","DemoMod:Metronome","Ancient Tea Set","Coffee Dripper","DemoMod:PoisonVial","Pen Nib","halation:BottledLove","Ice Cream","DemoMod:GreenGuonStone","HandDrill","Membership Card","FossilizedHelix","Blue Candle","Replay:WaspNest","conspire:BottledYoYo","ReplayTheSpireMod:TigerMarble","StuffTheSpire:EmeraldSignet","theForsaken:PlagueMask","Replay:Bottled Snecko","aspiration:RunesmithSkillbook","aspiration:StickyExplosives_weak","Matryoshka","aspiration:TomeofQuesting","TheAbacus","hubris:Towel","DemoMod:ClearGuonStone","construct:FoamFinger","aspiration:HummingbirdHeart","theForsaken:Gavel","DemoMod:WeirdEgg","Vajra","infinitespire:Lucky Rock","halation:Jellyphish","DemoMod:MonsterBlood","Peace Pipe"],"acts_visited":["Exordium","TheCity","TheBeyond","TheCity","TheBeyond","Exordium","TheCity","TheBeyond"],"potions_floor_usage":[154,154,154],"damage_taken":[{"damage":12.0,"enemies":"Cultist","floor":1.0,"turns":3.0},{"damage":0.0,"enemies":"Small Slimes","floor":5.0,"turns":4.0},{"damage":0.0,"enemies":"Jaw Worm","floor":7.0,"turns":3.0},{"damage":30.0,"enemies":"Lagavulin","floor":10.0,"turns":6.0},{"damage":2.0,"enemies":"Blue Slaver","floor":11.0,"turns":2.0},{"damage":3.0,"enemies":"2 Fungi Beasts","floor":13.0,"turns":3.0},{"damage":0.0,"enemies":"Exordium Wildlife","floor":14.0,"turns":3.0},{"damage":0.0,"enemies":"Hexaghost","floor":16.0,"turns":10.0},{"damage":0.0,"enemies":"2 Thieves","floor":18.0,"turns":2.0},{"damage":3.0,"enemies":"3 Byrds","floor":20.0,"turns":3.0},{"damage":12.0,"enemies":"Centurion and Healer","floor":21.0,"turns":4.0},{"damage":0.0,"enemies":"Cultist and Chosen","floor":24.0,"turns":3.0},{"damage":0.0,"enemies":"Book of Stabbing","floor":25.0,"turns":2.0},{"damage":13.0,"enemies":"Slavers","floor":28.0,"turns":2.0},{"damage":0.0,"enemies":"Sentry and Sphere","floor":29.0,"turns":2.0},{"damage":29.0,"enemies":"Pondfish","floor":33.0,"turns":5.0},{"damage":5.0,"enemies":"3 Shapes","floor":35.0,"turns":3.0},{"damage":0.0,"enemies":"Orb Walker","floor":36.0,"turns":2.0},{"damage":0.0,"enemies":"Transient","floor":37.0,"turns":5.0},{"damage":29.0,"enemies":"Spire Growth","floor":39.0,"turns":4.0},{"damage":44.0,"enemies":"Nightmare","floor":40.0,"turns":6.0},{"damage":0.0,"enemies":"Jaw Worm Horde","floor":41.0,"turns":2.0},{"damage":18.0,"enemies":"R_Hoarder","floor":42.0,"turns":8.0},{"damage":0.0,"enemies":"3 Darklings","floor":45.0,"turns":2.0},{"damage":0.0,"enemies":"Maw","floor":49.0,"turns":2.0},{"damage":52.0,"enemies":"Replay:Hell Engine","floor":52.0,"turns":10.0},{"damage":0.0,"enemies":"Small Slimes","floor":54.0,"turns":1.0},{"damage":14.0,"enemies":"Gremlin Nob","floor":55.0,"turns":3.0},{"damage":0.0,"enemies":"conspire:RoseBush","floor":56.0,"turns":2.0},{"damage":0.0,"enemies":"2 Louse","floor":58.0,"turns":2.0},{"damage":0.0,"enemies":"Large Slime","floor":60.0,"turns":1.0},{"damage":0.0,"enemies":"Red Slaver","floor":61.0,"turns":1.0},{"damage":0.0,"enemies":"conspire:2 RoseBushes","floor":65.0,"turns":1.0},{"damage":0.0,"enemies":"3 Louse","floor":66.0,"turns":1.0},{"damage":0.0,"enemies":"Gremlin Nob","floor":67.0,"turns":1.0},{"damage":0.0,"enemies":"Hexaghost","floor":69.0,"turns":3.0},{"damage":0.0,"enemies":"3 Byrds","floor":71.0,"turns":2.0},{"damage":0.0,"enemies":"Shell Parasite","floor":72.0,"turns":1.0},{"damage":0.0,"enemies":"Snecko","floor":74.0,"turns":1.0},{"damage":0.0,"enemies":"Centurion and Healer","floor":75.0,"turns":2.0},{"damage":10.0,"enemies":"Nightmare_Alpha","floor":77.0,"turns":5.0},{"damage":0.0,"enemies":"Shelled Parasite and Fungi","floor":78.0,"turns":1.0},{"damage":0.0,"enemies":"theDuelist:KaibaA2","floor":80.0,"turns":1.0},{"damage":1.0,"enemies":"conspire:HollyBat","floor":81.0,"turns":6.0},{"damage":0.0,"enemies":"Centurion and Healer","floor":84.0,"turns":1.0},{"damage":0.0,"enemies":"Automaton","floor":86.0,"turns":3.0},{"damage":0,"enemies":"3 Darklings","floor":88,"turns":1},{"damage":0,"enemies":"3 Shapes","floor":90,"turns":1},{"damage":0,"enemies":"Sphere and 2 Shapes","floor":91,"turns":2},{"damage":0,"enemies":"Giant Head","floor":94,"turns":2},{"damage":0,"enemies":"Maw","floor":95,"turns":3},{"damage":0,"enemies":"R_Hoarder","floor":98,"turns":3},{"damage":0,"enemies":"3 Darklings","floor":100,"turns":2},{"damage":0,"enemies":"4 Shapes","floor":101,"turns":1},{"damage":0,"enemies":"Donu and Deca","floor":103,"turns":3},{"damage":0,"enemies":"Small Slimes","floor":105,"turns":1},{"damage":0,"enemies":"Cultist","floor":106,"turns":1},{"damage":0,"enemies":"2 Louse","floor":109,"turns":1},{"damage":0,"enemies":"conspire:MimicChest","floor":111,"turns":3},{"damage":0,"enemies":"Gremlin Nob","floor":112,"turns":1},{"damage":0,"enemies":"Exordium Wildlife","floor":114,"turns":2},{"damage":0,"enemies":"Nightmare","floor":115,"turns":3},{"damage":0,"enemies":"2 Fungi Beasts","floor":118,"turns":1},{"damage":0,"enemies":"Hexaghost","floor":120,"turns":2},{"damage":0,"enemies":"2 Thieves","floor":122,"turns":2},{"damage":0,"enemies":"3 Byrds","floor":123,"turns":2},{"damage":0,"enemies":"Centurion and Healer","floor":125,"turns":1},{"damage":0,"enemies":"Nightmare","floor":128,"turns":2},{"damage":0,"enemies":"Cultist and Chosen","floor":131,"turns":2},{"damage":0,"enemies":"Snecko","floor":133,"turns":1},{"damage":0,"enemies":"Chosen and Byrds","floor":135,"turns":2},{"damage":0,"enemies":"hubris:MusketHawk","floor":137,"turns":3},{"damage":0,"enemies":"3 Darklings","floor":139,"turns":2},{"damage":0,"enemies":"3 Shapes","floor":141,"turns":1},{"damage":0,"enemies":"Sphere and 2 Shapes","floor":145,"turns":3},{"damage":0,"enemies":"R_Hoarder","floor":149,"turns":1},{"damage":0,"enemies":"Writhing Mass","floor":150,"turns":1},{"damage":0,"enemies":"Nemesis","floor":151,"turns":3},{"damage":263,"enemies":"infinitespire:LordOfFortification","floor":154,"turns":19}],"seed_played":"-2190653177562851512","potions_obtained":[{"floor":1.0,"key":"Energy Potion"},{"floor":7.0,"key":"EssenceOfSteel"},{"floor":11.0,"key":"Flashbang"},{"floor":16.0,"key":"Strength Potion"},{"floor":21.0,"key":"AttackPotion"},{"floor":28.0,"key":"BottledMiracle"},{"floor":29.0,"key":"EntropicBrew"},{"floor":37.0,"key":"SneckoOil"},{"floor":40.0,"key":"PowerPotion"},{"floor":41.0,"key":"Milkshake"},{"floor":45.0,"key":"Adrenaline Potion"},{"floor":55.0,"key":"BlessingOfTheForge"},{"floor":60.0,"key":"FearPotion"},{"floor":65.0,"key":"DemoMod:BlankPotion"},{"floor":67.0,"key":"Energy Potion"},{"floor":78.0,"key":"Elixir"},{"floor":84.0,"key":"ColorlessPotion"},{"floor":89,"key":"DemoMod:BlankPotion"}],"is_trial":false,"path_per_floor":["M","?","?","?","M","R","M","R","T","E","M","?","M","M","R_BF","B",null,"M","?","M","M","$","R","M","E","T","R","E","M","T","$","R_BF","B",null,"M","M","M","$","M","NM","M","E","T","R","M","PTL","PTL","R","M","?","R_BF","B",null,"M","?","M","$","M","R","M","M","T","R","?","M","M","E","R","B",null,"M","M","?","M","M","R","NM","M","T","E","M","?","R","M","R_BF","B",null,"M","?","M","M","?","R","E","M","T","?","E","?","M","M","R_BF","B",null,"M","M","$","$","M","R","?","E","T","M","NM","?","$","M","R_BF","B",null,"M","M","?","M","?","R","NM","R","T","M","R","M","$","M","R_BF","B",null,"M","?","M","T","?","R","M","R","T","R","E","M","E","$","R_BF","B"],"character_chosen":"WATCHER","items_purchased":["Weave+1","Establishment","Swivel","Evaluate","Flash of Steel","ClockworkSouvenir","StuffTheSpire:Wildfire","Vault+1","Nirvana","hubris:Insight","DemoMod:GreenGuonStone","HandDrill","Membership Card","FossilizedHelix","Blue Candle","Thinking Ahead","StuffTheSpire:FreeRealEstate","aspiration:TomeofQuesting","TheAbacus","infinitespire:Lucky Rock","halation:Jellyphish","DemoMod:MonsterBlood"],"campfire_rested":1,"item_purchase_floors":[22,38,38,38,57,57,57,107,107,107,107,107,108,108,108,108,134,134,134,152,152,152],"current_hp_per_floor":[60,53,46,46,46,46,46,46,51,21,19,19,16,16,16,22,77,77,77,74,62,62,62,62,62,62,62,49,49,59,59,59,30,87,82,82,85,85,56,45,45,33,33,33,33,33,33,33,33,33,59,13,87,87,73,73,73,73,73,73,73,73,73,73,73,73,73,73,73,87,87,87,87,87,87,87,80,80,80,80,82,82,82,82,90,93,93,93,93,93,93,93,93,93,93,93,73,73,73,73,73,73,76,96,96,96,99,102,102,102,102,105,105,105,108,111,111,111,111,111,111,111,111,114,117,117,117,117,117,117,117,117,117,120,120,120,120,120,120,120,120,120,130,130,130,130,130,130,130,130,130,137,137,0,0],"gold":0,"neow_bonus":"NOSTALGIA","is_daily":false,"chose_seed":false,"campfire_upgraded":20,"win_rate":0.0,"timestamp":1611779799,"path_taken":["M","?","?","?","M","R","?","R","T","E","M","?","M","M","R_BF","BOSS","M","?","M","M","$","R","M","E","T","R","E","M","?","?","R_BF","BOSS","M","M","M","$","M","NM","M","E","T","R","M","PTL","PTL","R","M","?","R_BF","BOSS","M","?","M","$","M","R","M","M","T","R","?","M","M","E","R","BOSS","M","M","?","M","M","R","NM","M","T","E","?","?","R","M","R_BF","BOSS","M","?","M","?","?","R","E","?","T","?","E","?","M","M","R_BF","BOSS","M","M","?","$","M","R","?","E","T","M","NM","?","$","M","R_BF","BOSS","M","M","?","M","?","R","NM","R","T","M","R","?","?","M","R_BF","BOSS","M","?","M","?","?","R","?","R","T","R","E","M","E","$","R_BF","BOSS"],"items_purchased_type":["Card","Card","Card","Card","Card","Relic","Relic","Card","Card","Card","Relic","Relic","Relic","Relic","Relic","Card","Card","Relic","Relic","Relic","Relic","Relic"],"build_version":"2020-12-22","purchased_purges":5,"victory":false,"max_hp_per_floor":[72,72,72,72,72,72,72,72,77,77,77,77,77,77,77,77,77,77,77,77,77,77,77,77,77,77,77,77,77,87,87,87,87,87,87,87,87,87,87,87,87,87,87,87,87,87,87,87,87,87,87,87,87,87,87,87,87,87,87,87,87,87,87,87,87,87,87,87,87,87,87,87,87,87,87,87,90,90,90,90,90,90,90,90,90,93,93,93,93,93,93,93,93,93,93,93,93,93,93,93,93,93,96,96,96,96,99,102,102,102,102,105,105,105,108,111,111,111,111,111,111,111,111,114,117,117,117,117,117,117,117,117,117,120,120,120,120,120,120,120,120,120,130,130,130,130,130,130,130,130,130,137,137,138,138],"card_choices":[{"not_picked":["FollowUp","CarveReality"],"picked":"Replay:ManipulateFuture","floor":1.0},{"not_picked":["ThirdEye","Protect"],"picked":"Crescendo","floor":5.0},{"not_picked":["Tantrum","Evaluate"],"picked":"Scrawl","floor":7.0},{"not_picked":["Scrawl","Crescendo"],"picked":"CutThroughFate","floor":10.0},{"not_picked":["ThirdEye","CrushJoints"],"picked":"Consecrate","floor":11.0},{"not_picked":["JustLucky","PathToVictory"],"picked":"CutThroughFate","floor":13.0},{"not_picked":["Tantrum","Adaptation"],"picked":"FollowUp","floor":14.0},{"not_picked":["DeusExMachina","Omniscience"],"picked":"Brilliance","floor":16.0},{"not_picked":["Crescendo","TalkToTheHand","PathToVictory"],"picked":"SKIP","floor":18.0},{"not_picked":["Crescendo","TalkToTheHand","PathToVictory"],"picked":"SKIP","floor":18.0},{"not_picked":["WindmillStrike","Adaptation"],"picked":"FearNoEvil","floor":20.0},{"not_picked":["BowlingBash","InnerPeace+1"],"picked":"LessonLearned","floor":21.0},{"not_picked":["FlurryOfBlows","FlyingSleeves"],"picked":"EmptyFist+1","floor":24.0},{"not_picked":["LessonLearned","Fasting2"],"picked":"Adaptation","floor":25.0},{"not_picked":["CarveReality+1","Consecrate","Replay:AtTheReady"],"picked":"SKIP","floor":28.0},{"not_picked":["SashWhip","Consecrate"],"picked":"Replay:Hum","floor":29.0},{"not_picked":["MasterReality","Replay:LoomingThreat"],"picked":"Ragnarok","floor":33.0},{"not_picked":["FollowUp+1","Replay:AtTheReady+1"],"picked":"Protect+1","floor":35.0},{"not_picked":["Pray+1","Replay:BluntJabs","InnerPeace+1"],"picked":"SKIP","floor":36.0},{"not_picked":["WaveOfTheHand","JustLucky+1"],"picked":"Crescendo","floor":37.0},{"not_picked":["SignatureMove","CutThroughFate"],"picked":"Tantrum+1","floor":39.0},{"not_picked":["Replay:Anticipation+1","FollowUp+1"],"picked":"TalkToTheHand","floor":40.0},{"not_picked":["Crescendo+1","JustLucky+1"],"picked":"LikeWater+1","floor":41.0},{"not_picked":["PathToVictory","Crescendo","CutThroughFate"],"picked":"SKIP","floor":42.0},{"not_picked":["SandsOfTime+1","SashWhip+1"],"picked":"Nirvana","floor":45.0},{"not_picked":["Protect","ThirdEye+1","CutThroughFate"],"picked":"SKIP","floor":49.0},{"not_picked":["Protect","ClearTheMind","Halt"],"picked":"SKIP","floor":54.0},{"not_picked":["Consecrate","ClearTheMind","JustLucky"],"picked":"SKIP","floor":56.0},{"not_picked":["BowlingBash","FlyingSleeves","Consecrate"],"picked":"SKIP","floor":58.0},{"not_picked":["JustLucky","DeceiveReality","Evaluate"],"picked":"SKIP","floor":60.0},{"not_picked":["WaveOfTheHand","Evaluate","BowlingBash"],"picked":"SKIP","floor":61.0},{"not_picked":["Replay:BluntJabs","CutThroughFate"],"picked":"Replay:Cycle","floor":65.0},{"not_picked":["Meditate","Weave"],"picked":"Replay:Cycle","floor":66.0},{"not_picked":["SandsOfTime","Replay:Anticipation"],"picked":"TalkToTheHand","floor":67.0},{"not_picked":["DeusExMachina","Replay:AllIn"],"picked":"Vault","floor":69.0},{"not_picked":["Replay:Vibes","Replay:BluntJabs+1"],"picked":"Perseverance+1","floor":71.0},{"not_picked":["WindmillStrike+1","Replay:Hum+1"],"picked":"Study+1","floor":72.0},{"not_picked":["FearNoEvil","Halt","Swivel"],"picked":"SKIP","floor":74.0},{"not_picked":["Protect+1","Conclude+1"],"picked":"TalkToTheHand","floor":75.0},{"not_picked":["infinitespire:SealOfDarkness+","ReplayTheSpireMod:Haul"],"picked":"hubris:InfiniteBlow","floor":77.0},{"not_picked":["Study","FlyingSleeves","Tantrum"],"picked":"SKIP","floor":77.0},{"not_picked":["Evaluate+1","Replay:DivineShield+1","CutThroughFate"],"picked":"SKIP","floor":78.0},{"not_picked":["Replay:Cycle+1","FlurryOfBlows+1","SashWhip+1"],"picked":"SKIP","floor":80.0},{"not_picked":["FlyingSleeves","CutThroughFate","Fasting2"],"picked":"SKIP","floor":81.0},{"not_picked":["EmptyMind+1","BowlingBash","EmptyBody"],"picked":"SKIP","floor":84.0},{"not_picked":["Establishment","Replay:AllIn"],"picked":"Brilliance","floor":86.0},{"not_picked":["CutThroughFate","FlurryOfBlows+1","CrushJoints+1"],"picked":"SKIP","floor":88},{"not_picked":["FollowUp+1","Halt+1","ClearTheMind+1"],"picked":"SKIP","floor":90},{"not_picked":["Scrawl","Fasting2+1","Crescendo"],"picked":"SKIP","floor":91},{"not_picked":["FlurryOfBlows+1","Replay:AtTheReady+1","DeceiveReality"],"picked":"SKIP","floor":94},{"not_picked":["FlurryOfBlows+1","Evaluate","Protect"],"picked":"SKIP","floor":95},{"not_picked":["Sanctity+1","ThirdEye+1","Replay:BluntJabs+1"],"picked":"SKIP","floor":98},{"not_picked":["Replay:Vibes+1","FlyingSleeves","Worship+1"],"picked":"SKIP","floor":100},{"not_picked":["CutThroughFate+1","PathToVictory+1","FlyingSleeves"],"picked":"SKIP","floor":101},{"not_picked":["MasterReality","LessonLearned"],"picked":"Vault","floor":103},{"not_picked":["EmptyFist","EmptyBody","Replay:DivineShield"],"picked":"SKIP","floor":105},{"not_picked":["Sanctity","ThirdEye","SashWhip"],"picked":"SKIP","floor":106},{"not_picked":["ReplayTheSpireMod:Haul","infinitespire:Collect"],"picked":"infinitespire:Menacing","floor":107},{"not_picked":["Evaluate","Consecrate","WindmillStrike"],"picked":"SKIP","floor":109},{"not_picked":["MasterReality","BowlingBash"],"picked":"Nirvana","floor":112},{"not_picked":["Replay:Hum","Ragnarok","Pray"],"picked":"SKIP","floor":114},{"not_picked":["ReachHeaven","BattleHymn"],"picked":"Collect","floor":115},{"not_picked":["Halt","CutThroughFate","ClearTheMind"],"picked":"SKIP","floor":118},{"not_picked":["Runesmith:CraftIncendium+1","EmptyFist","Runesmith:PerfectChisel","CutThroughFate"],"picked":"SKIP","floor":122},{"not_picked":["Crescendo","FlyingSleeves","Runesmith:ChiselStab","Runesmith:Grindstone"],"picked":"SKIP","floor":123},{"not_picked":["Swivel","JustLucky","Runesmith:RunicBlueprint"],"picked":"Omniscience","floor":125},{"not_picked":["InnerPeace+1","Runesmith:CraftProtectio","Replay:Hum","Runesmith:Prism+1"],"picked":"SKIP","floor":128},{"not_picked":["SashWhip","Runesmith:Empowerment","Runesmith:Reinforce","WaveOfTheHand"],"picked":"SKIP","floor":131},{"not_picked":["Nirvana+1","Runesmith:Repurpose","FlurryOfBlows","Runesmith:Overpower"],"picked":"SKIP","floor":133},{"not_picked":["Runesmith:OneForEveryone+1","Runesmith:NanitesCloud","Runesmith:UnstableHammer+1","Runesmith:HeatedChisel"],"picked":"SKIP","floor":135},{"not_picked":["Runesmith:HeatedChisel+1","Runesmith:HeatExchange+1","Worship","Consecrate+1"],"picked":"SKIP","floor":139},{"not_picked":["Runesmith:NanitesCloud","FlyingSleeves+1","CrushJoints","ThirdEye"],"picked":"SKIP","floor":141},{"not_picked":["Replay:DivineShield","Runesmith:CraftPrismatica","Runesmith:RuneHurl+1","Sanctity+1"],"picked":"SKIP","floor":145},{"not_picked":["Judgement","Runesmith:ChiselStab","Runesmith:CraftProtectio","FearNoEvil"],"picked":"SKIP","floor":149},{"not_picked":["Tantrum+1","Runesmith:HammerThrow","Evaluate","Runesmith:PerfectChisel"],"picked":"SKIP","floor":150},{"not_picked":["Runesmith:WhiteBalance","Runesmith:Retool","FearNoEvil","Runesmith:Firewall+1"],"picked":"SKIP","floor":151}],"player_experience":99656,"relics_obtained":[{"floor":9.0,"key":"StuffTheSpire:Rhapsscallions"},{"floor":10.0,"key":"StuffTheSpire:MayFlowers"},{"floor":15.0,"key":"Damaru"},{"floor":25.0,"key":"conspire:DecoderRing"},{"floor":26.0,"key":"DemoMod:MemoryAlloy"},{"floor":28.0,"key":"infinitespire:Satchel"},{"floor":30.0,"key":"Pear"},{"floor":40.0,"key":"War Paint"},{"floor":42.0,"key":"conspire:TopHat"},{"floor":43.0,"key":"DemoMod:VorpalBullet"},{"floor":62.0,"key":"Runesmith:AutoHammer"},{"floor":64.0,"key":"DemoMod:GundromedaStrain"},{"floor":67.0,"key":"Torii"},{"floor":77.0,"key":"Replay:Ringing Soul"},{"floor":79.0,"key":"DemoMod:Metronome"},{"floor":80.0,"key":"Ancient Tea Set"},{"floor":94,"key":"Pen Nib"},{"floor":96,"key":"halation:BottledLove"},{"floor":98,"key":"Ice Cream"},{"floor":111,"key":"Replay:WaspNest"},{"floor":112,"key":"conspire:BottledYoYo"},{"floor":113,"key":"ReplayTheSpireMod:TigerMarble"},{"floor":115,"key":"StuffTheSpire:EmeraldSignet"},{"floor":119,"key":"Replay:Bottled Snecko"},{"floor":128,"key":"aspiration:StickyExplosives_weak"},{"floor":130,"key":"Matryoshka"},{"floor":142,"key":"DemoMod:ClearGuonStone"},{"floor":142,"key":"construct:FoamFinger"},{"floor":147,"key":"aspiration:HummingbirdHeart"},{"floor":147,"key":"theForsaken:Gavel"},{"floor":149,"key":"DemoMod:WeirdEgg"},{"floor":151,"key":"Vajra"}],"event_choices":[{"cards_removed":["Strike_P"],"damage_healed":0.0,"max_hp_gain":0.0,"max_hp_loss":0.0,"gold_gain":0.0,"event_name":"Golden Wing","player_choice":"Card Removal","floor":2.0,"gold_loss":0.0,"damage_taken":7.0},{"damage_healed":0.0,"max_hp_gain":0.0,"max_hp_loss":0.0,"gold_gain":0.0,"event_name":"conspire:Investor","player_choice":"Leave","floor":12.0,"gold_loss":0.0,"damage_taken":0.0},{"damage_healed":0.0,"max_hp_gain":0.0,"max_hp_loss":0.0,"gold_gain":0.0,"event_name":"Dead Adventurer","player_choice":"Searched \u00272\u0027 times","floor":55.0,"gold_loss":0.0,"damage_taken":0.0,"relics_obtained":["hubris:Potato"]},{"damage_healed":0.0,"max_hp_gain":0.0,"max_hp_loss":0.0,"gold_gain":0.0,"event_name":"Accursed Blacksmith","player_choice":"Forge","floor":73.0,"gold_loss":0.0,"damage_taken":0.0,"cards_upgraded":["Vault"]},{"cards_removed":["Defend_P"],"damage_healed":0.0,"max_hp_gain":0.0,"max_hp_loss":0.0,"gold_gain":0.0,"event_name":"Designer","player_choice":"Upgrade and Remove","floor":82.0,"gold_loss":90.0,"damage_taken":0.0,"cards_upgraded":["hubris:InfiniteBlow"]},{"damage_healed":0,"gold_gain":0,"player_choice":"Got Potions","damage_taken":0,"max_hp_gain":0,"max_hp_loss":0,"event_name":"Lab","floor":89,"gold_loss":0},{"damage_healed":0,"gold_gain":0,"player_choice":"Paid Gold","damage_taken":0,"relics_obtained":["DemoMod:PoisonVial"],"max_hp_gain":0,"max_hp_loss":0,"event_name":"WeMeetAgain","floor":92,"gold_loss":50},{"damage_healed":0,"gold_gain":0,"player_choice":"Bought 0 Potions","damage_taken":0,"max_hp_gain":0,"max_hp_loss":0,"event_name":"The Woman in Blue","floor":99,"gold_loss":0},{"damage_healed":0,"gold_gain":0,"player_choice":"Obtain Plague Curse","damage_taken":0,"max_hp_gain":0,"max_hp_loss":0,"event_name":"Plague Doctor","floor":116,"gold_loss":0,"cards_obtained":["theForsaken:PlagueCurse"]},{"damage_healed":0,"gold_gain":0,"player_choice":"Upgrade","damage_taken":0,"max_hp_gain":0,"max_hp_loss":0,"event_name":"Designer","floor":126,"gold_loss":40,"cards_upgraded":["hubris:InfiniteBlow"]},{"cards_removed":["Brilliance"],"damage_healed":0,"gold_gain":0,"player_choice":"Offered Rare","damage_taken":0,"max_hp_gain":10,"max_hp_loss":0,"event_name":"Bonfire Elementals","floor":143,"gold_loss":0}],"is_beta":false,"boss_relics":[{"not_picked":["Ring of Chaos","conspire:RoyalGoblet"],"picked":"HolyWater"},{"not_picked":["construct:ClawGrip","halation:CatFaceCupcake"],"picked":"hubris:Backtick"},{"not_picked":["Snecko Eye","halation:MonkeysPaw"],"picked":"aspiration:PoetsPen_weak"},{"not_picked":["aspiration:RunicSpoon","Empty Cage"],"picked":"aspiration:SecretTechniqueScroll"},{"not_picked":["hubris:Stopwatch","construct:WeddingRing"],"picked":"Coffee Dripper"},{"not_picked":["ReplayTheSpireMod:DimensionalGlitch","Replay:Bronze Core","halation:CatFaceCupcake"]},{"not_picked":["Runic Pyramid","Busted Crown"],"picked":"aspiration:RunesmithSkillbook"},{"not_picked":["Runesmith:UraniumAnvil","conspire:SeveredTorchhead","Snecko Eye"]}],"items_purged_floors":[22,31,38,107,117],"is_endless":true,"potions_floor_spawned":[1,7,11,16,21,28,29,37,40,41,45,55,60,65,67,69,71,72,74,78,84,88,94,95,98,103,105,106,118,120,125,128,131,135,139,150,151],"killed_by":"infinitespire:LordOfFortification","ascension_level":0}}