{"host":"7iv10lxbxedtd0qh","time":1611713124,"event":{"mods":["BaseMod","Colored Map","Colored Powertips","Downfall","Minty Spire (QoL Compilation)","StSLib"],"gold_per_floor":[99,112,129,145,161,188,261,261,261,276,276,295,81,81,93,195,195,195,208,308,308,484,498,568,588,388,417,317,335,53,85,97,201,201,201,213,213,213,230,230,230,230,263,275,308,308,308,108,125,125,125,154,0,0,0,0],"floor_reached":57,"language":"ENG","playtime":2844,"items_purged":["bronze:Goto","bronze:Replicate+1","bronze:Strike","bronze:Strike"],"score":1638,"play_id":"3602e438-d7b6-49ea-a610-a9edc1ad8b65","local_time":"20210127030524","is_ascension_mode":true,"campfire_choices":[{"data":"bronze:Replicate","floor":1.0,"key":"SMITH"},{"data":"bronze:Philosophize","floor":9.0,"key":"SMITH"},{"data":"bronze:FineTuning","floor":11.0,"key":"SMITH"},{"floor":18,"key":"RECALL"},{"data":"bronze:Constructor","floor":26,"key":"SMITH"},{"data":"bronze:DecaBeam","floor":28,"key":"SMITH"},{"floor":35,"key":"DIG"},{"floor":40,"key":"DIG"},{"floor":47,"key":"DIG"},{"data":"bronze:ForLoop","floor":54,"key":"SMITH"}],"circlet_count":0,"master_deck":["bronze:Defend","bronze:Defend","bronze:Defend","bronze:Defend","bronze:FineTuning+1","bronze:FineTuning","bronze:FunctionCard","bronze:DecaBeam+1","bronze:Terminator","bronze:ForLoop+1","bronze:Constructor+1","bronze:Iterate","bronze:Repulsor+1"],"relics":["bronze:BronzeCore","Gambling Chip","Letter Opener","Pear","Sozu","downfall:HeartBlessingRed","downfall:HeartBlessingBlue","Nunchaku","downfall:HeartBlessingGreen","PreservedInsect","Shovel","Busted Crown","Pen Nib","Question Card","Gremlin Horn","Pantograph","Frozen Egg 2","HornCleat","Pocketwatch","bronze:ProtectiveGoggles","TheAbacus"],"acts_visited":["Exordium","TheCity","TheBeyond","TheEnding"],"potions_floor_usage":[15,15,36,55,56],"damage_taken":[{"damage":0.0,"enemies":"Cultist","floor":2.0,"turns":4.0},{"damage":0.0,"enemies":"Small Slimes","floor":3.0,"turns":3.0},{"damage":2.0,"enemies":"2 Louse","floor":4.0,"turns":3.0},{"damage":11.0,"enemies":"Blue Slaver","floor":5.0,"turns":3.0},{"damage":30.0,"enemies":"3 Sentries","floor":6.0,"turns":6.0},{"damage":0.0,"enemies":"downfall:FleeingMerchant","floor":8.0,"turns":2.0},{"damage":3.0,"enemies":"Large Slime","floor":10.0,"turns":4.0},{"damage":6.0,"enemies":"Exordium Wildlife","floor":12.0,"turns":2.0},{"damage":5.0,"enemies":"downfall:FleeingMerchant","floor":13.0,"turns":4.0},{"damage":6,"enemies":"2 Fungi Beasts","floor":15,"turns":4},{"damage":0,"enemies":"DF_ARCHETYPE_STREAMLINE","floor":16,"turns":3},{"damage":2,"enemies":"Shell Parasite","floor":19,"turns":2},{"damage":9,"enemies":"Shell Parasite","floor":20,"turns":3},{"damage":0,"enemies":"downfall:FleeingMerchant","floor":22,"turns":4},{"damage":0,"enemies":"Shelled Parasite and Fungi","floor":23,"turns":1},{"damage":0,"enemies":"Centurion and Healer","floor":25,"turns":2},{"damage":0,"enemies":"Gremlin Leader","floor":27,"turns":4},{"damage":0,"enemies":"Cultist and Chosen","floor":29,"turns":1},{"damage":0,"enemies":"Slavers","floor":31,"turns":1},{"damage":0,"enemies":"Shelled Parasite and Fungi","floor":32,"turns":1},{"damage":0,"enemies":"WA_ARCHETYPE_CALM","floor":33,"turns":8},{"damage":0,"enemies":"Orb Walker","floor":36,"turns":2},{"damage":0,"enemies":"3 Shapes","floor":39,"turns":2},{"damage":1,"enemies":"Reptomancer","floor":43,"turns":3},{"damage":0,"enemies":"Jaw Worm Horde","floor":44,"turns":1},{"damage":0,"enemies":"Nemesis","floor":45,"turns":3},{"damage":0,"enemies":"Maw","floor":49,"turns":3},{"damage":3,"enemies":"SI_POISON_ARCHETYPE","floor":50,"turns":5},{"damage":0,"enemies":"downfall:CharBossMerchant","floor":52,"turns":3},{"damage":0,"enemies":"downfall:NeowBoss","floor":55,"turns":5},{"damage":18,"enemies":"downfall:NeowBossFinal","floor":56,"turns":8}],"seed_played":"-5819921617836754358","potions_obtained":[{"floor":2.0,"key":"LiquidMemories"},{"floor":6.0,"key":"SmokeBomb"},{"floor":12.0,"key":"GamblersBrew"},{"floor":15,"key":"PowerPotion"},{"floor":16,"key":"GamblersBrew"}],"is_trial":false,"path_per_floor":["R","M","M","M","M","E","T","$","R","M","R","M","$","T","M","B",null,"R","M","?","?","$","M","T","M","R","E","R","M","$","E","M","B",null,"R","M","?","?","M","R","T","?","E","M","E","T","R","$","M","B",null,"E","$","R","B","B",null],"character_chosen":"THE_AUTOMATON","items_purchased":["Regen Potion","Block Potion","bronze:Terminator","PreservedInsect","bronze:Iterate","TheAbacus"],"campfire_rested":0,"item_purchase_floors":[13,13,22,30,48,53],"current_hp_per_floor":[63,63,63,61,50,20,20,20,20,17,17,11,6,16,22,22,73,73,71,62,62,62,62,62,62,72,72,72,72,72,72,72,72,83,83,83,83,83,83,83,83,83,82,82,82,82,82,82,82,80,83,83,83,83,83,65],"gold":0,"neow_bonus":"REMOVE_TWO","is_daily":false,"chose_seed":false,"campfire_upgraded":6,"win_rate":0.0,"timestamp":1611713124,"path_taken":["R","M","M","M","?","E","T","?","R","M","R","?","$","?","M","BOSS","R","M","?","?","$","M","T","M","R","E","R","M","$","E","M","BOSS","R","M","?","?","M","R","T","?","E","M","E","?","R","$","M","BOSS","E","$","R","BOSS","BOSS"],"items_purchased_type":["Potion","Potion","Card","Relic","Card","Relic"],"build_version":"2020-12-22","purchased_purges":4,"victory":true,"max_hp_per_floor":[63,63,63,63,63,63,63,63,63,63,63,63,63,73,73,73,73,73,73,73,73,73,73,73,73,83,83,83,83,83,83,83,83,83,83,83,83,83,83,83,83,83,83,83,83,83,83,83,83,83,83,83,83,83,83,83],"card_choices":[{"not_picked":["bronze:DigitalCarnage","bronze:Frontload"],"picked":"bronze:Philosophize","floor":2.0},{"not_picked":["bronze:WhirlingStrike","bronze:DelayedSlice","bronze:Turbo"],"picked":"SKIP","floor":3.0},{"not_picked":["bronze:Optimize","bronze:WildBeam"],"picked":"bronze:Terminator","floor":4.0},{"not_picked":["bronze:Overload","bronze:BitShift","bronze:ItsAFeature"],"picked":"SKIP","floor":5.0},{"not_picked":["bronze:Overload","bronze:BitShift","bronze:ItsAFeature"],"picked":"SKIP","floor":5.0},{"not_picked":["bronze:FindAndReplace","bronze:Terminator"],"picked":"bronze:FineTuning","floor":6.0},{"not_picked":["bronze:Separator","bronze:WhirlingStrike","bronze:Flail"],"picked":"SKIP","floor":10.0},{"not_picked":["bronze:Separator","bronze:WhirlingStrike"],"picked":"bronze:Flail","floor":10.0},{"not_picked":["bronze:Turbo","bronze:Constructor"],"picked":"bronze:FineTuning","floor":12.0},{"not_picked":["bronze:Shield","bronze:Constructor"],"picked":"bronze:Hardcode","floor":13.0},{"not_picked":["bronze:Deprecate","bronze:Shield"],"picked":"bronze:Constructor","floor":15},{"not_picked":["bronze:FineTuning","bronze:Overload","bronze:BuggyMess+1"],"picked":"SKIP","floor":19},{"not_picked":[],"picked":"bronze:DecaBeam","floor":20},{"not_picked":["bronze:NullPointer","bronze:WildBeam","bronze:GetLatest+1"],"picked":"SKIP","floor":22},{"not_picked":["bronze:WhirlingStrike+1","bronze:Overload+1","bronze:ForceShield"],"picked":"SKIP","floor":23},{"not_picked":["bronze:Deprecate","bronze:Constructor+1","bronze:Frontload+1"],"picked":"SKIP","floor":25},{"not_picked":["bronze:Virus","bronze:Overheat","bronze:DelayedGuard+1"],"picked":"SKIP","floor":27},{"not_picked":["bronze:DelayedGuard+1","bronze:BugBarrage"],"picked":"bronze:ForLoop","floor":29},{"not_picked":["bronze:BugBarrage","bronze:NullPointer","bronze:Refactor+1"],"picked":"SKIP","floor":31},{"not_picked":["bronze:Frontload","bronze:FindAndReplace","bronze:NullPointer"],"picked":"SKIP","floor":32},{"not_picked":["bronze:Backtrace"],"picked":"SKIP","floor":36},{"not_picked":["bronze:MaxOutput"],"picked":"SKIP","floor":39},{"not_picked":["bronze:Safeguard+1","bronze:Constructor+1"],"picked":"SKIP","floor":43},{"not_picked":["bronze:Overheat+1"],"picked":"bronze:Constructor+1","floor":44},{"not_picked":["bronze:Fortify+1","bronze:OilSpill"],"picked":"SKIP","floor":45},{"not_picked":["bronze:WildBeam+1"],"picked":"bronze:Repulsor+1","floor":49},{"not_picked":["bronze:BuggyMess+1","bronze:Invalidate+1"],"picked":"SKIP","floor":52}],"player_experience":730154,"relics_obtained":[{"floor":6.0,"key":"Gambling Chip"},{"floor":7.0,"key":"Letter Opener"},{"floor":14.0,"key":"Pear"},{"floor":27,"key":"Nunchaku"},{"floor":31,"key":"Shovel"},{"floor":35,"key":"Pen Nib"},{"floor":40,"key":"Question Card"},{"floor":41,"key":"Gremlin Horn"},{"floor":43,"key":"Pantograph"},{"floor":45,"key":"Frozen Egg 2"},{"floor":46,"key":"HornCleat"},{"floor":47,"key":"Pocketwatch"},{"floor":52,"key":"bronze:ProtectiveGoggles"}],"event_choices":[{"cards_removed":["bronze:Constructor"],"damage_healed":0,"gold_gain":0,"player_choice":"Removed Skill","damage_taken":0,"max_hp_gain":0,"max_hp_loss":0,"event_name":"Falling","floor":42,"gold_loss":0}],"is_beta":false,"boss_relics":[{"not_picked":["Astrolabe","bronze:PlatinumCore"],"picked":"Sozu"},{"not_picked":["Tiny House","Philosopher\u0027s Stone"],"picked":"Busted Crown"}],"items_purged_floors":[13,22,30,48],"is_endless":false,"potions_floor_spawned":[2,6,12,15,16,20,23,25,27,36,39,45,49],"ascension_level":1}}