{"host":"y6zg4wwu39otf01a","time":1611712332,"event":{"mods":["Act Like it!","Aspiration","BaseMod","Better Altar","Better Match","Better Note","Better Sensory Stone","Better Skull","Better Third Choice","Challenge The Spire","Colored Map","Colored Powertips","Conspire","GifTheSpireLib","Glutton Mod","Halation","Hermit","Highlight Path","Hubris","Infinite Spire","Mimic Mod","Minty Spire (QoL Compilation)","Puzzle Mod","Quick Restart","Random Character Button","Rare Cards Sparkle","Replay The Spire","Retaliation","Robot Space Explorer","Shade Mod","Spicy Shops","Spire Arcade","StSLib","Stuff the Spire","The Blue Laboratory","The Jungle","The Marked","thorton"],"gold_per_floor":[360,375,480,480,493,493,525,545,591,591,591,602,636,636,636,636,636],"floor_reached":16,"language":"ENG","playtime":1710,"items_purged":[],"score":110,"play_id":"ce980436-ac46-41a7-bd90-80ccb79edcea","local_time":"20210126205212","is_ascension_mode":false,"campfire_choices":[{"data":"Sunder","floor":6,"key":"SMITH"},{"floor":15,"key":"REST"}],"circlet_count":0,"master_deck":["Strike_B","Strike_B","Strike_B","Strike_B","Defend_B","Defend_B","Defend_B","Defend_B","Zap","Dualcast","hermit:Covet","Go for the Eyes","Barrage","Sunder+1","Beam Cell","Loop","hubris:PowerSurge","Sweeping Beam"],"relics":["Cracked Core","Bag of Marbles","Bag of Preparation","halation:EternalFortune","halation:VictoryRuler","CeramicFish","Oddly Smooth Stone","Boot","PrismaticShard"],"acts_visited":["Exordium"],"potions_floor_usage":[7,13,13,16],"damage_taken":[{"damage":9,"enemies":"2 Louse","floor":1,"turns":3},{"damage":3,"enemies":"Jaw Worm","floor":2,"turns":2},{"damage":0,"enemies":"Small Slimes","floor":5,"turns":2},{"damage":15,"enemies":"3 Sentries","floor":7,"turns":4},{"damage":9,"enemies":"Red Slaver","floor":8,"turns":2},{"damage":11,"enemies":"Exordium Thugs","floor":12,"turns":3},{"damage":6,"enemies":"Lagavulin","floor":13,"turns":3},{"damage":40,"enemies":"Hexaghost","floor":16,"turns":8}],"seed_played":"3034268347100550728","potions_obtained":[{"floor":1,"key":"Fire Potion"},{"floor":7,"key":"Fire Potion"},{"floor":8,"key":"blueLaboratory:PlasmaFuel"},{"floor":13,"key":"FocusPotion"}],"is_trial":false,"path_per_floor":["M","M","?","?","M","R","E","M","T","T","?","M","E","$","R","B"],"character_chosen":"DEFECT","items_purchased":["PrismaticShard"],"campfire_rested":1,"item_purchase_floors":[14],"current_hp_per_floor":[66,63,63,66,66,66,51,42,42,42,42,31,25,15,38,0,0],"gold":636,"neow_bonus":"TWO_FIFTY_GOLD","is_daily":false,"chose_seed":false,"campfire_upgraded":1,"win_rate":0.0,"timestamp":1611712332,"path_taken":["M","M","?","?","M","R","E","M","T","?","?","?","E","?","R","BOSS"],"items_purchased_type":["Relic"],"build_version":"2020-12-22","purchased_purges":0,"victory":false,"max_hp_per_floor":[75,75,75,78,78,78,78,78,78,78,78,78,78,78,78,78,78],"card_choices":[{"not_picked":["Leap","Self Repair"],"picked":"Go for the Eyes","floor":1},{"not_picked":["Ball Lightning","Stack"],"picked":"Barrage","floor":2},{"not_picked":["Cold Snap","Glacier"],"picked":"Sunder","floor":3},{"not_picked":["FIFO Queue","ReplayTheSpireMod:Omega Cannon"],"picked":"Beam Cell","floor":3},{"not_picked":["ReplayTheSpireMod:GoodbyeWorld","ReplayTheSpireMod:Repulse","FIFO Queue"],"picked":"SKIP","floor":5},{"not_picked":["Defragment","Melter"],"picked":"Loop","floor":7},{"not_picked":["StuffTheSpire:NuclearReactor","Panic Button"],"picked":"hubris:PowerSurge","floor":8},{"not_picked":["Turbo","Cold Snap","Barrage"],"picked":"SKIP","floor":12},{"not_picked":["Heatsinks","Capacitor"],"picked":"Sweeping Beam","floor":13}],"player_experience":725568,"relics_obtained":[{"floor":1,"key":"Bag of Marbles"},{"floor":3,"key":"Bag of Preparation"},{"floor":7,"key":"halation:VictoryRuler"},{"floor":9,"key":"CeramicFish"},{"floor":10,"key":"Oddly Smooth Stone"},{"floor":13,"key":"Boot"}],"event_choices":[{"damage_healed":0,"gold_gain":0,"player_choice":"Ignored","damage_taken":0,"max_hp_gain":0,"max_hp_loss":0,"event_name":"Purifier","floor":11,"gold_loss":0}],"is_beta":false,"boss_relics":[],"items_purged_floors":[],"is_endless":false,"potions_floor_spawned":[1,7,8,13],"killed_by":"Hexaghost","ascension_level":0}}