{"host":"o5lch9xvacbb0fa4","time":1611763036,"event":{"mods":["AchievementEnabler","Act Like it!","Aspiration","Bard","BaseMod","Better Altar","Better Match","Better Note","Better Sensory Stone","Better Skull","Better Third Choice","Better Vampires","BetterRewards","CCEM","Colored Map","Conspire","Downfall","GifTheSpireLib","Googly Eyes","GungeonMod","Halation","Hermit","Highlight Path","Hubris","Infinite Spire","Jedi Mod","Jorbs\u0027s Wanderer Trilogy","Marisa????????","Marked Mod","Mimic Mod","Minty Spire (QoL Compilation)","Permanent Neow","Relic Filter","Relic Sorter","Relic Stats","Replay The Spire","Shade Mod","Shop Mod","Small Relic Pack","StSLib","Stuff the Spire","The Administrix","The Blackbeard","The Runesmith","Unceasing Turn Reminder","everything is the same but u backflip on backflip","slay the spire mod where everything is the same but ironclad has a cowboy hat"],"gold_per_floor":[116,130,130,145,158,158,193,206,206,206,239,251,274,286,286,384,384,404,31,31,31,41,41,57,57,57],"floor_reached":25,"playtime":1158,"items_purged":["Strike_P"],"score":365,"play_id":"2dbb3470-f8d6-4552-bfcb-5641cd277322","local_time":"20210127235716","is_ascension_mode":false,"campfire_choices":[{"floor":6.0,"key":"REST"},{"floor":15.0,"key":"REST"},{"data":"MarkedMod:Acupuncture","floor":23.0,"key":"SMITH"}],"circlet_count":0,"master_deck":["Strike_P","Strike_P","Defend_P","Defend_P","Defend_P","Defend_P","Eruption","Vigilance","BattleHymn","MarkedMod:Acupuncture+1","Protect+1","Conclude","PathToVictory+1","EmptyFist","Ragnarok","ThirdEye","MarkedMod:ChiBlock","Replay:Hum+1","Adaptation+1","Venomology","MarkedMod:Acupuncture","FlurryOfBlows+1"],"relics":["PureWater","Lantern","hubris:HollowSoul","Centennial Puzzle","Bottled Lightning","infinitespire:Bottled Soul","hubris:TenFootPole","hubris:Backtick","conspire:BottledYoYo","Bottled Tornado"],"acts_visited":["Exordium","TheCity"],"potions_floor_usage":[25,25,25],"damage_taken":[{"damage":0.0,"enemies":"2 Louse","floor":1.0,"turns":1.0},{"damage":8.0,"enemies":"Cultist","floor":2.0,"turns":4.0},{"damage":0.0,"enemies":"conspire:RoseBush","floor":4.0,"turns":1.0},{"damage":10.0,"enemies":"Blue Slaver","floor":5.0,"turns":6.0},{"damage":17.0,"enemies":"3 Sentries","floor":7.0,"turns":6.0},{"damage":0.0,"enemies":"Large Slime","floor":8.0,"turns":3.0},{"damage":14.0,"enemies":"Lagavulin","floor":11.0,"turns":5.0},{"damage":0.0,"enemies":"Exordium Thugs","floor":12.0,"turns":2.0},{"damage":0.0,"enemies":"Exordium Wildlife","floor":14.0,"turns":2.0},{"damage":0.0,"enemies":"Slime Boss","floor":16.0,"turns":4.0},{"damage":4.0,"enemies":"Chosen","floor":18.0,"turns":3.0},{"damage":14.0,"enemies":"conspire:FuzzyDice","floor":22.0,"turns":6.0},{"damage":14.0,"enemies":"Shelled Parasite and Fungi","floor":24.0,"turns":3.0},{"damage":14,"enemies":"Slavers","floor":25,"turns":1}],"seed_played":"1621190227949931850","potions_obtained":[{"floor":4.0,"key":"hexamod:EctoCoolerPotion"},{"floor":7.0,"key":"LiquidMemories"},{"floor":8.0,"key":"EssenceOfSteel"},{"floor":12.0,"key":"DuplicationPotion"},{"floor":16.0,"key":"Fire Potion"},{"floor":24.0,"key":"BlessingOfTheForge"}],"is_trial":false,"path_per_floor":["M","M","?","M","M","R","E","M","T","?","E","M","T","M","R","B",null,"M","$","?","$","M","R","M","E"],"character_chosen":"WATCHER","items_purchased":["BattleHymn","Protect+1","Conclude","Adaptation+1","Bottled Tornado"],"campfire_rested":2,"item_purchase_floors":[0,0,0,19,19],"current_hp_per_floor":[54,46,46,46,36,57,40,40,40,40,26,26,26,26,47,47,72,68,68,68,68,54,54,40,0,0],"gold":57,"neow_bonus":"","is_daily":false,"chose_seed":false,"campfire_upgraded":1,"win_rate":0.0,"timestamp":1611763036,"path_taken":["M","M","?","?","M","R","E","M","T","?","E","M","?","M","R","BOSS","M","$","?","?","M","R","M","E"],"items_purchased_type":["Card","Card","Card","Card","Relic"],"build_version":"2020-12-13","purchased_purges":1,"victory":false,"max_hp_per_floor":[72,72,72,72,72,72,72,72,72,72,72,72,72,72,72,72,72,72,72,72,72,72,72,72,72,72],"relic_stats":{"Centennial Puzzle":[18],"counters":[66,278],"obtain_stats":[{"DemoMod:GlassGuonStoneRelic":1,"Bottled Tornado":19,"Boot":0,"jedi:shrinkray":0,"relicPack:OneForAll":2,"Replay:Ringing Soul":26,"Centennial Puzzle":7,"infinitespire:SolderingIron":0,"Replay:Bronze Core":17,"Prayer Wheel":12,"hubris:HollowSoul":0,"WarpedTongs":19,"infinitespire:EvilPickle":33,"conspire:GiftBox":4,"jedi:hotpepper":17,"Molten Egg 2":7,"StuffTheSpire:DarkSteelAnvil":14,"aspiration:SilentSkillbook":34,"conspire:BottledYoYo":9,"hubris:TenFootPole":13,"Grinning Jar":20,"CatCart":38,"Lantern":0,"SacredBark":25,"Bag of Preparation":8,"jedi:command_boss":25,"Incense Burner":26,"relicPack:DarknessArmor":0,"Replay:Mystery Machine":5,"PrismaticShard":24,"Ancient Tea Set":8,"Chameleon Ring":9,"hubris:Backtick":17,"infinitespire:Bottled Soul":11,"StuffTheSpire:HeavyRock":6,"halation:LettersToHer":0,"Cracked Core":7,"CCEMRelics:JestersCrown":6,"Ring of the Snake":0,"StuffTheSpire:TintedRock":11,"Damaru":14,"StuffTheSpire:Expresso":36,"jedi:crownofsimplicity":0,"CCEMRelics:SpiritsEdge":9,"jedi:fakemustache":0,"jedi:ominousloannote":0,"halation:EternalFortune":3,"Durian":22,"Bottled Lightning":9,"PureWater":6,"jedi:arcanewood":12,"ReplayTheSpireMod:Lightbulb":9},{"DemoMod:GlassGuonStoneRelic":1,"Bottled Tornado":63,"Boot":29,"jedi:shrinkray":29,"relicPack:OneForAll":1,"Replay:Ringing Soul":11,"Centennial Puzzle":57,"infinitespire:SolderingIron":14,"Replay:Bronze Core":39,"Prayer Wheel":22,"hubris:HollowSoul":52,"WarpedTongs":40,"infinitespire:EvilPickle":47,"conspire:GiftBox":25,"jedi:hotpepper":8,"Molten Egg 2":3,"StuffTheSpire:DarkSteelAnvil":28,"aspiration:SilentSkillbook":47,"conspire:BottledYoYo":35,"hubris:TenFootPole":60,"Grinning Jar":9,"CatCart":50,"Lantern":0,"SacredBark":43,"Bag of Preparation":26,"jedi:command_boss":43,"Incense Burner":43,"relicPack:DarknessArmor":29,"Replay:Mystery Machine":17,"PrismaticShard":10,"Ancient Tea Set":19,"Chameleon Ring":26,"hubris:Backtick":62,"infinitespire:Bottled Soul":59,"StuffTheSpire:HeavyRock":34,"halation:LettersToHer":14,"Cracked Core":18,"CCEMRelics:JestersCrown":17,"Ring of the Snake":0,"StuffTheSpire:TintedRock":21,"Damaru":38,"StuffTheSpire:Expresso":49,"jedi:crownofsimplicity":29,"CCEMRelics:SpiritsEdge":4,"jedi:fakemustache":14,"jedi:ominousloannote":29,"halation:EternalFortune":16,"Durian":42,"Bottled Lightning":58,"PureWater":34,"jedi:arcanewood":6,"ReplayTheSpireMod:Lightbulb":19},{"DemoMod:GlassGuonStoneRelic":2,"Bottled Tornado":263,"Boot":139,"jedi:shrinkray":139,"relicPack:OneForAll":2,"Replay:Ringing Soul":52,"Centennial Puzzle":244,"infinitespire:SolderingIron":65,"Replay:Bronze Core":172,"Prayer Wheel":106,"hubris:HollowSoul":226,"WarpedTongs":174,"infinitespire:EvilPickle":206,"conspire:GiftBox":114,"jedi:hotpepper":41,"Molten Egg 2":10,"StuffTheSpire:DarkSteelAnvil":125,"aspiration:SilentSkillbook":206,"conspire:BottledYoYo":156,"hubris:TenFootPole":254,"Grinning Jar":45,"CatCart":220,"Lantern":0,"SacredBark":188,"Bag of Preparation":117,"jedi:command_boss":188,"Incense Burner":188,"relicPack:DarknessArmor":139,"Replay:Mystery Machine":82,"PrismaticShard":46,"Ancient Tea Set":96,"Chameleon Ring":117,"hubris:Backtick":260,"infinitespire:Bottled Soul":252,"StuffTheSpire:HeavyRock":153,"halation:LettersToHer":65,"Cracked Core":83,"CCEMRelics:JestersCrown":82,"Ring of the Snake":0,"StuffTheSpire:TintedRock":105,"Damaru":166,"StuffTheSpire:Expresso":214,"jedi:crownofsimplicity":139,"CCEMRelics:SpiritsEdge":18,"jedi:fakemustache":65,"jedi:ominousloannote":139,"halation:EternalFortune":75,"Durian":181,"Bottled Lightning":247,"PureWater":150,"jedi:arcanewood":24,"ReplayTheSpireMod:Lightbulb":96}]},"card_choices":[{"not_picked":["EmptyBody","Halt"],"picked":"PathToVictory","floor":1.0},{"not_picked":["Indignation","Pray","CrushJoints"],"picked":"SKIP","floor":2.0},{"not_picked":["Indignation","Pray","CrushJoints"],"picked":"SKIP","floor":2.0},{"not_picked":["Halt","SignatureMove","EmptyBody"],"picked":"SKIP","floor":4.0},{"not_picked":["ReachHeaven","BowlingBash"],"picked":"EmptyFist","floor":5.0},{"not_picked":["MarkedMod:FirstStrike","ClearTheMind","SashWhip"],"picked":"SKIP","floor":7.0},{"not_picked":["Evaluate","ClearTheMind","Pray"],"picked":"SKIP","floor":8.0},{"not_picked":["MasterReality","Replay:AtTheReady"],"picked":"Ragnarok","floor":11.0},{"not_picked":["CrushJoints","Evaluate"],"picked":"ThirdEye","floor":12.0},{"not_picked":["Replay:Anticipation","Replay:BluntJabs","Halt"],"picked":"SKIP","floor":14.0},{"not_picked":["Judgement","DevaForm"],"picked":"MarkedMod:ChiBlock","floor":16.0},{"not_picked":["Indignation+1","FollowUp+1"],"picked":"Replay:Hum+1","floor":18.0},{"not_picked":["CrushJoints+1","Collect"],"picked":"MarkedMod:Acupuncture","floor":22.0},{"not_picked":["MarkedMod:FirstStrike","FollowUp"],"picked":"FlurryOfBlows+1","floor":24.0}],"player_experience":15952,"relics_obtained":[{"floor":7.0,"key":"Centennial Puzzle"},{"floor":9.0,"key":"Bottled Lightning"},{"floor":11.0,"key":"infinitespire:Bottled Soul"},{"floor":13.0,"key":"hubris:TenFootPole"}],"event_choices":[{"cards_removed":["Strike_P"],"damage_healed":0.0,"max_hp_gain":0.0,"max_hp_loss":0.0,"gold_gain":0.0,"event_name":"Purifier","player_choice":"Purged","floor":3.0,"gold_loss":0.0,"damage_taken":0.0},{"cards_removed":["Replay:Hum"],"damage_healed":0.0,"max_hp_gain":0.0,"max_hp_loss":0.0,"gold_gain":0.0,"event_name":"betterNote:BetterNote","player_choice":"Take \u0026 Give","floor":20.0,"gold_loss":0.0,"damage_taken":0.0,"cards_obtained":["Venomology"]}],"is_beta":false,"boss_relics":[{"not_picked":["hubris:RunicObelisk","Replay:Bronze Core"],"picked":"hubris:Backtick"}],"items_purged_floors":[19],"is_endless":false,"potions_floor_spawned":[4,7,8,12,16,22,24],"killed_by":"Slavers","ascension_level":0}}