{"host":"2q4w55ev63ot6isg","time":1611769448,"event":{"mods":["Aspiration","BaseMod","Downfall","Hubris","Marisa????????","Minty Spire (QoL Compilation)","Replay The Spire","StSLib","The Cursed","The Jungle","The Servant 0.9.4"],"gold_per_floor":[114,114,114,114,114,114,134,134,134,59,85,102,102,112,112,215,215,225,39,52,52,52,52,69,83,106,152,169,181,197,560,560,693,693,704,200,200,249,249,110,152,152,152,5,31,31,86,98,98,98],"floor_reached":51,"language":"ENG","playtime":1580,"items_purged":["Strike_P","Defend_P"],"score":1034,"play_id":"976e3b08-1b82-41d3-b95d-77266b88cf99","local_time":"20210127094408","is_ascension_mode":true,"campfire_choices":[{"data":"Vigilance","floor":6,"key":"SMITH"},{"data":"ThirdEye","floor":8,"key":"SMITH"},{"data":"Defend_P","floor":13,"key":"SMITH"},{"data":"Defend_P","floor":15,"key":"SMITH"},{"data":"Feed","floor":23,"key":"SMITH"},{"data":"Strike_P","floor":32,"key":"SMITH"},{"floor":42,"key":"REST"},{"floor":46,"key":"RECALL"},{"floor":49,"key":"REST"}],"circlet_count":0,"master_deck":["Hyperbeam+1","Strike_P+1","Strike_P+1","Strike_P+1","Defend_P+1","Defend_P+1","Defend_P+1","Eruption+1","Vigilance+1","ThirdEye+1","Prostrate+1","Protect+1","Wish+1","Feed+1","Prostrate+1","TalkToTheHand+1","Shrug It Off+1","Pommel Strike+1","Perseverance+1","Prostrate+1","Seeing Red+1","Ragnarok+1","Body Slam+1","Vault+1","Wallop+1","DeceiveReality+1"],"relics":["PureWater","aspiration:Nostalgia","MiniHakkero","Toxic Egg 2","Mummified Hand","aspiration:ChemicalBlood","aspiration:IroncladSkillbook","MutagenicStrength","Meat on the Bone","Happy Flower","Old Coin","hubris:RunicObelisk","ReplayTheSpireMod:Shallot","Guide Book","hubris:Icosahedron","Pantograph","Blood Vial","Pet Ghost","hubris:Zylophone"],"acts_visited":["Exordium","TheCity","TheBeyond"],"potions_floor_usage":[11,27,27,29,33,33,33,41,45,45,47,50],"damage_taken":[{"damage":2,"enemies":"Jaw Worm","floor":1,"turns":2},{"damage":0,"enemies":"2 Louse","floor":7,"turns":1},{"damage":8,"enemies":"Gremlin Nob","floor":11,"turns":3},{"damage":0,"enemies":"Cultist","floor":12,"turns":2},{"damage":0,"enemies":"2 Fungi Beasts","floor":14,"turns":2},{"damage":0,"enemies":"Slime Boss","floor":16,"turns":4},{"damage":5,"enemies":"3 Byrds","floor":18,"turns":5},{"damage":3,"enemies":"Chosen","floor":20,"turns":4},{"damage":0,"enemies":"Centurion and Healer","floor":24,"turns":4},{"damage":0,"enemies":"Shelled Parasite and Fungi","floor":25,"turns":3},{"damage":10,"enemies":"Snake Plant","floor":27,"turns":6},{"damage":0,"enemies":"Centurion and Healer","floor":28,"turns":4},{"damage":0,"enemies":"3 Cultists","floor":29,"turns":3},{"damage":0,"enemies":"Cultist and Chosen","floor":30,"turns":4},{"damage":0,"enemies":"Slavers","floor":31,"turns":7},{"damage":49,"enemies":"Collector","floor":33,"turns":8},{"damage":5,"enemies":"3 Shapes","floor":35,"turns":1},{"damage":0,"enemies":"Orb Walker","floor":38,"turns":3},{"damage":20,"enemies":"Spire Growth","floor":41,"turns":5},{"damage":3,"enemies":"R_Hoarder","floor":45,"turns":7},{"damage":0,"enemies":"2 Orb Walkers","floor":47,"turns":4},{"damage":0,"enemies":"Maw","floor":48,"turns":6},{"damage":24,"enemies":"Donu and Deca","floor":50,"turns":9}],"seed_played":"1372472114036612154","potions_obtained":[{"floor":1,"key":"Adrenaline Potion"},{"floor":12,"key":"Weak Potion"},{"floor":20,"key":"Languid Potion"},{"floor":24,"key":"StancePotion"},{"floor":31,"key":"SneckoOil"},{"floor":33,"key":"Dexterity Potion"},{"floor":35,"key":"Dexterity Potion"},{"floor":41,"key":"Swift Potion"}],"is_trial":false,"path_per_floor":["M","?","?","?","?","R","M","R","T","$","E","M","R","M","R","B",null,"M","$","M","?","T","R","M","M","T","M","M","M","M","E","R","B",null,"M","$","?","M","?","$","M","R","T","$","E","R","?","M","R","B",null],"character_chosen":"WATCHER","items_purchased":["Feed","Prostrate+1","ReplayTheSpireMod:Shallot","Guide Book","Vault+1","Blood Vial"],"campfire_rested":2,"item_purchase_floors":[19,19,36,36,40,44],"current_hp_per_floor":[70,56,56,49,49,49,49,49,49,49,41,41,41,41,41,41,64,63,63,67,67,67,67,75,83,83,77,85,91,91,95,95,62,87,86,86,86,90,90,90,74,95,95,95,99,99,99,99,99,79],"gold":98,"neow_bonus":"NOSTALGIA","is_daily":false,"chose_seed":false,"campfire_upgraded":6,"win_rate":0.0,"timestamp":1611769448,"path_taken":["M","?","?","?","?","R","M","R","T","$","E","M","R","?","R","BOSS","M","$","M","?","?","R","M","M","T","M","M","M","M","E","R","BOSS","M","$","?","M","?","?","M","R","T","$","E","R","?","M","R","BOSS"],"items_purchased_type":["Card","Card","Relic","Relic","Card","Relic"],"build_version":"2020-12-22","purchased_purges":2,"victory":true,"max_hp_per_floor":[72,72,72,72,72,72,72,72,72,72,72,72,72,72,72,72,72,72,72,75,75,75,75,79,83,83,83,87,91,91,95,95,95,95,95,95,95,95,95,95,95,95,95,95,99,99,99,99,99,99],"card_choices":[{"not_picked":["Replay:Vibes","ClearTheMind"],"picked":"ThirdEye","floor":1},{"not_picked":["BowlingBash","BattleHymn"],"picked":"Prostrate+1","floor":7},{"not_picked":["WaveOfTheHand+1","Replay:AtTheReady+1","Consecrate"],"picked":"SKIP","floor":11},{"not_picked":["ClearTheMind+1","EmptyMind+1","JustLucky"],"picked":"SKIP","floor":12},{"not_picked":["FlyingSleeves","Nirvana"],"picked":"Protect+1","floor":14},{"not_picked":["Establishment","Judgement+1"],"picked":"Wish+1","floor":16},{"not_picked":["Clothesline","Vengeance+1","Headbutt","Massacre"],"picked":"SKIP","floor":18},{"not_picked":["Second Wind+1","Sentinel+1","Life Link"],"picked":"TalkToTheHand+1","floor":20},{"not_picked":["hubris:CleavingFinish","Cleave+1","Havoc+1"],"picked":"Shrug It Off+1","floor":24},{"not_picked":["PathToVictory+1","Warcry+1","Feel No Pain","Dropkick"],"picked":"SKIP","floor":25},{"not_picked":["Massacre","Consecrate","Replay:Vibes+1"],"picked":"Pommel Strike+1","floor":27},{"not_picked":["Fiend Fire","Crescendo+1","Havoc+1","Fasting2+1"],"picked":"SKIP","floor":28},{"not_picked":["BowlingBash+1","CutThroughFate+1","Sanctity+1"],"picked":"Perseverance+1","floor":29},{"not_picked":["Crescendo+1","Flex+1","BowlingBash"],"picked":"Prostrate+1","floor":30},{"not_picked":["FlyingSleeves","ReplayTheSpireMod:Muscle Training+1","Pummel+1"],"picked":"Seeing Red+1","floor":31},{"not_picked":["Alpha+1","LessonLearned","Double Tap+1"],"picked":"Ragnarok","floor":33},{"not_picked":["Vengeance+1","ReplayTheSpireMod:LeadingStrike","Heavy Blade+1"],"picked":"Body Slam+1","floor":35},{"not_picked":["Clothesline+1","Replay:AtTheReady+1","Blood for Blood+1","Sword Boomerang"],"picked":"SKIP","floor":38},{"not_picked":["Protect+1","FollowUp","Anger+1","Headbutt"],"picked":"SKIP","floor":41},{"not_picked":["Heavy Blade+1","Rupture","Reckless Charge"],"picked":"Wallop+1","floor":45},{"not_picked":["Perfected Strike+1","Searing Blow+1","Protect+1"],"picked":"DeceiveReality+1","floor":47},{"not_picked":["Clothesline+1","Wallop","Flex+1","ThirdEye+1"],"picked":"SKIP","floor":48}],"player_experience":176844,"relics_obtained":[{"floor":9,"key":"Mummified Hand"},{"floor":11,"key":"aspiration:ChemicalBlood"},{"floor":22,"key":"Meat on the Bone"},{"floor":26,"key":"Happy Flower"},{"floor":31,"key":"Old Coin"},{"floor":43,"key":"Pantograph"},{"floor":45,"key":"Pet Ghost"},{"floor":47,"key":"hubris:Zylophone"}],"event_choices":[{"damage_healed":0,"gold_gain":0,"player_choice":"Entered Light","damage_taken":14,"max_hp_gain":0,"max_hp_loss":0,"event_name":"Shining Light","floor":2,"gold_loss":0,"cards_upgraded":["Defend_P","Strike_P"]},{"cards_removed":["Injury"],"damage_healed":0,"gold_gain":0,"player_choice":"Card Removal","damage_taken":7,"max_hp_gain":0,"max_hp_loss":0,"event_name":"Golden Wing","floor":4,"gold_loss":0},{"damage_healed":0,"gold_gain":0,"player_choice":"Upgraded","damage_taken":0,"max_hp_gain":0,"max_hp_loss":0,"event_name":"Upgrade Shrine","floor":5,"gold_loss":0,"cards_upgraded":["Eruption"]},{"damage_healed":0,"gold_gain":0,"player_choice":"Inject Mutagens","damage_taken":0,"relics_obtained":["MutagenicStrength"],"max_hp_gain":0,"max_hp_loss":0,"event_name":"Drug Dealer","floor":21,"gold_loss":0},{"damage_healed":0,"gold_gain":0,"player_choice":"Ignored","damage_taken":0,"max_hp_gain":0,"max_hp_loss":0,"event_name":"Tomb of Lord Red Mask","floor":37,"gold_loss":0},{"damage_healed":0,"gold_gain":0,"player_choice":"Fight","damage_taken":0,"max_hp_gain":0,"max_hp_loss":0,"event_name":"Mysterious Sphere","floor":47,"gold_loss":0}],"is_beta":false,"boss_relics":[{"not_picked":["Velvet Choker","Kintsugi"],"picked":"aspiration:IroncladSkillbook"},{"not_picked":["bronze:MakeshiftBattery","Honey Jar"],"picked":"hubris:RunicObelisk"}],"items_purged_floors":[10,36],"is_endless":false,"potions_floor_spawned":[1,12,20,24,31,33,35,41],"ascension_level":5}}