{"host":"j4g6ia6asvpyu2b0","time":1611759581,"event":{"mods":["BaseMod","Colored Map","Minty Spire (QoL Compilation)","Permanent Neow","Quick Restart","Relic Stats","StSLib","Unceasing Turn Reminder"],"gold_per_floor":[19,19,19,19,30,30,69,69,124,164,188,214,164,192,192,306,306,334,334,355,383,399,399,441,441,441,460,460,469,469,509,509,509,509],"floor_reached":33,"language":"ENG","playtime":944,"items_purged":[],"score":354,"play_id":"32b13041-23f6-4daf-a3de-588e46b24589","local_time":"20210127075941","is_ascension_mode":true,"campfire_choices":[{"data":"Deadly Poison","floor":6.0,"key":"SMITH"},{"data":"Dash","floor":8.0,"key":"SMITH"},{"data":"Envenom","floor":15.0,"key":"SMITH"},{"floor":23,"key":"REST"},{"data":"Noxious Fumes","floor":25,"key":"SMITH"},{"data":"Night Terror","floor":30,"key":"SMITH"},{"data":"Well Laid Plans","floor":32,"key":"SMITH"}],"circlet_count":0,"master_deck":["Strike_G","Strike_G","Strike_G","Defend_G","Defend_G","Defend_G","Defend_G","Defend_G","Survivor","Neutralize","Dash+1","Caltrops","Deadly Poison+1","Dagger Throw","Catalyst","Blade Dance","Poisoned Stab","Envenom+1","Night Terror+1","Predator","Cloak And Dagger+1","Catalyst","Noxious Fumes+1","Deadly Poison","Writhe","Well Laid Plans+1"],"relics":["Ring of the Snake","The Specimen","CeramicFish","PreservedInsect","StrikeDummy","Philosopher\u0027s Stone","Bronze Scales","Bottled Tornado","Meat on the Bone","Singing Bowl"],"acts_visited":["Exordium","TheCity"],"potions_floor_usage":[20,24,31,33],"damage_taken":[{"damage":0.0,"enemies":"Cultist","floor":1.0,"turns":4.0},{"damage":3.0,"enemies":"Small Slimes","floor":5.0,"turns":5.0},{"damage":15.0,"enemies":"3 Sentries","floor":7.0,"turns":7.0},{"damage":11.0,"enemies":"Gremlin Nob","floor":10.0,"turns":4.0},{"damage":0.0,"enemies":"2 Louse","floor":11.0,"turns":3.0},{"damage":6.0,"enemies":"Lots of Slimes","floor":12.0,"turns":3.0},{"damage":0.0,"enemies":"Gremlin Gang","floor":14.0,"turns":4.0},{"damage":12.0,"enemies":"The Guardian","floor":16.0,"turns":9.0},{"damage":14,"enemies":"3 Byrds","floor":18,"turns":4},{"damage":9,"enemies":"2 Thieves","floor":20,"turns":4},{"damage":10,"enemies":"Centurion and Healer","floor":21,"turns":4},{"damage":14,"enemies":"3 Cultists","floor":22,"turns":5},{"damage":6,"enemies":"Book of Stabbing","floor":24,"turns":3},{"damage":0,"enemies":"Snecko","floor":27,"turns":3},{"damage":12,"enemies":"Slavers","floor":31,"turns":3},{"damage":55,"enemies":"Automaton","floor":33,"turns":8}],"seed_played":"4151282377171357092","potions_obtained":[{"floor":1.0,"key":"LiquidMemories"},{"floor":5.0,"key":"Poison Potion"},{"floor":7.0,"key":"Fire Potion"},{"floor":14.0,"key":"SneckoOil"},{"floor":16.0,"key":"Block Potion"},{"floor":21,"key":"SneckoOil"},{"floor":27,"key":"AttackPotion"}],"is_trial":false,"path_per_floor":["M","$","?","?","M","R","E","R","T","E","M","M","?","M","R","B",null,"M","?","M","M","M","R","E","R","T","M","?","?","R","E","R","B"],"character_chosen":"THE_SILENT","items_purchased":[],"campfire_rested":1,"item_purchase_floors":[],"current_hp_per_floor":[70,70,75,75,72,72,57,57,57,46,46,40,40,40,40,28,75,61,47,38,28,14,38,32,32,32,32,58,58,58,46,46,0,0],"gold":509,"neow_bonus":"ONE_RARE_RELIC","is_daily":false,"chose_seed":false,"campfire_upgraded":6,"win_rate":0.0,"timestamp":1611759581,"path_taken":["M","?","?","?","?","R","E","R","T","E","M","?","?","M","R","BOSS","M","?","M","M","M","R","E","R","T","M","?","?","R","E","R","BOSS"],"items_purchased_type":[],"build_version":"2020-12-22","purchased_purges":0,"victory":false,"max_hp_per_floor":[70,70,75,75,75,75,75,75,75,75,75,75,75,75,75,75,75,75,80,80,80,80,80,80,80,80,80,80,80,80,80,80,80,80],"relic_stats":{"Singing Bowl":0,"counters":[16,73],"CeramicFish":117,"Bronze Scales":[28],"PreservedInsect":102,"obtain_stats":[{"The Specimen":0,"Singing Bowl":31,"CeramicFish":7,"Bronze Scales":24,"Philosopher\u0027s Stone":17,"PreservedInsect":9,"Bottled Tornado":26,"StrikeDummy":10,"Ring of the Snake":0,"Meat on the Bone":29},{"The Specimen":0,"Singing Bowl":15,"CeramicFish":3,"Bronze Scales":13,"Philosopher\u0027s Stone":8,"PreservedInsect":3,"Bottled Tornado":13,"StrikeDummy":4,"Ring of the Snake":0,"Meat on the Bone":14},{"The Specimen":0,"Singing Bowl":65,"CeramicFish":16,"Bronze Scales":59,"Philosopher\u0027s Stone":39,"PreservedInsect":16,"Bottled Tornado":59,"StrikeDummy":20,"Ring of the Snake":0,"Meat on the Bone":62}],"Ring of the Snake":[32],"Meat on the Bone":0},"card_choices":[{"not_picked":["Leg Sweep","Choke"],"picked":"Dash","floor":1.0},{"not_picked":["Backflip","Backstab"],"picked":"Deadly Poison","floor":5.0},{"not_picked":["Distraction","Cloak And Dagger"],"picked":"Dagger Throw","floor":7.0},{"not_picked":["Eviscerate","Dagger Throw"],"picked":"Catalyst","floor":10.0},{"not_picked":["Flying Knee","Cloak And Dagger"],"picked":"Blade Dance","floor":11.0},{"not_picked":["Blade Dance","Dagger Spray"],"picked":"Poisoned Stab","floor":12.0},{"not_picked":["Bane","Deadly Poison"],"picked":"Envenom","floor":14.0},{"not_picked":["Storm of Steel","Unload"],"picked":"Night Terror","floor":16.0},{"not_picked":["Heel Hook","Dagger Throw+1"],"picked":"Predator","floor":18},{"not_picked":["Outmaneuver","Deflect"],"picked":"Cloak And Dagger+1","floor":20},{"not_picked":["Underhanded Strike+1","Dagger Throw"],"picked":"Catalyst","floor":21},{"not_picked":["Poisoned Stab","Sucker Punch","Slice"],"picked":"SKIP","floor":22},{"not_picked":["Venomology","Footwork+1"],"picked":"Noxious Fumes","floor":24},{"not_picked":["Skewer+1","Underhanded Strike"],"picked":"Deadly Poison","floor":27},{"not_picked":["Poisoned Stab","Accuracy+1"],"picked":"Well Laid Plans","floor":31}],"player_experience":1037998,"relics_obtained":[{"floor":7.0,"key":"CeramicFish"},{"floor":9.0,"key":"PreservedInsect"},{"floor":10.0,"key":"StrikeDummy"},{"floor":24,"key":"Bronze Scales"},{"floor":26,"key":"Bottled Tornado"},{"floor":31,"key":"Singing Bowl"}],"event_choices":[{"damage_healed":0.0,"max_hp_gain":5.0,"max_hp_loss":0.0,"gold_gain":0.0,"event_name":"Big Fish","player_choice":"Donut","floor":3.0,"gold_loss":0.0,"damage_taken":0.0},{"damage_healed":0.0,"max_hp_gain":0.0,"max_hp_loss":0.0,"gold_gain":0.0,"cards_transformed":["Strike_G"],"event_name":"Transmorgrifier","player_choice":"Transformed","floor":4.0,"gold_loss":0.0,"damage_taken":0.0,"cards_obtained":["Caltrops"]},{"cards_removed":["Strike_G"],"damage_healed":0.0,"max_hp_gain":0.0,"max_hp_loss":0.0,"gold_gain":0.0,"event_name":"The Cleric","player_choice":"Card Removal","floor":13.0,"gold_loss":50.0,"damage_taken":0.0},{"damage_healed":0,"gold_gain":0,"player_choice":"Shed Blood","damage_taken":19,"max_hp_gain":5,"max_hp_loss":0,"event_name":"Forgotten Altar","floor":19,"gold_loss":0},{"damage_healed":26,"gold_gain":0,"player_choice":"Heal","damage_taken":0,"max_hp_gain":0,"max_hp_loss":0,"event_name":"The Library","floor":28,"gold_loss":0},{"damage_healed":0,"gold_gain":0,"player_choice":"Opened","damage_taken":0,"relics_obtained":["Meat on the Bone"],"max_hp_gain":0,"max_hp_loss":0,"event_name":"The Mausoleum","floor":29,"gold_loss":0,"cards_obtained":["Writhe"]}],"is_beta":false,"boss_relics":[{"not_picked":["Cursed Key","Runic Dome"],"picked":"Philosopher\u0027s Stone"}],"items_purged_floors":[],"is_endless":false,"potions_floor_spawned":[1,5,7,14,16,21,22,27],"killed_by":"Automaton","ascension_level":4}}