{"host":"pletss163z7s8pvv","time":1611717820,"event":{"mods":["AchievementEnabler","BaseMod","Better Altar","Better Match","Better Note","Better Sensory Stone","Better Skull","Better Third Choice","BetterRewards","CapriCore","ChefMod","Colored Map","Colored Powertips","Conspire","Energized Spire","Evolution","GifTheSpireLib","Hermit","Ironclad Rager","Marked Mod","Minty Spire (QoL Compilation)","Retaliation","Spicy Shops","StS++","StSLib","The Blue Laboratory","The Cursed","The Disciple","The Forsaken"],"gold_per_floor":[113,131,131,131,141,141,155,155,155,167,21,36,36,96,96,200,200,218,218,248,260,14,14,14],"floor_reached":23,"language":"ENG","playtime":619,"items_purged":[],"score":256,"play_id":"12d957c3-262e-47bc-9184-0cd46e7a30e4","local_time":"20210126212340","is_ascension_mode":false,"campfire_choices":[{"floor":6,"key":"REST"},{"floor":8,"key":"REST"},{"floor":15,"key":"REST"}],"circlet_count":0,"master_deck":["Barrage","Barrage","Barrage","Barrage","Conserve Battery+1","Defend_B","Defend_B+1","Defend_B","Zap","Dualcast","Darkness+1","Barrage","Conserve Battery","StSpp:Igniter","Chill","Sweeping Beam","Static Discharge","Rainbow","Hyperbeam","StSpp:CopyPaste","Meteor Strike","Echo Form","Fission","StSpp:Converter","Seek","Machine Learning","Thunder Strike","All For One","Rainbow","StSpp:MemoryLeak","Creative AI","StSpp:Saturation+1","Biased Cognition","Electrodynamics","Multi-Cast","Core Surge","Amplify","Buffer","Reboot","Loop","Conserve Battery+1"],"relics":["Cracked Core","EVO:Axolotl","Eternal Feather","Pear","Calipers","Ancient Tea Set","StSpp:CrystalBall","MawBank","Pantograph"],"acts_visited":["Exordium","TheCity"],"potions_floor_usage":[23],"damage_taken":[{"damage":11,"enemies":"Jaw Worm","floor":1,"turns":2},{"damage":3,"enemies":"Small Slimes","floor":2,"turns":3},{"damage":4,"enemies":"conspire:RoseBush","floor":5,"turns":4},{"damage":2,"enemies":"Looter","floor":7,"turns":3},{"damage":7,"enemies":"Blue Slaver","floor":10,"turns":4},{"damage":4,"enemies":"Large Slime","floor":12,"turns":5},{"damage":32,"enemies":"Gremlin Nob","floor":14,"turns":4},{"damage":16,"enemies":"The Guardian","floor":16,"turns":9},{"damage":29,"enemies":"Chosen","floor":18,"turns":5},{"damage":42,"enemies":"Shell Parasite","floor":20,"turns":4},{"damage":30,"enemies":"conspire:SneckoGhost","floor":23,"turns":6}],"seed_played":"-1678398388558792934","potions_obtained":[{"floor":1,"key":"blueLaboratory:TrueEctoplasm"},{"floor":2,"key":"blueLaboratory:CreativityPotion"},{"floor":7,"key":"blueLaboratory:AbyssPotion"},{"floor":20,"key":"Block Potion"}],"is_trial":false,"path_per_floor":["M","M","?","?","M","R","M","R","T","M","$","M","?","?","R","B",null,"M","?","M","?","$","E"],"character_chosen":"DEFECT","items_purchased":["Pear","Sweeping Beam","Pantograph"],"campfire_rested":3,"item_purchase_floors":[11,11,22],"current_hp_per_floor":[57,54,36,36,32,58,56,82,82,75,85,81,81,49,87,71,99,70,70,28,28,28,0,0],"gold":14,"neow_bonus":"TWENTY_PERCENT_HP_BONUS","is_daily":false,"chose_seed":false,"campfire_upgraded":0,"win_rate":0.0,"timestamp":1611717820,"path_taken":["M","M","?","?","M","R","M","R","T","M","$","M","?","?","R","BOSS","M","?","M","?","$","E"],"items_purchased_type":["Relic","Card","Relic"],"build_version":"2020-12-22","purchased_purges":0,"victory":false,"max_hp_per_floor":[89,89,89,89,89,89,89,89,89,89,99,99,99,99,99,99,99,99,99,99,99,99,99,99],"card_choices":[{"not_picked":["Scrape","Stack"],"picked":"Darkness","floor":1},{"not_picked":["Aggregate","Self Repair"],"picked":"Barrage","floor":2},{"not_picked":["Rebound","Leap"],"picked":"Conserve Battery","floor":5},{"not_picked":["StSpp:Pointer","Barrage"],"picked":"StSpp:Igniter","floor":7},{"not_picked":["Hologram","Force Field"],"picked":"Chill","floor":10},{"not_picked":["Hologram","Rebound"],"picked":"Static Discharge","floor":12},{"not_picked":["Hello World","Turbo"],"picked":"Hologram","floor":14},{"not_picked":["Buffer","All For One"],"picked":"Rainbow","floor":16},{"not_picked":["Hello World","conspire:Rain"],"picked":"Loop","floor":18},{"not_picked":["Double Energy","Stack"],"picked":"Conserve Battery+1","floor":20}],"player_experience":456380,"relics_obtained":[{"floor":9,"key":"Eternal Feather"},{"floor":14,"key":"Ancient Tea Set"}],"event_choices":[{"damage_healed":54,"gold_gain":0,"player_choice":"Upgrade","damage_taken":18,"max_hp_gain":0,"max_hp_loss":89,"event_name":"betterThird:BetterShining","floor":3,"gold_loss":0,"cards_upgraded":["Defend_B","Conserve Battery"]},{"damage_healed":0,"gold_gain":0,"player_choice":"Grow","damage_taken":0,"max_hp_gain":0,"max_hp_loss":0,"event_name":"Living Wall","floor":4,"gold_loss":0,"cards_upgraded":["Darkness"]},{"damage_healed":0,"gold_gain":0,"player_choice":"Searched \u00272\u0027 times","damage_taken":0,"max_hp_gain":0,"max_hp_loss":0,"event_name":"Dead Adventurer","floor":14,"gold_loss":0},{"cards_removed":["Hologram"],"damage_healed":0,"gold_gain":0,"player_choice":"Gave Card","damage_taken":0,"relics_obtained":["MawBank"],"max_hp_gain":0,"max_hp_loss":0,"event_name":"WeMeetAgain","floor":19,"gold_loss":0},{"damage_healed":0,"gold_gain":0,"player_choice":"Forge","damage_taken":0,"max_hp_gain":0,"max_hp_loss":0,"event_name":"Accursed Blacksmith","floor":21,"gold_loss":0,"cards_upgraded":["StSpp:Saturation"]}],"is_beta":false,"boss_relics":[{"not_picked":["Black Star","Velvet Choker"],"picked":"StSpp:CrystalBall"}],"items_purged_floors":[],"is_endless":false,"potions_floor_spawned":[1,2,7,20],"killed_by":"conspire:SneckoGhost","ascension_level":0}}