{"host":"d7fiu2yjkssjxoz6","time":1611744479,"event":{"mods":["AchievementEnabler","BaseMod","Duelist Mod","Minty Spire (QoL Compilation)","StSLib"],"gold_per_floor":[140,151,151,151,151,181,181,210,210,210,229,283,293,313,313,390,390,407,421,421,453,486,534,534,589,612,651,681,735,735,208,208,299,299,310,324,340,378,378,430,430,480,492,504,516,582,594,644,656,688,700,712,42,72,92],"floor_reached":56,"language":"ENG","playtime":3614,"items_purged":[],"score":2356,"play_id":"8f75b077-489d-4b19-9320-6cd1ca96e973","local_time":"20210127024759","is_ascension_mode":true,"campfire_choices":[{"data":"theDuelist:FluteKuriboh","floor":7.0,"key":"SMITH"},{"data":"theDuelist:JunkKuriboh","floor":10.0,"key":"SMITH"},{"data":"theDuelist:GemElephant","floor":15.0,"key":"SMITH"},{"data":"theDuelist:Nameless:Power:KamionTimelord","floor":24.0,"key":"SMITH"},{"floor":32.0,"key":"REST"},{"floor":41.0,"key":"REST"},{"floor":47.0,"key":"REST"},{"floor":49.0,"key":"RECALL"},{"data":"theDuelist:SphereKuriboh+1","floor":52.0,"key":"SMITH"}],"circlet_count":0,"master_deck":["AscendersBane","theDuelist:CastleWalls","theDuelist:CastleWalls","theDuelist:Fissure","theDuelist:FluteKuriboh+1","theDuelist:FluteKuriboh+1","theDuelist:Relinkuriboh","theDuelist:Sparks","theDuelist:Sparks","theDuelist:WingedKuriboh","theDuelist:WingedKuriboh","theDuelist:JunkKuriboh+1","theDuelist:PowerGiant","theDuelist:MillenniumShield","theDuelist:GemElephant+1","theDuelist:EarthGiant","theDuelist:GolemSentry","theDuelist:AmuletAmbition","theDuelist:WeepingIdol","theDuelist:Nameless:Greed:BerserkerCrush","theDuelist:Nameless:Power:KamionTimelord+1","theDuelist:HourglassLife","theDuelist:RainbowKuriboh","theDuelist:Fissure","theDuelist:RainbowKuriboh","theDuelist:Relinkuriboh","theDuelist:Kuriboh","theDuelist:Spore+1","theDuelist:YellowBelliedOni","theDuelist:PotGenerosity","theDuelist:PotDichotomy","theDuelist:ClearKuriboh","theDuelist:Fissure","theDuelist:GeminiElf","theDuelist:PotGenerosity","theDuelist:Relinkuriboh","theDuelist:ClearKuriboh","theDuelist:JunkKuriboh+1","theDuelist:PotGenerosity+1","theDuelist:FluteKuriboh","theDuelist:InariFire","theDuelist:SphereKuriboh+2","theDuelist:PotAvarice","theDuelist:GoblinSecret","theDuelist:TimeSeal","theDuelist:MagicCylinder","theDuelist:LegendaryFlameLord+1"],"relics":["theDuelist:MillenniumPuzzle","theDuelist:CardPoolRelic","theDuelist:CardPoolBasicRelic","theDuelist:BoosterPackPoolRelic","theDuelist:CardPoolAddRelic","theDuelist:CardPoolMinusRelic","theDuelist:CardPoolSaveRelic","theDuelist:CardPoolOptionsRelic","CaptainsWheel","Oddly Smooth Stone","Pear","Busted Crown","theDuelist:NamelessWarRelicC","theDuelist:MillenniumPeriapt","Tiny Chest","Sundial","theDuelist:MillenniumArmor","Frozen Eye","Runic Cube","Letter Opener","MawBank","theDuelist:DuelistTeaSet","Orichalcum","theDuelist:DuelistLetterOpener","Torii","Snake Skull"],"acts_visited":["Exordium","TheCity","TheBeyond","TheEnding"],"potions_floor_usage":[55],"damage_taken":[{"damage":0.0,"enemies":"Small Slimes","floor":1.0,"turns":3.0},{"damage":1.0,"enemies":"2 Louse","floor":2.0,"turns":2.0},{"damage":15.0,"enemies":"3 Sentries","floor":6.0,"turns":8.0},{"damage":17.0,"enemies":"Lagavulin","floor":8.0,"turns":9.0},{"damage":1.0,"enemies":"Cultist","floor":11.0,"turns":4.0},{"damage":4.0,"enemies":"3 Louse","floor":13.0,"turns":6.0},{"damage":9.0,"enemies":"Looter","floor":14.0,"turns":3.0},{"damage":0.0,"enemies":"The Guardian","floor":16.0,"turns":11.0},{"damage":0.0,"enemies":"Shell Parasite","floor":18.0,"turns":4.0},{"damage":0.0,"enemies":"Chosen","floor":19.0,"turns":5.0},{"damage":0.0,"enemies":"Centurion and Healer","floor":21.0,"turns":6.0},{"damage":2.0,"enemies":"Snecko","floor":22.0,"turns":6.0},{"damage":10.0,"enemies":"Slavers","floor":23.0,"turns":6.0},{"damage":19.0,"enemies":"Gremlin Leader","floor":25.0,"turns":5.0},{"damage":15.0,"enemies":"Snake Plant","floor":27.0,"turns":5.0},{"damage":0.0,"enemies":"Centurion and Healer","floor":28.0,"turns":5.0},{"damage":0.0,"enemies":"theDuelist:KaibaA2","floor":29.0,"turns":4.0},{"damage":0.0,"enemies":"Collector","floor":33.0,"turns":3.0},{"damage":4.0,"enemies":"3 Shapes","floor":35.0,"turns":2.0},{"damage":0.0,"enemies":"Orb Walker","floor":36.0,"turns":2.0},{"damage":0.0,"enemies":"3 Darklings","floor":37.0,"turns":5.0},{"damage":32.0,"enemies":"4 Shapes","floor":38.0,"turns":6.0},{"damage":77.0,"enemies":"Reptomancer","floor":40.0,"turns":7.0},{"damage":37.0,"enemies":"Giant Head","floor":42.0,"turns":7.0},{"damage":16.0,"enemies":"Reptomancer","floor":46.0,"turns":6.0},{"damage":0.0,"enemies":"Transient","floor":48.0,"turns":5.0},{"damage":22.0,"enemies":"Time Eater","floor":50.0,"turns":10.0},{"damage":33.0,"enemies":"Shield and Spear","floor":54.0,"turns":6.0},{"damage":52,"enemies":"The Heart","floor":55,"turns":9}],"seed_played":"-4687633925853421229","potions_obtained":[{"floor":1.0,"key":"Block Potion"},{"floor":2.0,"key":"theDuelist:TokenPotionB"},{"floor":6.0,"key":"theDuelist:StunPotion"},{"floor":14.0,"key":"Fire Potion"},{"floor":21.0,"key":"BloodPotion"},{"floor":22.0,"key":"Dexterity Potion"},{"floor":23.0,"key":"Dexterity Potion"},{"floor":28.0,"key":"theDuelist:BarricadePotion"},{"floor":42.0,"key":"Dexterity Potion"},{"floor":46.0,"key":"theDuelist:CoolBottle"}],"is_trial":false,"path_per_floor":["M","M","?","?","?","E","R","E","T","R","M","?","M","M","R","B",null,"M","M","?","M","M","E","R","E","T","M","M","E","?","$","R","B",null,"M","M","M","M","?","E","R","E","T","?","T","E","R","M","R","B",null,"R","$","E","B",null],"character_chosen":"THE_DUELIST","items_purchased":["theDuelist:MillenniumArmor","theDuelist:PotGenerosity","theDuelist:PotDichotomy","theDuelist:ClearKuriboh","theDuelist:Fissure","theDuelist:GeminiElf","theDuelist:GoblinSecret","Torii","theDuelist:TimeSeal","AttackPotion","theDuelist:MagicCylinder"],"campfire_rested":3,"item_purchase_floors":[31,31,31,31,31,31,53,53,53,53,53],"current_hp_per_floor":[70,69,69,69,69,54,54,37,47,47,46,46,42,33,33,33,74,74,74,91,94,94,88,88,78,78,70,80,87,59,59,88,88,96,92,92,92,63,63,16,46,19,19,19,19,12,42,42,42,30,84,84,84,61,19],"gold":92,"neow_bonus":"TEN_PERCENT_HP_BONUS","is_daily":false,"chose_seed":false,"campfire_upgraded":5,"win_rate":0.0,"timestamp":1611744479,"path_taken":["M","M","?","?","?","E","R","E","T","R","M","?","M","M","R","BOSS","M","M","?","?","M","E","R","E","T","M","M","E","?","$","R","BOSS","M","M","M","M","?","E","R","E","T","?","?","E","R","M","R","BOSS","R","$","E","BOSS"],"items_purchased_type":["Relic","Card","Card","Card","Card","Card","Card","Relic","Card","Potion","Card"],"build_version":"2020-12-22","purchased_purges":0,"victory":true,"max_hp_per_floor":[77,77,77,77,77,77,77,77,87,87,87,87,87,87,87,87,87,87,87,94,94,94,94,94,94,94,94,94,94,99,99,99,99,99,99,99,99,102,102,102,102,102,102,102,102,102,102,102,102,102,102,102,102,102,102],"card_choices":[{"not_picked":["theDuelist:Relinkuriboh","theDuelist:FluteKuriboh","theDuelist:DarkFusion","theDuelist:Spore"],"picked":"theDuelist:JunkKuriboh","floor":1.0},{"not_picked":["theDuelist:ClearKuriboh","theDuelist:GraniteLoyalist","theDuelist:MudGolem","theDuelist:BattleguardKing"],"picked":"theDuelist:PowerGiant","floor":2.0},{"not_picked":["theDuelist:Relinkuriboh","theDuelist:DarkFusion","theDuelist:Spore","theDuelist:UltimateOffering"],"picked":"theDuelist:JunkKuriboh","floor":6.0},{"not_picked":["theDuelist:BattleOx","theDuelist:HarpieFeather","theDuelist:MagicCylinder","theDuelist:YamiForm"],"picked":"theDuelist:MillenniumShield","floor":8.0},{"not_picked":["theDuelist:ClearKuriboh","theDuelist:BattleguardKing","theDuelist:LightningVortex","theDuelist:WormKing"],"picked":"theDuelist:GemElephant","floor":11.0},{"not_picked":["theDuelist:EvilswarmHeliotrope","theDuelist:RainbowGravity","theDuelist:FuryFire","theDuelist:MillenniumGolem"],"picked":"theDuelist:EarthGiant","floor":13.0},{"not_picked":["theDuelist:DarklordSuperbia","theDuelist:FlameTiger","theDuelist:FeatherPho","theDuelist:MagicHoleGolem"],"picked":"theDuelist:GolemSentry","floor":14.0},{"not_picked":["theDuelist:MultiplicationOfAnts","theDuelist:LostBlueBreaker","theDuelist:SmashingGround","theDuelist:PotGenerosity"],"picked":"theDuelist:AmuletAmbition","floor":16.0},{"not_picked":["theDuelist:EarthquakeGiant","theDuelist:GemArmadillo","theDuelist:LabyrinthWall"],"picked":"SKIP","floor":18.0},{"not_picked":["theDuelist:Sangan+1","theDuelist:BigKoala"],"picked":"theDuelist:WeepingIdol","floor":19.0},{"not_picked":["theDuelist:RainbowKuriboh","theDuelist:RainbowOverdragon+1"],"picked":"theDuelist:RainbowKuriboh","floor":21.0},{"not_picked":["theDuelist:LegendaryFlameLord","theDuelist:SmashingGround"],"picked":"theDuelist:Fissure","floor":22.0},{"not_picked":["theDuelist:RainbowKuriboh","theDuelist:RainbowOverdragon"],"picked":"theDuelist:RainbowKuriboh","floor":23.0},{"not_picked":["theDuelist:Wingedtortoise","theDuelist:LightningVortex"],"picked":"theDuelist:Relinkuriboh","floor":25.0},{"not_picked":["theDuelist:CrystalEmeraldTortoise","theDuelist:LostBlueBreaker"],"picked":"theDuelist:Kuriboh","floor":27.0},{"not_picked":["theDuelist:CrossSwordBeetle+1","theDuelist:DarklordSuperbia"],"picked":"theDuelist:Spore+1","floor":28.0},{"not_picked":["theDuelist:BlueBloodedOni","theDuelist:RainbowKuriboh"],"picked":"theDuelist:YellowBelliedOni","floor":29.0},{"not_picked":["theDuelist:WingedKuribohLv10","theDuelist:SmashingGround"],"picked":"theDuelist:PotGenerosity","floor":33.0},{"not_picked":["theDuelist:CrossSwordBeetle","theDuelist:LightningVortex"],"picked":"theDuelist:Relinkuriboh","floor":35.0},{"not_picked":["theDuelist:LegendaryFlameLord+1","theDuelist:SmashingGround"],"picked":"theDuelist:ClearKuriboh","floor":36.0},{"not_picked":["theDuelist:SilverApples","theDuelist:DarkFusion"],"picked":"theDuelist:JunkKuriboh+1","floor":37.0},{"not_picked":["theDuelist:SmashingGround+1","theDuelist:WingedKuribohLv10"],"picked":"theDuelist:PotGenerosity+1","floor":38.0},{"not_picked":["theDuelist:DarkFusion","theDuelist:PotDichotomy+1"],"picked":"theDuelist:FluteKuriboh","floor":39.0},{"not_picked":["theDuelist:Fissure","theDuelist:UltimateOffering"],"picked":"theDuelist:InariFire","floor":40.0},{"not_picked":["theDuelist:DarkFusion+1","theDuelist:ClearKuriboh"],"picked":"theDuelist:SphereKuriboh+1","floor":42.0},{"not_picked":[],"picked":"theDuelist:PotAvarice","floor":46.0},{"not_picked":["theDuelist:Spore"],"picked":"SKIP","floor":48.0},{"not_picked":[],"picked":"theDuelist:LegendaryFlameLord+1","floor":54.0}],"player_experience":322770,"relics_obtained":[{"floor":6.0,"key":"CaptainsWheel"},{"floor":8.0,"key":"Oddly Smooth Stone"},{"floor":9.0,"key":"Pear"},{"floor":23.0,"key":"theDuelist:MillenniumPeriapt"},{"floor":25.0,"key":"Tiny Chest"},{"floor":29.0,"key":"Sundial"},{"floor":40.0,"key":"Letter Opener"},{"floor":42.0,"key":"MawBank"},{"floor":43.0,"key":"theDuelist:DuelistTeaSet"},{"floor":45.0,"key":"Orichalcum"},{"floor":46.0,"key":"theDuelist:DuelistLetterOpener"},{"floor":54.0,"key":"Snake Skull"}],"event_choices":[{"damage_healed":0.0,"max_hp_gain":0.0,"max_hp_loss":0.0,"gold_gain":0.0,"event_name":"Egyptian Village","player_choice":"Leave","duelist":true,"floor":3.0,"gold_loss":0.0,"damage_taken":0.0},{"damage_healed":0.0,"max_hp_gain":0.0,"max_hp_loss":0.0,"gold_gain":0.0,"event_name":"Living Wall","player_choice":"Grow","floor":4.0,"gold_loss":0.0,"damage_taken":0.0,"cards_upgraded":["theDuelist:FluteKuriboh"]},{"damage_healed":0.0,"max_hp_gain":0.0,"max_hp_loss":0.0,"gold_gain":0.0,"event_name":"Relic Duplicator","player_choice":"Leave","duelist":true,"floor":5.0,"gold_loss":0.0,"damage_taken":0.0},{"damage_healed":0.0,"max_hp_gain":0.0,"max_hp_loss":0.0,"gold_gain":54.0,"event_name":"Golden Wing","player_choice":"Gained Gold","floor":12.0,"gold_loss":0.0,"damage_taken":0.0},{"power_reward":4.0,"total_magic_score":60.0,"gold_gain":0.0,"greed_reward":4.0,"duelist":true,"damage_taken":0.0,"relics_obtained":["theDuelist:NamelessWarRelicC"],"points":19.0,"war_reward":3.0,"max_hp_gain":17.0,"max_hp_loss":10.0,"spent_points":{"magic":4.0,"greed":4.0,"war":3.0,"power":4.0,"hunger":4.0},"event_name":"Nameless Tomb","hunger_reward":4.0,"floor":20.0,"gold_loss":0.0,"magic_reward":4.0,"cards_obtained":["theDuelist:Nameless:Greed:BerserkerCrush","theDuelist:Nameless:Power:KamionTimelord","theDuelist:HourglassLife"]},{"damage_healed":0.0,"max_hp_gain":5.0,"max_hp_loss":0.0,"gold_gain":0.0,"event_name":"Forgotten Altar","player_choice":"Shed Blood","floor":30.0,"gold_loss":0.0,"damage_taken":33.0},{"damage_healed":0.0,"max_hp_gain":0.0,"max_hp_loss":0.0,"gold_gain":0.0,"event_name":"SensoryStone","player_choice":"Memory 1","floor":39.0,"gold_loss":0.0,"damage_taken":0.0},{"cards_removed":["theDuelist:JunkKuriboh"],"damage_healed":0.0,"max_hp_gain":0.0,"max_hp_loss":0.0,"gold_gain":0.0,"event_name":"Falling","player_choice":"Removed Skill","floor":44.0,"gold_loss":0.0,"damage_taken":0.0}],"is_beta":false,"boss_relics":[{"not_picked":["Runic Pyramid","Philosopher\u0027s Stone"],"picked":"Busted Crown"},{"not_picked":["Astrolabe","theDuelist:MillenniumKey"],"picked":"Runic Cube"}],"items_purged_floors":[],"is_endless":false,"potions_floor_spawned":[1,2,6,14,21,22,23,28,36,42,46],"ascension_level":15}}