{"host":"yqm","time":1611763502,"event":{"mods":["ATMod(阿瑾Mod)","BaseMod","Challenge The Spire","Colored Map","Colored Powertips","DeckTracker","Good Game Mod","Minty Spire (QoL Compilation)","MostiFishMod","Quick Restart","Relic Filter","Relic Filter Mod","Relic Stats","Remove Card Discount Mod","StSLib","TestMod","noobMod","篝火指南"],"gold_per_floor":[114,131,147,159,159,159,194,344,368,289,289,314,327,357,357,431,431,445,465,478,490,503,531,531,557,609,622,622,647,647,660,660,732,732,748,748,763,490,490,490,525,540,617,643,672,672,672,698,698,698,698,698,482,15,50,50],"floor_reached":57,"language":"ZHS","playtime":6961,"items_purged":["Doubt","Defend_R","Strike_R","Strike_R","Strike_R","Defend_R","Strike_R","Strike_R","Defend_R","Defend_R","Bash","Writhe"],"score":3790,"play_id":"fa412d08-7f28-41c8-9d5f-6222886c3ec0","local_time":"20210128000502","is_ascension_mode":true,"campfire_choices":[{"data":"AT_FamilyPortrait","floor":6.0,"key":"SMITH"},{"data":"Entrench","floor":11.0,"key":"SMITH"},{"data":"AT_BodySlamDance","floor":15.0,"key":"SMITH"},{"data":"Barricade","floor":30.0,"key":"SMITH"},{"data":"AT_Dispersion","floor":32.0,"key":"SMITH"},{"data":"Madness","floor":40,"key":"SMITH"},{"floor":49,"key":"RECALL"}],"circlet_count":0,"master_deck":["AscendersBane","AT_FamilyPortrait+1","testmod-CardIndex+1","Entrench+1","Impervious+1","AT_BodySlamDance+1","Barricade+1","AT_Dispersion+1","AT_ShrugMaster+1","Madness+1"],"relics":["Burning Blood","ice","DaveBox","AT_ATBox","testmod-TestBox","NeowsBlessing","testmod-PortableAltar","Civilization","SynthV:TestCard","AT_SeraphEmbrace","PreservedInsect","AT_SunfireAegis","Black Star","Molten Egg 2","Singing Bowl","Ornamental Fan","testmod-Hope","Bottled Tornado","Tiny Chest","AT_BellowingDragoncrestRing","Toy Ornithopter","PatriotShield","testmod-Justice","REME:ComplimentaryCards","Toxic Egg 2","Eternal Feather","The Courier","Juzu Bracelet","StrikeDummy","testmod-Antiphasic","Kunai","Meat on the Bone","Medical Kit","ImprovedEquipment","Thread and Needle","AT_TimeSand","Red Skull"],"acts_visited":["Exordium","TheCity","TheBeyond","TheEnding"],"potions_floor_usage":[41,56,56],"damage_taken":[{"damage":1.0,"enemies":"2 Louse","floor":1.0,"turns":1.0},{"damage":1.0,"enemies":"Small Slimes","floor":2.0,"turns":1.0},{"damage":1.0,"enemies":"Jaw Worm","floor":3.0,"turns":1.0},{"damage":22.0,"enemies":"Exordium Wildlife","floor":4.0,"turns":3.0},{"damage":61.0,"enemies":"3 Sentries","floor":7.0,"turns":12.0},{"damage":0.0,"enemies":"Lagavulin","floor":12.0,"turns":2.0},{"damage":18.0,"enemies":"Lots of Slimes","floor":13.0,"turns":4.0},{"damage":0.0,"enemies":"Gremlin Nob","floor":14.0,"turns":2.0},{"damage":0.0,"enemies":"Slime Boss","floor":16.0,"turns":2.0},{"damage":10.0,"enemies":"3 Byrds","floor":18.0,"turns":4.0},{"damage":1.0,"enemies":"Spheric Guardian","floor":19.0,"turns":4.0},{"damage":8.0,"enemies":"Centurion and Healer","floor":20.0,"turns":5.0},{"damage":23.0,"enemies":"Snake Plant","floor":21.0,"turns":7.0},{"damage":25.0,"enemies":"Shelled Parasite and Fungi","floor":22.0,"turns":6.0},{"damage":31.0,"enemies":"Slavers","floor":23.0,"turns":5.0},{"damage":8.0,"enemies":"Gremlin Leader","floor":25.0,"turns":6.0},{"damage":0.0,"enemies":"Sentry and Sphere","floor":27.0,"turns":5.0},{"damage":0.0,"enemies":"Slavers","floor":29.0,"turns":1.0},{"damage":0.0,"enemies":"Centurion and Healer","floor":31.0,"turns":4.0},{"damage":6.0,"enemies":"Champ","floor":33.0,"turns":4.0},{"damage":0.0,"enemies":"Orb Walker","floor":35.0,"turns":3.0},{"damage":0,"enemies":"3 Shapes","floor":37,"turns":1},{"damage":0,"enemies":"Giant Head","floor":41,"turns":4},{"damage":0,"enemies":"Maw","floor":42,"turns":2},{"damage":0,"enemies":"Reptomancer","floor":45,"turns":3},{"damage":0,"enemies":"Giant Head","floor":48,"turns":3},{"damage":0,"enemies":"Awakened One","floor":50,"turns":3},{"damage":0,"enemies":"Time Eater","floor":51,"turns":2},{"damage":0,"enemies":"Shield and Spear","floor":55,"turns":2},{"damage":0,"enemies":"The Heart","floor":56,"turns":7}],"seed_played":"-8935623685414171905","potions_obtained":[{"floor":1.0,"key":"EssenceOfSteel"},{"floor":4.0,"key":"Weak Potion"},{"floor":23.0,"key":"EssenceOfSteel"},{"floor":27.0,"key":"testmod-SpacePotion"},{"floor":31.0,"key":"Explosive Potion"},{"floor":35.0,"key":"AttackPotion"},{"floor":37,"key":"ColorlessPotion"},{"floor":41,"key":"DuplicationPotion"}],"is_trial":false,"path_per_floor":["M","M","M","M","?","R","E","?","T","$","R","E","M","E","R","B",null,"M","M","M","M","M","E","?","E","T","M","?","E","R","M","R","B",null,"M","?","M","$","?","R","E","M","T","T","E","$","?","E","R","B","B",null,"R","$","E","B",null],"character_chosen":"IRONCLAD","items_purchased":["AT_BodySlamDance","testmod-Justice","Medical Kit","HeartOfIron","ImprovedEquipment","Thread and Needle"],"campfire_rested":0,"item_purchase_floors":[10,38,53,53,54,54],"current_hp_per_floor":[75,79,83,71,71,71,21,21,21,21,21,32,25,36,36,47,86,87,97,100,88,77,59,59,64,64,77,77,90,90,101,101,108,140,153,149,160,160,160,160,168,174,173,172,178,177,176,182,181,185,189,188,187,186,192,196],"gold":50,"neow_bonus":"THREE_ENEMY_KILL","is_daily":false,"chose_seed":false,"campfire_upgraded":6,"win_rate":0.0,"timestamp":1611763502,"path_taken":["M","M","M","M","?","R","E","?","T","$","R","E","M","E","R","BOSS","M","M","M","M","M","E","?","E","T","M","?","E","R","M","R","BOSS","M","?","M","$","?","R","E","M","T","?","E","$","?","E","R","BOSS","BOSS","R","$","E","BOSS"],"items_purchased_type":["Card","Relic","Relic","Potion","Relic","Relic"],"build_version":"2020-12-18","purchased_purges":12,"victory":true,"max_hp_per_floor":[76,79,83,87,86,85,89,88,87,86,85,89,93,97,96,100,99,103,107,111,115,122,128,127,133,132,138,137,143,142,146,145,151,150,156,161,165,164,163,162,168,174,173,172,178,177,176,182,181,185,189,188,187,186,192,196],"relic_stats":{"Singing Bowl":28,"counters":[30,109],"Eternal Feather":0,"PreservedInsect":549,"Juzu Bracelet":1,"Medical Kit":[4],"Burning Blood":122,"Ornamental Fan":[68],"Tiny Chest":1,"Black Star":7,"Kunai":[12],"obtain_stats":[{"AT_SeraphEmbrace":27,"PatriotShield":34,"AT_ATBox":0,"DaveBox":0,"Singing Bowl":23,"testmod-PortableAltar":0,"ice":0,"Juzu Bracelet":44,"AT_TimeSand":55,"Bottled Tornado":25,"AT_ArchangelStaff":7,"Burning Blood":0,"Civilization":0,"Tiny Chest":26,"Kunai":48,"Toxic Egg 2":41,"Red Skull":55,"testmod-TestBox":0,"NeowsBlessing":0,"ImprovedEquipment":54,"Eternal Feather":41,"Thread and Needle":54,"PreservedInsect":12,"The Courier":43,"testmod-Justice":38,"Medical Kit":53,"testmod-Antiphasic":45,"REME:ComplimentaryCards":0,"SynthV:TestCard":1,"AT_BellowingDragoncrestRing":29,"Ornamental Fan":24,"testmod-Hope":25,"Molten Egg 2":23,"Black Star":17,"AT_SunfireAegis":14,"StrikeDummy":45,"Toy Ornithopter":29,"Meat on the Bone":48},{"AT_SeraphEmbrace":17,"PatriotShield":20,"AT_ATBox":0,"DaveBox":0,"Singing Bowl":15,"testmod-PortableAltar":0,"ice":0,"Juzu Bracelet":24,"AT_TimeSand":29,"Bottled Tornado":16,"AT_ArchangelStaff":5,"Burning Blood":0,"Civilization":0,"Tiny Chest":16,"Kunai":26,"Toxic Egg 2":23,"Red Skull":29,"testmod-TestBox":0,"NeowsBlessing":0,"ImprovedEquipment":28,"Eternal Feather":23,"Thread and Needle":28,"PreservedInsect":6,"The Courier":24,"testmod-Justice":22,"Medical Kit":28,"testmod-Antiphasic":25,"REME:ComplimentaryCards":0,"SynthV:TestCard":1,"AT_BellowingDragoncrestRing":18,"Ornamental Fan":15,"testmod-Hope":16,"Molten Egg 2":15,"Black Star":9,"AT_SunfireAegis":8,"StrikeDummy":25,"Toy Ornithopter":18,"Meat on the Bone":26},{"AT_SeraphEmbrace":68,"PatriotShield":79,"AT_ATBox":0,"DaveBox":0,"Singing Bowl":59,"testmod-PortableAltar":0,"ice":0,"Juzu Bracelet":89,"AT_TimeSand":102,"Bottled Tornado":65,"AT_ArchangelStaff":18,"Burning Blood":0,"Civilization":0,"Tiny Chest":65,"Kunai":95,"Toxic Egg 2":87,"Red Skull":102,"testmod-TestBox":0,"NeowsBlessing":0,"ImprovedEquipment":100,"Eternal Feather":87,"Thread and Needle":100,"PreservedInsect":20,"The Courier":89,"testmod-Justice":83,"Medical Kit":100,"testmod-Antiphasic":92,"REME:ComplimentaryCards":0,"SynthV:TestCard":1,"AT_BellowingDragoncrestRing":71,"Ornamental Fan":59,"testmod-Hope":65,"Molten Egg 2":59,"Black Star":28,"AT_SunfireAegis":26,"StrikeDummy":92,"Toy Ornithopter":71,"Meat on the Bone":95}],"Toy Ornithopter":1,"Meat on the Bone":0},"card_choices":[{"not_picked":["Second Wind","True Grit","Flex"],"picked":"SKIP","floor":1.0},{"not_picked":["AT_ManFootWork","Sword Boomerang","Rampage","AT_IchimonjiDouble"],"picked":"Entrench","floor":2.0},{"not_picked":["Cleave","Wild Strike","Flex","Perfected Strike"],"picked":"Impervious","floor":3.0},{"not_picked":["Infernal Blade","Pummel","Headbutt","Iron Wave","Shrug It Off"],"picked":"SKIP","floor":4.0},{"not_picked":["Shockwave","Thunderclap","Evolve","Infernal Blade","Sword Boomerang"],"picked":"SKIP","floor":7.0},{"not_picked":["Exhume","AT_BodySlamDance","Shrug It Off","Clothesline","Rupture"],"picked":"SKIP","floor":12.0},{"not_picked":["Headbutt","Shrug It Off","Pommel Strike","Warcry","AT_ManFootWork"],"picked":"SKIP","floor":13.0},{"not_picked":["Flex","Dual Wield","MostiFishMod:NewArrival","Power Through","Pommel Strike"],"picked":"SKIP","floor":14.0},{"not_picked":["Bludgeon","Juggernaut","Double Tap","Reaper"],"picked":"Barricade","floor":16.0},{"not_picked":["Cleave","AT_BodySlamDance","Body Slam","Flame Barrier+1","Second Wind"],"picked":"SKIP","floor":18.0},{"not_picked":["Disarm","Body Slam","Thunderclap","Sever Soul","Pommel Strike"],"picked":"SKIP","floor":19.0},{"not_picked":["Burning Pact","Perfected Strike","MostiFishMod:NewArrival","Second Wind","Pummel"],"picked":"SKIP","floor":20.0},{"not_picked":["Cleave","Iron Wave","Shrug It Off","Armaments","Wild Strike"],"picked":"SKIP","floor":21.0},{"not_picked":["Evolve","Shrug It Off","Infernal Blade","Inflame","Twin Strike"],"picked":"SKIP","floor":22.0},{"not_picked":["Burning Pact","Shrug It Off","Disarm","Shockwave","Dark Embrace+1"],"picked":"Singing Bowl","floor":23.0},{"not_picked":["AT_BodySlamDance","Demon Form","Entrench","Carnage+1","Body Slam+1"],"picked":"Singing Bowl","floor":25.0},{"not_picked":["True Grit","Clash+1","Warcry","Rage","Twin Strike+1"],"picked":"Singing Bowl","floor":27.0},{"not_picked":["Sentinel","Iron Wave+1","Dark Embrace","Twin Strike+1","Havoc"],"picked":"Singing Bowl","floor":29.0},{"not_picked":["Wild Strike+1","Sword Boomerang+1","Pommel Strike+1","Shrug It Off"],"picked":"AT_Dispersion","floor":31.0},{"not_picked":["AT_Dispersion","Reaper+1","MostiFishMod:RacingGame","MostiFishMod:UltimateDefense","Brutality"],"picked":"Singing Bowl","floor":33.0},{"not_picked":["Warcry","Clash+1","Shrug It Off","Evolve","Headbutt+1"],"picked":"Singing Bowl","floor":35.0},{"not_picked":["Dramatic Entrance+1","Bandage Up","Secret Weapon","Forethought","Swift Strike+1"],"picked":"Singing Bowl","floor":36},{"not_picked":["testmod-Mystery+1","testmod-Collector+1","Purity","testmod-TradeIn","testmod-WeaknessCounterattack+1"],"picked":"Singing Bowl","floor":36},{"not_picked":["testmod-DeathImprint+1","testmod-PerfectCombo+1","Forethought","testmod-ShutDown","AT_BreakingExtremeWeapon"],"picked":"Singing Bowl","floor":36},{"not_picked":["Sword Boomerang+1","Power Through","Pommel Strike+1","AT_GerminateFire"],"picked":"AT_ShrugMaster+1","floor":37},{"not_picked":["Infernal Blade+1","MostiFishMod:BrandingRite+1","Immolate+1","AT_ShrugMaster","AT_DiedThrough+1"],"picked":"Singing Bowl","floor":41},{"not_picked":["Reckless Charge+1","Sever Soul+1","Armaments+1","Disarm+1","Combust"],"picked":"Singing Bowl","floor":42},{"not_picked":["Perfected Strike+1","AT_GerminateFire+1","Flex+1","Hemokinesis+1","Immolate+1"],"picked":"Singing Bowl","floor":45},{"not_picked":["Evolve","MostiFishMod:#F4004+1","Iron Wave+1","True Grit+1","Ghostly Armor+1"],"picked":"Singing Bowl","floor":48},{"not_picked":["Heavy Blade+1","Ghostly Armor+1","Reckless Charge+1","Havoc+1","Headbutt+1"],"picked":"Singing Bowl","floor":55}],"player_experience":874342,"relics_obtained":[{"floor":1.0,"key":"SynthV:TestCard"},{"floor":7.0,"key":"AT_ArchangelStaff"},{"floor":12.0,"key":"PreservedInsect"},{"floor":14.0,"key":"AT_SunfireAegis"},{"floor":23.0,"key":"Molten Egg 2"},{"floor":23.0,"key":"Singing Bowl"},{"floor":25.0,"key":"testmod-Hope"},{"floor":25.0,"key":"Bottled Tornado"},{"floor":26.0,"key":"Tiny Chest"},{"floor":29.0,"key":"AT_BellowingDragoncrestRing"},{"floor":29.0,"key":"Toy Ornithopter"},{"floor":41,"key":"Toxic Egg 2"},{"floor":41,"key":"Eternal Feather"},{"floor":43,"key":"The Courier"},{"floor":44,"key":"Juzu Bracelet"},{"floor":45,"key":"StrikeDummy"},{"floor":45,"key":"testmod-Antiphasic"},{"floor":48,"key":"Kunai"},{"floor":48,"key":"Meat on the Bone"},{"floor":55,"key":"AT_TimeSand"},{"floor":55,"key":"Red Skull"}],"event_choices":[{"damage_healed":0.0,"max_hp_gain":0.0,"max_hp_loss":0.0,"gold_gain":0.0,"event_name":"Living Wall","player_choice":"Grow","floor":5.0,"gold_loss":0.0,"damage_taken":0.0,"cards_upgraded":["testmod-CardIndex"]},{"damage_healed":0.0,"max_hp_gain":0.0,"max_hp_loss":0.0,"gold_gain":150.0,"event_name":"Liars Game","player_choice":"AGREE","floor":8.0,"gold_loss":0.0,"damage_taken":0.0,"cards_obtained":["Doubt"]},{"damage_healed":0.0,"max_hp_gain":0.0,"max_hp_loss":0.0,"gold_gain":0.0,"event_name":"The Mausoleum","player_choice":"Opened","floor":24.0,"gold_loss":0.0,"damage_taken":0.0,"relics_obtained":["Ornamental Fan"],"cards_obtained":["Writhe"]},{"damage_healed":0.0,"max_hp_gain":0.0,"max_hp_loss":0.0,"gold_gain":0.0,"event_name":"Vampires","player_choice":"Ignored","floor":28.0,"gold_loss":0.0,"damage_taken":0.0},{"damage_healed":0,"gold_gain":0,"player_choice":"Memory 3","damage_taken":10,"max_hp_gain":0,"max_hp_loss":0,"event_name":"SensoryStone","floor":36,"gold_loss":0},{"damage_healed":0,"gold_gain":0,"player_choice":"Swap Relic","damage_taken":0,"relics_obtained":["REME:ComplimentaryCards"],"max_hp_gain":0,"max_hp_loss":0,"event_name":"给自己的盒子","floor":39,"relics_lost":["REME:ComplimentaryCards"],"gold_loss":0},{"damage_healed":0,"gold_gain":0,"player_choice":"Forge","damage_taken":0,"max_hp_gain":0,"max_hp_loss":0,"event_name":"Accursed Blacksmith","floor":47,"gold_loss":0,"cards_upgraded":["Impervious"]}],"is_beta":true,"boss_relics":[{"not_picked":["TimeKeys","RhineCircuit"],"picked":"Black Star"},{"not_picked":["MostiFishMod:Hod","Snecko Eye"],"picked":"PatriotShield"}],"items_purged_floors":[10,10,10,10,10,10,10,10,10,10,10,38],"is_endless":false,"potions_floor_spawned":[1,4,7,14,18,19,23,27,31,35,37,41,45],"ascension_level":20}}