{"host":"7tqog9fnhs0gxmti","time":1611753538,"event":{"mods":["AchievementEnabler","Act Like it!","Astrologer","BaseMod","Beaked The Cultist","CapriCore","Colored Map","Colored Powertips","Downfall","Hermit","Highlight Path","Koishi","Marisa????????","Minty Spire (QoL Compilation)","Quick Restart","Random Character Button","Rare Cards Sparkle","Robot Space Explorer","Somnambulant","StSLib","The Bug Knight","The Construct","The Cursed","The Disciple","The Gatherer","The Hayseed","The Marked","Wandering Minibosses","everything is the same but u backflip on backflip"],"gold_per_floor":[99,119,119,131,71,71,94,109,109,129,147,147,162,184,204,304,304,304,315,333,18,18,18,18,37,37,52,52,62,62,72,92,197,197,197,213,231,231,251,251,305,202,234,244,256,268,303,303,315,315,315,315],"floor_reached":50,"language":"ENG","playtime":2450,"items_purged":["bronze:NullPointer","downfall:Haunted"],"score":602,"play_id":"abdadf64-ee04-40b9-bfab-8780621d803c","local_time":"20210127211858","is_ascension_mode":false,"campfire_choices":[{"data":"bronze:Replicate","floor":1.0,"key":"SMITH"},{"data":"bronze:DelayedSlice","floor":12.0,"key":"SMITH"},{"data":"bronze:MaxOutput","floor":18.0,"key":"SMITH"},{"data":"1","floor":26.0,"key":"LIFT"},{"floor":30.0,"key":"REST"},{"data":"2","floor":35,"key":"LIFT"}],"circlet_count":0,"master_deck":["bronze:Defend","bronze:Defend+1","bronze:Defend+1","bronze:Replicate+1","bronze:Goto","bronze:BronzeOrb","bronze:Iterate","bronze:Boost+1","bronze:DelayedSlice+1","bronze:Mutator+1","bronze:WhirlingStrike","bronze:MaxOutput+1","bronze:ChosenStrike","bronze:AlphaBuild","bronze:OilSpill","bronze:Repulsor+1","bronze:Frontload+1","bronze:ChosenStrike+1","bronze:Invalidate+1","expansioncontent:DashGenerateEvil","expansioncontent:DashGenerateEvil","downfall:Bewildered","bronze:HyperBeam","bronze:Optimize","bronze:OilSpill+1","bronze:GetLatest+1"],"relics":["bronze:BronzeCore","Omamori","Art of War","Odd Mushroom","SlaversCollar","Guardian:PocketSentry","War Paint","Girya","Cursed Key","MawBank","HollowMod:LifeEnderRelic","Toxic Egg 2"],"acts_visited":["Exordium","TheCity","TheBeyond"],"potions_floor_usage":[44,50,50,50],"damage_taken":[{"damage":2.0,"enemies":"Small Slimes","floor":2.0,"turns":6.0},{"damage":0.0,"enemies":"Cultist","floor":4.0,"turns":3.0},{"damage":0.0,"enemies":"downfall:FleeingMerchant","floor":5.0,"turns":4.0},{"damage":1.0,"enemies":"2 Louse","floor":8.0,"turns":3.0},{"damage":6.0,"enemies":"2 Fungi Beasts","floor":10.0,"turns":2.0},{"damage":0.0,"enemies":"3 Louse","floor":11.0,"turns":3.0},{"damage":7.0,"enemies":"Lots of Slimes","floor":13.0,"turns":2.0},{"damage":0.0,"enemies":"The Mushroom Lair","floor":14.0,"turns":2.0},{"damage":2.0,"enemies":"Red Slaver","floor":15.0,"turns":2.0},{"damage":20.0,"enemies":"IC_STATUS_ARCHETYPE","floor":16.0,"turns":7.0},{"damage":0.0,"enemies":"Chosen","floor":19.0,"turns":3.0},{"damage":21.0,"enemies":"Snake Plant","floor":20.0,"turns":5.0},{"damage":0.0,"enemies":"downfall:FleeingMerchant","floor":21.0,"turns":4.0},{"damage":0.0,"enemies":"Snecko","floor":25.0,"turns":4.0},{"damage":8.0,"enemies":"Shelled Parasite and Fungi","floor":27.0,"turns":3.0},{"damage":11.0,"enemies":"Centurion and Healer","floor":29.0,"turns":4.0},{"damage":12.0,"enemies":"3 Cultists","floor":31.0,"turns":4.0},{"damage":7.0,"enemies":"Chosen and Byrds","floor":32.0,"turns":4.0},{"damage":0.0,"enemies":"SI_MIRROR_ARCHETYPE","floor":33.0,"turns":7.0},{"damage":0,"enemies":"Orb Walker","floor":36,"turns":2},{"damage":0,"enemies":"3 Shapes","floor":37,"turns":2},{"damage":1,"enemies":"Sphere and 2 Shapes","floor":39,"turns":3},{"damage":0,"enemies":"downfall:FleeingMerchant","floor":42,"turns":4},{"damage":10,"enemies":"Giant Head","floor":43,"turns":6},{"damage":18,"enemies":"Transient","floor":44,"turns":5},{"damage":0,"enemies":"Jaw Worm Horde","floor":45,"turns":3},{"damage":20,"enemies":"3 Darklings","floor":46,"turns":4},{"damage":0,"enemies":"Nemesis","floor":47,"turns":3},{"damage":0,"enemies":"Transient","floor":49,"turns":5},{"damage":47,"enemies":"WA_ARCHETYPE_DIVINITY","floor":50,"turns":3}],"seed_played":"6274004571324055566","potions_obtained":[{"floor":4.0,"key":"PowerPotion"},{"floor":8.0,"key":"Energy Potion"},{"floor":13.0,"key":"SpeedPotion"},{"floor":20.0,"key":"Slimebound:ThreeZeroPotion"},{"floor":27.0,"key":"LiquidMemories"},{"floor":31.0,"key":"bronze:BuildAFunctionPotion"},{"floor":32.0,"key":"Energy Potion"},{"floor":36,"key":"Energy Potion"},{"floor":43,"key":"CultistPotion"},{"floor":45,"key":"hexamod:SoulburnPotion"},{"floor":46,"key":"EssenceOfSteel"}],"is_trial":false,"path_per_floor":["R","M","?","M","$","?","T","M","?","M","M","R","M","?","M","B",null,"R","M","M","$","?","?","T","M","R","M","?","M","R","M","M","B",null,"R","M","M","?","M","?","T","$","E","M","M","M","E","?","M","B"],"character_chosen":"THE_AUTOMATON","items_purchased":["bronze:DelayedSlice","Guardian:PocketSentry","bronze:Repulsor"],"campfire_rested":1,"item_purchase_floors":[5,21,21],"current_hp_per_floor":[70,68,68,68,68,68,68,67,67,61,61,61,54,54,52,32,70,70,70,49,49,49,41,41,41,41,33,33,22,43,31,24,24,70,70,70,70,60,59,59,59,59,49,31,31,11,11,11,11,0,0,0],"gold":315,"neow_bonus":"RANDOM_COMMON_RELIC","is_daily":false,"chose_seed":false,"campfire_upgraded":3,"win_rate":0.0,"timestamp":1611753538,"path_taken":["R","M","?","M","?","?","T","M","?","M","?","R","M","?","M","BOSS","R","M","M","$","?","?","T","?","R","?","?","M","R","?","M","BOSS","R","M","M","?","M","?","T","$","E","M","M","?","E","?","M","BOSS"],"items_purchased_type":["Card","Relic","Card"],"build_version":"2020-12-22","purchased_purges":2,"victory":false,"max_hp_per_floor":[70,70,70,70,70,70,70,70,70,70,70,70,70,70,70,70,70,70,70,70,70,70,70,70,70,70,70,70,70,70,70,70,70,70,70,70,70,70,70,70,70,70,70,70,70,70,70,70,70,70,70,70],"card_choices":[{"not_picked":["bronze:BuggyMess","bronze:DelayedSlice"],"picked":"bronze:BronzeOrb","floor":2.0},{"not_picked":["bronze:Safeguard","bronze:FineTuning"],"picked":"bronze:Iterate","floor":4.0},{"not_picked":["bronze:Deprecate","bronze:BitShift"],"picked":"bronze:Boost","floor":5.0},{"not_picked":["bronze:Backtrace","bronze:CutThrough"],"picked":"bronze:Mutator","floor":8.0},{"not_picked":["bronze:Branch","bronze:Frontload","bronze:BugBarrage"],"picked":"SKIP","floor":10.0},{"not_picked":["bronze:Branch","bronze:Deprecate"],"picked":"bronze:WhirlingStrike","floor":11.0},{"not_picked":["bronze:Philosophize","bronze:CutThrough"],"picked":"bronze:MaxOutput","floor":13.0},{"not_picked":["bronze:Fortify","bronze:CutThrough"],"picked":"bronze:ChosenStrike","floor":14.0},{"not_picked":["bronze:DelayedSlice","bronze:Shell","bronze:Turbo"],"picked":"SKIP","floor":15.0},{"not_picked":["bronze:RecursiveStrike","bronze:HyperBeam"],"picked":"bronze:AlphaBuild","floor":16.0},{"not_picked":["bronze:FineTuning","bronze:ForceShield","bronze:DelayedSlice+1"],"picked":"SKIP","floor":19.0},{"not_picked":["bronze:BitShift","bronze:Branch+1"],"picked":"bronze:OilSpill","floor":20.0},{"not_picked":["bronze:DelayedGuard","bronze:FineTuning+1","bronze:BitShift"],"picked":"SKIP","floor":21.0},{"not_picked":["bronze:Frontload","bronze:WhirlingStrike+1","bronze:BuggyMess+1"],"picked":"SKIP","floor":25.0},{"not_picked":["bronze:Deprecate","bronze:Branch","bronze:Turbo"],"picked":"SKIP","floor":27.0},{"not_picked":["bronze:OilSpill","bronze:WildBeam"],"picked":"bronze:Frontload+1","floor":29.0},{"not_picked":["bronze:BronzeArmor+1","bronze:CloningBeam","bronze:DarkDash"],"picked":"SKIP","floor":31.0},{"not_picked":["bronze:CleanCode","bronze:Backtrace+1"],"picked":"bronze:ChosenStrike+1","floor":32.0},{"not_picked":["bronze:FollowUp+1","bronze:DigitalCarnage+1"],"picked":"bronze:Invalidate+1","floor":36},{"not_picked":["bronze:MaxOutput","bronze:Repair+1","bronze:ChildClass"],"picked":"SKIP","floor":37},{"not_picked":["expansioncontent:AwakenDeath","expansioncontent:GuardianWhirl"],"picked":"expansioncontent:PrepareCrush","floor":38},{"not_picked":["expansioncontent:Hexaburn","expansioncontent:Chronoboost"],"picked":"expansioncontent:DashGenerateEvil","floor":38},{"not_picked":["expansioncontent:GuardianWhirl","expansioncontent:AwakenDeath"],"picked":"expansioncontent:DashGenerateEvil","floor":38},{"not_picked":["bronze:Repair","bronze:Philosophize","bronze:WhirlingStrike"],"picked":"SKIP","floor":39},{"not_picked":["bronze:Turbo+1","bronze:DelayedGuard","bronze:BugBarrage"],"picked":"SKIP","floor":42},{"not_picked":["bronze:CutThrough+1","bronze:Branch"],"picked":"bronze:HyperBeam","floor":43},{"not_picked":["bronze:ForceShield","bronze:ClassDefault"],"picked":"bronze:Optimize","floor":44},{"not_picked":["bronze:BugBarrage","bronze:Branch"],"picked":"bronze:OilSpill+1","floor":45},{"not_picked":["bronze:FineTuning","bronze:Turbo","bronze:WildBeam"],"picked":"SKIP","floor":46},{"not_picked":["bronze:Repulsor+1","bronze:WhirlingStrike+1"],"picked":"bronze:GetLatest+1","floor":47},{"not_picked":["bronze:Frontload+1","bronze:Return+1","bronze:Iterate"],"picked":"SKIP","floor":49}],"player_experience":912231,"relics_obtained":[{"floor":7.0,"key":"Art of War"},{"floor":14.0,"key":"Odd Mushroom"},{"floor":24.0,"key":"Girya"},{"floor":41,"key":"MawBank"},{"floor":43,"key":"HollowMod:LifeEnderRelic"},{"floor":47,"key":"Toxic Egg 2"}],"event_choices":[{"cards_removed":["bronze:Strike"],"damage_healed":0.0,"max_hp_gain":0.0,"max_hp_loss":0.0,"gold_gain":0.0,"event_name":"Bonfire Elementals","player_choice":"Offered Basic","floor":3.0,"gold_loss":0.0,"damage_taken":0.0},{"damage_healed":0.0,"max_hp_gain":0.0,"max_hp_loss":0.0,"gold_gain":0.0,"event_name":"Mushrooms","player_choice":"Fought Mushrooms","floor":14.0,"gold_loss":0.0,"damage_taken":0.0},{"damage_healed":0.0,"max_hp_gain":0.0,"max_hp_loss":0.0,"gold_gain":0.0,"event_name":"Addict","player_choice":"Stole Relic","floor":22.0,"gold_loss":0.0,"damage_taken":0.0,"relics_obtained":["War Paint"],"cards_obtained":["Pride"]},{"cards_removed":["expansioncontent:PrepareCrush"],"damage_healed":0,"gold_gain":0,"player_choice":"Removed Skill","damage_taken":0,"max_hp_gain":0,"max_hp_loss":0,"event_name":"Falling","floor":48,"gold_loss":0}],"is_beta":false,"boss_relics":[{"not_picked":["bronze:PlatinumCore","Snecko Eye"],"picked":"SlaversCollar"},{"not_picked":["Astrolabe","construct:WeddingRing"],"picked":"Cursed Key"}],"items_purged_floors":[21,42],"is_endless":false,"potions_floor_spawned":[4,8,13,20,27,31,32,36,43,45,46],"killed_by":"WA_ARCHETYPE_DIVINITY","ascension_level":0}}