{"host":"ELF","time":1611783691,"event":{"mods":["BaseMod","Bestiary","Minty Spire (QoL Compilation)","Relic Stats","Slay the Relics Exporter"],"gold_per_floor":[113,113,130,143,143,168,168,186,209,209,229,242,270,280,280,376,376,391,401,21,21,38,66,66,76,124,24,24,24],"floor_reached":28,"language":"ENG","playtime":1273,"items_purged":["Strike_P","Strike_P"],"score":483,"play_id":"d2be1f6f-16b2-4d51-acf7-224744c2c16b","local_time":"20210127154131","is_ascension_mode":true,"campfire_choices":[{"data":"Adaptation","floor":7,"key":"SMITH"},{"floor":15,"key":"REST"},{"data":"SpiritShield","floor":24,"key":"SMITH"}],"circlet_count":0,"master_deck":["AscendersBane","Defend_P","Defend_P+1","Defend_P","Defend_P+1","Eruption+1","Vigilance","BowlingBash","Conclude","FlyingSleeves","CutThroughFate","Adaptation+1","FearNoEvil","FlyingSleeves","Weave","Nirvana","CutThroughFate","SpiritShield+1","DevaForm","PathToVictory","WheelKick+1","Tantrum","Crescendo+1","ReachHeaven"],"relics":["PureWater","NeowsBlessing","Bag of Preparation","Pen Nib","War Paint","Velvet Choker","PreservedInsect","Lee\u0027s Waffle","Tiny Chest","Bag of Marbles"],"acts_visited":["Exordium","TheCity"],"potions_floor_usage":[6,22,22,28],"damage_taken":[{"damage":0.0,"enemies":"Small Slimes","floor":1.0,"turns":1.0},{"damage":0.0,"enemies":"Cultist","floor":3.0,"turns":1.0},{"damage":0.0,"enemies":"Jaw Worm","floor":4.0,"turns":1.0},{"damage":0,"enemies":"Gremlin Nob","floor":6,"turns":2},{"damage":2,"enemies":"Lots of Slimes","floor":8,"turns":2},{"damage":3,"enemies":"Blue Slaver","floor":11,"turns":3},{"damage":4,"enemies":"3 Louse","floor":12,"turns":3},{"damage":14,"enemies":"3 Sentries","floor":13,"turns":4},{"damage":9,"enemies":"Exordium Thugs","floor":14,"turns":4},{"damage":50,"enemies":"The Guardian","floor":16,"turns":12},{"damage":8,"enemies":"Shell Parasite","floor":18,"turns":4},{"damage":20,"enemies":"3 Byrds","floor":19,"turns":5},{"damage":10,"enemies":"Sentry and Sphere","floor":22,"turns":4},{"damage":0,"enemies":"Slavers","floor":23,"turns":1},{"damage":39,"enemies":"Snake Plant","floor":25,"turns":5},{"damage":23,"enemies":"Book of Stabbing","floor":28,"turns":2}],"seed_played":"8224075152090756591","potions_obtained":[{"floor":3.0,"key":"FearPotion"},{"floor":6,"key":"Dexterity Potion"},{"floor":8,"key":"Block Potion"},{"floor":23,"key":"Ancient Potion"},{"floor":25,"key":"CultistPotion"}],"is_trial":false,"path_per_floor":["M","?","M","M","?","E","R","M","T","?","M","M","E","M","R","B",null,"M","M","$","?","M","E","R","M","T","$","E"],"character_chosen":"WATCHER","items_purchased":["PreservedInsect","Lee\u0027s Waffle"],"campfire_rested":1,"item_purchase_floors":[20,20],"current_hp_per_floor":[65,65,65,65,65,65,65,63,63,63,60,56,42,33,54,4,55,47,27,79,64,54,54,54,15,15,15,0,0],"gold":24,"neow_bonus":"THREE_ENEMY_KILL","is_daily":false,"chose_seed":false,"campfire_upgraded":2,"win_rate":0.0,"timestamp":1611783691,"path_taken":["M","?","M","?","?","E","R","M","T","?","?","M","E","M","R","BOSS","M","M","$","?","M","E","R","M","T","$","E"],"items_purchased_type":["Relic","Relic"],"build_version":"2020-12-18","purchased_purges":2,"victory":false,"max_hp_per_floor":[72,72,72,72,72,72,72,72,72,72,72,72,72,72,72,72,72,72,72,79,84,84,84,84,84,84,84,84,84],"relic_stats":{"Lee\u0027s Waffle":52,"counters":[16,54],"Tiny Chest":0,"Pen Nib":[11],"PreservedInsect":85,"Bag of Preparation":[24],"War Paint":["Defend_P","Defend_P"],"obtain_stats":[{"Lee\u0027s Waffle":20,"NeowsBlessing":0,"Velvet Choker":17,"Tiny Chest":23,"Pen Nib":9,"PreservedInsect":20,"Bag of Preparation":6,"Bag of Marbles":26,"PureWater":0,"War Paint":13},{"Lee\u0027s Waffle":12,"NeowsBlessing":0,"Velvet Choker":10,"Tiny Chest":14,"Pen Nib":5,"PreservedInsect":12,"Bag of Preparation":4,"Bag of Marbles":15,"PureWater":0,"War Paint":8},{"Lee\u0027s Waffle":42,"NeowsBlessing":0,"Velvet Choker":33,"Tiny Chest":47,"Pen Nib":7,"PreservedInsect":42,"Bag of Preparation":5,"Bag of Marbles":52,"PureWater":0,"War Paint":17}]},"card_choices":[{"not_picked":["Protect","SashWhip"],"picked":"BowlingBash","floor":1.0},{"not_picked":["Swivel","EmptyBody"],"picked":"FlyingSleeves","floor":3.0},{"not_picked":["WreathOfFlame","Worship"],"picked":"CutThroughFate","floor":4.0},{"not_picked":["SashWhip","Wish"],"picked":"Adaptation","floor":6},{"not_picked":["ClearTheMind","Halt"],"picked":"FearNoEvil","floor":8},{"not_picked":["EmptyBody","PathToVictory"],"picked":"Weave","floor":11},{"not_picked":["EmptyFist","Prostrate"],"picked":"Nirvana","floor":12},{"not_picked":["EmptyFist","Consecrate"],"picked":"CutThroughFate","floor":13},{"not_picked":["BowlingBash","Crescendo"],"picked":"SpiritShield","floor":14},{"not_picked":["Wish","Establishment"],"picked":"DevaForm","floor":16},{"not_picked":["FlyingSleeves+1","Worship"],"picked":"PathToVictory","floor":18},{"not_picked":["EmptyFist","Establishment"],"picked":"WheelKick+1","floor":19},{"not_picked":["Sanctity","EmptyBody"],"picked":"Tantrum","floor":22},{"not_picked":["FlyingSleeves","BowlingBash"],"picked":"Crescendo+1","floor":23},{"not_picked":["JustLucky","CutThroughFate"],"picked":"ReachHeaven","floor":25}],"player_experience":3329391,"relics_obtained":[{"floor":6,"key":"Bag of Preparation"},{"floor":9,"key":"Pen Nib"},{"floor":13,"key":"War Paint"},{"floor":23,"key":"Tiny Chest"},{"floor":26,"key":"Bag of Marbles"}],"event_choices":[{"damage_healed":0.0,"max_hp_gain":0.0,"max_hp_loss":0.0,"gold_gain":0.0,"cards_transformed":["Strike_P"],"event_name":"Transmorgrifier","player_choice":"Transformed","floor":2.0,"gold_loss":0.0,"damage_taken":0.0,"cards_obtained":["Conclude"]},{"damage_healed":0.0,"max_hp_gain":0.0,"max_hp_loss":0.0,"gold_gain":0.0,"event_name":"Living Wall","player_choice":"Grow","floor":5.0,"gold_loss":0.0,"damage_taken":0.0,"cards_upgraded":["Eruption"]},{"damage_healed":0,"gold_gain":0,"cards_transformed":["Strike_P"],"player_choice":"Transformed","damage_taken":0,"max_hp_gain":0,"max_hp_loss":0,"event_name":"Transmorgrifier","floor":10,"gold_loss":0,"cards_obtained":["FlyingSleeves"]},{"damage_healed":0,"gold_gain":0,"player_choice":"Shed Blood","damage_taken":20,"max_hp_gain":5,"max_hp_loss":0,"event_name":"Forgotten Altar","floor":21,"gold_loss":0}],"is_beta":true,"boss_relics":[{"not_picked":["Pandora\u0027s Box","SacredBark"],"picked":"Velvet Choker"}],"items_purged_floors":[20,27],"is_endless":false,"potions_floor_spawned":[3,6,8,14,16,18,23,25],"killed_by":"Book of Stabbing","ascension_level":12}}