{"host":"1omuyl0df1yi03p2","time":1611751341,"event":{"mods":["BaseMod","Colored Map","Colored Powertips","Downfall","Hubris","Infinite Spire","Minty Spire (QoL Compilation)","Replay The Spire","StSLib","The Bug Knight","The Necromancer","The Wild Card"],"gold_per_floor":[99,118,218,228,23,98,123,14,47,32,32,47,67,93,113,215,215,115,135,153,22,22,37,62,62,78,110,110,144,44,44,60,60,60,60],"floor_reached":33,"language":"ENG","playtime":3438,"items_purged":[],"score":345,"play_id":"a72fbb6e-126c-4f81-b645-2ccb7e0ab3f3","local_time":"20210127064220","is_ascension_mode":false,"campfire_choices":[{"data":"Slimebound:CorrosiveSpit","floor":1,"key":"SMITH"},{"floor":11,"key":"REST"},{"floor":18,"key":"RECALL"},{"data":"Slimebound:SlimeSlap","floor":25,"key":"SMITH"},{"floor":30,"key":"REST"}],"circlet_count":0,"master_deck":["Slimebound:Strike_Slimebound","Slimebound:Strike_Slimebound","Slimebound:Strike_Slimebound","Slimebound:Tackle","Slimebound:Defend_Slimebound","Slimebound:Defend_Slimebound","Slimebound:Defend_Slimebound","Slimebound:Defend_Slimebound","Slimebound:Split","Slimebound:CorrosiveSpit+1","Slimebound:GoopSpray","Slimebound:SplitBruiser","Slimebound:RollThrough","Slimebound:Gluttony","Slimebound:Repurpose","Pot Of Greed","Pot Of Greed","Slimebound:ForwardTackle","Slimebound:DisruptingSlam+1","Slimebound:LeadByExample","Slimebound:SlimeSpikes","Slimebound:PressTheAttack","Slimebound:ViciousTackle","Slimebound:Schlurp","Slimebound:MegaLick","Slimebound:ComboTackle","Pot Of Greed","Slimebound:RainOfGoop","Slimebound:SlimeSlap+1","Shame","hubris:Wrath","ReplayTheSpireMod:Doomed","Slimebound:SamplingLick+1","Slimebound:DouseInSlime","Slimebound:SlimeSlap","Slimebound:LevelUp","Slimebound:RejuvenatingLick","Slimebound:BestDefense+1","Slimebound:LevelUp","Pot Of Greed","Slimebound:LevelUp","Slimebound:TongueLash","Slimebound:ProtectTheBoss"],"relics":["Slimebound:AbsorbEndCombat","Membership Card","Grinning Jar","Smiling Mask","Bag of Preparation","Replay:Ancient Bell","Pen Nib","Onion Ring","infinitespire:Joker Card","downfall:HeartBlessingGreen","Replay:Wax Seal","hubris:SlimyHat","Pantograph","hubris:CrystalStatue","downfall:HeartBlessingRed"],"acts_visited":["Exordium","TheCity"],"potions_floor_usage":[16,26,29,29,29,29,29,29,32,33],"damage_taken":[{"damage":0,"enemies":"2 Louse","floor":2,"turns":2},{"damage":1,"enemies":"Jaw Worm","floor":4,"turns":4},{"damage":0,"enemies":"downfall:FleeingMerchant","floor":5,"turns":4},{"damage":0,"enemies":"downfall:FleeingMerchant","floor":8,"turns":4},{"damage":24,"enemies":"Gremlin Nob","floor":9,"turns":4},{"damage":10,"enemies":"downfall:FleeingMerchant","floor":10,"turns":4},{"damage":5,"enemies":"Small Slimes","floor":12,"turns":3},{"damage":0,"enemies":"Blue Slaver","floor":13,"turns":2},{"damage":20,"enemies":"3 Sentries","floor":14,"turns":7},{"damage":4,"enemies":"Red Slaver","floor":15,"turns":3},{"damage":16,"enemies":"IC_STATUS_ARCHETYPE","floor":16,"turns":7},{"damage":12,"enemies":"Chosen","floor":19,"turns":5},{"damage":13,"enemies":"Shell Parasite","floor":20,"turns":4},{"damage":3,"enemies":"downfall:FleeingMerchant","floor":21,"turns":4},{"damage":17,"enemies":"Shelled Parasite and Fungi","floor":23,"turns":4},{"damage":14,"enemies":"3 Cultists","floor":26,"turns":4},{"damage":19,"enemies":"HollowMod:Nosk","floor":27,"turns":5},{"damage":22,"enemies":"Replay:Snechameleon","floor":29,"turns":3},{"damage":18,"enemies":"Snecko","floor":32,"turns":3},{"damage":47,"enemies":"SI_MIRROR_ARCHETYPE","floor":33,"turns":8}],"seed_played":"1564966280960621445","potions_obtained":[{"floor":4,"key":"AttackPotion"},{"floor":9,"key":"EntropicBrew"},{"floor":13,"key":"Slimebound:SlimedPotion"},{"floor":16,"key":"hexamod:SoulburnPotion"},{"floor":27,"key":"Elixir"},{"floor":29,"key":"Strength Potion"},{"floor":32,"key":"DuplicationPotion"}],"is_trial":false,"path_per_floor":["R","M","?","M","$","?","T","$","E","$","R","M","M","E","M","B",null,"R","M","M","$","?","M","T","R","M","E","?","E","R","?","M","B"],"character_chosen":"SLIMEBOUND","items_purchased":["Membership Card","Slimebound:Repurpose","Slimebound:DisruptingSlam+1","Slimebound:LeadByExample","Slimebound:SlimeSpikes","Slimebound:LevelUp","Slimebound:RejuvenatingLick","Replay:Wax Seal"],"campfire_rested":2,"item_purchase_floors":[5,5,8,8,8,21,21,21],"current_hp_per_floor":[65,65,65,65,65,65,65,65,43,37,56,55,57,45,43,35,65,65,55,46,51,51,40,40,40,34,21,21,3,22,22,6,0,0,0],"gold":60,"neow_bonus":"THREE_CARDS","is_daily":false,"chose_seed":false,"campfire_upgraded":2,"win_rate":0.0,"timestamp":1611751340,"path_taken":["R","M","?","M","$","?","T","?","E","$","R","M","M","E","M","BOSS","R","M","M","$","?","?","T","R","M","E","?","E","R","?","M","BOSS"],"items_purchased_type":["Relic","Card","Card","Card","Card","Card","Card","Relic"],"build_version":"2020-12-22","purchased_purges":0,"victory":false,"max_hp_per_floor":[65,65,65,65,65,65,65,65,65,65,65,65,65,65,65,65,65,65,65,65,65,65,65,65,65,65,65,65,65,65,65,65,65,65,65],"card_choices":[{"not_picked":["Slimebound:MegaLick","Slimebound:PressTheAttack"],"picked":"Slimebound:GoopSpray","floor":0},{"not_picked":["Slimebound:LeechEnergy","Slimebound:Prepare"],"picked":"Slimebound:SplitBruiser","floor":2},{"not_picked":["Slimebound:Grow","Slimebound:GoopTackle"],"picked":"Slimebound:RollThrough","floor":4},{"not_picked":["Slimebound:RollThrough","Slimebound:ProtectTheBoss"],"picked":"Slimebound:Gluttony","floor":5},{"not_picked":["Slimebound:DisruptingSlam","Slimebound:ItLooksTasty"],"picked":"Slimebound:ForwardTackle","floor":8},{"not_picked":["Slimebound:Dissolve","Slimebound:FirmFortitude"],"picked":"Slimebound:PressTheAttack","floor":9},{"not_picked":["Slimebound:SplitLeeching","Slimebound:PressTheAttack"],"picked":"Slimebound:ViciousTackle","floor":10},{"not_picked":["Slimebound:TongueLash","Slimebound:GrowthPunch"],"picked":"Slimebound:Schlurp","floor":12},{"not_picked":["Slimebound:MassFeed","Slimebound:RollThrough"],"picked":"Slimebound:MegaLick","floor":13},{"not_picked":["Slimebound:FinishingTackle","Slimebound:TongueLash"],"picked":"Slimebound:ComboTackle","floor":14},{"not_picked":["Slimebound:HauntingLick","Slimebound:Chomp"],"picked":"Slimebound:RainOfGoop","floor":15},{"not_picked":["Slimebound:OneTwoCombo","Slimebound:MassFeed"],"picked":"Slimebound:SlimeSlap","floor":16},{"not_picked":["ReplayTheSpireMod:Faulty Equipment","Languid"],"picked":"Shame","floor":17},{"not_picked":["Hallucinations","Looming Evil"],"picked":"hubris:Wrath","floor":17},{"not_picked":["downfall:Aged","Regret"],"picked":"ReplayTheSpireMod:Doomed","floor":17},{"not_picked":["Slimebound:SpikyOuterGoop","Slimebound:Gluttony"],"picked":"Slimebound:SamplingLick+1","floor":19},{"not_picked":["Slimebound:SplitBruiser+1","Slimebound:ForwardTackle"],"picked":"Slimebound:DouseInSlime","floor":20},{"not_picked":["Slimebound:GoopSpray","Slimebound:MegaLick"],"picked":"Slimebound:SlimeSlap","floor":21},{"not_picked":["Slimebound:LeechEnergy","Slimebound:Gluttony"],"picked":"Slimebound:BestDefense+1","floor":23},{"not_picked":["Slimebound:SplitLeeching","Slimebound:Prepare"],"picked":"Slimebound:LevelUp","floor":26},{"not_picked":["Slimebound:RollThrough","Slimebound:SplitBruiser"],"picked":"Slimebound:LevelUp","floor":27},{"not_picked":["Slimebound:FinishingTackle+1","Slimebound:Repurpose"],"picked":"Slimebound:TongueLash","floor":29},{"not_picked":["Slimebound:BestDefense","Slimebound:FlameTackle"],"picked":"Slimebound:ProtectTheBoss","floor":32}],"player_experience":156562,"relics_obtained":[{"floor":7,"key":"Grinning Jar"},{"floor":9,"key":"Smiling Mask"},{"floor":14,"key":"Bag of Preparation"},{"floor":24,"key":"hubris:SlimyHat"},{"floor":27,"key":"Pantograph"},{"floor":29,"key":"hubris:CrystalStatue"}],"event_choices":[{"damage_healed":0,"gold_gain":0,"player_choice":"Ignored","damage_taken":0,"max_hp_gain":0,"max_hp_loss":0,"event_name":"Vampires","floor":28,"gold_loss":0}],"is_beta":false,"boss_relics":[{"not_picked":["Replay:Wanted Poster","Coffee Dripper"],"picked":"Replay:Ancient Bell"},{"not_picked":["Ancient Tea Set","Strawberry"],"picked":"Pen Nib"},{"not_picked":["InkBottle","hubris:Metronome"],"picked":"Onion Ring"},{"not_picked":["Unceasing Top","infinitespire:Magic Flask"],"picked":"infinitespire:Joker Card"}],"items_purged_floors":[],"is_endless":false,"potions_floor_spawned":[4,9,13,14,16,27,29,32],"killed_by":"SI_MIRROR_ARCHETYPE","ascension_level":0}}