{"host":"yq854828l1wg20je","time":1611759335,"event":{"mods":["AchievementEnabler","BaseMod","Colored Powertips","Downfall","Hubris","Minty Spire (QoL Compilation)","Quick Restart","READ ME - Snecko Mod","Replay The Spire","StSLib","The Construct","The Cursed","The Disciple","The Senshi","The Servant 0.9.4"],"gold_per_floor":[118,128,128,144,154,154,164,177,229,260,260,271,234,264,264,362,362,381,229,229,243,255,255,255,255],"floor_reached":24,"language":"ENG","playtime":3145,"items_purged":[],"score":210,"play_id":"ca90ef04-73a8-42e6-bc86-6a5cff7900f3","local_time":"20210127095535","is_ascension_mode":false,"campfire_choices":[{"data":"Pommel Strike","floor":6.0,"key":"SMITH"},{"data":"Heavy Blade","floor":15.0,"key":"SMITH"},{"floor":23,"key":"REST"}],"circlet_count":0,"master_deck":["Strike_R","Strike_R","Strike_R","Defend_R","Defend_R","Defend_R","Defend_R","Bash","Warcry","Heavy Blade+1","Pommel Strike+1","Feel No Pain","Clash","Thunderclap","Flex","Metallicize","Bloodletting+1","Limit Break+1","Warcry+1","Searing Blow+1","Double Tap+1","Ghostly Armor+1","Shrug It Off+1"],"relics":["Burning Blood","CultistMask","Oddly Smooth Stone","Champion Belt","Toxic Egg 2","Astrolabe","HandDrill","Ancient Tea Set"],"acts_visited":[],"potions_floor_usage":[],"damage_taken":[{"damage":5.0,"enemies":"Jaw Worm","floor":1.0,"turns":5.0},{"damage":1.0,"enemies":"Cultist","floor":2.0,"turns":4.0},{"damage":12.0,"enemies":"2 Louse","floor":4.0,"turns":3.0},{"damage":15.0,"enemies":"Looter","floor":5.0,"turns":3.0},{"damage":12.0,"enemies":"Large Slime","floor":7.0,"turns":5.0},{"damage":6.0,"enemies":"Exordium Wildlife","floor":8.0,"turns":2.0},{"damage":23.0,"enemies":"Lagavulin","floor":10.0,"turns":6.0},{"damage":7.0,"enemies":"3 Louse","floor":12.0,"turns":3.0},{"damage":18.0,"enemies":"3 Sentries","floor":14.0,"turns":10.0},{"damage":60.0,"enemies":"Hexaghost","floor":16.0,"turns":16.0},{"damage":14.0,"enemies":"Shell Parasite","floor":18.0,"turns":8.0},{"damage":47.0,"enemies":"3 Byrds","floor":21.0,"turns":9.0},{"damage":12.0,"enemies":"Snake Plant","floor":22.0,"turns":4.0},{"damage":54,"enemies":"Slavers","floor":24,"turns":5}],"seed_played":"8871819223109320643","potions_obtained":[{"floor":2.0,"key":"BloodPotion"},{"floor":7.0,"key":"ElixirPotion"},{"floor":10.0,"key":"HeartOfIron"},{"floor":14.0,"key":"LiquidMemories"}],"is_trial":false,"path_per_floor":["M","M","?","M","M","R","M","M","T","E","?","M","$","E","R","B",null,"M","$","?","M","M","R","E"],"character_chosen":"IRONCLAD","items_purchased":["Metallicize","HandDrill"],"campfire_rested":1,"item_purchase_floors":[13,19],"current_hp_per_floor":[88,88,88,82,73,73,67,67,67,50,79,88,88,76,76,22,88,80,80,80,39,33,59,5,5],"gold":255,"neow_bonus":"TEN_PERCENT_HP_BONUS","is_daily":false,"chose_seed":false,"campfire_upgraded":2,"win_rate":0.0,"timestamp":1611759335,"path_taken":["M","M","?","M","M","R","M","?","T","E","?","M","$","E","R","BOSS","M","$","?","M","M","R","E"],"items_purchased_type":["Card","Relic"],"build_version":"2020-12-22","purchased_purges":0,"victory":false,"max_hp_per_floor":[88,88,88,88,88,88,88,88,88,88,88,88,88,88,88,88,88,88,88,88,88,88,88,88,88],"card_choices":[{"not_picked":["Carnage","Iron Wave"],"picked":"Warcry","floor":1.0},{"not_picked":["Metallicize","Warcry"],"picked":"Heavy Blade","floor":2.0},{"not_picked":["Rupture","Power Through"],"picked":"Pommel Strike","floor":4.0},{"not_picked":["Twin Strike","Clothesline"],"picked":"Feel No Pain","floor":5.0},{"not_picked":["Second Wind","Warcry"],"picked":"Clash","floor":7.0},{"not_picked":["Pommel Strike","Sword Boomerang"],"picked":"Clash","floor":8.0},{"not_picked":["Berserk","Pommel Strike"],"picked":"Thunderclap","floor":10.0},{"not_picked":["Thunderclap","Dual Wield"],"picked":"Flex","floor":12.0},{"not_picked":["Sword Boomerang","Shockwave+1"],"picked":"Bloodletting+1","floor":14.0},{"not_picked":["Demon Form","Brutality"],"picked":"Limit Break+1","floor":16.0},{"not_picked":["Headbutt","Sword Boomerang","Pommel Strike"],"picked":"SKIP","floor":18.0},{"not_picked":["Heavy Blade","Pommel Strike+1"],"picked":"Ghostly Armor+1","floor":21.0},{"not_picked":["Thunderclap","Abandon+1"],"picked":"Shrug It Off+1","floor":22.0}],"player_experience":12265,"relics_obtained":[{"floor":9.0,"key":"Oddly Smooth Stone"},{"floor":10.0,"key":"Champion Belt"},{"floor":14.0,"key":"Toxic Egg 2"}],"event_choices":[{"damage_healed":0.0,"max_hp_gain":0.0,"max_hp_loss":0.0,"gold_gain":0.0,"event_name":"FaceTrader","player_choice":"Trade","floor":3.0,"gold_loss":0.0,"damage_taken":0.0,"relics_obtained":["CultistMask"]},{"damage_healed":29.0,"max_hp_gain":0.0,"max_hp_loss":0.0,"gold_gain":0.0,"event_name":"Big Fish","player_choice":"Banana","floor":11.0,"gold_loss":0.0,"damage_taken":0.0},{"damage_healed":0.0,"max_hp_gain":0.0,"max_hp_loss":0.0,"gold_gain":0.0,"event_name":"The Mausoleum","player_choice":"Opened","floor":20.0,"gold_loss":0.0,"damage_taken":0.0,"relics_obtained":["Ancient Tea Set"]}],"is_beta":false,"boss_relics":[{"not_picked":["Fusion Hammer","Runic Dome"],"picked":"Astrolabe"}],"items_purged_floors":[],"is_endless":false,"potions_floor_spawned":[2,7,10,12,14],"killed_by":"Slavers","ascension_level":0}}