{"host":"c9qdigwavhre9ru1","time":1611790947,"event":{"mods":["AlwaysNeverKeys","BaseMod","BetterRewards","Minty Spire (QoL Compilation)","Quick Restart","Rare Cards Sparkle","Shop Mod"],"gold_per_floor":[115,40,51,62,76,76,76,76,145,163,180,209,209,74,74,169,169,187,286,286,298,173,173,173],"floor_reached":23,"language":"ENG","playtime":548,"items_purged":["Strike_R","Strike_R","Strike_R"],"score":248,"play_id":"4e9214eb-d585-4b1f-b823-9948d9df459c","local_time":"20210127174227","is_ascension_mode":true,"campfire_choices":[{"data":"Rampage","floor":6,"key":"SMITH"},{"data":"Seeing Red","floor":8,"key":"SMITH"},{"data":"Bash","floor":13,"key":"SMITH"},{"data":"Flame Barrier","floor":15,"key":"SMITH"}],"circlet_count":0,"master_deck":["Strike_R","Defend_R","Defend_R","Defend_R","Defend_R+1","Bash+1","Rampage+1","Seeing Red+1","Shrug It Off","Spot Weakness+1","Headbutt","Flame Barrier+1","Double Tap"],"relics":["Burning Blood","NeowsBlessing","Shuriken","War Paint","Coffee Dripper"],"acts_visited":["Exordium","TheCity"],"potions_floor_usage":[12,12,16,18,21],"damage_taken":[{"damage":0,"enemies":"Cultist","floor":1,"turns":1},{"damage":0,"enemies":"Small Slimes","floor":3,"turns":1},{"damage":0,"enemies":"Jaw Worm","floor":4,"turns":1},{"damage":24,"enemies":"Lots of Slimes","floor":5,"turns":6},{"damage":9,"enemies":"Looter","floor":10,"turns":3},{"damage":9,"enemies":"Red Slaver","floor":11,"turns":4},{"damage":17,"enemies":"Gremlin Nob","floor":12,"turns":3},{"damage":37,"enemies":"The Guardian","floor":16,"turns":8},{"damage":0,"enemies":"Chosen","floor":18,"turns":4},{"damage":0,"enemies":"3 Byrds","floor":21,"turns":4},{"damage":50,"enemies":"Slavers","floor":23,"turns":4}],"seed_played":"4655199335434819122","potions_obtained":[{"floor":5,"key":"LiquidBronze"},{"floor":10,"key":"GamblersBrew"},{"floor":11,"key":"Strength Potion"},{"floor":16,"key":"ColorlessPotion"},{"floor":18,"key":"ColorlessPotion"}],"is_trial":false,"path_per_floor":["M","$","M","M","M","R","?","R","T","M","M","E","R","$","R","B",null,"M","?","?","M","$","E"],"character_chosen":"IRONCLAD","items_purchased":["Flame Barrier"],"campfire_rested":0,"item_purchase_floors":[14],"current_hp_per_floor":[78,78,80,80,62,62,62,62,62,59,56,45,45,45,45,14,64,70,70,55,61,61,11,11],"gold":173,"neow_bonus":"THREE_ENEMY_KILL","is_daily":false,"chose_seed":false,"campfire_upgraded":4,"win_rate":0.0,"timestamp":1611790947,"path_taken":["M","$","?","M","M","R","?","R","T","?","M","E","R","$","R","BOSS","M","?","?","M","?","E"],"items_purchased_type":["Card"],"build_version":"2020-12-22","purchased_purges":3,"victory":false,"max_hp_per_floor":[80,80,80,80,80,80,80,80,80,80,80,80,80,80,80,80,80,80,80,85,85,85,85,85],"card_choices":[{"not_picked":["True Grit","Anger"],"picked":"Rampage","floor":1},{"not_picked":["Wild Strike","Flex","Sword Boomerang"],"picked":"SKIP","floor":3},{"not_picked":["Iron Wave","Dark Embrace"],"picked":"Seeing Red","floor":4},{"not_picked":["True Grit","Iron Wave"],"picked":"Shrug It Off","floor":5},{"not_picked":["Spot Weakness","Pommel Strike","Perfected Strike"],"picked":"SKIP","floor":10},{"not_picked":["Heavy Blade","Iron Wave"],"picked":"Headbutt","floor":11},{"not_picked":["Metallicize","Power Through","Flex"],"picked":"SKIP","floor":12},{"not_picked":["Berserk","Reaper"],"picked":"Double Tap","floor":16},{"not_picked":["Thunderclap","Pommel Strike","Rage"],"picked":"SKIP","floor":18},{"not_picked":["Headbutt","Havoc","Feel No Pain"],"picked":"SKIP","floor":21}],"player_experience":339124,"relics_obtained":[{"floor":9,"key":"Shuriken"},{"floor":12,"key":"War Paint"}],"event_choices":[{"damage_healed":0,"gold_gain":0,"cards_transformed":["Strike_R"],"player_choice":"Transformed","damage_taken":0,"max_hp_gain":0,"max_hp_loss":0,"event_name":"Transmorgrifier","floor":7,"gold_loss":0,"cards_obtained":["Spot Weakness"]},{"damage_healed":0,"gold_gain":99,"player_choice":"Stole From Cult","damage_taken":0,"max_hp_gain":0,"max_hp_loss":0,"event_name":"Nest","floor":19,"gold_loss":0},{"damage_healed":0,"gold_gain":0,"player_choice":"Shed Blood","damage_taken":20,"max_hp_gain":5,"max_hp_loss":0,"event_name":"Forgotten Altar","floor":20,"gold_loss":0}],"is_beta":false,"boss_relics":[{"not_picked":["Runic Dome","Fusion Hammer"],"picked":"Coffee Dripper"}],"items_purged_floors":[2,14,22],"is_endless":false,"potions_floor_spawned":[5,10,11,16,18],"killed_by":"Slavers","ascension_level":6}}