{"host":"kh6fvhxn285ncg0o","time":1611760024,"event":{"mods":["Act Like it!","BaseMod","Colored Map","Friendly Minions","Keyboard Shortcuts","Minty Spire (QoL Compilation)","Quick Restart","Relic Stats","StSLib","SuperFastMode","UnlockEverythingMod"],"gold_per_floor":[17,36,36,36,59,99,99,99,148,148,179,18,18,57,57,153,153,167,217,217,232,257,257,288,288,288,323,346,385,385,409,409,508,508,532,546,565,629,466,500,500,543,543,568,601,601,626,665,665,665,665,665,665,292,333,333],"floor_reached":57,"language":"KOR","playtime":2235,"items_purged":["Strike_R","Defend_R"],"score":3642,"play_id":"77f980f0-c82c-40bf-8898-b88970a5bf77","local_time":"20210128000704","is_ascension_mode":true,"campfire_choices":[{"data":"Pommel Strike","floor":7.0,"key":"SMITH"},{"floor":10.0,"key":"REST"},{"data":"Bash","floor":15.0,"key":"SMITH"},{"data":"Fire Breathing","floor":23.0,"key":"SMITH"},{"data":"Offering","floor":25.0,"key":"SMITH"},{"data":"Shrug It Off","floor":30.0,"key":"SMITH"},{"data":"Evolve","floor":32.0,"key":"SMITH"},{"data":"Bash+1","floor":41,"key":"PURGE"},{"data":"Defend_R","floor":46,"key":"PURGE"},{"floor":49,"key":"RECALL"},{"data":"Defend_R","floor":53,"key":"PURGE"}],"circlet_count":0,"master_deck":["AscendersBane","Defend_R","Intimidate","Carnage+1","Shrug It Off+1","Pommel Strike+1","Fiend Fire+1","Inflame","Offering+1","Fire Breathing+1","Evolve+1","Battle Trance+1","Barricade+1","Warcry+1","Disarm","Burning Pact"],"relics":["Burning Blood","Golden Idol","Whetstone","Strawberry","Bag of Preparation","Happy Flower","Boot","Runic Dome","Ice Cream","Frozen Egg 2","Sundial","Anchor","Philosopher\u0027s Stone","Peace Pipe","Pantograph","Ornamental Fan","Pear","Nunchaku","HornCleat","Blue Candle"],"acts_visited":["Exordium","TheCity","TheBeyond","TheEnding"],"potions_floor_usage":[42,55,56,56],"damage_taken":[{"damage":0.0,"enemies":"Jaw Worm","floor":1.0,"turns":4.0},{"damage":0.0,"enemies":"Cultist","floor":2.0,"turns":3.0},{"damage":0.0,"enemies":"Small Slimes","floor":5.0,"turns":4.0},{"damage":30.0,"enemies":"Lagavulin","floor":6.0,"turns":5.0},{"damage":15.0,"enemies":"3 Sentries","floor":11.0,"turns":5.0},{"damage":12.0,"enemies":"Lagavulin","floor":14.0,"turns":4.0},{"damage":31.0,"enemies":"Hexaghost","floor":16.0,"turns":6.0},{"damage":6.0,"enemies":"Spheric Guardian","floor":18.0,"turns":2.0},{"damage":6.0,"enemies":"Shell Parasite","floor":21.0,"turns":1.0},{"damage":8.0,"enemies":"Chosen and Byrds","floor":22.0,"turns":4.0},{"damage":41.0,"enemies":"Slavers","floor":24.0,"turns":5.0},{"damage":17.0,"enemies":"Gremlin Leader","floor":27.0,"turns":2.0},{"damage":6.0,"enemies":"Shelled Parasite and Fungi","floor":28.0,"turns":2.0},{"damage":12.0,"enemies":"Book of Stabbing","floor":29.0,"turns":3.0},{"damage":0.0,"enemies":"Cultist and Chosen","floor":31.0,"turns":4.0},{"damage":4.0,"enemies":"Collector","floor":33.0,"turns":5.0},{"damage":6,"enemies":"3 Darklings","floor":35,"turns":3},{"damage":2,"enemies":"Orb Walker","floor":36,"turns":2},{"damage":6,"enemies":"4 Shapes","floor":37,"turns":4},{"damage":6,"enemies":"2 Orb Walkers","floor":38,"turns":3},{"damage":6,"enemies":"Giant Head","floor":40,"turns":3},{"damage":39,"enemies":"Reptomancer","floor":42,"turns":3},{"damage":6,"enemies":"Maw","floor":44,"turns":3},{"damage":6,"enemies":"Nemesis","floor":45,"turns":3},{"damage":2,"enemies":"Sphere and 2 Shapes","floor":47,"turns":3},{"damage":6,"enemies":"Reptomancer","floor":48,"turns":2},{"damage":6,"enemies":"Donu and Deca","floor":50,"turns":4},{"damage":6,"enemies":"Awakened One","floor":51,"turns":3},{"damage":6,"enemies":"Shield and Spear","floor":55,"turns":3},{"damage":6,"enemies":"The Heart","floor":56,"turns":5}],"seed_played":"-4327693020027728821","potions_obtained":[{"floor":2.0,"key":"LiquidBronze"},{"floor":5.0,"key":"Explosive Potion"},{"floor":11.0,"key":"BloodPotion"},{"floor":21.0,"key":"ElixirPotion"},{"floor":24.0,"key":"BloodPotion"},{"floor":29.0,"key":"Energy Potion"},{"floor":37,"key":"Dexterity Potion"},{"floor":42,"key":"EssenceOfSteel"},{"floor":44,"key":"DuplicationPotion"},{"floor":48,"key":"Swift Potion"},{"floor":55,"key":"FearPotion"}],"is_trial":false,"path_per_floor":["M","M","?","?","M","E","R","?","T","R","E","$","?","E","R","B",null,"M","?","?","M","M","R","E","R","T","E","M","E","R","M","R","B",null,"M","M","M","?","$","E","R","E","T","M","E","R","M","E","R","B","B",null,"R","$","E","B",null],"character_chosen":"IRONCLAD","items_purchased":["Happy Flower","Burning Pact","HornCleat"],"campfire_rested":1,"item_purchase_floors":[12,39,54],"current_hp_per_floor":[74,75,49,49,55,31,31,36,43,69,60,60,53,47,47,22,71,71,71,71,71,69,69,51,51,51,40,40,51,51,57,57,59,80,80,84,84,84,84,84,84,51,51,51,61,61,65,65,65,90,97,97,97,97,97,97],"gold":333,"neow_bonus":"TRANSFORM_TWO_CARDS","is_daily":false,"chose_seed":false,"campfire_upgraded":6,"win_rate":0.0,"timestamp":1611760024,"path_taken":["M","M","?","?","?","E","R","?","T","R","E","$","?","E","R","BOSS","M","?","?","M","M","R","E","R","T","E","M","E","R","M","R","BOSS","M","M","M","?","$","E","R","E","T","M","E","R","M","E","R","BOSS","BOSS","R","$","E","BOSS"],"items_purchased_type":["Relic","Card","Relic"],"build_version":"2020-12-22","purchased_purges":2,"victory":true,"max_hp_per_floor":[75,75,75,75,75,75,75,80,87,87,87,87,87,87,87,87,87,87,87,87,87,87,87,87,87,87,87,87,87,87,87,87,87,87,87,87,87,87,87,87,87,87,87,87,97,97,97,97,97,97,97,97,97,97,97,97],"relic_stats":{"Happy Flower":[27],"counters":[30,103],"Golden Idol":240,"Blue Candle":[0],"Bag of Preparation":[50],"Whetstone":["Carnage","Fiend Fire"],"Boot":[32],"Burning Blood":175,"Peace Pipe":3,"Nunchaku":[19],"Sundial":[618],"Ornamental Fan":[300],"Pantograph":32,"obtain_stats":[{"Ice Cream":24,"Pear":45,"Happy Flower":12,"Golden Idol":3,"Blue Candle":55,"Bag of Preparation":11,"Whetstone":6,"Frozen Egg 2":26,"Boot":14,"Burning Blood":0,"Peace Pipe":38,"Runic Dome":17,"Anchor":29,"Nunchaku":48,"HornCleat":54,"Sundial":27,"Ornamental Fan":42,"Strawberry":9,"Pantograph":40,"Philosopher\u0027s Stone":34},{"Ice Cream":11,"Pear":24,"Happy Flower":5,"Golden Idol":2,"Blue Candle":29,"Bag of Preparation":5,"Whetstone":4,"Frozen Egg 2":11,"Boot":6,"Burning Blood":0,"Peace Pipe":20,"Runic Dome":7,"Anchor":14,"Nunchaku":26,"HornCleat":28,"Sundial":12,"Ornamental Fan":22,"Strawberry":4,"Pantograph":21,"Philosopher\u0027s Stone":16},{"Ice Cream":43,"Pear":83,"Happy Flower":21,"Golden Idol":7,"Blue Candle":98,"Bag of Preparation":21,"Whetstone":16,"Frozen Egg 2":43,"Boot":25,"Burning Blood":0,"Peace Pipe":71,"Runic Dome":31,"Anchor":50,"Nunchaku":88,"HornCleat":95,"Sundial":45,"Ornamental Fan":77,"Strawberry":16,"Pantograph":74,"Philosopher\u0027s Stone":59}]},"card_choices":[{"not_picked":["Havoc","Anger"],"picked":"Shrug It Off","floor":1.0},{"not_picked":["Wild Strike","Entrench"],"picked":"Pommel Strike","floor":5.0},{"not_picked":["Searing Blow","Thunderclap"],"picked":"Fiend Fire","floor":6.0},{"not_picked":["True Grit","Demon Form","Shrug It Off"],"picked":"SKIP","floor":11.0},{"not_picked":["Clash","Iron Wave"],"picked":"Inflame","floor":14.0},{"not_picked":["Juggernaut","Feed"],"picked":"Offering","floor":16.0},{"not_picked":["Intimidate","Perfected Strike"],"picked":"Fire Breathing","floor":18.0},{"not_picked":["Disarm","Body Slam+1"],"picked":"Evolve","floor":21.0},{"not_picked":["Rupture","Carnage+1","Body Slam"],"picked":"SKIP","floor":22.0},{"not_picked":["Pommel Strike","Pummel+1","Thunderclap"],"picked":"SKIP","floor":24.0},{"not_picked":["Cleave","Infernal Blade"],"picked":"Battle Trance+1","floor":27.0},{"not_picked":["Cleave","Battle Trance"],"picked":"Barricade+1","floor":28.0},{"not_picked":["Whirlwind","Clash","Sword Boomerang"],"picked":"SKIP","floor":29.0},{"not_picked":["Dual Wield","Perfected Strike","Inflame+1"],"picked":"SKIP","floor":31.0},{"not_picked":["Armaments","Thunderclap","Cleave"],"picked":"SKIP","floor":35},{"not_picked":["Perfected Strike","Pommel Strike","Twin Strike"],"picked":"SKIP","floor":36},{"not_picked":["Fiend Fire","Havoc"],"picked":"Warcry+1","floor":37},{"not_picked":["Inflame+1","Thunderclap"],"picked":"Disarm","floor":38},{"not_picked":["Flame Barrier","Whirlwind","Armaments+1"],"picked":"SKIP","floor":40},{"not_picked":["Cleave","Rampage","Hemokinesis"],"picked":"SKIP","floor":42},{"not_picked":["Clothesline","Shrug It Off","Fiend Fire"],"picked":"SKIP","floor":44},{"not_picked":["Ghostly Armor+1","Pummel","Intimidate"],"picked":"SKIP","floor":45},{"not_picked":["Headbutt","Heavy Blade","Thunderclap"],"picked":"SKIP","floor":47},{"not_picked":["Thunderclap","Combust+1","Searing Blow"],"picked":"SKIP","floor":48},{"not_picked":["Perfected Strike+1","Clash+1","Ghostly Armor"],"picked":"SKIP","floor":55}],"player_experience":1291073,"relics_obtained":[{"floor":6.0,"key":"Whetstone"},{"floor":9.0,"key":"Strawberry"},{"floor":11.0,"key":"Bag of Preparation"},{"floor":14.0,"key":"Boot"},{"floor":24.0,"key":"Ice Cream"},{"floor":26.0,"key":"Frozen Egg 2"},{"floor":27.0,"key":"Sundial"},{"floor":29.0,"key":"Anchor"},{"floor":38,"key":"Peace Pipe"},{"floor":40,"key":"Pantograph"},{"floor":42,"key":"Ornamental Fan"},{"floor":45,"key":"Pear"},{"floor":48,"key":"Nunchaku"},{"floor":55,"key":"Blue Candle"}],"event_choices":[{"damage_healed":0.0,"max_hp_gain":0.0,"max_hp_loss":0.0,"gold_gain":0.0,"event_name":"Golden Idol","player_choice":"Take Damage","floor":3.0,"gold_loss":0.0,"damage_taken":26.0,"relics_obtained":["Golden Idol"]},{"cards_removed":["Strike_R"],"damage_healed":0.0,"max_hp_gain":0.0,"max_hp_loss":0.0,"gold_gain":0.0,"event_name":"Bonfire Elementals","player_choice":"Offered Basic","floor":4.0,"gold_loss":0.0,"damage_taken":0.0},{"damage_healed":0.0,"max_hp_gain":5.0,"max_hp_loss":0.0,"gold_gain":0.0,"event_name":"Big Fish","player_choice":"Donut","floor":8.0,"gold_loss":0.0,"damage_taken":0.0},{"cards_removed":["Strike_R"],"damage_healed":0.0,"max_hp_gain":0.0,"max_hp_loss":0.0,"gold_gain":0.0,"event_name":"Golden Wing","player_choice":"Card Removal","floor":13.0,"gold_loss":0.0,"damage_taken":7.0},{"damage_healed":0.0,"max_hp_gain":0.0,"max_hp_loss":0.0,"gold_gain":50.0,"event_name":"Nest","player_choice":"Stole From Cult","floor":19.0,"gold_loss":0.0,"damage_taken":0.0},{"damage_healed":0.0,"max_hp_gain":0.0,"max_hp_loss":0.0,"gold_gain":0.0,"event_name":"Ghosts","player_choice":"Ignored","floor":20.0,"gold_loss":0.0,"damage_taken":0.0},{"damage_healed":0,"gold_gain":0,"player_choice":"Fight","damage_taken":0,"max_hp_gain":0,"max_hp_loss":0,"event_name":"Mysterious Sphere","floor":38,"gold_loss":0}],"is_beta":false,"boss_relics":[{"not_picked":["SacredBark","SlaversCollar"],"picked":"Runic Dome"},{"not_picked":["Pandora\u0027s Box","Black Blood"],"picked":"Philosopher\u0027s Stone"}],"items_purged_floors":[39,54],"is_endless":false,"potions_floor_spawned":[2,5,11,21,24,29,31,37,38,42,44,48,55],"ascension_level":20}}