{"host":"hn9kwncajibu2nw8","time":1611711789,"event":{"mods":["AchievementEnabler","BaseMod","Block Reminder","Colored Powertips","DeckTracker","Highlight Path","KOR Keyword Fix","Minty Spire (QoL Compilation)","Quick Restart","Rare Cards Sparkle"],"gold_per_floor":[162,3,13,13,26,26,43,73,149,149,149],"floor_reached":10,"language":"KOR","playtime":460,"items_purged":["Strike_G"],"score":126,"play_id":"a8572242-ef6e-43c2-aee8-8662574fe37d","local_time":"20210127104309","is_ascension_mode":true,"campfire_choices":[{"data":"Neutralize","floor":6,"key":"SMITH"}],"circlet_count":0,"master_deck":["AscendersBane","Strike_G","Strike_G+1","Strike_G","Defend_G","Defend_G","Defend_G","Defend_G","Defend_G","Survivor","Neutralize+1","Dash","Bouncing Flask","Footwork","Catalyst","Bouncing Flask","Backflip","Dodge and Roll"],"relics":["Tiny House","Bird Faced Urn"],"acts_visited":["Exordium"],"potions_floor_usage":[7,10],"damage_taken":[{"damage":0,"enemies":"2 Louse","floor":1,"turns":3},{"damage":0,"enemies":"Cultist","floor":3,"turns":4},{"damage":1,"enemies":"Jaw Worm","floor":5,"turns":3},{"damage":0,"enemies":"3 Louse","floor":7,"turns":4},{"damage":15,"enemies":"Lagavulin","floor":8,"turns":6},{"damage":47,"enemies":"3 Sentries","floor":10,"turns":13}],"seed_played":"-2914442419774591514","potions_obtained":[{"floor":0,"key":"DistilledChaos"},{"floor":1,"key":"DistilledChaos"},{"floor":8,"key":"SpeedPotion"}],"is_trial":false,"path_per_floor":["M","$","M","?","M","R","M","E","T","E"],"character_chosen":"THE_SILENT","items_purchased":["Footwork"],"campfire_rested":0,"item_purchase_floors":[2],"current_hp_per_floor":[64,64,64,64,63,63,63,48,48,3,3],"gold":149,"neow_bonus":"BOSS_RELIC","is_daily":false,"chose_seed":false,"campfire_upgraded":1,"win_rate":0.0,"timestamp":1611711789,"path_taken":["M","$","M","?","M","R","M","E","T","E"],"items_purchased_type":["Card"],"build_version":"2020-12-22","purchased_purges":1,"victory":false,"max_hp_per_floor":[71,71,71,71,71,71,71,71,71,71,71],"card_choices":[{"not_picked":["Backflip","Well Laid Plans"],"picked":"Dash","floor":0},{"not_picked":["Prepared","Deflect"],"picked":"Bouncing Flask","floor":1},{"not_picked":["Blade Dance","Well Laid Plans"],"picked":"Catalyst","floor":3},{"not_picked":["Expertise","Dagger Throw"],"picked":"Bouncing Flask","floor":5},{"not_picked":["Reflex","Dagger Throw"],"picked":"Backflip","floor":7},{"not_picked":["Deadly Poison","Skewer"],"picked":"Dodge and Roll","floor":8}],"player_experience":479581,"relics_obtained":[{"floor":8,"key":"Bird Faced Urn"}],"event_choices":[{"cards_removed":["Strike_G"],"damage_healed":0,"gold_gain":0,"player_choice":"Purged","damage_taken":0,"max_hp_gain":0,"max_hp_loss":0,"event_name":"Purifier","floor":4,"gold_loss":0}],"is_beta":false,"boss_relics":[],"items_purged_floors":[2],"is_endless":false,"potions_floor_spawned":[1,3,8],"killed_by":"3 Sentries","ascension_level":17}}