{"host":"eeb412nj2w7f9cz8","time":1611726011,"event":{"mods":["Act Like it!","BaseMod","GungeonMod","Minty Spire (QoL Compilation)","Ryuuou¡˙Õı","StSLib"],"gold_per_floor":[117,117,2,2,22,34,34,34,34,34,49,94,94,108,108,211,211,224,224,224,224,224],"floor_reached":21,"language":"ZHS","playtime":1090,"items_purged":[],"score":169,"play_id":"a24d3929-8529-4a6b-a8ea-b30c492a44bd","local_time":"20210127134011","is_ascension_mode":false,"campfire_choices":[{"data":"DemoMod:CrossBow","floor":7.0,"key":"SMITH"},{"data":"DemoMod:ManualReload","floor":10.0,"key":"SMITH"},{"data":"DemoMod:RustySidearm","floor":15.0,"key":"SMITH"}],"circlet_count":0,"master_deck":["DemoMod:Strike_Huntress","DemoMod:Strike_Huntress","DemoMod:Defend_Huntress","DemoMod:Defend_Huntress","DemoMod:Defend_Huntress","DemoMod:Roll","DemoMod:ManualReload+1","DemoMod:RustySidearm+1","DemoMod:CrossBow+1","DemoMod:Unmoved","DemoMod:BattleInHaste","DemoMod:BulletBore","DemoMod:DarkMarker","DemoMod:Slinger","DemoMod:PotionOfGunFriendShip","DemoMod:DoubleVision"],"relics":["DemoMod:Dog","Incense Burner","DemoMod:GnawedKey","Meat on the Bone","DemoMod:AgedBell","Gremlin Horn","Oddly Smooth Stone","Black Star"],"acts_visited":["Exordium","TheCity"],"potions_floor_usage":[],"damage_taken":[{"damage":5.0,"enemies":"Small Slimes","floor":1.0,"turns":4.0},{"damage":0.0,"enemies":"Jaw Worm","floor":5.0,"turns":3.0},{"damage":0.0,"enemies":"2 Louse","floor":6.0,"turns":1.0},{"damage":0.0,"enemies":"Looter","floor":11.0,"turns":3.0},{"damage":0.0,"enemies":"3 Louse","floor":12.0,"turns":2.0},{"damage":4.0,"enemies":"Red Slaver","floor":14.0,"turns":3.0},{"damage":7.0,"enemies":"Hexaghost","floor":16.0,"turns":11.0},{"damage":9.0,"enemies":"Shell Parasite","floor":18.0,"turns":11.0},{"damage":0,"enemies":"3 Byrds","floor":21,"turns":1}],"seed_played":"-3116938428631379778","potions_obtained":[{"floor":1.0,"key":"Explosive Potion"},{"floor":6.0,"key":"Regen Potion"},{"floor":14.0,"key":"Strength Potion"}],"is_trial":false,"path_per_floor":["M","?","$","?","M","M","R","?","T","R","M","M","T","M","R","B",null,"M","?","?","M"],"character_chosen":"HUNTRESS","items_purchased":["DemoMod:GnawedKey"],"campfire_rested":0,"item_purchase_floors":[3],"current_hp_per_floor":[44,37,37,30,42,42,42,42,42,42,42,42,42,38,38,43,70,61,61,61,61,61],"gold":224,"neow_bonus":"ONE_RARE_RELIC","is_daily":false,"chose_seed":false,"campfire_upgraded":3,"win_rate":0.0,"timestamp":1611726011,"path_taken":["M","?","?","?","M","M","R","?","T","R","M","M","?","M","R","BOSS","M","?","?","?"],"items_purchased_type":["Relic"],"build_version":"2020-12-22","purchased_purges":0,"victory":false,"max_hp_per_floor":[70,70,70,70,70,70,70,70,70,70,70,70,70,70,70,70,70,70,70,70,70,70],"card_choices":[{"not_picked":["DemoMod:SAA","DemoMod:GunstockTap"],"picked":"DemoMod:Unmoved","floor":1.0},{"not_picked":["DemoMod:DirectionalPad","DemoMod:StickyCrossBow","DemoMod:RadGun"],"picked":"SKIP","floor":5.0},{"not_picked":["DemoMod:JK47","DemoMod:Unmoved"],"picked":"DemoMod:BattleInHaste","floor":6.0},{"not_picked":["DemoMod:Unmoved","DemoMod:DoubleSwitch"],"picked":"DemoMod:BulletBore","floor":11.0},{"not_picked":["DemoMod:AC15","DemoMod:Unity","DemoMod:LifeOrb"],"picked":"SKIP","floor":12.0},{"not_picked":["DemoMod:BattleInHaste","DemoMod:HardPowerCard"],"picked":"DemoMod:DarkMarker","floor":14.0},{"not_picked":["DemoMod:BulletBore","DemoMod:BSG"],"picked":"DemoMod:Slinger","floor":16.0},{"not_picked":["DemoMod:CursedBullets","DemoMod:TeaPot"],"picked":"DemoMod:PotionOfGunFriendShip","floor":18.0}],"player_experience":87373,"relics_obtained":[{"floor":9.0,"key":"Gremlin Horn"},{"floor":13.0,"key":"Oddly Smooth Stone"}],"event_choices":[{"cards_removed":["DemoMod:Defend_Huntress"],"damage_healed":0.0,"max_hp_gain":0.0,"max_hp_loss":0.0,"gold_gain":0.0,"event_name":"Golden Wing","player_choice":"Card Removal","floor":2.0,"gold_loss":0.0,"damage_taken":7.0},{"damage_healed":0.0,"max_hp_gain":0.0,"max_hp_loss":0.0,"gold_gain":0.0,"event_name":"Scrap Ooze","player_choice":"Success","floor":4.0,"gold_loss":0.0,"damage_taken":7.0,"relics_obtained":["Meat on the Bone"]},{"damage_healed":0.0,"max_hp_gain":0.0,"max_hp_loss":0.0,"gold_gain":0.0,"event_name":"Dead Adventurer","player_choice":"Searched \u00272\u0027 times","floor":8.0,"gold_loss":0.0,"damage_taken":0.0,"relics_obtained":["DemoMod:AgedBell"]},{"damage_healed":0,"gold_gain":0,"player_choice":"Ignored","damage_taken":0,"max_hp_gain":0,"max_hp_loss":0,"event_name":"The Mausoleum","floor":19,"gold_loss":0},{"damage_healed":0,"gold_gain":0,"cards_transformed":["DemoMod:Strike_Huntress"],"player_choice":"Transformed","damage_taken":0,"max_hp_gain":0,"max_hp_loss":0,"event_name":"Transmorgrifier","floor":20,"gold_loss":0,"cards_obtained":["DemoMod:DoubleVision"]}],"is_beta":false,"boss_relics":[{"not_picked":["Ectoplasm","Empty Cage"],"picked":"Black Star"}],"items_purged_floors":[],"is_endless":false,"potions_floor_spawned":[1,6,14],"killed_by":"3 Byrds","ascension_level":0}}