{"host":"7k2a2omxz3voj5ax","time":1611773064,"event":{"mods":["BaseMod","Marisa£¨ìFÓê¡¡Ä§ÀíÉ³£©","Minty Spire (QoL Compilation)","Quick Restart","Spicy Shops","StSLib","Starting Relic: Pandora\u0027s Box","Yakumo Yukari mod","¡¾ÒÅÎï¿¨ÅÆ¡¿REMEMod","óô»ðÖ¸ÄÏ"],"gold_per_floor":[119,119,184,2203,1633,1683,1352,1352,1380,1396,1446,1459,1459,1473,1457,350,33,155,155,233,233,251,262,312,331,32,82,82,97,97,97,59,109,121,83,102,102,177,177,187,237,248,258,308,323,352,170,205,205,217,251,320,320,291,291,291,291,291,208,180,210,210],"floor_reached":63,"language":"ZHS","playtime":2213,"items_purged":["Iron Wave","Perfected Strike","True Grit","Bash","Ghostly Armor","Warcry"],"score":3527,"play_id":"8bb33a8d-6086-4917-a9a2-e4cb8bd0619d","local_time":"20210128034424","is_ascension_mode":true,"campfire_choices":[{"data":"Human_Monster_Realm_purple","floor":8.0,"key":"SMITH"},{"floor":19.0,"key":"REST"},{"data":"BlazeAway","floor":28.0,"key":"SMITH"},{"floor":30.0,"key":"RECALL"},{"data":"Madness","floor":37.0,"key":"SMITH"},{"data":"TalkToTheHand","floor":53.0,"key":"SMITH"},{"floor":55.0,"key":"REST"}],"circlet_count":0,"master_deck":["AscendersBane","Body Slam+1","Dark Embrace+1","Human_Monster_Realm_purple+1","Power Through+1","Human_Monster_Realm_purple+1","Demon Form+1","Madness+1","Feel No Pain+1","Blade Dance+1","TalkToTheHand+1","Accuracy+1"],"relics":["Pandora\u0027s Box","REME_ComplimentaryCards","NeowsBlessing","SsserpentHead","Bag of Preparation","PrismaticShard","Omamori","Question Card","Thread and Needle","Mummified Hand","Frozen Egg 2","ClockworkSouvenir","Dream Catcher","DollysMirror","Medical Kit","Sundial","Empty Cage","Membership Card","Whetstone","MutagenicStrength","Calling Bell","Anchor","White Beast Statue","WingedGreaves","HornCleat","Lizard Tail","Pantograph","Mercury Hourglass","Orichalcum","TheAbacus","Lantern","Mango"],"acts_visited":["Exordium","TheCity","TheBeyond","TheEnding"],"potions_floor_usage":[62,62],"damage_taken":[{"damage":0.0,"enemies":"2 Louse","floor":1.0,"turns":2.0},{"damage":0.0,"enemies":"Cultist","floor":3.0,"turns":1.0},{"damage":0.0,"enemies":"Small Slimes","floor":4.0,"turns":1.0},{"damage":45.0,"enemies":"3 Sentries","floor":9.0,"turns":11.0},{"damage":2.0,"enemies":"Exordium Wildlife","floor":10.0,"turns":2.0},{"damage":0.0,"enemies":"Looter","floor":12.0,"turns":4.0},{"damage":0.0,"enemies":"Large Slime","floor":14.0,"turns":1.0},{"damage":14.0,"enemies":"The Guardian","floor":20.0,"turns":6.0},{"damage":8.0,"enemies":"Chosen","floor":22.0,"turns":3.0},{"damage":0.0,"enemies":"2 Thieves","floor":23.0,"turns":3.0},{"damage":0.0,"enemies":"Centurion and Healer","floor":25.0,"turns":3.0},{"damage":0.0,"enemies":"Snecko","floor":29.0,"turns":1.0},{"damage":0.0,"enemies":"Snake Plant","floor":34.0,"turns":1.0},{"damage":0.0,"enemies":"Shelled Parasite and Fungi","floor":36.0,"turns":1.0},{"damage":0.0,"enemies":"Champ","floor":38.0,"turns":2.0},{"damage":0.0,"enemies":"3 Shapes","floor":40.0,"turns":1.0},{"damage":0.0,"enemies":"3 Darklings","floor":42.0,"turns":2.0},{"damage":0.0,"enemies":"Sphere and 2 Shapes","floor":43.0,"turns":2.0},{"damage":0.0,"enemies":"Maw","floor":45.0,"turns":2.0},{"damage":0.0,"enemies":"Giant Head","floor":46.0,"turns":1.0},{"damage":0.0,"enemies":"Nemesis","floor":48.0,"turns":1.0},{"damage":8.0,"enemies":"Jaw Worm Horde","floor":50.0,"turns":3.0},{"damage":0.0,"enemies":"Giant Head","floor":51.0,"turns":2.0},{"damage":0.0,"enemies":"Sphere and 2 Shapes","floor":52.0,"turns":1.0},{"damage":0.0,"enemies":"Donu and Deca","floor":56.0,"turns":1.0},{"damage":0.0,"enemies":"Awakened One","floor":57.0,"turns":3.0},{"damage":0,"enemies":"Shield and Spear","floor":61,"turns":2},{"damage":43,"enemies":"The Heart","floor":62,"turns":7}],"seed_played":"6647710031059931698","potions_obtained":[{"floor":4.0,"key":"AttackPotion"},{"floor":9.0,"key":"SpeedPotion"},{"floor":20.0,"key":"DistilledChaos"},{"floor":22.0,"key":"Swift Potion"},{"floor":36.0,"key":"Energy Potion"},{"floor":38.0,"key":"Fruit Juice"},{"floor":40.0,"key":"Ancient Potion"}],"is_trial":false,"path_per_floor":["M","?","M","M","$","?","$","R","E","M","?","M","T","M","?","$","R","T","R","B",null,"M","M","?","M","$","?","R","M","R","T","$","?","M","$","M","R","B",null,"M","?","M","M","?","M","E","R","E","T","M","E","M","R","$","R","B","B",null,"R","$","E","B",null],"character_chosen":"IRONCLAD","items_purchased":["Bag of Preparation","PrismaticShard","Omamori","Question Card","Frozen Egg 2","ClockworkSouvenir","Dream Catcher","DollysMirror","Demon Form+1","Medical Kit","Membership Card","Whetstone","Madness","Feel No Pain+1","Lizard Tail","TheAbacus","Lantern","ColorlessPotion"],"campfire_rested":2,"item_purchase_floors":[5,5,5,7,16,16,16,16,16,17,26,26,26,32,47,54,59,60],"current_hp_per_floor":[68,68,68,68,68,73,73,73,28,26,2,2,2,2,2,2,2,2,26,12,63,55,55,55,55,55,55,55,55,55,55,55,55,55,55,55,55,60,79,79,79,79,79,79,79,79,79,79,79,71,71,71,71,71,85,85,85,85,85,85,99,56],"gold":210,"neow_bonus":"THREE_ENEMY_KILL","is_daily":false,"chose_seed":false,"campfire_upgraded":4,"win_rate":0.0,"timestamp":1611773064,"path_taken":["M","?","?","M","$","?","?","R","E","M","?","M","T","M","?","$","R","?","R","BOSS","M","M","?","M","$","?","R","M","R","T","$","?","M","?","M","R","BOSS","M","?","M","M","?","M","E","R","E","T","M","E","?","R","?","R","BOSS","BOSS","R","$","E","BOSS"],"items_purchased_type":["Relic","Relic","Relic","Relic","Relic","Relic","Relic","Relic","Card","Relic","Relic","Relic","Card","Card","Relic","Relic","Relic","Potion"],"build_version":"2020-12-22","purchased_purges":6,"victory":true,"max_hp_per_floor":[75,75,75,75,75,80,80,80,80,80,80,80,80,80,80,80,80,80,80,80,80,80,80,80,80,80,80,80,80,80,80,80,80,80,80,80,80,85,85,85,85,85,85,85,85,85,85,85,85,85,85,85,85,85,85,85,85,85,85,85,99,99],"card_choices":[{"not_picked":["Body Slam","Shrug It Off"],"picked":"Cleave","floor":1.0},{"not_picked":["Metallicize","Anger"],"picked":"Power Through","floor":3.0},{"not_picked":["Headbutt","Wild Strike","Anger"],"picked":"SKIP","floor":4.0},{"not_picked":["SfantasyHide_purple","Blade Dance","Immolate"],"picked":"Acrobatics","floor":9.0},{"not_picked":["PiercingWail","Cleave","Slice","Barrage"],"picked":"SKIP","floor":10.0},{"not_picked":["Intimidate","Coolheaded","Shrug It Off"],"picked":"BlazeAway","floor":12.0},{"not_picked":["Evolve","Dodge and Roll","ManaConvection","Fusion"],"picked":"SKIP","floor":14.0},{"not_picked":["Impatience","SashWhip","Anger","Steam"],"picked":"SKIP","floor":22.0},{"not_picked":["MysteriousBeam+1","Carnage","Dagger Throw","GravityBeat"],"picked":"SKIP","floor":23.0},{"not_picked":["RuleDissolution_purple","Leap+1","Perseverance+1","FlurryOfBlows"],"picked":"SKIP","floor":25.0},{"not_picked":["Sweeping Beam","GalacticHalo","Devotion+1","Slice"],"picked":"SKIP","floor":29.0},{"not_picked":["CutThroughFate","RuleDissolution_purple","Realm_recovery_purpleEX+1","WaveOfTheHand"],"picked":"SKIP","floor":34.0},{"not_picked":["Dagger Spray","UnstableBomb","Halt+1","Rebound+1"],"picked":"SKIP","floor":36.0},{"not_picked":["ClearTheMind","RealityDreamConfluencek_purple+1","MeetDecomposer_purple+1","MilkyWay"],"picked":"SKIP","floor":40.0},{"not_picked":["Impatience","CarveReality+1","DoubleSpark","Endless Agony+1"],"picked":"SKIP","floor":42.0},{"not_picked":["Cold Snap","Blood for Blood","PiercingWail"],"picked":"Blade Dance+1","floor":43.0},{"not_picked":["StateErode_purple+1","Battle Trance","Robbery","MeteoricShower"],"picked":"SKIP","floor":45.0},{"not_picked":["SporeBomb","REME_FearOfPain+1","WreathOfFlame+1","OortCloud+1"],"picked":"SKIP","floor":46.0},{"not_picked":["Madness","Dash","Bait_Toxicbait_purple"],"picked":"TalkToTheHand","floor":48.0},{"not_picked":["Boundary_of_Extermination_purpleEX+1","BlazeAway","Malaise","Occultation"],"picked":"SKIP","floor":50.0},{"not_picked":["Coolheaded+1","Mirror_Drifter_purple+1","EnergyRecoil","Accuracy+1"],"picked":"SKIP","floor":51.0},{"not_picked":["Coolheaded+1","Mirror_Drifter_purple+1","EnergyRecoil"],"picked":"Accuracy+1","floor":51.0},{"not_picked":["FollowUp","Beam Cell","ShootTheMoon","NonDirectionalLaser"],"picked":"SKIP","floor":52.0},{"not_picked":["Swift Strike","Bloodletting","6A","Warcry"],"picked":"SKIP","floor":61}],"player_experience":260479,"relics_obtained":[{"floor":9.0,"key":"Thread and Needle"},{"floor":13.0,"key":"Mummified Hand"},{"floor":18.0,"key":"Sundial"},{"floor":39.0,"key":"Anchor"},{"floor":39.0,"key":"White Beast Statue"},{"floor":39.0,"key":"WingedGreaves"},{"floor":46.0,"key":"HornCleat"},{"floor":48.0,"key":"Pantograph"},{"floor":49.0,"key":"Mercury Hourglass"},{"floor":51.0,"key":"Orichalcum"},{"floor":61,"key":"Mango"}],"event_choices":[{"damage_healed":0.0,"max_hp_gain":0.0,"max_hp_loss":0.0,"gold_gain":0.0,"event_name":"FaceTrader","player_choice":"Trade","floor":2.0,"gold_loss":0.0,"damage_taken":0.0,"relics_obtained":["SsserpentHead"]},{"damage_healed":0.0,"max_hp_gain":5.0,"max_hp_loss":0.0,"gold_gain":0.0,"event_name":"Big Fish","player_choice":"Donut","floor":6.0,"gold_loss":0.0,"damage_taken":0.0},{"damage_healed":0.0,"max_hp_gain":0.0,"max_hp_loss":0.0,"gold_gain":0.0,"event_name":"Shining Light","player_choice":"Entered Light","floor":11.0,"gold_loss":0.0,"damage_taken":24.0,"cards_upgraded":["Power Through","Dark Embrace"]},{"damage_healed":0.0,"max_hp_gain":0.0,"max_hp_loss":0.0,"gold_gain":0.0,"event_name":"World of Goop","player_choice":"Left Gold","floor":15.0,"gold_loss":66.0,"damage_taken":0.0},{"cards_removed":["Shrug It Off"],"damage_healed":0.0,"max_hp_gain":0.0,"max_hp_loss":0.0,"gold_gain":0.0,"event_name":"Back to Basics","player_choice":"Elegance","floor":24.0,"gold_loss":0.0,"damage_taken":0.0},{"damage_healed":0.0,"max_hp_gain":0.0,"max_hp_loss":0.0,"gold_gain":0.0,"event_name":"Drug Dealer","player_choice":"Inject Mutagens","floor":33.0,"gold_loss":0.0,"damage_taken":0.0,"relics_obtained":["MutagenicStrength"]},{"cards_removed":["BlazeAway"],"damage_healed":0.0,"max_hp_gain":0.0,"max_hp_loss":0.0,"gold_gain":0.0,"event_name":"Falling","player_choice":"Removed Skill","floor":41.0,"gold_loss":0.0,"damage_taken":0.0},{"cards_removed":["Acrobatics"],"damage_healed":0.0,"max_hp_gain":0.0,"max_hp_loss":0.0,"gold_gain":0.0,"event_name":"Purifier","player_choice":"Purged","floor":44.0,"gold_loss":0.0,"damage_taken":0.0}],"is_beta":false,"boss_relics":[{"not_picked":["Tiny House","Sozu"],"picked":"Empty Cage"},{"not_picked":["Busted Crown","Philosopher\u0027s Stone"],"picked":"Calling Bell"}],"items_purged_floors":[5,7,16,17,35,47],"is_endless":false,"potions_floor_spawned":[4,9,20,22,23,36,38,40,42,43,45,46,48,50,51,52,61],"ascension_level":20}}