{"host":"xgwtdz99zg48cmix","time":1611762460,"event":{"mods":["ATMod(°¢èªMod)","Arknights The Spire","Aspiration","BaseMod","Dota2Spire","Downfall","Marisa£¨ìFÓê¡¡Ä§ÀíÉ³£©","Minty Spire (QoL Compilation)","Quick Restart","StSLib","WarShipGirlsR/Õ½½¢ÉÙÅ®R mod","[GremlinLeader]The Maniac","[IsaacMod]ÒÔÈö¼âËþ","¡¾ÒÅÎï¿¨ÅÆ¡¿REMEMod","óô»ðÖ¸ÄÏ"],"gold_per_floor":[99,109,120,140,204,216,284,284,284,284],"floor_reached":8,"language":"ZHS","playtime":664,"items_purged":[],"score":48,"play_id":"3d28810e-050f-440e-b7ab-24379e4e3dda","local_time":"20210127234740","is_ascension_mode":false,"campfire_choices":[{"data":"AT_FamilyPortrait","floor":1,"key":"SMITH"}],"circlet_count":0,"master_deck":["Guardian:Strike_Guardian","Guardian:Strike_Guardian","Guardian:Strike_Guardian","Guardian:Defend_Guardian","Guardian:Defend_Guardian","Guardian:Defend_Guardian+1","Guardian:CurlUp","Guardian:TwinSlam","AT_FamilyPortrait+1","sneckomod:UnknownRarePower","Guardian:Clone","Guardian:GuardianWhirl","Guardian:Gem_Blue","Guardian:Suspension"],"relics":["Guardian:ModeShifter","HushsDoor","REME_ComplimentaryCards","AT_ATBox","MaYiHuaBei","Dota2Spire:ShadowBlade","HornCleat"],"acts_visited":["Exordium"],"potions_floor_usage":[3,8],"damage_taken":[{"damage":9,"enemies":"2 Louse","floor":2,"turns":8},{"damage":11,"enemies":"Jaw Worm","floor":3,"turns":3},{"damage":6,"enemies":"Cultist","floor":4,"turns":3},{"damage":17,"enemies":"3 Sentries","floor":5,"turns":8},{"damage":10,"enemies":"2 Fungi Beasts","floor":6,"turns":9},{"damage":58,"enemies":"Gremlin Nob","floor":8,"turns":7}],"seed_played":"-2063329019977370599","potions_obtained":[{"floor":2,"key":"Regen Potion"},{"floor":5,"key":"SteroidPotion"},{"floor":6,"key":"bronze:BurnAndBuffPotion"}],"is_trial":false,"path_per_floor":["R","M","M","M","?","M","T","E"],"character_chosen":"GUARDIAN","items_purchased":[],"campfire_rested":0,"item_purchase_floors":[],"current_hp_per_floor":[72,63,61,55,38,31,31,0,0,0],"gold":284,"neow_bonus":"REMOVE_TWO","is_daily":false,"chose_seed":false,"campfire_upgraded":1,"win_rate":0.0,"timestamp":1611762460,"path_taken":["R","M","M","M","?","?","T","E"],"items_purchased_type":[],"build_version":"2020-12-22","purchased_purges":0,"victory":false,"max_hp_per_floor":[72,72,72,72,72,75,75,75,75,75],"card_choices":[{"not_picked":["Guardian:Gem_Purple","Guardian:ChargeCore"],"picked":"Guardian:Clone","floor":2},{"not_picked":["Guardian:SphericShield","Guardian:Incinerate"],"picked":"Guardian:GuardianWhirl","floor":3},{"not_picked":["Guardian:RollAttack","Guardian:TimeCapacitor"],"picked":"Guardian:Gem_Blue","floor":4},{"not_picked":["Guardian:ShieldCharger","Guardian:BronzeOrb"],"picked":"Guardian:Suspension","floor":6}],"player_experience":439228,"relics_obtained":[{"floor":7,"key":"HornCleat"}],"event_choices":[],"is_beta":false,"boss_relics":[],"items_purged_floors":[],"is_endless":false,"potions_floor_spawned":[2,5,6],"killed_by":"Gremlin Nob","ascension_level":0}}