{"host":"9slw7l0ws16384qq","time":1611770380,"event":{"mods":["A Penny For Your Troubles","BaseMod","Clockwork Mod","Colored Map","Evolution","Hermit","Hubris","Minty Spire (QoL Compilation)","Railgun Mod","Replay The Spire","Shedinja","StS++","StSLib"],"gold_per_floor":[114,39,39,39,57,57,83,98,98,98,129,129,148,167,167,265,265,265,265,20,20,20,20,20,20,20,20,20,20,20,20,20,20,20,20,20,20,20,20,20,20,20,20,20,20,20,20,20,20,20],"floor_reached":51,"language":"FRA","playtime":9600,"items_purged":["hermit:Defend_Hermit","hermit:Defend_Hermit"],"score":882,"play_id":"b9ecfbe6-be48-45ce-bff9-e87b0074c4ad","local_time":"20210127185940","is_ascension_mode":true,"campfire_choices":[{"data":"hermit:GoldenBullet","floor":6.0,"key":"SMITH"},{"data":"hermit:Snapshot","floor":10.0,"key":"SMITH"},{"data":"hermit:Maintenance","floor":15.0,"key":"SMITH"},{"data":"hermit:Adapt","floor":23,"key":"SMITH"},{"data":"hermit:Strike_Hermit","floor":29,"key":"SMITH"},{"floor":32,"key":"DIG"},{"data":"hermit:Strike_Hermit","floor":41,"key":"SMITH"},{"data":"hermit:Defend_Hermit","floor":44,"key":"SMITH"},{"floor":49,"key":"REST"}],"circlet_count":0,"master_deck":["hermit:Strike_Hermit+1","hermit:Strike_Hermit+1","hermit:Defend_Hermit+1","hermit:Defend_Hermit+1","hermit:Snapshot+1","hermit:Covet+1","hermit:GoldenBullet+1","hermit:Maintenance+1","hermit:Adapt+1","hermit:SprayPray+1"],"relics":["hermit:Momento","EVO:Axolotl","Shedinja:ExtraMaxHp","Oddly Smooth Stone","Bottled Lightning","hubris:MedicalManual","Ectoplasm","ReplayTheSpireMod:Lightbulb","Smiling Mask","MawBank","Unceasing Top","Gremlin Food","Ring of Chaos","hubris:Towel","hubris:MysteriousPyramids","Replay:Bottled Snecko"],"acts_visited":["Exordium","TheCity","TheBeyond"],"potions_floor_usage":[24,27,50,50],"damage_taken":[{"damage":2.0,"enemies":"Jaw Worm","floor":1.0,"turns":3.0},{"damage":0.0,"enemies":"Small Slimes","floor":5.0,"turns":4.0},{"damage":0.0,"enemies":"Gremlin Nob","floor":7.0,"turns":2.0},{"damage":0.0,"enemies":"Cultist","floor":8.0,"turns":3.0},{"damage":18.0,"enemies":"Lagavulin","floor":11.0,"turns":6.0},{"damage":0.0,"enemies":"Red Slaver","floor":13.0,"turns":2.0},{"damage":0.0,"enemies":"3 Louse","floor":14.0,"turns":3.0},{"damage":9.0,"enemies":"Fading Forest","floor":16.0,"turns":11.0},{"damage":5.0,"enemies":"Chosen","floor":18.0,"turns":4.0},{"damage":10.0,"enemies":"3 Byrds","floor":19.0,"turns":5.0},{"damage":0,"enemies":"3 Cultists","floor":24,"turns":4},{"damage":0,"enemies":"Centurion and Healer","floor":25,"turns":6},{"damage":4,"enemies":"Snecko","floor":27,"turns":5},{"damage":2,"enemies":"Gremlin Leader","floor":28,"turns":9},{"damage":0,"enemies":"Cultist and Chosen","floor":30,"turns":5},{"damage":0,"enemies":"Replay:Snechameleon","floor":31,"turns":7},{"damage":12,"enemies":"Collector","floor":33,"turns":12},{"damage":3,"enemies":"3 Darklings","floor":35,"turns":10},{"damage":0,"enemies":"Orb Walker","floor":36,"turns":4},{"damage":2,"enemies":"Sphere and 2 Shapes","floor":39,"turns":6},{"damage":3,"enemies":"R_Hoarder","floor":40,"turns":10},{"damage":0,"enemies":"3 Darklings","floor":42,"turns":7},{"damage":4,"enemies":"Transient","floor":45,"turns":5},{"damage":0,"enemies":"Sphere and 2 Shapes","floor":48,"turns":7},{"damage":6,"enemies":"Replay:Hell Engine","floor":50,"turns":13}],"seed_played":"-1872939106187829547","potions_obtained":[{"floor":1.0,"key":"FearPotion"},{"floor":13.0,"key":"GamblersBrew"},{"floor":16.0,"key":"hermit:Tonic"},{"floor":18.0,"key":"Fruit Juice"},{"floor":21.0,"key":"Energy Potion"},{"floor":21.0,"key":"Toxic Potion"},{"floor":24,"key":"SkillPotion"},{"floor":27,"key":"PowerPotion"},{"floor":48,"key":"Dexterity Potion"}],"is_trial":false,"path_per_floor":["M","$","?","?","M","R","E","M","T","R","E","?","M","M","R","B",null,"M","M","$","?","?","R","M","M","T","M","E","R","M","E","R_BF","B",null,"M","M","?","?","M","E","R","M","T","R","M","$","?","M","R","B",null],"character_chosen":"HERMIT","items_purchased":["hermit:Adapt"],"campfire_rested":1,"item_purchase_floors":[20],"current_hp_per_floor":[73,73,73,73,73,73,73,73,73,73,55,55,55,55,55,54,75,75,65,65,44,44,44,44,44,44,40,38,38,38,38,38,26,72,69,69,69,69,67,64,64,64,64,64,60,60,60,60,86,80],"gold":20,"neow_bonus":"TEN_PERCENT_HP_BONUS","is_daily":false,"chose_seed":false,"campfire_upgraded":7,"win_rate":0.0,"timestamp":1611770380,"path_taken":["M","$","?","?","M","R","E","M","T","R","E","?","?","M","R","BOSS","M","?","$","?","?","R","M","?","T","?","E","R","M","E","R_BF","BOSS","M","M","?","?","?","E","R","M","T","R","M","$","?","M","R","BOSS"],"items_purchased_type":["Card"],"build_version":"2020-12-22","purchased_purges":2,"victory":true,"max_hp_per_floor":[82,82,82,82,82,82,82,82,82,82,82,82,82,82,82,82,82,87,87,87,87,87,87,87,87,87,87,87,87,87,87,87,87,87,87,87,87,87,87,87,87,87,87,87,87,87,87,87,87,87],"card_choices":[{"not_picked":["hermit:Combo","hermit:SprayPray"],"picked":"hermit:GoldenBullet","floor":1.0},{"not_picked":["hermit:Deadeye","hermit:Dive","hermit:Headshot"],"picked":"SKIP","floor":5.0},{"not_picked":["hermit:Vantage","hermit:FatalDesire"],"picked":"hermit:FromBeyond","floor":7.0},{"not_picked":["hermit:DeadMansHand","hermit:FlashPowder","hermit:HighCaliber"],"picked":"SKIP","floor":8.0},{"not_picked":["hermit:DeadMansHand","hermit:Glare","hermit:Purgatory"],"picked":"SKIP","floor":11.0},{"not_picked":["hermit:Quickdraw","hermit:LowProfile"],"picked":"hermit:Maintenance","floor":13.0},{"not_picked":["hermit:Manifest","hermit:Coalescence","hermit:Glare"],"picked":"SKIP","floor":14.0},{"not_picked":["hermit:Quickdraw","hermit:EyeOfTheStorm","hermit:TakeAim"],"picked":"SKIP","floor":18.0},{"not_picked":["hermit:BodyArmor","hermit:Vantage+1","hermit:Determination"],"picked":"SKIP","floor":19.0},{"not_picked":["hermit:Magnum","hermit:Misfire","hermit:Headshot"],"picked":"SKIP","floor":24},{"not_picked":["hermit:Horror","hermit:FlashPowder","hermit:Vantage+1"],"picked":"SKIP","floor":25},{"not_picked":["hermit:Showdown","hermit:CursedWeapon","hermit:Misfire"],"picked":"SKIP","floor":27},{"not_picked":["hermit:CursedWeapon","hermit:Snipe+1","hermit:EyeOfTheStorm"],"picked":"SKIP","floor":28},{"not_picked":["hermit:CalledShot","hermit:Enervate","hermit:Spite+1"],"picked":"SKIP","floor":30},{"not_picked":["hermit:Combo","hermit:Vantage","hermit:Horror"],"picked":"SKIP","floor":31},{"not_picked":["hermit:FullyLoaded+1","hermit:Midnight","hermit:BodyArmor+1"],"picked":"SKIP","floor":35},{"not_picked":["hermit:Snipe+1","hermit:Quickdraw+1"],"picked":"hermit:SprayPray+1","floor":36},{"not_picked":["hermit:Headshot","hermit:Showdown","hermit:Spite"],"picked":"SKIP","floor":39},{"not_picked":["hermit:EyeOfTheStorm+1","hermit:FlashPowder","hermit:ShadowCloak+1"],"picked":"SKIP","floor":40},{"not_picked":["hermit:Virtue+1","hermit:GoldenBullet+1","hermit:Horror"],"picked":"SKIP","floor":42},{"not_picked":["hermit:Ricochet","hermit:Coalescence","hermit:Virtue"],"picked":"SKIP","floor":45},{"not_picked":["hermit:Misfire","hermit:Manifest","hermit:BlackWind"],"picked":"SKIP","floor":48},{"not_picked":["hermit:Misfire","hermit:Manifest","hermit:BlackWind"],"picked":"SKIP","floor":48}],"player_experience":1852464,"relics_obtained":[{"floor":7.0,"key":"Oddly Smooth Stone"},{"floor":9.0,"key":"Bottled Lightning"},{"floor":11.0,"key":"hubris:MedicalManual"},{"floor":21.0,"key":"ReplayTheSpireMod:Lightbulb"},{"floor":26,"key":"Smiling Mask"},{"floor":28,"key":"MawBank"},{"floor":31,"key":"Unceasing Top"},{"floor":32,"key":"Gremlin Food"},{"floor":40,"key":"hubris:MysteriousPyramids"},{"floor":43,"key":"Replay:Bottled Snecko"}],"event_choices":[{"cards_removed":["hermit:Strike_Hermit"],"damage_healed":0.0,"max_hp_gain":0.0,"max_hp_loss":0.0,"gold_gain":0.0,"event_name":"Living Wall","player_choice":"Forget","floor":3.0,"gold_loss":0.0,"damage_taken":0.0},{"damage_healed":0,"gold_gain":0,"player_choice":"Ignored","damage_taken":0,"max_hp_gain":0,"max_hp_loss":0,"event_name":"WeMeetAgain","floor":22,"gold_loss":0}],"is_beta":false,"boss_relics":[{"not_picked":["Snecko Eye","hubris:Stopwatch"],"picked":"Ectoplasm"},{"not_picked":["StSpp:CrystalBall","SlaversCollar"],"picked":"Ring of Chaos"}],"items_purged_floors":[2,20],"is_endless":false,"potions_floor_spawned":[1,13,16,18,24,25,27,30,36,39,42,45,48],"ascension_level":7}}