{"host":"nyir1v7xajwugdek","time":1611776948,"event":{"mods":["BaseMod","Colored Powertips","Downfall","Minty Spire (QoL Compilation)","StSLib"],"gold_per_floor":[99,99,274,338,338,338,338,354,384,402,435,514,547,647,658,758,758,658,671,684,684,703,703,728,335,335,369,284,308,345,365,385,385,385,385],"floor_reached":33,"language":"ENG","playtime":2122,"items_purged":["Doubt","Decay"],"score":386,"play_id":"cec1038c-bc24-4297-a891-8d384bdca168","local_time":"20210127204908","is_ascension_mode":true,"campfire_choices":[{"floor":1.0,"key":"RECALL"}],"circlet_count":0,"master_deck":["sneckomod:Defend","sneckomod:Defend","sneckomod:Defend","sneckomod:TailWhip","sneckomod:SnekBite","sneckomod:Unknown","sneckomod:PureSnecko","sneckomod:Unknown","sneckomod:Unknown1Cost","sneckomod:WideSting","sneckomod:MasterEye","Ragnarok","sneckomod:UnknownRareSkill","sneckomod:SoulExchange","Shrug It Off","sneckomod:UnknownDraw","ConjureBlade","sneckomod:QuickBite","Slimebound:Tackle+1","Slimebound:Tackle+1","Slimebound:Tackle+1","sneckomod:UnknownStrength","ThirdEye","sneckomod:QuickMove","sneckomod:UnendingSupply","sneckomod:ImprovisedAttack","sneckomod:UnknownUncommonPower","sneckomod:UnknownDexterity","sneckomod:Unknown2Cost"],"relics":["sneckomod:SneckoSoul","downfall:HeartsMalice","Art of War","Ice Cream","Lizard Tail","Guardian:PocketSentry","sneckomod:ConfusingCodex","hexamod:BolsterEngine","Coffee Dripper","downfall:HeartBlessingRed","Ancient Tea Set","CaptainsWheel","Boot","Potion Belt","sneckomod:BlankCard","CeramicFish"],"acts_visited":["Exordium","TheCity"],"potions_floor_usage":[15,16,16,31],"damage_taken":[{"damage":0.0,"enemies":"Small Slimes","floor":2.0,"turns":1.0},{"damage":0.0,"enemies":"Gremlin Nob","floor":4.0,"turns":1.0},{"damage":0.0,"enemies":"2 Louse","floor":5.0,"turns":1.0},{"damage":6.0,"enemies":"Cultist","floor":8.0,"turns":6.0},{"damage":44.0,"enemies":"Gremlin Nob","floor":9.0,"turns":5.0},{"damage":0.0,"enemies":"Exordium Wildlife","floor":10.0,"turns":2.0},{"damage":31.0,"enemies":"Lagavulin","floor":11.0,"turns":6.0},{"damage":34,"enemies":"Gremlin Nob","floor":13,"turns":5},{"damage":0,"enemies":"2 Fungi Beasts","floor":15,"turns":1},{"damage":24,"enemies":"DF_ARCHETYPE_STREAMLINE","floor":16,"turns":8},{"damage":0,"enemies":"Shell Parasite","floor":19,"turns":1},{"damage":15,"enemies":"3 Byrds","floor":20,"turns":5},{"damage":0,"enemies":"Snecko","floor":22,"turns":3},{"damage":1,"enemies":"downfall:FleeingMerchant","floor":25,"turns":4},{"damage":22,"enemies":"Gremlin Leader","floor":27,"turns":6},{"damage":0,"enemies":"downfall:FleeingMerchant","floor":28,"turns":3},{"damage":15,"enemies":"Slavers","floor":30,"turns":4},{"damage":7,"enemies":"Cultist and Chosen","floor":31,"turns":4},{"damage":0,"enemies":"Snake Plant","floor":32,"turns":4},{"damage":33,"enemies":"SI_MIRROR_ARCHETYPE","floor":33,"turns":4}],"seed_played":"-8151174521960133145","potions_obtained":[{"floor":8.0,"key":"SneckoOil"},{"floor":9.0,"key":"Energy Potion"},{"floor":13,"key":"hexamod:SoulburnPotion"},{"floor":15,"key":"DistilledChaos"},{"floor":19,"key":"sneckomod:CheatPotion"},{"floor":22,"key":"sneckomod:CheatPotion"},{"floor":27,"key":"Dexterity Potion"},{"floor":30,"key":"Explosive Potion"}],"is_trial":false,"path_per_floor":["R","M","?","?","M","?","T","M","E","M","E","T","E","?","M","B",null,"R","M","M","?","M","R","T","$","?","E","$","T","E","M","M","B"],"character_chosen":"THE_SNECKO","items_purchased":["sneckomod:UnendingSupply","Ancient Tea Set","sneckomod:ImprovisedAttack","Boot","Potion Belt"],"campfire_rested":0,"item_purchase_floors":[25,25,25,28,28],"current_hp_per_floor":[90,90,90,90,90,90,90,84,40,40,9,9,25,25,25,1,90,90,90,75,75,75,75,75,74,74,52,52,52,37,30,30,0,0,0],"gold":385,"neow_bonus":"THREE_ENEMY_KILL","is_daily":false,"chose_seed":false,"campfire_upgraded":0,"win_rate":0.0,"timestamp":1611776948,"path_taken":["R","M","?","?","M","?","T","?","E","M","E","?","E","?","M","BOSS","R","M","?","?","M","R","T","$","?","E","$","?","E","?","M","BOSS"],"items_purchased_type":["Card","Relic","Card","Relic","Relic"],"build_version":"2020-12-22","purchased_purges":2,"victory":false,"max_hp_per_floor":[90,90,90,90,90,90,90,90,90,90,90,90,90,90,90,90,90,90,90,90,90,90,90,90,90,90,90,90,90,90,90,90,90,90,90],"card_choices":[{"not_picked":["sneckomod:WideSting","sneckomod:UnknownCommonAttack"],"picked":"sneckomod:UnknownBlock","floor":2.0},{"not_picked":["sneckomod:QuickBite","sneckomod:QuickMove"],"picked":"sneckomod:PureSnecko","floor":4.0},{"not_picked":["sneckomod:DiceBlock","sneckomod:SerpentIdol"],"picked":"sneckomod:Memorize","floor":5.0},{"not_picked":["sneckomod:UnknownStrike","sneckomod:TrashToTreasure"],"picked":"sneckomod:Unknown1Cost","floor":8.0},{"not_picked":["sneckomod:UnknownExhaust","sneckomod:UnknownBlock"],"picked":"sneckomod:UnknownX","floor":9.0},{"not_picked":["sneckomod:QuickBite","sneckomod:WideSting"],"picked":"sneckomod:UnknownDraw","floor":10.0},{"not_picked":["sneckomod:UnknownCommonSkill","sneckomod:IronFang"],"picked":"sneckomod:WideSting","floor":11.0},{"not_picked":["sneckomod:UnknownClassTHE_CHAMP_GRAY","sneckomod:SnekBeam"],"picked":"sneckomod:MasterEye","floor":13},{"not_picked":["sneckomod:SoulDraw","sneckomod:DiceBoulder"],"picked":"sneckomod:UnknownRareSkill","floor":15},{"not_picked":["sneckomod:Mudshield","sneckomod:UnknownBoss"],"picked":"sneckomod:SoulExchange","floor":16},{"not_picked":["sneckomod:SoulRoll","sneckomod:SerpentIdol"],"picked":"sneckomod:UnknownDraw","floor":19},{"not_picked":["sneckomod:Unknown1Cost","sneckomod:SoulDraw"],"picked":"sneckomod:QuickBite","floor":20},{"not_picked":["sneckomod:Cheat","sneckomod:QuickMove"],"picked":"sneckomod:UnknownStrength","floor":22},{"not_picked":["sneckomod:SoulRoll","sneckomod:GlitteringGambit"],"picked":"sneckomod:QuickMove","floor":25},{"not_picked":["sneckomod:QuickMove","sneckomod:UnknownX","sneckomod:SnekBeam"],"picked":"SKIP","floor":27},{"not_picked":["sneckomod:UnknownCommonAttack","sneckomod:UnknownCommonSkill"],"picked":"sneckomod:UnknownUncommonPower","floor":28},{"not_picked":["sneckomod:RainOfDice","sneckomod:UnknownBlock+1"],"picked":"sneckomod:UnknownDexterity","floor":30},{"not_picked":["sneckomod:UnknownColorless","sneckomod:IronFang"],"picked":"sneckomod:Unknown2Cost","floor":31},{"not_picked":["sneckomod:DefensiveFlair","sneckomod:IronFang","sneckomod:RainOfDice"],"picked":"SKIP","floor":32}],"player_experience":669155,"relics_obtained":[{"floor":7.0,"key":"Ice Cream"},{"floor":9.0,"key":"Lizard Tail"},{"floor":11.0,"key":"Guardian:PocketSentry"},{"floor":12.0,"key":"sneckomod:ConfusingCodex"},{"floor":13,"key":"hexamod:BolsterEngine"},{"floor":27,"key":"CaptainsWheel"},{"floor":29,"key":"sneckomod:BlankCard"},{"floor":30,"key":"CeramicFish"}],"event_choices":[{"damage_healed":0,"gold_gain":0,"player_choice":"Ignored","damage_taken":0,"max_hp_gain":0,"max_hp_loss":0,"event_name":"Vampires","floor":26,"gold_loss":0}],"is_beta":false,"boss_relics":[{"not_picked":["Pandora\u0027s Box","bronze:MakeshiftBattery"],"picked":"Coffee Dripper"}],"items_purged_floors":[25,28],"is_endless":false,"potions_floor_spawned":[8,9,13,15,19,22,27,30],"killed_by":"SI_MIRROR_ARCHETYPE","ascension_level":4}}