{"host":"s41rn2jhghpwfrvz","time":1611771017,"event":{"mods":["BaseMod","Minty Spire (QoL Compilation)","Quick Restart","Relic Stats","SuperFastMode"],"gold_per_floor":[112,122,122,102,114,144,144,172,199,26,43,62,93,120,120,193,193,210,210,224,224,249,249,61,73,73,12,12,25,51,80,80,157,157,170,181,101,121,121,155,45,72,97,124,142,142,176,201,201,201,201,201,201,75,107,107],"floor_reached":57,"language":"ENG","playtime":1695,"items_purged":["Undo","PathToVictory+1"],"score":3822,"play_id":"5fbe527e-4763-45c2-920d-a8dbfc6a62fd","local_time":"20210127201017","daily_mods":["SealedDeck","Diverse","DeadlyEvents"],"is_ascension_mode":true,"campfire_choices":[{"data":"Dark Embrace","floor":7,"key":"SMITH"},{"floor":15,"key":"RECALL"},{"data":"PathToVictory","floor":23,"key":"SMITH"},{"data":"Tactician","floor":28,"key":"SMITH"},{"data":"Footwork","floor":32,"key":"SMITH"},{"data":"1","floor":46,"key":"LIFT"},{"data":"2","floor":49,"key":"LIFT"},{"data":"3","floor":53,"key":"LIFT"}],"circlet_count":0,"master_deck":["AscendersBane","Dark Embrace+1","Conserve Battery+1","PiercingWail+1","Acrobatics+1","Seeing Red+1","Self Repair+1","Prostrate+1","Blur+1","Footwork+1","PathToVictory+1","Tactician+1","Grand Finale+1","Power Through+1"],"relics":["Burning Blood","Bronze Scales","Toy Ornithopter","Bird Faced Urn","Art of War","Medical Kit","Nunchaku","The Courier","Runic Pyramid","MealTicket","ClockworkSouvenir","Pen Nib","White Beast Statue","Girya","Black Star","Mummified Hand","Whetstone","Lantern","Sundial","Potion Belt","Blood Vial","PreservedInsect","War Paint","Red Skull","Magic Flower","Anchor","Boot"],"acts_visited":["Exordium","TheCity","TheBeyond","TheEnding"],"potions_floor_usage":[6,48,56,56,56,56],"damage_taken":[{"damage":0,"enemies":"Cultist","floor":1,"turns":6},{"damage":0,"enemies":"Small Slimes","floor":2,"turns":8},{"damage":0,"enemies":"Jaw Worm","floor":5,"turns":5},{"damage":62,"enemies":"Gremlin Nob","floor":6,"turns":5},{"damage":0,"enemies":"Lagavulin","floor":8,"turns":8},{"damage":12,"enemies":"2 Fungi Beasts","floor":11,"turns":4},{"damage":0,"enemies":"Blue Slaver","floor":12,"turns":6},{"damage":0,"enemies":"3 Sentries","floor":13,"turns":7},{"damage":0,"enemies":"Gremlin Nob","floor":14,"turns":3},{"damage":34,"enemies":"Slime Boss","floor":16,"turns":5},{"damage":15,"enemies":"Shell Parasite","floor":18,"turns":4},{"damage":11,"enemies":"2 Thieves","floor":20,"turns":4},{"damage":0,"enemies":"Snecko","floor":25,"turns":4},{"damage":15,"enemies":"Centurion and Healer","floor":29,"turns":4},{"damage":17,"enemies":"Slavers","floor":30,"turns":5},{"damage":10,"enemies":"Book of Stabbing","floor":31,"turns":5},{"damage":0,"enemies":"Automaton","floor":33,"turns":7},{"damage":7,"enemies":"3 Shapes","floor":35,"turns":3},{"damage":0,"enemies":"3 Darklings","floor":36,"turns":3},{"damage":0,"enemies":"Spire Growth","floor":38,"turns":3},{"damage":21,"enemies":"Nemesis","floor":40,"turns":5},{"damage":0,"enemies":"Giant Head","floor":42,"turns":3},{"damage":0,"enemies":"Reptomancer","floor":44,"turns":2},{"damage":0,"enemies":"Sphere and 2 Shapes","floor":45,"turns":2},{"damage":0,"enemies":"Giant Head","floor":47,"turns":4},{"damage":0,"enemies":"Mind Bloom Boss Battle","floor":48,"turns":3},{"damage":0,"enemies":"Time Eater","floor":50,"turns":4},{"damage":0,"enemies":"Awakened One","floor":51,"turns":4},{"damage":0,"enemies":"Shield and Spear","floor":55,"turns":2},{"damage":0,"enemies":"The Heart","floor":56,"turns":6}],"seed_played":"-7509460252797480286","potions_obtained":[{"floor":1,"key":"SkillPotion"},{"floor":4,"key":"PowerPotion"},{"floor":6,"key":"LiquidMemories"},{"floor":31,"key":"Ancient Potion"},{"floor":44,"key":"Fruit Juice"},{"floor":45,"key":"Explosive Potion"},{"floor":48,"key":"Strength Potion"},{"floor":55,"key":"Ancient Potion"}],"is_trial":true,"path_per_floor":["M","M","?","?","M","E","R","E","T","$","M","M","E","E","R","B",null,"M","?","M","T","T","R","$","M","T","$","R","M","E","E","R","B",null,"M","M","$","M","?","E","?","E","T","E","M","R","E","?","R","B","B",null,"R","$","E","B",null],"character_chosen":"IRONCLAD","items_purchased":["Medical Kit","ClockworkSouvenir","Tactician","Anchor"],"campfire_rested":0,"item_purchase_floors":[10,24,27,54],"current_hp_per_floor":[75,75,64,64,75,26,26,39,39,39,46,65,75,75,75,54,70,73,73,75,75,75,75,75,75,75,75,75,73,75,75,75,75,75,75,75,75,75,71,66,66,71,71,71,71,71,71,76,76,76,76,76,76,76,76,76],"gold":107,"neow_bonus":"","is_daily":false,"chose_seed":false,"campfire_upgraded":4,"win_rate":0.0,"timestamp":1611771017,"path_taken":["M","M","?","?","?","E","R","E","T","?","M","M","E","?","R","BOSS","M","?","M","?","?","R","$","M","T","$","R","M","E","?","R","BOSS","M","M","$","M","?","E","?","E","T","E","M","R","?","?","R","BOSS","BOSS","R","$","E","BOSS"],"items_purchased_type":["Relic","Relic","Card","Relic"],"build_version":"2020-12-22","purchased_purges":2,"victory":true,"max_hp_per_floor":[75,75,75,75,75,75,75,75,75,75,75,75,75,75,75,75,75,75,75,75,75,75,75,75,75,75,75,75,75,75,75,75,75,75,75,75,75,75,71,71,71,71,71,71,71,71,71,76,76,76,76,76,76,76,76,76],"relic_stats":{"counters":[30,134],"Magic Flower":[0],"Pen Nib":[5],"PreservedInsect":207,"Whetstone":["Grand Finale"],"War Paint":[],"Medical Kit":[107],"Boot":[0],"Burning Blood":85,"Blood Vial":0,"Nunchaku":[5],"Mummified Hand":[27],"Sundial":[44],"Bronze Scales":[317],"Bird Faced Urn":[43],"MealTicket":0,"Art of War":[62],"Black Star":5,"obtain_stats":[{"Lantern":42,"Magic Flower":48,"Whetstone":40,"Boot":55,"Burning Blood":0,"ClockworkSouvenir":24,"Blood Vial":44,"Nunchaku":13,"Mummified Hand":40,"Sundial":42,"MealTicket":22,"Red Skull":47,"Runic Pyramid":17,"Potion Belt":43,"Girya":31,"The Courier":14,"Pen Nib":26,"PreservedInsect":44,"War Paint":47,"Medical Kit":10,"White Beast Statue":30,"Anchor":54,"Bronze Scales":3,"Bird Faced Urn":8,"Art of War":9,"Black Star":34,"Toy Ornithopter":6},{"Lantern":22,"Magic Flower":26,"Whetstone":21,"Boot":29,"Burning Blood":0,"ClockworkSouvenir":12,"Blood Vial":23,"Nunchaku":8,"Mummified Hand":21,"Sundial":22,"MealTicket":12,"Red Skull":25,"Runic Pyramid":10,"Potion Belt":22,"Girya":16,"The Courier":9,"Pen Nib":13,"PreservedInsect":23,"War Paint":25,"Medical Kit":5,"White Beast Statue":15,"Anchor":28,"Bronze Scales":2,"Bird Faced Urn":5,"Art of War":5,"Black Star":17,"Toy Ornithopter":4},{"Lantern":107,"Magic Flower":118,"Whetstone":104,"Boot":128,"Burning Blood":0,"ClockworkSouvenir":65,"Blood Vial":109,"Nunchaku":49,"Mummified Hand":104,"Sundial":107,"MealTicket":65,"Red Skull":115,"Runic Pyramid":57,"Potion Belt":107,"Girya":83,"The Courier":52,"Pen Nib":69,"PreservedInsect":109,"War Paint":115,"Medical Kit":32,"White Beast Statue":78,"Anchor":126,"Bronze Scales":14,"Bird Faced Urn":32,"Art of War":32,"Black Star":90,"Toy Ornithopter":24}],"Toy Ornithopter":0},"card_choices":[{"not_picked":["Gash","Steam"],"picked":"Footwork","floor":1},{"not_picked":["Sanctity","Adaptation","Coolheaded"],"picked":"SKIP","floor":2},{"not_picked":["Tantrum","Perfected Strike","Nirvana"],"picked":"SKIP","floor":5},{"not_picked":["Perfected Strike","Underhanded Strike","Armaments"],"picked":"SKIP","floor":6},{"not_picked":["Doom and Gloom","Malaise"],"picked":"LessonLearned","floor":8},{"not_picked":["Conserve Battery","PathToVictory","Halt"],"picked":"SKIP","floor":11},{"not_picked":["Conserve Battery","Halt"],"picked":"PathToVictory","floor":11},{"not_picked":["Bane","JustLucky","Battle Trance"],"picked":"SKIP","floor":12},{"not_picked":["Cleave","Flechettes","TalkToTheHand"],"picked":"SKIP","floor":13},{"not_picked":["Dual Wield","Slice","Predator"],"picked":"SKIP","floor":14},{"not_picked":["Turbo+1","Terror","Uppercut"],"picked":"SKIP","floor":18},{"not_picked":["Fusion","Genetic Algorithm","Rebound"],"picked":"SKIP","floor":20},{"not_picked":["Ghostly Armor","Redo","Concentrate"],"picked":"SKIP","floor":25},{"not_picked":["FlurryOfBlows","Shrug It Off","Inflame"],"picked":"SKIP","floor":29},{"not_picked":["FlurryOfBlows+1","Dodge and Roll","Dagger Spray"],"picked":"SKIP","floor":30},{"not_picked":["Omniscience","Malaise","Leap"],"picked":"SKIP","floor":31},{"not_picked":["Malaise","Electrodynamics"],"picked":"Grand Finale","floor":33},{"not_picked":["Dagger Spray","Infinite Blades","Deadly Poison+1"],"picked":"SKIP","floor":35},{"not_picked":["SashWhip","Leap","Predator+1"],"picked":"SKIP","floor":36},{"not_picked":["Gash","Hemokinesis","Wild Strike"],"picked":"SKIP","floor":38},{"not_picked":["Leg Sweep+1","Glacier"],"picked":"Power Through","floor":40},{"not_picked":["Worship","Sword Boomerang","Searing Blow"],"picked":"SKIP","floor":42},{"not_picked":["EmptyFist","Rage","Endless Agony"],"picked":"SKIP","floor":44},{"not_picked":["Infernal Blade","BowlingBash+1","PiercingWail"],"picked":"SKIP","floor":45},{"not_picked":["Burning Pact","Blood for Blood","After Image"],"picked":"SKIP","floor":47},{"not_picked":["Clash","Brutality","Terror"],"picked":"SKIP","floor":55}],"player_experience":1858168,"relics_obtained":[{"floor":6,"key":"Toy Ornithopter"},{"floor":8,"key":"Bird Faced Urn"},{"floor":9,"key":"Art of War"},{"floor":13,"key":"Nunchaku"},{"floor":14,"key":"The Courier"},{"floor":22,"key":"MealTicket"},{"floor":26,"key":"Pen Nib"},{"floor":30,"key":"White Beast Statue"},{"floor":31,"key":"Girya"},{"floor":40,"key":"Mummified Hand"},{"floor":40,"key":"Whetstone"},{"floor":42,"key":"Lantern"},{"floor":42,"key":"Sundial"},{"floor":43,"key":"Potion Belt"},{"floor":44,"key":"Blood Vial"},{"floor":44,"key":"PreservedInsect"},{"floor":47,"key":"War Paint"},{"floor":47,"key":"Red Skull"},{"floor":48,"key":"Magic Flower"},{"floor":55,"key":"Boot"}],"event_choices":[{"damage_healed":0,"gold_gain":0,"player_choice":"Success","damage_taken":11,"relics_obtained":["Bronze Scales"],"max_hp_gain":0,"max_hp_loss":0,"event_name":"Scrap Ooze","floor":3,"gold_loss":0},{"damage_healed":0,"gold_gain":0,"player_choice":"Bought 1 Potion","damage_taken":0,"max_hp_gain":0,"max_hp_loss":0,"event_name":"The Woman in Blue","floor":4,"gold_loss":0},{"damage_healed":0,"gold_gain":0,"player_choice":"Ignored","damage_taken":0,"max_hp_gain":0,"max_hp_loss":0,"event_name":"Vampires","floor":19,"gold_loss":0},{"damage_healed":0,"gold_gain":0,"player_choice":"Max HP","damage_taken":0,"max_hp_gain":0,"max_hp_loss":4,"event_name":"Winding Halls","floor":39,"gold_loss":0},{"cards_removed":["LessonLearned"],"damage_healed":0,"gold_gain":0,"player_choice":"Upgrade and Remove","damage_taken":0,"max_hp_gain":0,"max_hp_loss":0,"event_name":"Designer","floor":41,"gold_loss":110,"cards_upgraded":["Power Through"]},{"damage_healed":0,"gold_gain":0,"player_choice":"Fight","damage_taken":0,"max_hp_gain":0,"max_hp_loss":0,"event_name":"MindBloom","floor":48,"gold_loss":0}],"is_beta":false,"boss_relics":[{"not_picked":["Cursed Key","SlaversCollar"],"picked":"Runic Pyramid"},{"not_picked":["Sozu","Tiny House"],"picked":"Black Star"}],"items_purged_floors":[24,37],"is_endless":false,"potions_floor_spawned":[1,5,6,8,12,20,31,33,35,36,38,40,42,44,45,47,48,55],"ascension_level":20}}