{"host":"zxd2l8an9de7z7b9","time":1611763514,"event":{"mods":["2.2 Compatiblity","BaseMod","CapriCore","Colored Map","Colored Powertips","Minty Spire (QoL Compilation)","Rare Cards Sparkle","StSLib","SuperFastMode"],"gold_per_floor":[113,113,129,129,129,129,164,164,164,199,220,220,244,262,262,390,390,373,373,573,573,588,588,46,46,70,83,121,133,145,51,51,172,172,192,216,32,51,66,66,80,111,111,111,150,150,164,233,233,233,233],"floor_reached":50,"language":"KOR","playtime":2571,"items_purged":["JustLucky","Writhe"],"score":632,"play_id":"488b6703-ba89-4f9c-ba3f-c2cdec66dee0","local_time":"20210128010514","is_ascension_mode":true,"campfire_choices":[{"data":"Eruption","floor":6,"key":"SMITH"},{"data":"Vigilance","floor":8,"key":"SMITH"},{"data":"PathToVictory","floor":12,"key":"SMITH"},{"floor":15,"key":"REST"},{"data":"DevaForm","floor":23,"key":"SMITH"},{"data":"Crescendo","floor":25,"key":"SMITH"},{"floor":29,"key":"RECALL"},{"data":"LikeWater","floor":32,"key":"SMITH"},{"floor":40,"key":"REST"},{"floor":46,"key":"REST"},{"floor":49,"key":"REST"}],"circlet_count":0,"master_deck":["Eruption+1","Vigilance+1","EmptyBody","CarveReality","Evaluate","PathToVictory+1","Prostrate","WheelKick","Brilliance","TalkToTheHand","MentalFortress","ConjureBlade","FearNoEvil","PathToVictory","DevaForm+1","Halt","LikeWater+1","Crescendo+1","ClearTheMind","LikeWater+1","Establishment","Wallop+1","PathToVictory","Prostrate+1","DeusExMachina","Vault","Meditate","Dramatic Entrance","Worship+1"],"relics":["HolyWater","NeowsBlessing","Golden Idol","Toy Ornithopter","InkBottle","Darkstone Periapt","Juzu Bracelet","Lantern","The Courier","Pandora\u0027s Box","Nloth\u0027s Gift","Bottled Lightning","Pen Nib","Strawberry","Art of War","MawBank","Bag of Marbles","Omamori","Anchor","Bronze Scales","Blue Candle","Du-Vu Doll"],"acts_visited":["Exordium","TheCity","TheBeyond"],"potions_floor_usage":[16,22,28,39,42,48,50,50],"damage_taken":[{"damage":0,"enemies":"Cultist","floor":1,"turns":1},{"damage":0,"enemies":"Small Slimes","floor":3,"turns":1},{"damage":0,"enemies":"Gremlin Nob","floor":7,"turns":1},{"damage":17,"enemies":"3 Sentries","floor":10,"turns":11},{"damage":0,"enemies":"Jaw Worm","floor":11,"turns":3},{"damage":0,"enemies":"Large Slime","floor":13,"turns":6},{"damage":9,"enemies":"Lots of Slimes","floor":14,"turns":3},{"damage":9,"enemies":"The Guardian","floor":16,"turns":11},{"damage":16,"enemies":"2 Thieves","floor":18,"turns":4},{"damage":0,"enemies":"3 Byrds","floor":22,"turns":4},{"damage":0,"enemies":"Snake Plant","floor":27,"turns":5},{"damage":11,"enemies":"Book of Stabbing","floor":28,"turns":5},{"damage":32,"enemies":"Champ","floor":33,"turns":10},{"damage":17,"enemies":"Orb Walker","floor":35,"turns":6},{"damage":12,"enemies":"3 Darklings","floor":36,"turns":5},{"damage":33,"enemies":"Sphere and 2 Shapes","floor":38,"turns":8},{"damage":37,"enemies":"Writhing Mass","floor":39,"turns":5},{"damage":15,"enemies":"3 Darklings","floor":41,"turns":5},{"damage":11,"enemies":"Giant Head","floor":42,"turns":9},{"damage":0,"enemies":"Reptomancer","floor":45,"turns":7},{"damage":0,"enemies":"Jaw Worm Horde","floor":47,"turns":6},{"damage":42,"enemies":"2 Orb Walkers","floor":48,"turns":5},{"damage":48,"enemies":"Awakened One","floor":50,"turns":5}],"seed_played":"-3087849719934688146","potions_obtained":[{"floor":7,"key":"PowerPotion"},{"floor":13,"key":"Swift Potion"},{"floor":18,"key":"PowerPotion"},{"floor":22,"key":"Energy Potion"},{"floor":38,"key":"FairyPotion"},{"floor":41,"key":"Weak Potion"},{"floor":42,"key":"Dexterity Potion"},{"floor":47,"key":"GamblersBrew"}],"is_trial":false,"path_per_floor":["M","T","M","?","T","R","E","R","T","E","M","R","M","M","R","B",null,"M","?","?","?","M","R","$","R","T","M","E","R","?","$","R","B",null,"M","M","$","M","M","R","M","E","T","?","E","R","M","?","R","B"],"character_chosen":"WATCHER","items_purchased":["Crescendo","Bottled Lightning","Pen Nib","Strawberry","LikeWater","Omamori","Regen Potion"],"campfire_rested":4,"item_purchase_floors":[24,24,24,24,31,37,37],"current_hp_per_floor":[72,72,72,54,54,54,54,54,54,37,37,37,37,28,49,45,72,56,56,56,56,61,61,68,68,68,68,62,62,68,68,68,36,85,68,56,56,23,28,53,38,32,32,32,32,57,57,20,45,7,7],"gold":233,"neow_bonus":"THREE_ENEMY_KILL","is_daily":false,"chose_seed":false,"campfire_upgraded":6,"win_rate":0.0,"timestamp":1611763514,"path_taken":["M","?","?","?","?","R","E","R","T","E","M","R","M","M","R","BOSS","M","?","?","?","M","R","$","R","T","M","E","R","?","$","R","BOSS","M","M","$","M","M","R","M","E","T","?","E","R","M","?","R","BOSS"],"items_purchased_type":["Card","Relic","Relic","Relic","Card","Relic","Potion"],"build_version":"2020-12-22","purchased_purges":2,"victory":false,"max_hp_per_floor":[72,72,72,72,72,72,72,72,72,72,72,72,72,72,72,72,72,72,72,72,72,72,72,79,79,79,79,79,79,85,85,85,85,85,85,85,85,85,85,85,85,85,85,85,85,85,85,85,85,85,85],"card_choices":[{"not_picked":["FlyingSleeves","EmptyFist"],"picked":"EmptyBody","floor":1},{"not_picked":["Nirvana","FollowUp"],"picked":"CarveReality","floor":3},{"not_picked":["Wireheading","CrushJoints"],"picked":"Evaluate","floor":7},{"not_picked":["BowlingBash","Collect"],"picked":"PathToVictory","floor":10},{"not_picked":["ThirdEye","ForeignInfluence"],"picked":"Prostrate","floor":11},{"not_picked":["Worship","Pray","CarveReality"],"picked":"SKIP","floor":13},{"not_picked":["EmptyFist","FlurryOfBlows"],"picked":"WheelKick","floor":14},{"not_picked":["Blasphemy","Scrawl"],"picked":"Brilliance","floor":16},{"not_picked":["Protect","WreathOfFlame"],"picked":"Halt","floor":18},{"not_picked":["WaveOfTheHand+1","WreathOfFlame"],"picked":"LikeWater+1","floor":22},{"not_picked":["JustLucky","CrushJoints+1"],"picked":"ClearTheMind","floor":27},{"not_picked":["ClearTheMind","Halt","SashWhip"],"picked":"SKIP","floor":28},{"not_picked":["DevaForm","Omniscience"],"picked":"Establishment","floor":33},{"not_picked":["FlurryOfBlows+1","SignatureMove+1"],"picked":"Wallop+1","floor":35},{"not_picked":["Omniscience","ForeignInfluence"],"picked":"PathToVictory","floor":36},{"not_picked":["FlyingSleeves","Evaluate"],"picked":"Prostrate+1","floor":38},{"not_picked":["CrushJoints","SashWhip+1"],"picked":"DeusExMachina","floor":39},{"not_picked":["FearNoEvil+1","Weave"],"picked":"Vault","floor":41},{"not_picked":["Indignation","Sanctity+1"],"picked":"Meditate","floor":42},{"not_picked":["Blind","Good Instincts"],"picked":"Dramatic Entrance","floor":44},{"not_picked":["EmptyMind+1","FollowUp"],"picked":"Worship+1","floor":45},{"not_picked":["CrushJoints","Tantrum+1","Conclude"],"picked":"SKIP","floor":47}],"player_experience":329398,"relics_obtained":[{"floor":2,"key":"Matryoshka"},{"floor":5,"key":"Toy Ornithopter"},{"floor":5,"key":"InkBottle"},{"floor":7,"key":"Darkstone Periapt"},{"floor":9,"key":"Juzu Bracelet"},{"floor":9,"key":"Lantern"},{"floor":10,"key":"The Courier"},{"floor":26,"key":"Art of War"},{"floor":28,"key":"MawBank"},{"floor":42,"key":"Anchor"},{"floor":43,"key":"Bronze Scales"},{"floor":45,"key":"Blue Candle"},{"floor":48,"key":"Du-Vu Doll"}],"event_choices":[{"damage_healed":0,"gold_gain":0,"player_choice":"Take Damage","damage_taken":18,"relics_obtained":["Golden Idol"],"max_hp_gain":0,"max_hp_loss":0,"event_name":"Golden Idol","floor":4,"gold_loss":0},{"damage_healed":0,"gold_gain":0,"player_choice":"Traded Relic","damage_taken":0,"relics_obtained":["Nloth\u0027s Gift"],"max_hp_gain":0,"max_hp_loss":0,"event_name":"N\u0027loth","floor":19,"relics_lost":["Matryoshka"],"gold_loss":0},{"damage_healed":0,"gold_gain":200,"player_choice":"Gold","damage_taken":0,"max_hp_gain":0,"max_hp_loss":0,"event_name":"Wheel of Change","floor":20,"gold_loss":0},{"cards_removed":["FearNoEvil"],"damage_healed":0,"gold_gain":0,"player_choice":"Elegance","damage_taken":0,"max_hp_gain":0,"max_hp_loss":0,"event_name":"Back to Basics","floor":21,"gold_loss":0},{"damage_healed":0,"gold_gain":0,"player_choice":"Opened","damage_taken":0,"relics_obtained":["Bag of Marbles"],"max_hp_gain":0,"max_hp_loss":0,"event_name":"The Mausoleum","floor":30,"gold_loss":0,"cards_obtained":["Writhe"]},{"damage_healed":0,"gold_gain":0,"player_choice":"Memory 1","damage_taken":0,"max_hp_gain":0,"max_hp_loss":0,"event_name":"SensoryStone","floor":44,"gold_loss":0},{"damage_healed":0,"gold_gain":0,"player_choice":"Fight","damage_taken":0,"max_hp_gain":0,"max_hp_loss":0,"event_name":"Mysterious Sphere","floor":48,"gold_loss":0}],"is_beta":false,"boss_relics":[{"not_picked":["Ectoplasm","Astrolabe"],"picked":"Pandora\u0027s Box"},{"not_picked":["Fusion Hammer","Busted Crown"],"picked":"HolyWater"}],"items_purged_floors":[24,31],"is_endless":false,"potions_floor_spawned":[7,13,18,22,38,41,42,47],"killed_by":"Awakened One","ascension_level":1}}