{"host":"gobyjzz6xbwq9f9i","time":1611718478,"event":{"mods":["AchievementEnabler","BaseMod","Bestiary","Colored Map","Minty Spire (QoL Compilation)"],"gold_per_floor":[119,132,149,149,165,200,218,247,299,319,338,368,385,400,400,497,497,511,523,523,180,194,207,241,259,559,570,570,570],"floor_reached":28,"language":"ENG","playtime":1396,"items_purged":["SignatureMove"],"score":443,"play_id":"322cc175-87b4-4ece-a5d8-90bd84ebd30d","local_time":"20210126193438","is_ascension_mode":true,"campfire_choices":[{"data":"Tantrum","floor":15,"key":"SMITH"}],"circlet_count":0,"master_deck":["AscendersBane","Eruption+1","Vigilance","WindmillStrike+1","BowlingBash","CutThroughFate","Sanctity+1","FlyingSleeves+1","EmptyFist","Crescendo+1","Halt","DeceiveReality","Tantrum+1","FearNoEvil","LessonLearned","MasterReality+1","Wish","Sanctity","SandsOfTime","Judgement","Omniscience","EmptyBody","Halt","Meditate","CrushJoints","Crescendo+1","ClearTheMind+1","Vault","CutThroughFate+1"],"relics":["PureWater","Pantograph","Shuriken","Whetstone","Yang","Pandora\u0027s Box","Pen Nib","Bag of Preparation","Old Coin"],"acts_visited":["Exordium","TheCity"],"potions_floor_usage":[24,28,28,28,28,28],"damage_taken":[{"damage":1.0,"enemies":"Cultist","floor":1.0,"turns":5.0},{"damage":2.0,"enemies":"Jaw Worm","floor":2.0,"turns":3.0},{"damage":11.0,"enemies":"Small Slimes","floor":3.0,"turns":4.0},{"damage":0.0,"enemies":"Blue Slaver","floor":5.0,"turns":2.0},{"damage":10.0,"enemies":"Gremlin Nob","floor":6.0,"turns":3.0},{"damage":0.0,"enemies":"Looter","floor":7.0,"turns":2.0},{"damage":17.0,"enemies":"Lagavulin","floor":8.0,"turns":6.0},{"damage":4.0,"enemies":"Large Slime","floor":10.0,"turns":4.0},{"damage":10.0,"enemies":"Gremlin Gang","floor":11.0,"turns":2.0},{"damage":0.0,"enemies":"Gremlin Nob","floor":12.0,"turns":2.0},{"damage":0,"enemies":"Looter","floor":13,"turns":2},{"damage":0,"enemies":"Exordium Thugs","floor":14,"turns":3},{"damage":12,"enemies":"Slime Boss","floor":16,"turns":7},{"damage":15,"enemies":"Shell Parasite","floor":18,"turns":6},{"damage":17,"enemies":"Chosen","floor":19,"turns":5},{"damage":0,"enemies":"Sentry and Sphere","floor":22,"turns":2},{"damage":7,"enemies":"Cultist and Chosen","floor":23,"turns":5},{"damage":18,"enemies":"Gremlin Leader","floor":24,"turns":3},{"damage":6,"enemies":"Snake Plant","floor":25,"turns":4},{"damage":3,"enemies":"3 Cultists","floor":27,"turns":3},{"damage":7,"enemies":"Slavers","floor":28,"turns":1}],"seed_played":"-7319163194137521206","potions_obtained":[{"floor":1.0,"key":"Fire Potion"},{"floor":3.0,"key":"LiquidMemories"},{"floor":6.0,"key":"Weak Potion"},{"floor":7.0,"key":"ColorlessPotion"},{"floor":11.0,"key":"DuplicationPotion"},{"floor":22,"key":"AttackPotion"},{"floor":25,"key":"EntropicBrew"}],"is_trial":false,"path_per_floor":["M","M","M","?","M","E","M","E","T","M","M","E","M","M","R","B",null,"M","M","?","$","M","M","E","M","T","M","E"],"character_chosen":"WATCHER","items_purchased":["Pen Nib","Meditate","CrushJoints"],"campfire_rested":0,"item_purchase_floors":[21,21,21],"current_hp_per_floor":[71,69,58,58,58,48,48,31,31,27,17,17,17,17,17,30,67,52,35,35,35,35,28,10,4,4,1,0,0],"gold":570,"neow_bonus":"TEN_PERCENT_HP_BONUS","is_daily":false,"chose_seed":false,"campfire_upgraded":1,"win_rate":0.0,"timestamp":1611718478,"path_taken":["M","M","?","?","M","E","M","E","T","?","M","E","M","M","R","BOSS","M","M","?","?","M","M","E","M","T","M","E"],"items_purchased_type":["Relic","Card","Card"],"build_version":"2020-12-22","purchased_purges":1,"victory":false,"max_hp_per_floor":[79,79,79,79,79,79,79,79,79,79,79,79,79,79,79,79,79,79,79,79,79,79,79,79,79,79,79,79,79],"card_choices":[{"not_picked":["Sanctity","WaveOfTheHand"],"picked":"WindmillStrike","floor":1.0},{"not_picked":["FollowUp","EmptyMind"],"picked":"BowlingBash","floor":2.0},{"not_picked":["MentalFortress","EmptyBody"],"picked":"CutThroughFate","floor":3.0},{"not_picked":["Collect","Prostrate"],"picked":"Sanctity","floor":5.0},{"not_picked":["Collect","ThirdEye"],"picked":"FlyingSleeves","floor":6.0},{"not_picked":["Evaluate","FlurryOfBlows"],"picked":"EmptyFist","floor":7.0},{"not_picked":["BowlingBash","CrushJoints"],"picked":"Crescendo","floor":8.0},{"not_picked":["PathToVictory","ThirdEye"],"picked":"Halt","floor":10.0},{"not_picked":["FlyingSleeves","Evaluate"],"picked":"DeceiveReality","floor":11.0},{"not_picked":["Crescendo","ThirdEye"],"picked":"Tantrum","floor":12.0},{"not_picked":["Establishment","Halt"],"picked":"FearNoEvil","floor":13},{"not_picked":["Pray","FollowUp","EmptyBody"],"picked":"SKIP","floor":14},{"not_picked":["Establishment","Judgement"],"picked":"LessonLearned","floor":16},{"not_picked":["Crescendo","Prostrate"],"picked":"Halt","floor":18},{"not_picked":["BattleHymn+1","FlyingSleeves","SashWhip"],"picked":"SKIP","floor":19},{"not_picked":["BowlingBash","EmptyFist","FollowUp"],"picked":"SKIP","floor":22},{"not_picked":["FlyingSleeves","Consecrate"],"picked":"Crescendo+1","floor":23},{"not_picked":["JustLucky","Indignation"],"picked":"ClearTheMind+1","floor":24},{"not_picked":["Halt+1","JustLucky+1"],"picked":"Vault","floor":25},{"not_picked":["FollowUp+1","Consecrate"],"picked":"CutThroughFate+1","floor":27}],"player_experience":1178166,"relics_obtained":[{"floor":6.0,"key":"Pantograph"},{"floor":8.0,"key":"Shuriken"},{"floor":9.0,"key":"Whetstone"},{"floor":12.0,"key":"Yang"},{"floor":24,"key":"Bag of Preparation"},{"floor":26,"key":"Old Coin"}],"event_choices":[{"damage_healed":0.0,"max_hp_gain":0.0,"max_hp_loss":0.0,"gold_gain":0.0,"event_name":"Accursed Blacksmith","player_choice":"Forge","floor":4.0,"gold_loss":0.0,"damage_taken":0.0,"cards_upgraded":["Eruption"]},{"damage_healed":0,"gold_gain":0,"player_choice":"Ignored","damage_taken":0,"max_hp_gain":0,"max_hp_loss":0,"event_name":"NoteForYourself","floor":20,"gold_loss":0}],"is_beta":false,"boss_relics":[{"not_picked":["Black Star","HolyWater"],"picked":"Pandora\u0027s Box"}],"items_purged_floors":[21],"is_endless":false,"potions_floor_spawned":[1,3,6,7,11,22,25],"killed_by":"Slavers","ascension_level":10}}