{"host":"pe7ycb8t2t906so2","time":1611712448,"event":{"mods":["BaseMod","Colored Map","Highlight Path","Minty Spire (QoL Compilation)"],"gold_per_floor":[112,37,47,63,238,238,313,325,348,376,397,397,431,23,23,95,95,114,29,29,29],"floor_reached":20,"language":"FRA","playtime":1145,"items_purged":["Strike_R","Strike_R"],"score":296,"play_id":"dfe43ab5-9225-49b8-9a75-6cab29bda82e","local_time":"20210126205408","is_ascension_mode":true,"campfire_choices":[{"data":"Flame Barrier","floor":6,"key":"SMITH"},{"data":"True Grit","floor":12,"key":"SMITH"},{"data":"Juggernaut","floor":15,"key":"SMITH"}],"circlet_count":0,"master_deck":["AscendersBane","Strike_R","Strike_R","Strike_R","Defend_R","Defend_R","Defend_R","Defend_R","Bash","Juggernaut+1","Flame Barrier+1","Doubt","Power Through","Fire Breathing","True Grit+1","Evolve"],"relics":["Burning Blood","CeramicFish","Ancient Tea Set","Gremlin Horn","Cursed Key","Blood Vial"],"acts_visited":["Exordium","TheCity"],"potions_floor_usage":[10,13,18,18,18,18,20],"damage_taken":[{"damage":10,"enemies":"Small Slimes","floor":1,"turns":4},{"damage":2,"enemies":"Jaw Worm","floor":3,"turns":5},{"damage":2,"enemies":"2 Louse","floor":4,"turns":4},{"damage":4,"enemies":"Red Slaver","floor":8,"turns":4},{"damage":5,"enemies":"Lots of Slimes","floor":10,"turns":4},{"damage":9,"enemies":"3 Louse","floor":11,"turns":5},{"damage":5,"enemies":"Lagavulin","floor":13,"turns":6},{"damage":33,"enemies":"Slime Boss","floor":16,"turns":7},{"damage":62,"enemies":"3 Byrds","floor":18,"turns":6},{"damage":13,"enemies":"Chosen","floor":20,"turns":5}],"seed_played":"-8767174095700134994","potions_obtained":[{"floor":1,"key":"SpeedPotion"},{"floor":4,"key":"Explosive Potion"},{"floor":10,"key":"BlessingOfTheForge"},{"floor":16,"key":"EntropicBrew"},{"floor":18,"key":"BloodPotion"}],"is_trial":false,"path_per_floor":["M","$","M","M","?","R","?","M","T","M","M","R","E","$","R","B",null,"M","?","M"],"character_chosen":"IRONCLAD","items_purchased":["Evolve","Gremlin Horn"],"campfire_rested":0,"item_purchase_floors":[14,14],"current_hp_per_floor":[64,64,68,72,72,72,61,63,63,64,61,61,62,62,62,35,65,9,9,13,13],"gold":29,"neow_bonus":"ONE_RANDOM_RARE_CARD","is_daily":false,"chose_seed":false,"campfire_upgraded":3,"win_rate":0.0,"timestamp":1611712448,"path_taken":["M","$","M","M","?","R","?","M","T","M","M","R","E","$","R","BOSS","M","?","M"],"items_purchased_type":["Card","Relic"],"build_version":"2020-12-22","purchased_purges":2,"victory":false,"max_hp_per_floor":[75,75,75,75,75,75,75,75,75,75,75,75,75,75,75,75,75,75,75,75,75],"card_choices":[{"not_picked":["Shrug It Off","Armaments"],"picked":"Flame Barrier","floor":1},{"not_picked":["Thunderclap","Rampage","Fire Breathing"],"picked":"SKIP","floor":3},{"not_picked":["Sword Boomerang","Headbutt","Anger"],"picked":"SKIP","floor":4},{"not_picked":["Wild Strike","True Grit"],"picked":"Power Through","floor":8},{"not_picked":["Anger","Perfected Strike"],"picked":"Fire Breathing","floor":10},{"not_picked":["Thunderclap","Anger"],"picked":"True Grit","floor":11},{"not_picked":["Clothesline","Brutality","Hemokinesis"],"picked":"SKIP","floor":13},{"not_picked":["Evolve","Rupture","Thunderclap"],"picked":"SKIP","floor":18}],"player_experience":953211,"relics_obtained":[{"floor":9,"key":"CeramicFish"},{"floor":13,"key":"Ancient Tea Set"}],"event_choices":[{"damage_healed":0,"gold_gain":175,"player_choice":"AGREE","damage_taken":0,"max_hp_gain":0,"max_hp_loss":0,"event_name":"Liars Game","floor":5,"gold_loss":0,"cards_obtained":["Doubt"]},{"damage_healed":0,"gold_gain":75,"player_choice":"Gather Gold","damage_taken":11,"max_hp_gain":0,"max_hp_loss":0,"event_name":"World of Goop","floor":7,"gold_loss":0},{"damage_healed":0,"gold_gain":0,"player_choice":"Obtained Relic","damage_taken":0,"relics_obtained":["Blood Vial"],"max_hp_gain":0,"max_hp_loss":0,"event_name":"Addict","floor":19,"gold_loss":85}],"is_beta":false,"boss_relics":[{"not_picked":["Sozu","Coffee Dripper"],"picked":"Cursed Key"}],"items_purged_floors":[2,14],"is_endless":false,"potions_floor_spawned":[1,4,10,11,16,18],"killed_by":"Chosen","ascension_level":14}}