{"host":"vhvubw4jk4f204qs","time":1611706327,"event":{"mods":["AchievementEnabler","BaseMod","DeckTracker","GifTheSpireLib","Minty Spire (QoL Compilation)","Permanent Neow","Quick Restart","StSLib","SuperFastMode","The IronCluck","slay the spire mod where everything is the same but ironclad has a cowboy hat"],"gold_per_floor":[112,122,137,19,32,32,63,63,63,63,63],"floor_reached":10,"language":"ENG","playtime":480,"items_purged":["Decay"],"score":136,"play_id":"abe0e0b8-7693-43ac-bbec-fde1652bf6e1","local_time":"20210126191207","is_ascension_mode":true,"campfire_choices":[{"data":"Noxious Fumes","floor":6,"key":"SMITH"},{"data":"Catalyst","floor":8,"key":"SMITH"}],"circlet_count":0,"master_deck":["AscendersBane","Strike_G","Strike_G","Strike_G","Strike_G","Strike_G","Defend_G","Defend_G","Defend_G","Defend_G","Defend_G","Survivor","Neutralize","Backflip","Flying Knee","Dagger Throw","Noxious Fumes+1","Poisoned Stab","Catalyst+1"],"relics":["Ring of the Snake","Shovel","StoneCalendar","White Beast Statue"],"acts_visited":["Exordium"],"potions_floor_usage":[7],"damage_taken":[{"damage":6,"enemies":"Cultist","floor":1,"turns":5},{"damage":5,"enemies":"Jaw Worm","floor":2,"turns":7},{"damage":0,"enemies":"2 Louse","floor":3,"turns":5},{"damage":3,"enemies":"Looter","floor":5,"turns":4},{"damage":18,"enemies":"Lagavulin","floor":7,"turns":6},{"damage":30,"enemies":"Gremlin Nob","floor":10,"turns":3}],"seed_played":"8816972330172432583","potions_obtained":[{"floor":3,"key":"SpeedPotion"},{"floor":7,"key":"Fire Potion"}],"is_trial":false,"path_per_floor":["M","M","M","$","M","R","E","R","T","E"],"character_chosen":"THE_SILENT","items_purchased":["Noxious Fumes"],"campfire_rested":0,"item_purchase_floors":[4],"current_hp_per_floor":[53,48,48,48,45,45,27,27,27,0,0],"gold":63,"neow_bonus":"ONE_RARE_RELIC","is_daily":false,"chose_seed":false,"campfire_upgraded":2,"win_rate":0.0,"timestamp":1611706327,"path_taken":["M","M","M","$","M","R","E","R","T","E"],"items_purchased_type":["Card"],"build_version":"2020-12-22","purchased_purges":1,"victory":false,"max_hp_per_floor":[66,66,66,66,66,66,66,66,66,66,66],"card_choices":[{"not_picked":["Dodge and Roll","Heel Hook"],"picked":"Backflip","floor":1},{"not_picked":["Eviscerate","Setup"],"picked":"Flying Knee","floor":2},{"not_picked":["Cloak And Dagger","Backstab"],"picked":"Dagger Throw","floor":3},{"not_picked":["Quick Slash","Prepared"],"picked":"Poisoned Stab","floor":5},{"not_picked":["Night Terror","Outmaneuver"],"picked":"Catalyst","floor":7}],"player_experience":724736,"relics_obtained":[{"floor":7,"key":"StoneCalendar"},{"floor":9,"key":"White Beast Statue"}],"event_choices":[],"is_beta":false,"boss_relics":[],"items_purged_floors":[4],"is_endless":false,"potions_floor_spawned":[3,7],"killed_by":"Gremlin Nob","ascension_level":20}}