{"host":"jpcy2bclvs7juczu","time":1611752529,"event":{"mods":["Alarm Clock","BaseMod","Bestiary","Block Reminder","Colored Map","Colored Powertips","Curses Come First","Dark Map","Minty Spire (QoL Compilation)","Quick Restart","RNG Fix","Relic Stats","Slay the Relics Exporter","StSLib","ojb\u0027s Better Paths Mod","ojb\u0027s Info Mod","slay the spire mod where everything is the same but ironclad has a cowboy hat"],"gold_per_floor":[113,113,133,148,167,167,207,207,207,207,207,207],"floor_reached":11,"language":"ENG","playtime":507,"items_purged":[],"score":150,"play_id":"27206441-c716-490f-991b-9a0ce1742a6a","local_time":"20210127080209","is_ascension_mode":true,"campfire_choices":[{"data":"Streamline","floor":6,"key":"SMITH"},{"floor":10,"key":"REST"}],"circlet_count":0,"master_deck":["AscendersBane","Strike_B","Strike_B","Strike_B","Strike_B","Defend_B","Defend_B","Defend_B","Defend_B","Zap","Dualcast","Streamline+1","Hologram","Barrage"],"relics":["Busted Crown","Golden Idol","Toy Ornithopter","Matryoshka"],"acts_visited":["Exordium"],"potions_floor_usage":[7,8],"damage_taken":[{"damage":19,"enemies":"Jaw Worm","floor":1,"turns":4},{"damage":7,"enemies":"Small Slimes","floor":3,"turns":3},{"damage":0,"enemies":"Cultist","floor":4,"turns":3},{"damage":1,"enemies":"2 Fungi Beasts","floor":5,"turns":3},{"damage":27,"enemies":"3 Sentries","floor":7,"turns":8},{"damage":0,"enemies":"3 Louse","floor":8,"turns":1},{"damage":35,"enemies":"Gremlin Nob","floor":11,"turns":3}],"seed_played":"3973568177413444539","potions_obtained":[{"floor":3,"key":"SneckoOil"},{"floor":4,"key":"SmokeBomb"},{"floor":5,"key":"LiquidMemories"}],"is_trial":false,"path_per_floor":["M","?","M","M","M","R","E","M","T","R","E"],"character_chosen":"DEFECT","items_purchased":[],"campfire_rested":1,"item_purchase_floors":[],"current_hp_per_floor":[45,45,38,38,37,37,10,15,15,34,0,0],"gold":207,"neow_bonus":"BOSS_RELIC","is_daily":false,"chose_seed":false,"campfire_upgraded":1,"win_rate":0.0,"timestamp":1611752529,"path_taken":["M","?","M","M","?","R","E","M","T","R","E"],"items_purchased_type":[],"build_version":"2020-12-22","purchased_purges":0,"victory":false,"max_hp_per_floor":[71,64,64,64,64,64,64,64,64,64,64,64],"relic_stats":{"Busted Crown":10,"counters":[7,25],"Golden Idol":23,"obtain_stats":[{"Busted Crown":0,"Matryoshka":9,"Golden Idol":2,"Cracked Core":0,"Toy Ornithopter":7},{"Busted Crown":0,"Matryoshka":6,"Golden Idol":1,"Cracked Core":0,"Toy Ornithopter":5},{"Busted Crown":0,"Matryoshka":22,"Golden Idol":4,"Cracked Core":0,"Toy Ornithopter":21}],"Toy Ornithopter":5},"card_choices":[{"not_picked":[],"picked":"Streamline","floor":1},{"not_picked":[],"picked":"Hologram","floor":3},{"not_picked":["Fusion"],"picked":"SKIP","floor":4},{"not_picked":[],"picked":"Barrage","floor":5},{"not_picked":["Force Field"],"picked":"SKIP","floor":7}],"player_experience":1493603,"relics_obtained":[{"floor":7,"key":"Toy Ornithopter"},{"floor":9,"key":"Matryoshka"}],"event_choices":[{"damage_healed":0,"gold_gain":0,"player_choice":"Lose Max HP","damage_taken":0,"relics_obtained":["Golden Idol"],"max_hp_gain":0,"max_hp_loss":7,"event_name":"Golden Idol","floor":2,"gold_loss":0}],"is_beta":false,"boss_relics":[],"items_purged_floors":[],"is_endless":false,"potions_floor_spawned":[3,4,5],"killed_by":"Gremlin Nob","ascension_level":20}}