{"host":"nxnzcl474ro3ewbj","time":1611785370,"event":{"mods":["2.2 Compatiblity","Act Like it!","BaseMod","Better Third Choice","Better-Laid Plans","Colored Map","Custom Start","Highlight Path","Keyboard Shortcuts","Minty Spire (QoL Compilation)","Quick Restart","Rare Cards Sparkle","Relic Stats","Shop Mod","Slay the Relics Exporter","StSLib","SuperFastMode"],"gold_per_floor":[110,126,126,140,140,140,179,192,192,216,247,61,92,106,106,106,106],"floor_reached":16,"language":"KOR","playtime":286,"items_purged":[],"score":214,"play_id":"5d96ef5c-69ad-4bb6-aca7-d9b0e1e4ab0b","local_time":"20210128070930","is_ascension_mode":true,"campfire_choices":[{"data":"Whirlwind","floor":6.0,"key":"SMITH"},{"data":"Apotheosis","floor":15.0,"key":"SMITH"}],"circlet_count":0,"master_deck":["AscendersBane","Strike_R","Strike_R","Strike_R","Strike_R","Strike_R","Defend_R","Defend_R","Defend_R","Defend_R","Bash","Rage","Dropkick","Whirlwind+1","Seeing Red","Flex","Apotheosis+1","Body Slam","Fire Breathing"],"relics":["Burning Blood","MealTicket","Golden Idol","Lantern","Pear","Thread and Needle","Boot"],"acts_visited":["Exordium"],"potions_floor_usage":[],"damage_taken":[{"damage":6.0,"enemies":"Cultist","floor":1.0,"turns":4.0},{"damage":0.0,"enemies":"Small Slimes","floor":2.0,"turns":3.0},{"damage":2.0,"enemies":"Jaw Worm","floor":4.0,"turns":3.0},{"damage":34.0,"enemies":"Lagavulin","floor":7.0,"turns":5.0},{"damage":20.0,"enemies":"Looter","floor":8.0,"turns":4.0},{"damage":38.0,"enemies":"Large Slime","floor":10.0,"turns":7.0},{"damage":11.0,"enemies":"3 Sentries","floor":11.0,"turns":4.0},{"damage":15.0,"enemies":"Gremlin Nob","floor":13.0,"turns":4.0},{"damage":0.0,"enemies":"Red Slaver","floor":14.0,"turns":2.0},{"damage":23,"enemies":"Slime Boss","floor":16,"turns":3}],"seed_played":"-2882904225556627658","potions_obtained":[{"floor":1.0,"key":"Dexterity Potion"},{"floor":2.0,"key":"LiquidMemories"},{"floor":10.0,"key":"Strength Potion"},{"floor":14.0,"key":"ElixirPotion"}],"is_trial":false,"path_per_floor":["M","M","T","M","?","R","E","M","T","M","E","$","E","M","R","B"],"character_chosen":"IRONCLAD","items_purchased":["Apotheosis"],"campfire_rested":0,"item_purchase_floors":[12],"current_hp_per_floor":[67,73,73,77,77,77,49,35,45,13,8,23,14,20,20,0,0],"gold":106,"neow_bonus":"TWENTY_PERCENT_HP_BONUS","is_daily":false,"chose_seed":false,"campfire_upgraded":2,"win_rate":0.0,"timestamp":1611785370,"path_taken":["M","M","?","M","?","R","E","M","T","M","E","?","E","M","R","BOSS"],"items_purchased_type":["Card"],"build_version":"2020-12-22","purchased_purges":0,"victory":false,"max_hp_per_floor":[96,96,96,96,89,89,89,89,99,99,99,99,99,99,99,99,99],"relic_stats":{"counters":[10,39],"Golden Idol":31,"MealTicket":15,"Boot":[0],"obtain_stats":[{"Lantern":7,"Pear":9,"Golden Idol":5,"MealTicket":3,"Thread and Needle":11,"Boot":13,"Burning Blood":0},{"Lantern":4,"Pear":5,"Golden Idol":3,"MealTicket":2,"Thread and Needle":7,"Boot":8,"Burning Blood":0},{"Lantern":15,"Pear":19,"Golden Idol":10,"MealTicket":7,"Thread and Needle":30,"Boot":34,"Burning Blood":0}],"Burning Blood":54},"card_choices":[{"not_picked":["Burning Pact","Dual Wield"],"picked":"Rage","floor":1.0},{"not_picked":["Havoc","True Grit"],"picked":"Dropkick","floor":2.0},{"not_picked":["Heavy Blade","Perfected Strike"],"picked":"Whirlwind","floor":4.0},{"not_picked":["Havoc","Rupture"],"picked":"Seeing Red","floor":7.0},{"not_picked":["Armaments","Thunderclap","Clothesline"],"picked":"SKIP","floor":8.0},{"not_picked":["Burning Pact","Warcry","Havoc"],"picked":"SKIP","floor":10.0},{"not_picked":["Clothesline","Twin Strike"],"picked":"Flex","floor":11.0},{"not_picked":["Armaments","Spot Weakness"],"picked":"Body Slam","floor":13.0},{"not_picked":["Dual Wield","Twin Strike"],"picked":"Fire Breathing","floor":14.0}],"player_experience":71058,"relics_obtained":[{"floor":3.0,"key":"MealTicket"},{"floor":7.0,"key":"Lantern"},{"floor":9.0,"key":"Pear"},{"floor":11.0,"key":"Thread and Needle"},{"floor":13.0,"key":"Boot"}],"event_choices":[{"damage_healed":0.0,"max_hp_gain":0.0,"max_hp_loss":7.0,"gold_gain":0.0,"event_name":"Golden Idol","player_choice":"Lose Max HP","floor":5.0,"gold_loss":0.0,"damage_taken":0.0,"relics_obtained":["Golden Idol"]}],"is_beta":false,"boss_relics":[],"items_purged_floors":[],"is_endless":false,"potions_floor_spawned":[1,2,10,14],"killed_by":"Slime Boss","ascension_level":11}}