{"host":"yqw1zpryoutrnocq","time":1611778676,"event":{"mods":["2.2 Compatiblity","AchievementEnabler","BaseMod","Colored Map","Custom Start","DeckTracker","Minty Spire (QoL Compilation)","Replay The Spire","StSLib","SuperFastMode"],"gold_per_floor":[115,128,143,143,17,17,57,57,104,127,202,225,243,243],"floor_reached":13,"language":"KOR","playtime":324,"items_purged":["Strike_G"],"score":102,"play_id":"b3c07a1a-92d7-4ac4-b619-b15d73888a27","local_time":"20210127141756","is_ascension_mode":true,"campfire_choices":[{"data":"Predator","floor":6,"key":"SMITH"}],"circlet_count":0,"master_deck":["Strike_G","Strike_G","Strike_G","Strike_G","Defend_G","Defend_G","Defend_G","Defend_G","Defend_G","Survivor","Neutralize","PiercingWail","Predator+1","Escape Plan","Cloak And Dagger","Wraith Form v2","Underhanded Strike","Endless Agony"],"relics":["Ring of the Snake","NeowsBlessing","Replay:Bandana","Onion Ring","ReplayTheSpireMod:Lightbulb"],"acts_visited":["Exordium"],"potions_floor_usage":[7,13],"damage_taken":[{"damage":0,"enemies":"Small Slimes","floor":1,"turns":1},{"damage":0,"enemies":"2 Louse","floor":2,"turns":1},{"damage":0,"enemies":"Cultist","floor":3,"turns":1},{"damage":14,"enemies":"Lagavulin","floor":7,"turns":5},{"damage":15,"enemies":"Large Slime","floor":10,"turns":6},{"damage":7,"enemies":"Exordium Wildlife","floor":12,"turns":8},{"damage":12,"enemies":"3 Sentries","floor":13,"turns":3}],"seed_played":"5011754478687933453","potions_obtained":[{"floor":2,"key":"ColorlessPotion"},{"floor":3,"key":"Elixir"},{"floor":12,"key":"AttackPotion"}],"is_trial":false,"path_per_floor":["M","M","M","?","$","R","E","$","T","M","?","M","E"],"character_chosen":"THE_SILENT","items_purchased":["Cloak And Dagger"],"campfire_rested":0,"item_purchase_floors":[5],"current_hp_per_floor":[70,70,70,52,52,52,38,38,38,23,12,5,0,0],"gold":243,"neow_bonus":"THREE_ENEMY_KILL","is_daily":false,"chose_seed":false,"campfire_upgraded":1,"win_rate":0.0,"timestamp":1611778676,"path_taken":["M","M","M","?","$","R","E","$","T","M","?","M","E"],"items_purchased_type":["Card"],"build_version":"2020-12-22","purchased_purges":1,"victory":false,"max_hp_per_floor":[70,70,70,70,70,70,70,70,70,70,70,70,70,70],"card_choices":[{"not_picked":["Sucker Punch","Skewer"],"picked":"PiercingWail","floor":1},{"not_picked":["Eviscerate","Blur"],"picked":"Predator","floor":2},{"not_picked":["Infinite Blades","Prepared"],"picked":"Escape Plan","floor":3},{"not_picked":["Acrobatics","PiercingWail"],"picked":"Wraith Form v2","floor":7},{"not_picked":["Flying Knee","Choke"],"picked":"Underhanded Strike","floor":10},{"not_picked":["PiercingWail","Underhanded Strike"],"picked":"Endless Agony","floor":12}],"player_experience":229666,"relics_obtained":[{"floor":7,"key":"Onion Ring"},{"floor":9,"key":"ReplayTheSpireMod:Lightbulb"}],"event_choices":[{"damage_healed":0,"gold_gain":0,"player_choice":"Success","damage_taken":18,"relics_obtained":["Replay:Bandana"],"max_hp_gain":0,"max_hp_loss":0,"event_name":"Scrap Ooze","floor":4,"gold_loss":0},{"damage_healed":0,"gold_gain":75,"player_choice":"Gather Gold","damage_taken":11,"max_hp_gain":0,"max_hp_loss":0,"event_name":"World of Goop","floor":11,"gold_loss":0}],"is_beta":false,"boss_relics":[],"items_purged_floors":[5],"is_endless":false,"potions_floor_spawned":[2,3,12],"killed_by":"3 Sentries","ascension_level":4}}