{"host":"bvp2uifzy1c463d9","time":1611771536,"event":{"mods":["AchievementEnabler","BaseMod","Block Reminder","Colored Map","Colored Powertips","Hermit","Highlight Path","Infinite Spire","Minty Spire (QoL Compilation)","Random Character Button","Relic Stats","Replay The Spire","StSLib","The Jungle"],"gold_per_floor":[116,133,185,9,9,9,40,40,40,67,91,91,99,99],"floor_reached":13,"language":"ENG","playtime":1345,"items_purged":[],"score":91,"play_id":"82925d20-f87f-463a-ba6b-bf7c735b66b7","local_time":"20210127121856","is_ascension_mode":true,"campfire_choices":[{"data":"Distraction","floor":6,"key":"SMITH"},{"data":"Outmaneuver","floor":8,"key":"SMITH"}],"circlet_count":0,"master_deck":["Strike_G","Strike_G","Strike_G","Strike_G","Strike_G","Defend_G","Defend_G","Defend_G","Defend_G","Defend_G","Survivor","Dash+1","Distraction+1","Blur","Night Terror+1","Outmaneuver+1","ReplayTheSpireMod:Speed Training","Backflip"],"relics":["Honey Jar","Blue Doll","Replay:Bandana","Matryoshka","Anchor","ReplayTheSpireMod:Shallot"],"acts_visited":["Exordium"],"potions_floor_usage":[13],"damage_taken":[{"damage":1,"enemies":"Cultist","floor":1,"turns":4},{"damage":1,"enemies":"2 Louse","floor":2,"turns":3},{"damage":31,"enemies":"3 Sentries","floor":7,"turns":26},{"damage":0,"enemies":"Jaw Worm","floor":10,"turns":3},{"damage":4,"enemies":"Exordium Wildlife","floor":11,"turns":6},{"damage":38,"enemies":"Gremlin Nob","floor":13,"turns":5}],"seed_played":"-4365474640143733754","potions_obtained":[{"floor":2,"key":"Reflective Coating"},{"floor":10,"key":"SpeedPotion"}],"is_trial":false,"path_per_floor":["M","M","T","$","?","R","E","R","T","M","M","?","E"],"character_chosen":"THE_SILENT","items_purchased":["Replay:Bandana","Blur"],"campfire_rested":0,"item_purchase_floors":[4,4],"current_hp_per_floor":[69,68,68,68,68,68,37,37,37,37,33,33,0,0],"gold":99,"neow_bonus":"BOSS_RELIC","is_daily":false,"chose_seed":false,"campfire_upgraded":2,"win_rate":0.0,"timestamp":1611771536,"path_taken":["M","M","?","$","?","R","E","R","T","M","M","?","E"],"items_purchased_type":["Relic","Card"],"build_version":"2020-12-22","purchased_purges":0,"victory":false,"max_hp_per_floor":[70,70,70,70,70,70,70,70,70,70,70,70,70,70],"relic_stats":{"counters":[6,47],"obtain_stats":[{"Replay:Bandana":4,"Anchor":9,"Matryoshka":7,"ReplayTheSpireMod:Shallot":9,"Honey Jar":0,"Blue Doll":3,"Ring of the Snake":0},{"Replay:Bandana":2,"Anchor":3,"Matryoshka":3,"ReplayTheSpireMod:Shallot":3,"Honey Jar":0,"Blue Doll":2,"Ring of the Snake":0},{"Replay:Bandana":7,"Anchor":33,"Matryoshka":33,"ReplayTheSpireMod:Shallot":33,"Honey Jar":0,"Blue Doll":7,"Ring of the Snake":0}]},"card_choices":[{"not_picked":["Draining Mist","Terror","Predator"],"picked":"Dash","floor":1},{"not_picked":["Dagger Throw","Dagger Spray","Underhanded Strike"],"picked":"Distraction","floor":2},{"not_picked":["Hidden Blade","Bouncing Flask","Distraction"],"picked":"Outmaneuver","floor":7},{"not_picked":["Deflect","Acrobatics","Accuracy"],"picked":"ReplayTheSpireMod:Speed Training","floor":10},{"not_picked":["Dodge and Roll","Deadly Poison","Tactician"],"picked":"Backflip","floor":11}],"player_experience":191602,"relics_obtained":[{"floor":3,"key":"Blue Doll"},{"floor":7,"key":"Matryoshka"},{"floor":9,"key":"Anchor"},{"floor":9,"key":"ReplayTheSpireMod:Shallot"}],"event_choices":[{"damage_healed":0,"gold_gain":0,"player_choice":"Grow","damage_taken":0,"max_hp_gain":0,"max_hp_loss":0,"event_name":"Living Wall","floor":12,"gold_loss":0,"cards_upgraded":["Dash"]}],"is_beta":false,"boss_relics":[],"items_purged_floors":[],"is_endless":false,"potions_floor_spawned":[2,10],"killed_by":"Gremlin Nob","ascension_level":2}}