{"host":"mg3e76uznu9x14du","time":1611789264,"event":{"mods":["BaseMod","Colored Map","Downfall","Minty Spire (QoL Compilation)","Permanent Neow","Relic Stats","StSLib","Waifu the Spire","everything is the same but u backflip on backflip"],"gold_per_floor":[99,119,294,311,327,11,63,118,18,29,63,63,82,117,128,228,228,28,39,56,71,84,84,84,84,84,84],"floor_reached":25,"language":"ENG","playtime":1040,"items_purged":["Doubt"],"score":254,"play_id":"82881c91-192a-4171-9377-504537c9f502","local_time":"20210127181424","is_ascension_mode":true,"campfire_choices":[{"floor":1,"key":"RECALL"},{"data":"bronze:InfiniteBeams","floor":9,"key":"SMITH"},{"floor":12,"key":"REST"},{"data":"bronze:CloningBeam","floor":18,"key":"SMITH"}],"circlet_count":0,"master_deck":["bronze:Strike","bronze:Strike","bronze:Strike","bronze:Strike","bronze:Defend","bronze:Defend","bronze:Defend","bronze:Defend","bronze:Replicate","bronze:Goto","bronze:BugBarrage","bronze:Terminator","bronze:CloningBeam+1","bronze:FineTuning","bronze:InfiniteBeams+1","bronze:WildBeam","bronze:Backtrace","bronze:DelayedGuard","bronze:ShipIt","bronze:ItsAFeature+1","bronze:HyperBeam","bronze:DelayedSlice","bronze:Turbo","bronze:Iterate+1","bronze:Mutator+1"],"relics":["bronze:BronzeCore","Oddly Smooth Stone","PreservedInsect","Omamori","downfall:HeartBlessingRed","Boot","Frozen Egg 2","bronze:ElectromagneticCoil","downfall:HeartBlessingGreen","downfall:HeartBlessingBlue","StoneCalendar"],"acts_visited":["Exordium","TheCity"],"potions_floor_usage":[16,19,20,22,23],"damage_taken":[{"damage":0,"enemies":"Small Slimes","floor":2,"turns":3},{"damage":0,"enemies":"Jaw Worm","floor":4,"turns":4},{"damage":3,"enemies":"Cultist","floor":5,"turns":4},{"damage":4,"enemies":"downfall:FleeingMerchant","floor":6,"turns":4},{"damage":9,"enemies":"2 Fungi Beasts","floor":10,"turns":3},{"damage":24,"enemies":"Lagavulin","floor":11,"turns":4},{"damage":0,"enemies":"3 Louse","floor":13,"turns":2},{"damage":0,"enemies":"3 Sentries","floor":14,"turns":4},{"damage":0,"enemies":"Large Slime","floor":15,"turns":5},{"damage":36,"enemies":"DF_ARCHETYPE_STREAMLINE","floor":16,"turns":8},{"damage":0,"enemies":"Spheric Guardian","floor":19,"turns":3},{"damage":0,"enemies":"3 Byrds","floor":20,"turns":3},{"damage":37,"enemies":"Cultist and Chosen","floor":21,"turns":5},{"damage":35,"enemies":"Centurion and Healer","floor":22,"turns":5},{"damage":0,"enemies":"Shelled Parasite and Fungi","floor":23,"turns":1},{"damage":14,"enemies":"Slavers","floor":25,"turns":1}],"seed_played":"3175810307740038458","potions_obtained":[{"floor":11,"key":"Block Potion"},{"floor":13,"key":"Swift Potion"},{"floor":15,"key":"Fire Potion"},{"floor":16,"key":"hexamod:SoulburnPotion"},{"floor":19,"key":"SmokeBomb"},{"floor":22,"key":"bronze:CleanCodePotion"}],"is_trial":false,"path_per_floor":["R","M","?","M","M","$","T","T","R","M","E","R","M","E","M","B",null,"R","M","M","M","M","M","T","E"],"character_chosen":"THE_AUTOMATON","items_purchased":["PreservedInsect","bronze:InfiniteBeams"],"campfire_rested":1,"item_purchase_floors":[6,6],"current_hp_per_floor":[70,70,70,70,67,63,63,63,63,54,30,51,51,51,51,15,70,80,80,80,43,8,8,8,0,0,0],"gold":84,"neow_bonus":"RANDOM_COMMON_RELIC","is_daily":false,"chose_seed":false,"campfire_upgraded":2,"win_rate":0.0,"timestamp":1611789264,"path_taken":["R","M","?","M","M","$","T","?","R","M","E","R","M","E","M","BOSS","R","M","M","M","M","?","T","E"],"items_purchased_type":["Relic","Card"],"build_version":"2020-12-22","purchased_purges":1,"victory":false,"max_hp_per_floor":[70,70,70,70,70,70,70,70,70,70,70,70,70,70,70,70,70,80,80,80,80,80,80,80,80,80,80],"relic_stats":{"counters":[16,59],"StoneCalendar":[0],"PreservedInsect":98,"Boot":[71],"obtain_stats":[{"bronze:ElectromagneticCoil":17,"bronze:BronzeCore":0,"downfall:HeartBlessingRed":9,"downfall:HeartBlessingBlue":18,"Oddly Smooth Stone":0,"downfall:HeartBlessingGreen":18,"StoneCalendar":24,"PreservedInsect":6,"Omamori":8,"Frozen Egg 2":14,"Boot":11},{"bronze:ElectromagneticCoil":10,"bronze:BronzeCore":0,"downfall:HeartBlessingRed":4,"downfall:HeartBlessingBlue":10,"Oddly Smooth Stone":0,"downfall:HeartBlessingGreen":10,"StoneCalendar":15,"PreservedInsect":4,"Omamori":4,"Frozen Egg 2":8,"Boot":6},{"bronze:ElectromagneticCoil":41,"bronze:BronzeCore":0,"downfall:HeartBlessingRed":15,"downfall:HeartBlessingBlue":41,"Oddly Smooth Stone":0,"downfall:HeartBlessingGreen":41,"StoneCalendar":58,"PreservedInsect":15,"Omamori":15,"Frozen Egg 2":28,"Boot":22}]},"card_choices":[{"not_picked":["bronze:Shield","bronze:ItsAFeature"],"picked":"bronze:BugBarrage","floor":2},{"not_picked":["bronze:DelayedSlice","bronze:Safeguard"],"picked":"bronze:Terminator","floor":4},{"not_picked":["bronze:Frontload","bronze:Overheat"],"picked":"bronze:CloningBeam","floor":5},{"not_picked":["bronze:Hardcode","bronze:GetLatest"],"picked":"bronze:FineTuning","floor":6},{"not_picked":["bronze:Frontload","bronze:WhirlingStrike"],"picked":"bronze:WildBeam","floor":10},{"not_picked":["bronze:FineTuning","bronze:GetLatest"],"picked":"bronze:Backtrace","floor":11},{"not_picked":["bronze:BitShift","bronze:WhirlingStrike"],"picked":"bronze:DelayedGuard","floor":13},{"not_picked":["bronze:BugBarrage","bronze:WildBeam"],"picked":"bronze:ShipIt","floor":14},{"not_picked":["bronze:Constructor","bronze:NullPointer"],"picked":"bronze:ItsAFeature+1","floor":15},{"not_picked":["bronze:Format","bronze:ThunderWave"],"picked":"bronze:HyperBeam","floor":16},{"not_picked":["bronze:Safeguard","bronze:Constructor"],"picked":"bronze:DelayedSlice","floor":19},{"not_picked":["bronze:Philosophize","bronze:FineTuning"],"picked":"bronze:Turbo","floor":20},{"not_picked":["bronze:GetLatest+1","bronze:Frontload"],"picked":"bronze:Iterate+1","floor":21},{"not_picked":["bronze:Fortify","bronze:InfiniteBeams+1"],"picked":"bronze:Mutator+1","floor":22}],"player_experience":503825,"relics_obtained":[{"floor":8,"key":"Omamori"},{"floor":11,"key":"Boot"},{"floor":14,"key":"Frozen Egg 2"},{"floor":24,"key":"StoneCalendar"}],"event_choices":[],"is_beta":false,"boss_relics":[{"not_picked":["sneckomod:SneckoTalon","Calling Bell"],"picked":"bronze:ElectromagneticCoil"}],"items_purged_floors":[6],"is_endless":false,"potions_floor_spawned":[11,13,15,16,19,22],"killed_by":"Slavers","ascension_level":1}}