{"host":"e1pm3b7xpcm97e5w","time":1611762022,"event":{"mods":["BaseMod","Better Skull","Googly Eyes","Minty Spire (QoL Compilation)","Relic Stats","Shop Mod","Spicy Shops","StSLib"],"gold_per_floor":[111,121,10,20,34,60,60,92,92,9,9,9,19,33,33,110,110,127,141,141,39,59,88,88,118,118,118,218,143,13,27,27,106,106,124,136,136,0,10,10,41,41,65,94,107,107,118,137,137,137],"floor_reached":51,"language":"ENG","playtime":41604,"items_purged":["Strike_R"],"score":1476,"play_id":"61a205ac-be7c-4e4f-898a-58d120f28d09","local_time":"20210127104022","is_ascension_mode":true,"campfire_choices":[{"data":"Corruption","floor":7.0,"key":"SMITH"},{"floor":12.0,"key":"REST"},{"floor":15.0,"key":"REST"},{"data":"Feel No Pain","floor":24,"key":"SMITH"},{"data":"Bash","floor":27,"key":"SMITH"},{"floor":32,"key":"REST"},{"data":"Juggernaut","floor":40,"key":"SMITH"},{"data":"Juggernaut","floor":42,"key":"SMITH"},{"data":"Disarm","floor":46,"key":"SMITH"},{"data":"Inflame","floor":49,"key":"SMITH"}],"circlet_count":0,"master_deck":["AscendersBane","Bash+1","Thunderclap","True Grit+1","Disarm+1","Corruption+1","Hemokinesis","Flame Barrier","Spot Weakness","Inflame+1","Whirlwind","Offering","Whirlwind+1","Armaments+1","Feel No Pain+1","Shrug It Off","Uppercut+1","Flame Barrier","Body Slam","Juggernaut+1","Reaper","Havoc","Impervious","Cleave","Seeing Red","Evolve","Juggernaut+1","Flame Barrier","Sentinel","True Grit+1","Armaments+1","Armaments+1"],"relics":["Burning Blood","Lantern","Potion Belt","War Paint","Bag of Preparation","Snecko Eye","StrikeDummy","Sundial","The Courier","Lizard Tail","Bottled Tornado","Pandora\u0027s Box","Red Mask","Art of War","Akabeko","Molten Egg 2"],"acts_visited":["Exordium","TheCity","TheBeyond"],"potions_floor_usage":[28,33,50,50,50],"damage_taken":[{"damage":1.0,"enemies":"Cultist","floor":1.0,"turns":3.0},{"damage":11.0,"enemies":"2 Louse","floor":2.0,"turns":3.0},{"damage":10.0,"enemies":"Jaw Worm","floor":4.0,"turns":3.0},{"damage":8.0,"enemies":"Looter","floor":5.0,"turns":5.0},{"damage":33.0,"enemies":"Gremlin Nob","floor":6.0,"turns":4.0},{"damage":31.0,"enemies":"3 Sentries","floor":8.0,"turns":10.0},{"damage":9.0,"enemies":"2 Fungi Beasts","floor":13.0,"turns":3.0},{"damage":16.0,"enemies":"Large Slime","floor":14.0,"turns":6.0},{"damage":27.0,"enemies":"Hexaghost","floor":16.0,"turns":10.0},{"damage":8,"enemies":"Shell Parasite","floor":18,"turns":3},{"damage":10,"enemies":"Chosen","floor":19,"turns":5},{"damage":6,"enemies":"3 Cultists","floor":22,"turns":3},{"damage":6,"enemies":"Slavers","floor":23,"turns":2},{"damage":8,"enemies":"Book of Stabbing","floor":25,"turns":4},{"damage":14,"enemies":"Colosseum Slavers","floor":28,"turns":4},{"damage":2,"enemies":"Colosseum Nobs","floor":28,"turns":4},{"damage":10,"enemies":"Snake Plant","floor":31,"turns":2},{"damage":35,"enemies":"Collector","floor":33,"turns":7},{"damage":4,"enemies":"Orb Walker","floor":35,"turns":3},{"damage":8,"enemies":"3 Darklings","floor":36,"turns":3},{"damage":8,"enemies":"Transient","floor":39,"turns":6},{"damage":12,"enemies":"Nemesis","floor":41,"turns":5},{"damage":19,"enemies":"Reptomancer","floor":44,"turns":3},{"damage":14,"enemies":"Spire Growth","floor":45,"turns":4},{"damage":0,"enemies":"4 Shapes","floor":47,"turns":2},{"damage":0,"enemies":"3 Darklings","floor":48,"turns":2},{"damage":11,"enemies":"Time Eater","floor":50,"turns":8}],"seed_played":"2247752572993448526","potions_obtained":[{"floor":2.0,"key":"Dexterity Potion"},{"floor":4.0,"key":"PowerPotion"},{"floor":8.0,"key":"Ancient Potion"},{"floor":14.0,"key":"AttackPotion"},{"floor":16.0,"key":"LiquidMemories"},{"floor":18,"key":"SneckoOil"},{"floor":33,"key":"GamblersBrew"},{"floor":39,"key":"PowerPotion"}],"is_trial":false,"path_per_floor":["M","M","$","M","M","E","R","E","T","$","?","R","M","M","R","B",null,"M","M","?","$","M","E","R","E","T","R","?","?","$","M","R","B",null,"M","M","?","?","M","R","E","R","T","E","M","R","M","M","R","B",null],"character_chosen":"IRONCLAD","items_purchased":["Disarm","Inflame","Feel No Pain","Shrug It Off","Juggernaut"],"campfire_rested":3,"item_purchase_floors":[3,10,21,21,30],"current_hp_per_floor":[73,68,68,64,62,35,35,10,10,10,10,32,29,19,41,20,61,59,55,34,34,34,34,34,32,32,32,28,28,28,24,48,19,65,67,78,76,76,76,76,76,76,76,69,67,67,73,76,76,71],"gold":137,"neow_bonus":"RANDOM_COMMON_RELIC","is_daily":false,"chose_seed":false,"campfire_upgraded":7,"win_rate":0.0,"timestamp":1611762022,"path_taken":["M","M","?","M","M","E","R","E","T","$","?","R","?","M","R","BOSS","M","M","?","$","M","E","R","E","T","R","?","?","$","M","R","BOSS","M","M","?","?","M","R","E","R","T","E","M","R","?","M","R","BOSS"],"items_purchased_type":["Card","Card","Card","Card","Card"],"build_version":"2020-12-22","purchased_purges":1,"victory":true,"max_hp_per_floor":[75,75,75,75,75,75,75,75,75,75,75,75,75,75,75,75,75,75,75,80,80,80,80,80,80,80,80,80,80,80,80,80,80,80,80,80,76,76,76,76,76,76,76,76,76,76,76,76,76,76],"relic_stats":{"Lizard Tail":0,"counters":[27,117],"Sundial":[8],"Snecko Eye":[126,129,126,121],"Pandora\u0027s Box":["Havoc","Impervious","Cleave","Seeing Red","Evolve","Juggernaut","Flame Barrier"],"Bag of Preparation":[42],"Art of War":[1],"War Paint":["Defend_R","Defend_R"],"obtain_stats":[{"Potion Belt":6,"Lantern":0,"The Courier":26,"Bag of Preparation":9,"War Paint":8,"Bottled Tornado":28,"Burning Blood":0,"Akabeko":43,"Lizard Tail":28,"Sundial":25,"Snecko Eye":17,"Pandora\u0027s Box":34,"Molten Egg 2":44,"Red Mask":38,"Art of War":41,"StrikeDummy":23},{"Potion Belt":5,"Lantern":0,"The Courier":14,"Bag of Preparation":6,"War Paint":6,"Bottled Tornado":16,"Burning Blood":0,"Akabeko":22,"Lizard Tail":16,"Sundial":14,"Snecko Eye":9,"Pandora\u0027s Box":18,"Molten Egg 2":23,"Red Mask":20,"Art of War":22,"StrikeDummy":13},{"Potion Belt":18,"Lantern":0,"The Courier":64,"Bag of Preparation":28,"War Paint":28,"Bottled Tornado":72,"Burning Blood":0,"Akabeko":98,"Lizard Tail":72,"Sundial":64,"Snecko Eye":47,"Pandora\u0027s Box":81,"Molten Egg 2":101,"Red Mask":87,"Art of War":98,"StrikeDummy":60}],"Burning Blood":144},"card_choices":[{"not_picked":["Twin Strike","Reckless Charge"],"picked":"Thunderclap","floor":1.0},{"not_picked":["Rupture","Heavy Blade"],"picked":"True Grit","floor":2.0},{"not_picked":["Armaments","Feel No Pain"],"picked":"Corruption","floor":4.0},{"not_picked":["Reckless Charge","Anger"],"picked":"Hemokinesis","floor":5.0},{"not_picked":["Searing Blow","Pommel Strike"],"picked":"Flame Barrier","floor":6.0},{"not_picked":["Armaments","Iron Wave"],"picked":"Spot Weakness","floor":8.0},{"not_picked":["Body Slam","Cleave"],"picked":"Whirlwind","floor":13.0},{"not_picked":["Evolve","Cleave","True Grit"],"picked":"SKIP","floor":14.0},{"not_picked":["Immolate","Bludgeon"],"picked":"Offering","floor":16.0},{"not_picked":["Thunderclap+1","Battle Trance"],"picked":"Whirlwind+1","floor":18},{"not_picked":["Thunderclap","Headbutt"],"picked":"Armaments+1","floor":19},{"not_picked":["Havoc","Headbutt"],"picked":"Uppercut+1","floor":22},{"not_picked":["Seeing Red","Thunderclap","Wild Strike"],"picked":"SKIP","floor":23},{"not_picked":["Metallicize","Burning Pact"],"picked":"Flame Barrier","floor":25},{"not_picked":["Sword Boomerang","Dropkick"],"picked":"Body Slam","floor":28},{"not_picked":["Evolve","Havoc","Body Slam+1"],"picked":"SKIP","floor":31},{"not_picked":["Impervious","Corruption"],"picked":"Reaper","floor":33},{"not_picked":["Headbutt","Clash","Perfected Strike"],"picked":"SKIP","floor":35},{"not_picked":["Thunderclap+1","Body Slam"],"picked":"Sentinel","floor":36},{"not_picked":["Burning Pact","Heavy Blade","Twin Strike"],"picked":"SKIP","floor":39},{"not_picked":["Armaments","Sword Boomerang"],"picked":"True Grit+1","floor":41},{"not_picked":["Rupture","Searing Blow+1"],"picked":"Armaments+1","floor":44},{"not_picked":["Intimidate","Flex+1"],"picked":"Armaments+1","floor":45},{"not_picked":["Flex+1","Body Slam+1","Searing Blow+1"],"picked":"SKIP","floor":47},{"not_picked":["Hemokinesis+1","Armaments","Anger+1"],"picked":"SKIP","floor":48}],"player_experience":553640,"relics_obtained":[{"floor":6.0,"key":"Potion Belt"},{"floor":8.0,"key":"War Paint"},{"floor":9.0,"key":"Bag of Preparation"},{"floor":23,"key":"StrikeDummy"},{"floor":25,"key":"Sundial"},{"floor":26,"key":"The Courier"},{"floor":28,"key":"Lizard Tail"},{"floor":28,"key":"Bottled Tornado"},{"floor":41,"key":"Art of War"},{"floor":43,"key":"Akabeko"},{"floor":44,"key":"Molten Egg 2"}],"event_choices":[{"damage_healed":0.0,"max_hp_gain":0.0,"max_hp_loss":0.0,"gold_gain":0.0,"event_name":"Upgrade Shrine","player_choice":"Upgraded","floor":11.0,"gold_loss":0.0,"damage_taken":0.0,"cards_upgraded":["True Grit"]},{"damage_healed":0,"gold_gain":0,"player_choice":"Shed Blood","damage_taken":26,"max_hp_gain":5,"max_hp_loss":0,"event_name":"Forgotten Altar","floor":20,"gold_loss":0},{"damage_healed":0,"gold_gain":0,"player_choice":"Fight","damage_taken":0,"max_hp_gain":0,"max_hp_loss":0,"event_name":"Colosseum","floor":28,"gold_loss":0},{"damage_healed":0,"gold_gain":0,"player_choice":"Fought Nobs","damage_taken":0,"max_hp_gain":0,"max_hp_loss":0,"event_name":"Colosseum","floor":28,"gold_loss":0},{"cards_removed":["Strike_R"],"damage_healed":0,"gold_gain":0,"player_choice":"Gave Gold","damage_taken":0,"max_hp_gain":0,"max_hp_loss":0,"event_name":"Beggar","floor":29,"gold_loss":75},{"damage_healed":0,"gold_gain":0,"player_choice":"Max HP","damage_taken":0,"max_hp_gain":0,"max_hp_loss":4,"event_name":"Winding Halls","floor":37,"gold_loss":0},{"damage_healed":0,"gold_gain":0,"player_choice":"Paid","damage_taken":0,"relics_obtained":["Red Mask"],"max_hp_gain":0,"max_hp_loss":0,"event_name":"Tomb of Lord Red Mask","floor":38,"gold_loss":136}],"is_beta":false,"boss_relics":[{"not_picked":["Empty Cage","Cursed Key"],"picked":"Snecko Eye"},{"not_picked":["Philosopher\u0027s Stone","Mark of Pain"],"picked":"Pandora\u0027s Box"}],"items_purged_floors":[3],"is_endless":false,"potions_floor_spawned":[2,4,8,14,16,18,25,33,39,41,44,47],"ascension_level":19}}