{"host":"49c2zf0lajbcs427","time":1611732142,"event":{"mods":["AchievementEnabler","BaseMod","Colored Map","Colored Powertips","Highlight Path","Key Reminder","Minty Spire (QoL Compilation)","Relic Stats","StSLib"],"gold_per_floor":[116,116,116,116,131,131,155,196,196,229,250,250,268,7,7,135,135,150,168,115,140,71,71,112,128,128,153,153,153,153],"floor_reached":29,"language":"ENG","playtime":1537,"items_purged":[],"score":381,"play_id":"3f741d59-7686-4cc8-91bd-dd3350d68241","local_time":"20210127202222","is_ascension_mode":true,"campfire_choices":[{"data":"Coolheaded","floor":6.0,"key":"SMITH"},{"floor":12,"key":"REST"},{"data":"Biased Cognition","floor":15,"key":"SMITH"},{"data":"Seek","floor":23,"key":"SMITH"},{"floor":28,"key":"DIG"}],"circlet_count":0,"master_deck":["Strike_B","Strike_B","Strike_B+1","Strike_B","Defend_B","Defend_B","Defend_B","Defend_B","Zap+1","Dualcast+1","Doom and Gloom","Coolheaded+1","Biased Cognition+1","Seek+1","Glacier","Darkness","Echo Form","Hologram","Loop","Multi-Cast","Reinforced Body","Go for the Eyes","Coolheaded","Loop","Chill","Hologram"],"relics":["Velvet Choker","Golden Idol","Shovel","Cables","Art of War","OrangePellets","Coffee Dripper","Darkstone Periapt","Gremlin Horn","Smiling Mask"],"acts_visited":["Exordium","TheCity"],"potions_floor_usage":[16,24,24,27,29,29],"damage_taken":[{"damage":0.0,"enemies":"Small Slimes","floor":1.0,"turns":3.0},{"damage":0.0,"enemies":"2 Louse","floor":5.0,"turns":1.0},{"damage":0.0,"enemies":"Cultist","floor":7.0,"turns":3.0},{"damage":14.0,"enemies":"Gremlin Nob","floor":8.0,"turns":4.0},{"damage":5,"enemies":"3 Sentries","floor":10,"turns":3},{"damage":8,"enemies":"Lots of Slimes","floor":11,"turns":2},{"damage":11,"enemies":"3 Louse","floor":13,"turns":2},{"damage":0,"enemies":"Hexaghost","floor":16,"turns":5},{"damage":0,"enemies":"Spheric Guardian","floor":18,"turns":3},{"damage":4,"enemies":"Shell Parasite","floor":19,"turns":5},{"damage":5,"enemies":"Centurion and Healer","floor":21,"turns":6},{"damage":22,"enemies":"Slavers","floor":24,"turns":3},{"damage":2,"enemies":"Sentry and Sphere","floor":25,"turns":4},{"damage":8,"enemies":"Snecko","floor":27,"turns":4},{"damage":25,"enemies":"Gremlin Leader","floor":29,"turns":7}],"seed_played":"-6238323239557975030","potions_obtained":[{"floor":10,"key":"PotionOfCapacity"},{"floor":13,"key":"Dexterity Potion"},{"floor":16,"key":"Explosive Potion"},{"floor":19,"key":"EssenceOfDarkness"},{"floor":25,"key":"SpeedPotion"},{"floor":27,"key":"PotionOfCapacity"}],"is_trial":false,"path_per_floor":["M","?","?","?","M","R","M","E","T","E","M","R","M","$","R","B",null,"M","M","$","M","$","R","E","M","T","M","R","E"],"character_chosen":"DEFECT","items_purchased":["OrangePellets","Hologram","Loop","Coolheaded","Loop"],"campfire_rested":1,"item_purchase_floors":[14,14,14,20,22],"current_hp_per_floor":[75,60,42,42,42,42,42,28,28,23,15,37,26,26,26,26,63,63,59,59,54,54,54,32,30,30,22,22,0,0],"gold":153,"neow_bonus":"BOSS_RELIC","is_daily":false,"chose_seed":false,"campfire_upgraded":3,"win_rate":0.0,"timestamp":1611732142,"path_taken":["M","?","?","?","M","R","?","E","T","E","M","R","M","$","R","BOSS","M","M","?","M","$","R","E","M","T","M","R","E"],"items_purchased_type":["Relic","Card","Card","Card","Card"],"build_version":"2020-12-22","purchased_purges":0,"victory":false,"max_hp_per_floor":[75,75,75,75,75,75,75,75,75,75,75,75,75,75,75,75,75,75,75,75,75,75,75,75,75,75,75,75,75,75],"relic_stats":{"Darkstone Periapt":0,"OrangePellets":[11],"Shovel":1,"Gremlin Horn":[2,2],"counters":[15,55],"Golden Idol":85,"Art of War":[6],"Smiling Mask":0,"obtain_stats":[{"Darkstone Periapt":24,"OrangePellets":14,"Shovel":8,"Gremlin Horn":26,"Golden Idol":3,"Velvet Choker":0,"Art of War":10,"Coffee Dripper":17,"Cracked Core":0,"Smiling Mask":28,"Cables":9},{"Darkstone Periapt":12,"OrangePellets":7,"Shovel":4,"Gremlin Horn":13,"Golden Idol":1,"Velvet Choker":0,"Art of War":5,"Coffee Dripper":8,"Cracked Core":0,"Smiling Mask":14,"Cables":4},{"Darkstone Periapt":40,"OrangePellets":18,"Shovel":11,"Gremlin Horn":44,"Golden Idol":3,"Velvet Choker":0,"Art of War":14,"Coffee Dripper":23,"Cracked Core":0,"Smiling Mask":48,"Cables":11}],"Cables":[33,7,13,13,0]},"card_choices":[{"not_picked":["Hologram","Conserve Battery"],"picked":"Doom and Gloom","floor":1.0},{"not_picked":["Cold Snap","Barrage"],"picked":"Coolheaded","floor":5.0},{"not_picked":["Rebound","Beam Cell"],"picked":"Biased Cognition","floor":7.0},{"not_picked":["Fusion","Beam Cell"],"picked":"Seek","floor":8.0},{"not_picked":["Streamline","Blizzard"],"picked":"Glacier","floor":10},{"not_picked":["Chaos","Capacitor"],"picked":"Darkness","floor":11},{"not_picked":["Compile Driver","Streamline"],"picked":"Echo Form","floor":13},{"not_picked":["Seek","Reboot"],"picked":"Multi-Cast","floor":16},{"not_picked":["Beam Cell","Ball Lightning"],"picked":"Reinforced Body","floor":18},{"not_picked":["BootSequence","Streamline"],"picked":"Go for the Eyes","floor":19},{"not_picked":["Doom and Gloom","Reprogram","Sweeping Beam"],"picked":"SKIP","floor":21},{"not_picked":["Chaos+1","Blizzard"],"picked":"Chill","floor":24},{"not_picked":["Gash","Fusion","Scrape"],"picked":"SKIP","floor":25},{"not_picked":["Storm+1","Tempest"],"picked":"Hologram","floor":27}],"player_experience":2371348,"relics_obtained":[{"floor":8.0,"key":"Shovel"},{"floor":9.0,"key":"Cables"},{"floor":10,"key":"Art of War"},{"floor":24,"key":"Darkstone Periapt"},{"floor":26,"key":"Gremlin Horn"},{"floor":28,"key":"Smiling Mask"}],"event_choices":[{"damage_healed":0.0,"max_hp_gain":0.0,"max_hp_loss":0.0,"gold_gain":0.0,"event_name":"Shining Light","player_choice":"Entered Light","floor":2.0,"gold_loss":0.0,"damage_taken":15.0,"cards_upgraded":["Dualcast","Strike_B"]},{"damage_healed":0.0,"max_hp_gain":0.0,"max_hp_loss":0.0,"gold_gain":0.0,"event_name":"Golden Idol","player_choice":"Take Damage","floor":3.0,"gold_loss":0.0,"damage_taken":18.0,"relics_obtained":["Golden Idol"]},{"damage_healed":0.0,"max_hp_gain":0.0,"max_hp_loss":0.0,"gold_gain":0.0,"event_name":"Upgrade Shrine","player_choice":"Upgraded","floor":4.0,"gold_loss":0.0,"damage_taken":0.0,"cards_upgraded":["Zap"]}],"is_beta":false,"boss_relics":[{"not_picked":["Busted Crown","Sozu"],"picked":"Coffee Dripper"}],"items_purged_floors":[],"is_endless":false,"potions_floor_spawned":[10,13,16,19,25,27],"killed_by":"Gremlin Leader","ascension_level":5}}