{"host":"qg654vxoo1kzp6cj","time":1611713908,"event":{"mods":["100% Spire Juice","2.2 Compatiblity","Act Like it!","Aspiration","BaseMod","Better Altar","Better Skull","Better Third Choice","Better Vampires","Displayed Cursed Tome","Downfall","Elementarium","Gensokyo","GifTheSpireLib","Hallownest","HololiveMod","Hubris","Ironclad Rager","Menagerie","Minty Spire (QoL Compilation)","MostiFishMod","Pale of the Ancients","Reliquary","Replay The Spire","Spicy Shops","StSLib","Stuff the Spire","The Animator","The Bug Knight","The Runesmith","The Senshi","The Servant 0.9.4","TheHero","Wandering Minibosses","WarShipGirlsR/????R mod"],"gold_per_floor":[99,119,129,129,141,126,152,152,152,137,137,169,169,293,303,406,406,406,426,386,0,0,0,27,40,55,66,194,194,194,74,91,193,193,193,211,211,230,230,242,269,286,386,386,401,533,552,552,566,566],"floor_reached":51,"language":"ENG","playtime":2382,"items_purged":[],"score":787,"play_id":"64ef87bd-0cdc-499a-b37a-991cb1bcf0d0","local_time":"20210126211828","is_ascension_mode":false,"campfire_choices":[{"data":"Slimebound:Split","floor":1,"key":"SMITH"},{"data":"Slimebound:SplitBruiser","floor":8,"key":"SMITH"},{"data":"Slimebound:Repurpose","floor":11,"key":"SMITH"},{"floor":18,"key":"DIG"},{"floor":30,"key":"REST"},{"floor":35,"key":"RECALL"}],"circlet_count":0,"master_deck":["Slimebound:Strike_Slimebound","Slimebound:Defend_Slimebound","Slimebound:Defend_Slimebound","Slimebound:Defend_Slimebound","Slimebound:Defend_Slimebound","Slimebound:Split+1","Slimebound:CorrosiveSpit+1","Slimebound:DisruptingSlam+1","Slimebound:SplitLeeching","Slimebound:SplitBruiser+1","Slimebound:DisruptingSlam+1","Pain","Slimebound:Repurpose+1","Slimebound:TagTeam+1","Slimebound:WasteNot","Slimebound:Schlurp","Slimebound:Recycling","Slimebound:PressTheAttack+1","Slimebound:MinionMaster","Slimebound:SplitMire+1","Slimebound:Repurpose","Slimebound:SplitAcid+1","Slimebound:Teamwork","Slimebound:Teamwork","Slimebound:SelfFormingGoo","Slimebound:LivingWall+1","Slimebound:GoopSpray+1","Slimebound:SelfFormingGoo","Slimebound:Equalize+1","Slimebound:Darklings","Slimebound:SlimeBarrage+1","StuffTheSpire:CelestialWarden","Slimebound:LevelUp"],"relics":["Slimebound:AbsorbEndCombatUpgraded","DaveBox","NeowsBlessing","EGODaCapo","reliquary:ExpiredCoupon","Gensokyo:LunaticRedEyes","StuffTheSpire:TintedRock","hubris:Towel","SynthV:C4","aspiration:PoetsPen","Replay:WaspNest","HollowMod:StagPassRelic","Gensokyo:LionMask","Juzu Bracelet","FossilizedHelix","Toy Ornithopter"],"acts_visited":["Exordium","Gensokyo:Gensokyo","Gensokyo:Gensokyoer"],"potions_floor_usage":[14,16,22,27,28,33,43,50],"damage_taken":[{"damage":0,"enemies":"Gensokyo:Gryphon","floor":2,"turns":1},{"damage":0,"enemies":"Gensokyo:3_Fairies","floor":3,"turns":1},{"damage":0,"enemies":"Gensokyo:2_Kodama","floor":5,"turns":1},{"damage":5,"enemies":"downfall:FleeingMerchant","floor":6,"turns":4},{"damage":7,"enemies":"downfall:FleeingMerchant","floor":10,"turns":4},{"damage":4,"enemies":"Gensokyo:Aya","floor":12,"turns":6},{"damage":1,"enemies":"Gensokyo:Cirno","floor":14,"turns":5},{"damage":0,"enemies":"Gensokyo:VengefulSpirit","floor":15,"turns":3},{"damage":30,"enemies":"WA_ARCHETYPE_RETAIN","floor":16,"turns":9},{"damage":14,"enemies":"Gensokyo:Chomper","floor":19,"turns":3},{"damage":18,"enemies":"downfall:FleeingMerchant","floor":22,"turns":4},{"damage":15,"enemies":"Gensokyo:AngelMirror","floor":25,"turns":2},{"damage":0,"enemies":"Gensokyo:Wraith","floor":26,"turns":4},{"damage":0,"enemies":"Gensokyo:3_Gloops","floor":27,"turns":3},{"damage":19,"enemies":"Gensokyo:Koishi","floor":28,"turns":5},{"damage":12,"enemies":"Gensokyo:Mirror_and_Dog","floor":32,"turns":4},{"damage":13,"enemies":"IC_MUSHROOM_ARCHETYPE","floor":33,"turns":5},{"damage":22,"enemies":"Gensokyo:AncientGuardian","floor":36,"turns":5},{"damage":0,"enemies":"Gensokyo:3_Boulders","floor":38,"turns":2},{"damage":3,"enemies":"Gensokyo:Sharpion","floor":40,"turns":4},{"damage":4,"enemies":"Gensokyo:Dusk_and_Dawn","floor":42,"turns":4},{"damage":16,"enemies":"Gensokyo:Marisa","floor":43,"turns":4},{"damage":0,"enemies":"Gensokyo:AtlasGolem","floor":45,"turns":4},{"damage":16,"enemies":"Gensokyo:Doremy","floor":46,"turns":6},{"damage":0,"enemies":"Gensokyo:4_Bats","floor":47,"turns":3},{"damage":12,"enemies":"Gensokyo:Dusk_and_Dawn","floor":49,"turns":3},{"damage":93,"enemies":"DF_ARCHETYPE_ORBS","floor":50,"turns":9}],"seed_played":"-8784417643244115891","potions_obtained":[{"floor":2,"key":"Explosive Potion"},{"floor":14,"key":"FairyPotion"},{"floor":15,"key":"Slimebound:SlimyTonguePotion"},{"floor":16,"key":"Adrenaline Potion"},{"floor":25,"key":"Explosive Potion"},{"floor":26,"key":"champ:CounterPotion"},{"floor":32,"key":"Weak Potion"},{"floor":36,"key":"Dexterity Potion"},{"floor":38,"key":"Swift Potion"},{"floor":49,"key":"Regen Potion"}],"is_trial":false,"path_per_floor":["R","M","M","?","M","$","T","R","?","$","R","E","?","E","M","B",null,"R","M","?","?","$","?","T","M","M","M","E","?","R","?","M","B",null,"R","M","?","M","?","M","T","M","E","?","M","E","M","?","M","B",null],"character_chosen":"SLIMEBOUND","items_purchased":[],"campfire_rested":1,"item_purchase_floors":[],"current_hp_per_floor":[65,65,65,65,65,60,60,60,60,59,59,59,59,58,60,36,65,65,54,54,54,40,43,43,30,34,42,29,29,48,48,38,33,65,65,46,53,53,53,56,56,52,39,42,45,50,65,65,59,7],"gold":566,"neow_bonus":"THREE_ENEMY_KILL","is_daily":false,"chose_seed":false,"campfire_upgraded":3,"win_rate":0.0,"timestamp":1611713908,"path_taken":["R","M","M","?","?","?","T","R","?","$","R","E","?","E","M","BOSS","R","M","?","?","$","?","T","M","?","M","E","?","R","?","M","BOSS","R","M","?","?","?","M","T","M","E","?","M","E","M","?","M","BOSS"],"items_purchased_type":[],"build_version":"2020-12-22","purchased_purges":0,"victory":true,"max_hp_per_floor":[65,65,65,65,65,65,65,65,65,65,65,65,65,65,65,65,65,65,65,65,65,65,65,65,65,65,65,65,65,65,65,65,65,65,65,65,65,65,65,65,65,65,65,65,65,65,65,65,65,65],"card_choices":[{"not_picked":["Slimebound:SpikyOuterGoop","Slimebound:LeechingTouch"],"picked":"Slimebound:DisruptingSlam","floor":2},{"not_picked":["Slimebound:Gluttony","Slimebound:LivingWall"],"picked":"Slimebound:SplitLeeching","floor":3},{"not_picked":["Slimebound:LeechEnergy","Slimebound:SamplingLick"],"picked":"Slimebound:SplitBruiser","floor":5},{"not_picked":["Slimebound:GrowthPunch","Slimebound:FlameTackle"],"picked":"Slimebound:DisruptingSlam","floor":6},{"not_picked":["Slimebound:SplitLeeching","Slimebound:SplitBruiser"],"picked":"Slimebound:Repurpose","floor":10},{"not_picked":["Slimebound:SlimeBrawl","Slimebound:SplitMire"],"picked":"Slimebound:TagTeam","floor":12},{"not_picked":["Slimebound:SamplingLick","Slimebound:FlameTackle"],"picked":"Slimebound:WasteNot","floor":14},{"not_picked":["Slimebound:HauntingLick","Slimebound:GoopTackle"],"picked":"Slimebound:Schlurp","floor":15},{"not_picked":["Slimebound:LeechLife","Slimebound:WasteNot"],"picked":"Slimebound:Recycling","floor":16},{"not_picked":["Slimebound:SplitBruiser","Slimebound:ItLooksTasty"],"picked":"Slimebound:PressTheAttack","floor":19},{"not_picked":["Slimebound:DivideAndConquer","Slimebound:GoopSpray"],"picked":"Slimebound:MinionMaster","floor":22},{"not_picked":["Slimebound:RainOfGoop+1","Slimebound:SlimeTap"],"picked":"Slimebound:SplitMire+1","floor":25},{"not_picked":["Slimebound:SamplingLick","Slimebound:SplitMire"],"picked":"Slimebound:Repurpose","floor":26},{"not_picked":["Slimebound:GoopSpray","Slimebound:GoopTackle"],"picked":"Slimebound:SplitAcid+1","floor":27},{"not_picked":["Slimebound:Repurpose","Slimebound:Recollect"],"picked":"Slimebound:Teamwork","floor":28},{"not_picked":["Slimebound:SamplingLick","Slimebound:HauntingLick"],"picked":"Slimebound:Teamwork","floor":32},{"not_picked":["Slimebound:OozeBath","Slimebound:SlimeSlap"],"picked":"Slimebound:SelfFormingGoo","floor":33},{"not_picked":["Slimebound:Dissolve","Slimebound:DisruptingSlam+1"],"picked":"Slimebound:LivingWall+1","floor":36},{"not_picked":["Slimebound:SplitBruiser","Slimebound:SpikyOuterGoop"],"picked":"Slimebound:GoopSpray+1","floor":38},{"not_picked":["Slimebound:Chomp","Slimebound:Repurpose+1"],"picked":"Slimebound:SelfFormingGoo","floor":40},{"not_picked":["Slimebound:ServeAndProtect+1","Slimebound:FinishingTackle","Slimebound:FlameTackle+1"],"picked":"SKIP","floor":42},{"not_picked":["Slimebound:ComboTackle","Slimebound:SlimeBrawl"],"picked":"Slimebound:Equalize+1","floor":43},{"not_picked":["Slimebound:RollThrough+1","Slimebound:FinishingTackle+1"],"picked":"Slimebound:Darklings","floor":45},{"not_picked":["Slimebound:SplitLeeching","Slimebound:Recollect+1"],"picked":"Slimebound:SlimeBarrage+1","floor":46},{"not_picked":["Slimebound:ServeAndProtect+1","Slimebound:ComboTackle","Slimebound:ItLooksTasty+1"],"picked":"SKIP","floor":47},{"not_picked":["StuffTheSpire:BrainWave","StuffTheSpire:Innocence"],"picked":"StuffTheSpire:CelestialWarden","floor":48},{"not_picked":["Slimebound:DisruptingSlam","Slimebound:SamplingLick+1"],"picked":"Slimebound:LevelUp","floor":49}],"player_experience":839621,"relics_obtained":[{"floor":7,"key":"reliquary:ExpiredCoupon"},{"floor":12,"key":"StuffTheSpire:TintedRock"},{"floor":14,"key":"SynthV:C4"},{"floor":18,"key":"Replay:WaspNest"},{"floor":24,"key":"Guardian:PocketSentry"},{"floor":28,"key":"HollowMod:StagPassRelic"},{"floor":41,"key":"Juzu Bracelet"},{"floor":43,"key":"FossilizedHelix"},{"floor":46,"key":"Toy Ornithopter"}],"event_choices":[{"damage_healed":3,"gold_gain":0,"player_choice":"LEAVE ","damage_taken":0,"relics_obtained":[],"max_hp_gain":0,"max_hp_loss":0,"event_name":"betterSkull:BetterSkull","floor":23,"gold_loss":0,"cards_upgraded":[]},{"damage_healed":3,"gold_gain":0,"player_choice":"LEAVE ","damage_taken":0,"relics_obtained":[],"max_hp_gain":0,"max_hp_loss":0,"event_name":"betterSkull:BetterSkull","floor":44,"gold_loss":0,"cards_upgraded":[]}],"is_beta":false,"boss_relics":[{"not_picked":["GreenFoldingFan","Hololive_Finger"],"picked":"aspiration:PoetsPen"},{"not_picked":["Fusion Hammer","ReplayTheSpireMod:DimensionalGlitch"],"picked":"Slimebound:AbsorbEndCombatUpgraded"}],"items_purged_floors":[],"is_endless":false,"potions_floor_spawned":[2,14,15,16,25,26,32,36,38,49],"ascension_level":0}}