{"host":"f5n4tidiz2n5sooh","time":1611746263,"event":{"mods":["BaseMod","Colored Map","Minty Spire (QoL Compilation)","Relic Stats","Slay the Relics Exporter","StSLib"],"gold_per_floor":[117,129,143,143,143,143,170,170,197,197,225,245,259,273,273,273,273],"floor_reached":16,"language":"ENG","playtime":535,"items_purged":[],"score":224,"play_id":"8e6029c8-30eb-45c3-b054-4b11955b217a","local_time":"20210127051743","is_ascension_mode":true,"campfire_choices":[{"data":"Rip and Tear","floor":6,"key":"SMITH"},{"data":"Compile Driver","floor":8,"key":"SMITH"},{"data":"Self Repair","floor":10,"key":"SMITH"},{"data":"Biased Cognition","floor":15,"key":"SMITH"}],"circlet_count":0,"master_deck":["AscendersBane","Strike_B","Strike_B","Strike_B","Defend_B","Defend_B","Defend_B","Defend_B","Zap","Dualcast","Rip and Tear+1","Self Repair+1","Hello World","Compile Driver+1","Biased Cognition+1","Doom and Gloom","Compile Driver"],"relics":["Cracked Core","CaptainsWheel","Centennial Puzzle","Pen Nib","Pear"],"acts_visited":["Exordium"],"potions_floor_usage":[12,13,16],"damage_taken":[{"damage":0,"enemies":"2 Louse","floor":1,"turns":4},{"damage":4,"enemies":"Jaw Worm","floor":2,"turns":3},{"damage":6,"enemies":"Cultist","floor":3,"turns":3},{"damage":16,"enemies":"Lagavulin","floor":7,"turns":6},{"damage":35,"enemies":"3 Sentries","floor":11,"turns":7},{"damage":23,"enemies":"Exordium Wildlife","floor":12,"turns":4},{"damage":5,"enemies":"Lots of Slimes","floor":13,"turns":2},{"damage":2,"enemies":"3 Louse","floor":14,"turns":2},{"damage":34,"enemies":"Hexaghost","floor":16,"turns":7}],"seed_played":"-1080736011877219823","potions_obtained":[{"floor":1,"key":"Weak Potion"},{"floor":11,"key":"Weak Potion"},{"floor":13,"key":"CultistPotion"}],"is_trial":false,"path_per_floor":["M","M","M","?","?","R","E","R","T","R","E","M","M","M","R","B"],"character_chosen":"DEFECT","items_purchased":[],"campfire_rested":0,"item_purchase_floors":[],"current_hp_per_floor":[64,60,54,54,54,54,45,45,45,45,30,17,22,30,30,0,0],"gold":273,"neow_bonus":"ONE_RARE_RELIC","is_daily":false,"chose_seed":false,"campfire_upgraded":4,"win_rate":0.0,"timestamp":1611746263,"path_taken":["M","M","M","?","?","R","E","R","T","R","E","M","?","M","R","BOSS"],"items_purchased_type":[],"build_version":"2020-12-22","purchased_purges":0,"victory":false,"max_hp_per_floor":[64,64,64,64,64,64,64,64,64,64,74,74,74,74,74,74,74],"relic_stats":{"Centennial Puzzle":[15],"counters":[9,38],"Pen Nib":[3],"obtain_stats":[{"CaptainsWheel":0,"Centennial Puzzle":7,"Pear":11,"Pen Nib":9,"Cracked Core":0},{"CaptainsWheel":0,"Centennial Puzzle":4,"Pear":5,"Pen Nib":4,"Cracked Core":0},{"CaptainsWheel":0,"Centennial Puzzle":16,"Pear":23,"Pen Nib":16,"Cracked Core":0}]},"card_choices":[{"not_picked":["Reinforced Body","Streamline"],"picked":"Rip and Tear","floor":1},{"not_picked":["Conserve Battery","Double Energy","Hello World"],"picked":"SKIP","floor":2},{"not_picked":["Leap","Streamline"],"picked":"Self Repair","floor":3},{"not_picked":["Rip and Tear","Barrage"],"picked":"Compile Driver","floor":7},{"not_picked":["Loop","Genetic Algorithm"],"picked":"Biased Cognition","floor":11},{"not_picked":["Stack","Sweeping Beam"],"picked":"Doom and Gloom","floor":12},{"not_picked":["Melter","Aggregate","Barrage"],"picked":"SKIP","floor":13},{"not_picked":["Barrage","Hello World"],"picked":"Compile Driver","floor":14}],"player_experience":2035002,"relics_obtained":[{"floor":7,"key":"Centennial Puzzle"},{"floor":9,"key":"Pen Nib"},{"floor":11,"key":"Pear"}],"event_choices":[{"damage_healed":0,"gold_gain":0,"player_choice":"Ignored","damage_taken":0,"max_hp_gain":0,"max_hp_loss":0,"event_name":"Liars Game","floor":4,"gold_loss":0},{"damage_healed":0,"gold_gain":0,"cards_transformed":["Strike_B"],"player_choice":"Transformed","damage_taken":0,"max_hp_gain":0,"max_hp_loss":0,"event_name":"Transmorgrifier","floor":5,"gold_loss":0,"cards_obtained":["Hello World"]}],"is_beta":false,"boss_relics":[],"items_purged_floors":[],"is_endless":false,"potions_floor_spawned":[1,11,13],"killed_by":"Hexaghost","ascension_level":20}}