{"host":"dm4yvegl9um2tlqd","time":1611753728,"event":{"mods":["2.2 Compatiblity","AchievementEnabler","BaseMod","Colored Map","DeckTracker","Highlight Path","KOR Keyword Fix","Keyboard Shortcuts","Minty Spire (QoL Compilation)","Permanent Neow","Quick Restart","Random Character Button","StSLib","SuperFastMode","everything is the same but u backflip on backflip"],"gold_per_floor":[115,127,302,312,53,53,81,157,183,225,187,199,230,270,282,395,407,432,543,567,593,619,663,675,612,624,636,648,689,701,747,759,867,879,901,571,571,591,641,641,660,695,695,695,695,695,721,520,520,520],"floor_reached":51,"language":"KOR","playtime":2282,"items_purged":["Strike_R","Iron Wave+1","Defend_R"],"score":1274,"play_id":"74f90efd-43c2-4984-b521-8b61c2be0fd4","local_time":"20210127222208","is_ascension_mode":true,"campfire_choices":[{"data":"Hemokinesis","floor":6.0,"key":"SMITH"},{"data":"Fire Breathing","floor":12,"key":"SMITH"},{"data":"Burning Pact","floor":15,"key":"SMITH"},{"data":"Immolate","floor":24,"key":"SMITH"},{"data":"Pommel Strike","floor":28,"key":"SMITH"},{"data":"Power Through","floor":32,"key":"SMITH"},{"data":"Immolate","floor":40,"key":"SMITH"},{"data":"Shrug It Off","floor":44,"key":"SMITH"},{"floor":49,"key":"REST"}],"circlet_count":0,"master_deck":["Defend_R","Defend_R","Defend_R","Fire Breathing+1","Second Wind","Burning Pact+1","Shrug It Off+1","Hemokinesis+1","Power Through+1","Pommel Strike+1","Disarm+1","Impervious+1","Burning Pact+1","Disarm+1","Warcry+1","Immolate+1","Decay","Shrug It Off+1","Immolate+1","Twin Strike+1","Offering+1","Power Through+1","Secret Technique+1","Warcry+1","Offering+1","Rupture","Evolve"],"relics":["Burning Blood","Pocketwatch","MawBank","Toxic Egg 2","Gremlin Horn","Runic Cube","Art of War","Anchor","MealTicket","Self Forming Clay","Astrolabe","Charon\u0027s Ashes","Orichalcum","Pen Nib","White Beast Statue"],"acts_visited":["Exordium","TheCity","TheBeyond"],"potions_floor_usage":[10,50,50,50],"damage_taken":[{"damage":15.0,"enemies":"Small Slimes","floor":1.0,"turns":4.0},{"damage":23.0,"enemies":"Jaw Worm","floor":2.0,"turns":7.0},{"damage":6.0,"enemies":"2 Louse","floor":4.0,"turns":3.0},{"damage":6.0,"enemies":"Lagavulin","floor":7.0,"turns":4.0},{"damage":7,"enemies":"Gremlin Nob","floor":10,"turns":3},{"damage":4,"enemies":"Looter","floor":13,"turns":4},{"damage":4,"enemies":"Lagavulin","floor":14,"turns":5},{"damage":4,"enemies":"Slime Boss","floor":16,"turns":6},{"damage":13,"enemies":"Shell Parasite","floor":18,"turns":7},{"damage":4,"enemies":"Chosen","floor":20,"turns":6},{"damage":21,"enemies":"Centurion and Healer","floor":21,"turns":8},{"damage":2,"enemies":"Cultist and Chosen","floor":22,"turns":5},{"damage":11,"enemies":"Book of Stabbing","floor":23,"turns":7},{"damage":4,"enemies":"Gremlin Leader","floor":29,"turns":4},{"damage":6,"enemies":"Book of Stabbing","floor":31,"turns":6},{"damage":29,"enemies":"Automaton","floor":33,"turns":9},{"damage":6,"enemies":"3 Darklings","floor":35,"turns":4},{"damage":6,"enemies":"3 Shapes","floor":38,"turns":4},{"damage":6,"enemies":"Mind Bloom Boss Battle","floor":39,"turns":9},{"damage":19,"enemies":"Jaw Worm Horde","floor":41,"turns":3},{"damage":23,"enemies":"Nemesis","floor":42,"turns":7},{"damage":37,"enemies":"Giant Head","floor":47,"turns":11},{"damage":42,"enemies":"Awakened One","floor":50,"turns":12}],"seed_played":"-462283800192551990","potions_obtained":[{"floor":2.0,"key":"DistilledChaos"},{"floor":4.0,"key":"PowerPotion"},{"floor":7,"key":"Weak Potion"},{"floor":14,"key":"AttackPotion"}],"is_trial":false,"path_per_floor":["M","M","?","M","$","R","E","?","T","E","?","R","M","E","R","B",null,"M","?","M","M","M","E","R","?","T","?","R","E","?","E","R","B",null,"M","$","?","M","?","R","M","E","T","R","?","?","E","$","R","B",null],"character_chosen":"IRONCLAD","items_purchased":["Shrug It Off","Hemokinesis","Fire Potion","Secret Technique+1","Warcry+1","Evolve"],"campfire_rested":1,"item_purchase_floors":[5,5,5,36,36,48],"current_hp_per_floor":[42,25,25,25,25,25,25,25,25,24,24,24,26,28,28,30,68,61,61,63,48,52,47,47,47,47,47,47,49,49,49,49,26,67,67,80,76,76,76,76,63,46,46,46,41,41,10,25,47,11],"gold":520,"neow_bonus":"ONE_RARE_RELIC","is_daily":false,"chose_seed":false,"campfire_upgraded":8,"win_rate":0.0,"timestamp":1611753728,"path_taken":["M","M","?","M","$","R","E","?","T","E","?","R","M","E","R","BOSS","M","?","M","M","M","E","R","?","T","?","R","E","?","E","R","BOSS","M","$","?","M","?","R","M","E","T","R","?","?","E","$","R","BOSS"],"items_purchased_type":["Card","Card","Potion","Card","Card","Card"],"build_version":"2020-12-22","purchased_purges":3,"victory":true,"max_hp_per_floor":[80,80,80,80,80,80,80,80,80,80,80,80,80,80,80,80,80,80,80,80,80,80,80,80,80,80,80,80,80,80,80,80,80,80,80,80,76,76,76,76,76,76,76,76,76,76,76,76,76,76],"card_choices":[{"not_picked":["Clash","Havoc"],"picked":"Fire Breathing","floor":1.0},{"not_picked":["Twin Strike","Havoc"],"picked":"Second Wind","floor":2.0},{"not_picked":["Flex","Iron Wave"],"picked":"Burning Pact","floor":4.0},{"not_picked":["Dropkick","Armaments"],"picked":"Power Through","floor":7},{"not_picked":["True Grit+1","Wild Strike"],"picked":"Pommel Strike","floor":10},{"not_picked":["Demon Form","Twin Strike","Pommel Strike"],"picked":"SKIP","floor":13},{"not_picked":["Uppercut","Armaments+1"],"picked":"Disarm+1","floor":14},{"not_picked":["Feed","Brutality"],"picked":"Impervious+1","floor":16},{"not_picked":["Twin Strike","Clothesline"],"picked":"Burning Pact+1","floor":18},{"not_picked":["Sentinel+1","Anger"],"picked":"Disarm+1","floor":20},{"not_picked":["Thunderclap","Dropkick"],"picked":"Warcry+1","floor":21},{"not_picked":["Twin Strike","Perfected Strike","Pommel Strike"],"picked":"SKIP","floor":22},{"not_picked":["Second Wind+1","Wild Strike"],"picked":"Immolate","floor":23},{"not_picked":["Armaments+1","Inflame"],"picked":"Shrug It Off+1","floor":29},{"not_picked":["Rage+1","Whirlwind","Rupture"],"picked":"SKIP","floor":31},{"not_picked":["Double Tap+1","Juggernaut"],"picked":"Immolate","floor":33},{"not_picked":["Body Slam","Flame Barrier+1"],"picked":"Power Through+1","floor":35},{"not_picked":["Clash+1","Anger","Iron Wave+1"],"picked":"SKIP","floor":38},{"not_picked":["Warcry+1","Armaments+1","Anger+1"],"picked":"SKIP","floor":41},{"not_picked":["Battle Trance+1","Sword Boomerang+1"],"picked":"Offering+1","floor":42},{"not_picked":["Feel No Pain+1","Heavy Blade"],"picked":"Rupture","floor":47}],"player_experience":89789,"relics_obtained":[{"floor":9,"key":"MawBank"},{"floor":10,"key":"Toxic Egg 2"},{"floor":14,"key":"Gremlin Horn"},{"floor":23,"key":"Art of War"},{"floor":26,"key":"Anchor"},{"floor":29,"key":"MealTicket"},{"floor":31,"key":"Self Forming Clay"},{"floor":39,"key":"Charon\u0027s Ashes"},{"floor":42,"key":"Orichalcum"},{"floor":43,"key":"Pen Nib"},{"floor":47,"key":"White Beast Statue"}],"event_choices":[{"damage_healed":0.0,"max_hp_gain":0.0,"max_hp_loss":0.0,"gold_gain":175.0,"event_name":"Liars Game","player_choice":"AGREE","floor":3.0,"gold_loss":0.0,"damage_taken":0.0,"cards_obtained":["Doubt"]},{"damage_healed":0,"gold_gain":76,"player_choice":"Gained Gold","damage_taken":0,"max_hp_gain":0,"max_hp_loss":0,"event_name":"Golden Wing","floor":8,"gold_loss":0},{"cards_removed":["Strike_R"],"damage_healed":0,"gold_gain":0,"player_choice":"Card Removal","damage_taken":0,"max_hp_gain":0,"max_hp_loss":0,"event_name":"The Cleric","floor":11,"gold_loss":50},{"damage_healed":0,"gold_gain":99,"player_choice":"Stole From Cult","damage_taken":0,"max_hp_gain":0,"max_hp_loss":0,"event_name":"Nest","floor":19,"gold_loss":0},{"cards_removed":["Doubt"],"damage_healed":0,"gold_gain":0,"player_choice":"Gave Gold","damage_taken":0,"max_hp_gain":0,"max_hp_loss":0,"event_name":"Beggar","floor":25,"gold_loss":75},{"damage_healed":0,"gold_gain":0,"player_choice":"Smashed Altar","damage_taken":0,"max_hp_gain":0,"max_hp_loss":0,"event_name":"Forgotten Altar","floor":27,"gold_loss":0,"cards_obtained":["Decay"]},{"damage_healed":0,"gold_gain":0,"player_choice":"Ignored","damage_taken":0,"max_hp_gain":0,"max_hp_loss":0,"event_name":"Vampires","floor":30,"gold_loss":0},{"damage_healed":0,"gold_gain":0,"player_choice":"Max HP","damage_taken":0,"max_hp_gain":0,"max_hp_loss":4,"event_name":"Winding Halls","floor":37,"gold_loss":0},{"damage_healed":0,"gold_gain":0,"player_choice":"Fight","damage_taken":0,"max_hp_gain":0,"max_hp_loss":0,"event_name":"MindBloom","floor":39,"gold_loss":0},{"damage_healed":0,"gold_gain":0,"player_choice":"Memory 2","damage_taken":5,"max_hp_gain":0,"max_hp_loss":0,"event_name":"SensoryStone","floor":45,"gold_loss":0},{"cards_removed":["Bash"],"damage_healed":0,"gold_gain":0,"player_choice":"Removed Attack","damage_taken":0,"max_hp_gain":0,"max_hp_loss":0,"event_name":"Falling","floor":46,"gold_loss":0}],"is_beta":false,"boss_relics":[{"not_picked":["Coffee Dripper","Mark of Pain"],"picked":"Runic Cube"},{"not_picked":["Velvet Choker","SacredBark"],"picked":"Astrolabe"}],"items_purged_floors":[5,36,48],"is_endless":false,"potions_floor_spawned":[2,4,7,14,18,20,22,29,41,42,47],"ascension_level":9}}