{"host":"xmr2g8b7eju0288o","time":1611774473,"event":{"mods":["AchievementEnabler","BaseMod","Colored Map","Colored Powertips","KOR Keyword Fix","Minty Spire (QoL Compilation)","Quick Restart","Spicy Shops","StSLib","SuperFastMode"],"gold_per_floor":[147,201,276,33,33,81,81,81],"floor_reached":7,"language":"KOR","playtime":269,"items_purged":[],"score":82,"play_id":"8e22e151-6df4-4e18-b292-7a13f600f540","local_time":"20210128040753","daily_mods":["Heirloom","DeadlyEvents","Elite Swarm","Midas"],"is_ascension_mode":true,"campfire_choices":[],"circlet_count":0,"master_deck":["AscendersBane","Strike_G","Strike_G","Strike_G","Strike_G","Strike_G","Defend_G","Defend_G","Defend_G","Defend_G","Defend_G","Survivor","Neutralize","Dagger Spray","Regret","Blade Dance"],"relics":["Ring of the Snake","Mango","OrangePellets","Blood Vial","Kunai"],"acts_visited":["Exordium"],"potions_floor_usage":[7],"damage_taken":[{"damage":6.0,"enemies":"Small Slimes","floor":1.0,"turns":5.0},{"damage":0.0,"enemies":"2 Louse","floor":2.0,"turns":4.0},{"damage":4.0,"enemies":"Jaw Worm","floor":6.0,"turns":4.0},{"damage":62,"enemies":"Lagavulin","floor":7,"turns":11}],"seed_played":"4680826321361947035","potions_obtained":[{"floor":1.0,"key":"ColorlessPotion"}],"is_trial":true,"path_per_floor":["M","M","?","$","?","M","E"],"character_chosen":"THE_SILENT","items_purchased":["OrangePellets","Blood Vial"],"campfire_rested":0,"item_purchase_floors":[4,4],"current_hp_per_floor":[67,67,56,56,56,54,0,0],"gold":81,"neow_bonus":"","is_daily":false,"chose_seed":false,"campfire_upgraded":0,"win_rate":0.0,"timestamp":1611774473,"path_taken":["M","M","?","$","?","M","E"],"items_purchased_type":["Relic","Relic"],"build_version":"2020-12-22","purchased_purges":0,"victory":false,"max_hp_per_floor":[80,80,80,80,80,80,80,80],"card_choices":[{"not_picked":["Distraction","Bane","Acrobatics"],"picked":"SKIP","floor":1.0},{"not_picked":["Backflip","Dagger Throw"],"picked":"Dagger Spray","floor":2.0},{"not_picked":["Reflex","Distraction"],"picked":"Blade Dance","floor":6.0}],"player_experience":88746,"relics_obtained":[],"event_choices":[{"damage_healed":0.0,"max_hp_gain":0.0,"max_hp_loss":0.0,"gold_gain":75.0,"event_name":"World of Goop","player_choice":"Gather Gold","floor":3.0,"gold_loss":0.0,"damage_taken":11.0},{"damage_healed":0.0,"max_hp_gain":0.0,"max_hp_loss":0.0,"gold_gain":0.0,"event_name":"Big Fish","player_choice":"Box","floor":5.0,"gold_loss":0.0,"damage_taken":0.0,"relics_obtained":["Kunai"],"cards_obtained":["Regret"]}],"is_beta":false,"boss_relics":[],"items_purged_floors":[],"is_endless":true,"potions_floor_spawned":[1],"killed_by":"Lagavulin","ascension_level":20}}