{"host":"6p0attdrtjqaih7v","time":1611731655,"event":{"mods":["2.2 Compatiblity","AchievementEnabler","Bard","BaseMod","Better Skull","Better Third Choice","Colored Powertips","Hermit","Highlight Path","Jorbs\u0027s Wanderer Trilogy","Key Reminder","Minty Spire (QoL Compilation)","Permanent Neow","Quick Restart","Random Character Button","Relic Stats","Replay The Spire","Robot Space Explorer","StSLib"],"gold_per_floor":[116,133,150,150,150,150,171,171,171],"floor_reached":8,"language":"ENG","playtime":256,"items_purged":[],"score":96,"play_id":"c80b6f1f-9ebb-4c47-9fb6-d40ea7448c60","local_time":"20210127021415","is_ascension_mode":true,"campfire_choices":[{"data":"Turbo","floor":6,"key":"SMITH"}],"circlet_count":0,"master_deck":["AscendersBane","Strike_B","Strike_B","Strike_B","Strike_B","Defend_B","Defend_B","Defend_B","Defend_B","Zap","Dualcast","Echo Form","Turbo+1","White Noise","Storm"],"relics":["Cracked Core","Juzu Bracelet","Golden Idol"],"acts_visited":["Exordium"],"potions_floor_usage":[3,7,8],"damage_taken":[{"damage":1,"enemies":"Cultist","floor":1,"turns":3},{"damage":6,"enemies":"2 Louse","floor":2,"turns":3},{"damage":8,"enemies":"Small Slimes","floor":3,"turns":4},{"damage":11,"enemies":"Blue Slaver","floor":7,"turns":3},{"damage":22,"enemies":"3 Sentries","floor":8,"turns":4}],"seed_played":"6079361057167647752","potions_obtained":[{"floor":1,"key":"BlessingOfTheForge"},{"floor":2,"key":"ColorlessPotion"},{"floor":3,"key":"Adrenaline Potion"}],"is_trial":false,"path_per_floor":["M","M","M","?","?","R","M","E"],"character_chosen":"DEFECT","items_purchased":[],"campfire_rested":0,"item_purchase_floors":[],"current_hp_per_floor":[63,57,49,33,33,33,22,0,0],"gold":171,"neow_bonus":"ONE_RANDOM_RARE_CARD","is_daily":false,"chose_seed":false,"campfire_upgraded":1,"win_rate":0.0,"timestamp":1611731655,"path_taken":["M","?","M","?","?","R","M","E"],"items_purchased_type":[],"build_version":"2020-12-22","purchased_purges":0,"victory":false,"max_hp_per_floor":[71,71,71,71,64,64,64,64,64],"relic_stats":{"counters":[5,17],"Golden Idol":4,"Juzu Bracelet":1,"obtain_stats":[{"Golden Idol":5,"Juzu Bracelet":4,"Cracked Core":0},{"Golden Idol":3,"Juzu Bracelet":3,"Cracked Core":0},{"Golden Idol":10,"Juzu Bracelet":10,"Cracked Core":0}]},"card_choices":[{"not_picked":["Hello World","Redo"],"picked":"Turbo","floor":1},{"not_picked":["Steam","Redo","Reprogram"],"picked":"SKIP","floor":2},{"not_picked":["Amplify","Hologram"],"picked":"White Noise","floor":3},{"not_picked":["Reprogram","Rebound"],"picked":"Storm","floor":7}],"player_experience":964743,"relics_obtained":[],"event_choices":[{"damage_healed":0,"gold_gain":0,"player_choice":"RE ","damage_taken":18,"relics_obtained":["Juzu Bracelet"],"max_hp_gain":0,"max_hp_loss":0,"event_name":"betterSkull:BetterSkull","floor":4,"gold_loss":0,"cards_upgraded":[]},{"damage_healed":0,"gold_gain":0,"player_choice":"Lose Max HP","damage_taken":0,"relics_obtained":["Golden Idol"],"max_hp_gain":0,"max_hp_loss":7,"event_name":"Golden Idol","floor":5,"gold_loss":0}],"is_beta":false,"boss_relics":[],"items_purged_floors":[],"is_endless":false,"potions_floor_spawned":[1,2,3],"killed_by":"3 Sentries","ascension_level":20}}