{"host":"d9m9v0h6vo0edadb","time":1611763219,"event":{"mods":["BaseMod","Hermit","Keyboard Shortcuts","Minty Spire (QoL Compilation)","StSLib","SuperFastMode","The Cursed"],"gold_per_floor":[111,111,36,36,36,69,69,100,168,191,266,289,16,52,52,143,143,164,134,155,169,92,132,132,132,132],"floor_reached":25,"language":"KOR","playtime":276,"items_purged":["Strike_G","Strike_G"],"score":574,"play_id":"bad1944f-3763-4f47-8ae0-01b43295e7f5","local_time":"20210128010019","is_ascension_mode":true,"campfire_choices":[{"data":"Glass Knife","floor":7.0,"key":"SMITH"},{"data":"Blade Dance","floor":15.0,"key":"SMITH"},{"floor":24,"key":"REST"}],"circlet_count":0,"master_deck":["AscendersBane","Strike_G","Strike_G","Defend_G","Defend_G","Defend_G","Defend_G","Defend_G","Survivor","Neutralize","Glass Knife+1","Blade Dance+1","Blade Dance","Grand Finale","Burst","Finisher","Eviscerate","Concentrate","Accuracy","Reflex"],"relics":["Ring of the Snake","NeowsBlessing","Golden Idol","Pantograph","Happy Flower","Pear","Vajra","Tough Bandages","HoveringKite","Calipers"],"acts_visited":["Exordium","TheCity"],"potions_floor_usage":[19,23,25],"damage_taken":[{"damage":0.0,"enemies":"Jaw Worm","floor":1.0,"turns":1.0},{"damage":0.0,"enemies":"3 Sentries","floor":6.0,"turns":2.0},{"damage":0.0,"enemies":"Gremlin Nob","floor":8.0,"turns":1.0},{"damage":0.0,"enemies":"Small Slimes","floor":10.0,"turns":1.0},{"damage":0.0,"enemies":"2 Louse","floor":12.0,"turns":3.0},{"damage":15.0,"enemies":"3 Sentries","floor":14.0,"turns":8.0},{"damage":60.0,"enemies":"Hexaghost","floor":16.0,"turns":11.0},{"damage":0,"enemies":"Spheric Guardian","floor":18,"turns":1},{"damage":0,"enemies":"Chosen","floor":20,"turns":2},{"damage":0,"enemies":"Snecko","floor":21,"turns":2},{"damage":49,"enemies":"Book of Stabbing","floor":23,"turns":5},{"damage":31,"enemies":"Slavers","floor":25,"turns":4}],"seed_played":"3133065006184480790","potions_obtained":[{"floor":6.0,"key":"FearPotion"},{"floor":10.0,"key":"SkillPotion"},{"floor":16.0,"key":"Fire Potion"},{"floor":18,"key":"Fruit Juice"},{"floor":19,"key":"CunningPotion"}],"is_trial":false,"path_per_floor":["M","?","$","?","?","E","R","E","T","M","?","M","$","E","R","B",null,"M","?","M","M","$","E","R","E"],"character_chosen":"THE_SILENT","items_purchased":["Vajra","Accuracy"],"campfire_rested":1,"item_purchase_floors":[13,22],"current_hp_per_floor":[59,64,64,64,57,57,57,57,67,67,56,56,56,41,41,6,57,57,62,62,62,62,13,36,5,5],"gold":132,"neow_bonus":"THREE_ENEMY_KILL","is_daily":false,"chose_seed":false,"campfire_upgraded":2,"win_rate":0.0,"timestamp":1611763219,"path_taken":["M","?","$","?","?","E","R","E","T","M","?","M","$","E","R","BOSS","M","?","?","M","$","E","R","E"],"items_purchased_type":["Relic","Card"],"build_version":"2020-12-22","purchased_purges":2,"victory":false,"max_hp_per_floor":[66,71,71,64,64,64,64,64,74,74,74,74,74,74,74,74,74,74,79,79,79,79,79,79,79,79],"card_choices":[{"not_picked":["Underhanded Strike","Slice","Dodge and Roll"],"picked":"SKIP","floor":1.0},{"not_picked":["Underhanded Strike","Concentrate"],"picked":"Glass Knife","floor":6.0},{"not_picked":["Leg Sweep","Backstab"],"picked":"Blade Dance","floor":8.0},{"not_picked":["Dagger Throw","Heel Hook"],"picked":"Blade Dance","floor":10.0},{"not_picked":["Dash","Infinite Blades","Bullet Time"],"picked":"SKIP","floor":12.0},{"not_picked":["Predator","Poisoned Stab"],"picked":"Grand Finale","floor":14.0},{"not_picked":["Bullet Time","Storm of Steel"],"picked":"Burst","floor":16.0},{"not_picked":["Flying Knee","Infinite Blades"],"picked":"Finisher","floor":18},{"not_picked":["Backflip","Noxious Fumes+1"],"picked":"Eviscerate","floor":20},{"not_picked":["Slice","Skewer"],"picked":"Concentrate","floor":21},{"not_picked":["Caltrops","Bane"],"picked":"Reflex","floor":23}],"player_experience":993372,"relics_obtained":[{"floor":6.0,"key":"Pantograph"},{"floor":8.0,"key":"Happy Flower"},{"floor":9.0,"key":"Pear"},{"floor":14.0,"key":"Tough Bandages"},{"floor":23,"key":"Calipers"}],"event_choices":[{"damage_healed":0.0,"max_hp_gain":5.0,"max_hp_loss":0.0,"gold_gain":0.0,"event_name":"Big Fish","player_choice":"Donut","floor":2.0,"gold_loss":0.0,"damage_taken":0.0},{"damage_healed":0.0,"max_hp_gain":0.0,"max_hp_loss":7.0,"gold_gain":0.0,"event_name":"Golden Idol","player_choice":"Lose Max HP","floor":4.0,"gold_loss":0.0,"damage_taken":0.0,"relics_obtained":["Golden Idol"]},{"cards_removed":["Strike_G"],"damage_healed":0.0,"max_hp_gain":0.0,"max_hp_loss":0.0,"gold_gain":0.0,"event_name":"Golden Wing","player_choice":"Card Removal","floor":5.0,"gold_loss":0.0,"damage_taken":7.0},{"damage_healed":0.0,"max_hp_gain":0.0,"max_hp_loss":0.0,"gold_gain":75.0,"event_name":"World of Goop","player_choice":"Gather Gold","floor":11.0,"gold_loss":0.0,"damage_taken":11.0},{"damage_healed":0,"gold_gain":0,"player_choice":"Bought 2 Potions","damage_taken":0,"max_hp_gain":0,"max_hp_loss":0,"event_name":"The Woman in Blue","floor":19,"gold_loss":0}],"is_beta":false,"boss_relics":[{"not_picked":["Ring of the Serpent","SlaversCollar"],"picked":"HoveringKite"}],"items_purged_floors":[3,13],"is_endless":false,"potions_floor_spawned":[6,10,12,16,18,20,21],"killed_by":"Slavers","ascension_level":20}}