{"host":"820xk69ekh5gtclf","time":1611778528,"event":{"mods":["BaseMod","Custom Start","Downfall","Hermit","Minty Spire (QoL Compilation)","StSLib"],"gold_per_floor":[349,359,372,390,490,521,521,569,569,3,3,3,21,55,67,171,171,71,81,26,45,59,91,165,165,165,165,165,183,215,218,238,337,337,337,349,368,419,437,437,464,464,493,509,51,51,51,84,0,0,0,0],"floor_reached":50,"language":"ENG","playtime":4604,"items_purged":["bronze:Strike","bronze:WhirlingStrike+1","bronze:Overheat"],"score":841,"play_id":"6bf636ea-1e68-4bc0-894f-ffa5cecc6a8a","local_time":"20210127151528","is_ascension_mode":true,"campfire_choices":[{"floor":1.0,"key":"RECALL"},{"floor":12.0,"key":"REST"},{"data":"bronze:Hardcode","floor":18.0,"key":"SMITH"},{"data":"bronze:MaxOutput","floor":25.0,"key":"SMITH"},{"data":"bronze:MaxOutput","floor":28.0,"key":"SMITH"},{"floor":35.0,"key":"REST"},{"floor":46.0,"key":"REST"},{"floor":49.0,"key":"REST"}],"circlet_count":0,"master_deck":["bronze:Defend","bronze:Defend","bronze:Defend","bronze:Defend","bronze:Goto","bronze:OilSpill","bronze:DelayedSlice","bronze:OilSpill","bronze:Repair+1","Metamorphosis+1","bronze:Spike+1","bronze:DazingPulse","bronze:ForLoop+1","bronze:Hardcode+1","bronze:Deprecate+1","bronze:FindAndReplace+1","bronze:BugBarrage+1","bronze:InfiniteBeams+1","bronze:MaxOutput+1","bronze:BugBarrage+1","bronze:MaxOutput+1","bronze:FineTuning+1","bronze:BronzeOrb","bronze:BronzeOrb+1","bronze:BugBarrage","bronze:Assembly+1","bronze:MaxOutput","bronze:ForceShield+1","bronze:ForLoop+1","bronze:Refactor+1","bronze:ForceShield+1","bronze:Library","bronze:MaxOutput","bronze:ForLoop+1"],"relics":["bronze:BronzeCore","Blue Candle","Toxic Egg 2","bronze:SilverBullet","Membership Card","Oddly Smooth Stone","Ornamental Fan","Letter Opener","Astrolabe","downfall:HeartBlessingRed","Whetstone","Pear","Centennial Puzzle","PreservedInsect","Eternal Feather","ClockworkSouvenir","Fusion Hammer","Turnip","Omamori","The Courier","Chemical X","FossilizedHelix","Shuriken","Torii","downfall:HeartBlessingBlue","downfall:HeartBlessingGreen"],"acts_visited":["Exordium","TheCity","TheBeyond"],"potions_floor_usage":[50],"damage_taken":[{"damage":8.0,"enemies":"Jaw Worm","floor":2.0,"turns":5.0},{"damage":6.0,"enemies":"2 Louse","floor":3.0,"turns":3.0},{"damage":3.0,"enemies":"Small Slimes","floor":4.0,"turns":2.0},{"damage":30.0,"enemies":"3 Sentries","floor":6.0,"turns":7.0},{"damage":0.0,"enemies":"downfall:FleeingMerchant","floor":10.0,"turns":4.0},{"damage":5.0,"enemies":"downfall:FleeingMerchant","floor":11.0,"turns":7.0},{"damage":6.0,"enemies":"Exordium Wildlife","floor":13.0,"turns":5.0},{"damage":28.0,"enemies":"Lagavulin","floor":14.0,"turns":6.0},{"damage":0.0,"enemies":"Large Slime","floor":15.0,"turns":5.0},{"damage":0.0,"enemies":"WA_ARCHETYPE_RETAIN","floor":16.0,"turns":4.0},{"damage":0.0,"enemies":"Shell Parasite","floor":19.0,"turns":5.0},{"damage":11.0,"enemies":"downfall:FleeingMerchant","floor":20.0,"turns":4.0},{"damage":4.0,"enemies":"3 Cultists","floor":21.0,"turns":3.0},{"damage":16.0,"enemies":"Shelled Parasite and Fungi","floor":22.0,"turns":3.0},{"damage":16.0,"enemies":"Gremlin Leader","floor":23.0,"turns":4.0},{"damage":5.0,"enemies":"Cultist and Chosen","floor":29.0,"turns":4.0},{"damage":10.0,"enemies":"Book of Stabbing","floor":30.0,"turns":4.0},{"damage":0.0,"enemies":"downfall:FleeingMerchant","floor":31.0,"turns":4.0},{"damage":3.0,"enemies":"Snecko","floor":32.0,"turns":3.0},{"damage":12.0,"enemies":"SI_MIRROR_ARCHETYPE","floor":33.0,"turns":5.0},{"damage":0.0,"enemies":"3 Shapes","floor":36.0,"turns":2.0},{"damage":0.0,"enemies":"3 Darklings","floor":37.0,"turns":2.0},{"damage":4.0,"enemies":"2 Orb Walkers","floor":38.0,"turns":3.0},{"damage":6.0,"enemies":"Writhing Mass","floor":39.0,"turns":3.0},{"damage":43.0,"enemies":"Nemesis","floor":43.0,"turns":5.0},{"damage":18.0,"enemies":"Spire Growth","floor":44.0,"turns":4.0},{"damage":0.0,"enemies":"Giant Head","floor":48.0,"turns":5.0},{"damage":111,"enemies":"IC_BLOCK_ARCHETYPE","floor":50,"turns":10}],"seed_played":"-5132691436151932489","potions_obtained":[{"floor":2.0,"key":"Explosive Potion"},{"floor":16.0,"key":"Weak Potion"},{"floor":27.0,"key":"AttackPotion"},{"floor":39.0,"key":"bronze:BurnAndBuffPotion"}],"is_trial":false,"path_per_floor":["R","M","M","M","?","E","T","T","?","$","?","R","M","E","M","B",null,"R","M","$","M","M","E","T","R","?","?","R","M","E","$","M","B",null,"R","M","M","?","M","T","T","?","E","M","$","R","$","E","R","B"],"character_chosen":"THE_AUTOMATON","items_purchased":["Membership Card","Oddly Smooth Stone","Metamorphosis+1","Ornamental Fan","PowerPotion","SteroidPotion","Dexterity Potion","bronze:MaxOutput","PreservedInsect","Eternal Feather","ClockworkSouvenir","Chemical X","FossilizedHelix","Shuriken","bronze:ForceShield+1","bronze:Library","bronze:MaxOutput"],"campfire_rested":4,"item_purchase_floors":[10,10,10,10,10,10,10,20,31,31,31,45,45,45,45,45,45],"current_hp_per_floor":[49,41,35,32,32,2,2,2,2,2,7,28,32,14,24,34,70,70,70,69,70,64,56,66,66,66,66,66,61,62,72,77,74,80,80,80,80,76,70,70,70,70,27,59,59,80,80,80,90,0,0,0],"gold":0,"neow_bonus":"TWO_FIFTY_GOLD","is_daily":false,"chose_seed":false,"campfire_upgraded":3,"win_rate":0.0,"timestamp":1611778528,"path_taken":["R","M","M","M","?","E","T","?","?","$","?","R","M","E","M","BOSS","R","M","$","M","M","E","T","R","?","?","R","M","E","$","M","BOSS","R","M","?","?","M","?","T","?","E","?","$","R","$","E","R","BOSS"],"items_purchased_type":["Relic","Relic","Card","Relic","Potion","Potion","Potion","Card","Relic","Relic","Relic","Relic","Relic","Relic","Card","Card","Card"],"build_version":"2020-12-22","purchased_purges":3,"victory":false,"max_hp_per_floor":[70,70,70,70,70,70,70,70,70,70,70,70,70,70,70,70,70,70,70,70,70,70,70,80,80,80,80,80,80,80,80,80,80,80,80,80,80,80,80,80,80,80,80,80,80,80,80,80,90,90,90,90],"card_choices":[{"not_picked":["bronze:ClassDefault","bronze:BugBarrage"],"picked":"bronze:OilSpill","floor":2.0},{"not_picked":["bronze:Branch","bronze:Deprecate"],"picked":"bronze:Overheat","floor":3.0},{"not_picked":["bronze:Branch","bronze:Overheat"],"picked":"bronze:DelayedSlice","floor":4.0},{"not_picked":["bronze:MaxOutput","bronze:BuggyMess"],"picked":"bronze:OilSpill","floor":6.0},{"not_picked":["bronze:Frontload+1","bronze:Boost+1"],"picked":"bronze:Repair+1","floor":10.0},{"not_picked":[],"picked":"bronze:Spike","floor":11.0},{"not_picked":[],"picked":"bronze:DazingPulse","floor":11.0},{"not_picked":["bronze:Iterate","bronze:Shield+1"],"picked":"bronze:ForLoop+1","floor":11.0},{"not_picked":["bronze:BronzeOrb","bronze:BugBarrage"],"picked":"bronze:Hardcode","floor":13.0},{"not_picked":["bronze:BuggyMess+1","bronze:Philosophize+1","bronze:WhirlingStrike"],"picked":"SKIP","floor":14.0},{"not_picked":["bronze:DelayedGuard+1","bronze:Philosophize+1"],"picked":"bronze:Deprecate+1","floor":15.0},{"not_picked":["bronze:Library","bronze:Virus"],"picked":"bronze:FindAndReplace+1","floor":16.0},{"not_picked":["bronze:Turbo+1","bronze:MaxOutput"],"picked":"bronze:DelayedGuard+1","floor":19.0},{"not_picked":["bronze:Deprecate+1","bronze:Overheat"],"picked":"bronze:BugBarrage","floor":20.0},{"not_picked":["bronze:Overheat+1","bronze:Boost+1"],"picked":"bronze:FineTuning+1","floor":21.0},{"not_picked":["bronze:WildBeam+1","bronze:BitShift+1","bronze:DigitalCarnage+1"],"picked":"SKIP","floor":22.0},{"not_picked":["bronze:DarkDash","bronze:WhirlingStrike+1"],"picked":"bronze:BronzeOrb","floor":23.0},{"not_picked":["bronze:DelayedGuard+1","bronze:Boost+1","bronze:WildBeam"],"picked":"SKIP","floor":29.0},{"not_picked":["bronze:DigitalCarnage+1","bronze:Philosophize+1","bronze:Overheat"],"picked":"SKIP","floor":30.0},{"not_picked":["bronze:ChosenStrike","bronze:BuggyMess+1"],"picked":"bronze:BronzeOrb+1","floor":31.0},{"not_picked":["bronze:OilSpill","bronze:MaxOutput"],"picked":"bronze:BugBarrage","floor":32.0},{"not_picked":["bronze:InfiniteLoop","bronze:ShipIt"],"picked":"bronze:Assembly+1","floor":33.0},{"not_picked":["bronze:BuggyMess+1","bronze:Iterate","bronze:Shield+1"],"picked":"SKIP","floor":36.0},{"not_picked":["bronze:Turbo+1","bronze:GetLatest+1","bronze:Invalidate+1"],"picked":"SKIP","floor":37.0},{"not_picked":["bronze:WhirlingStrike+1","bronze:OilSpill"],"picked":"bronze:MaxOutput","floor":38.0},{"not_picked":["bronze:ShipIt","bronze:WhirlingStrike"],"picked":"bronze:ForceShield+1","floor":39.0},{"not_picked":["bronze:Turbo+1","bronze:Constructor+1"],"picked":"bronze:ForLoop+1","floor":43.0},{"not_picked":["bronze:Turbo+1","bronze:WhirlingStrike"],"picked":"bronze:Refactor+1","floor":44.0},{"not_picked":["bronze:Safeguard+1","bronze:Constructor+1"],"picked":"bronze:ForLoop+1","floor":48.0}],"player_experience":2407854,"relics_obtained":[{"floor":6.0,"key":"Blue Candle"},{"floor":7.0,"key":"Toxic Egg 2"},{"floor":8.0,"key":"bronze:SilverBullet"},{"floor":14.0,"key":"Letter Opener"},{"floor":23.0,"key":"Whetstone"},{"floor":24.0,"key":"Pear"},{"floor":30.0,"key":"Centennial Puzzle"},{"floor":38.0,"key":"Turnip"},{"floor":41.0,"key":"Omamori"},{"floor":43.0,"key":"The Courier"},{"floor":48.0,"key":"Torii"}],"event_choices":[{"cards_removed":["bronze:Strike"],"damage_healed":0.0,"max_hp_gain":0.0,"max_hp_loss":0.0,"gold_gain":0.0,"event_name":"Living Wall","player_choice":"Forget","floor":9.0,"gold_loss":0.0,"damage_taken":0.0},{"damage_healed":0.0,"max_hp_gain":0.0,"max_hp_loss":0.0,"gold_gain":0.0,"event_name":"Ghosts","player_choice":"Ignored","floor":26.0,"gold_loss":0.0,"damage_taken":0.0},{"damage_healed":0.0,"max_hp_gain":0.0,"max_hp_loss":0.0,"gold_gain":0.0,"event_name":"Lab","player_choice":"Got Potions","floor":27.0,"gold_loss":0.0,"damage_taken":0.0},{"damage_healed":0.0,"max_hp_gain":0.0,"max_hp_loss":0.0,"gold_gain":0.0,"event_name":"Mysterious Sphere","player_choice":"Fight","floor":38.0,"gold_loss":0.0,"damage_taken":0.0}],"is_beta":false,"boss_relics":[{"not_picked":["Busted Crown","Sozu"],"picked":"Astrolabe"},{"not_picked":["Runic Pyramid","SlaversCollar"],"picked":"Fusion Hammer"}],"items_purged_floors":[10,31,45],"is_endless":false,"potions_floor_spawned":[2,14,16,19,21,29,30,36,39],"killed_by":"IC_BLOCK_ARCHETYPE","ascension_level":3}}