{"host":"jlw4slqoq862puwo","time":1611755717,"event":{"mods":["BaseMod","DeckTracker","Dota2Spire","Highlight Path","Minty Spire (QoL Compilation)","Quick Restart","StSLib","SuperFastMode"],"gold_per_floor":[111,286,303,315,46,46,77,77,77,77,77,141,166,204,31,31,161,161,199,199,114,134,144,144,200,213,213,281,301,301,352,183,263,263,383,383,403,444,60,110,110,138,138,201,228,254,254,254,273,273,301,301,301,301,301,9,35,35],"floor_reached":59,"language":"ENG","playtime":1238,"items_purged":["Doubt","Defend_G"],"score":1923,"play_id":"cd56ef2d-14c1-47ec-af46-1c5cc4a16f9d","local_time":"20210127145517","is_ascension_mode":true,"campfire_choices":[{"data":"HandOfGreed","floor":6.0,"key":"SMITH"},{"data":"Envenom","floor":8.0,"key":"SMITH"},{"data":"Apotheosis","floor":16.0,"key":"SMITH"},{"data":"Strike_G","floor":24.0,"key":"PURGE"},{"floor":30.0,"key":"REST"},{"data":"Footwork","floor":34.0,"key":"SMITH"},{"floor":43.0,"key":"DIG"},{"floor":48.0,"key":"DIG"},{"floor":50.0,"key":"DIG"},{"floor":52.0,"key":"RECALL"},{"floor":55.0,"key":"DIG"}],"circlet_count":0,"master_deck":["Defend_G","Defend_G","Defend_G","Defend_G","Survivor","Neutralize+1","Quick Slash","Poisoned Stab","Backflip","HandOfGreed+1","Envenom+1","Prepared","Leg Sweep","Blade Dance","Apotheosis+1","Adrenaline","Flying Knee+1","Catalyst+1","Noxious Fumes+1","Cloak And Dagger+1","Escape Plan","Corpse Explosion","Footwork+1","Footwork+1","Accuracy","Blur+1","Terror+1"],"relics":["Dota2Spire:RefresherOrb","Peace Pipe","Dota2Spire:MonkeyKingBar","White Beast Statue","Astrolabe","MealTicket","Darkstone Periapt","Mummified Hand","InkBottle","Dota2Spire:ShadowBlade","Dota2Spire:ArmletOfMordiggian","Runic Pyramid","OrangePellets","Paper Crane","Shovel","Vajra","Oddly Smooth Stone","Smiling Mask","Ancient Tea Set","Bronze Scales","Dota2Spire:ArcaneBoots","Incense Burner","Dota2Spire:Dagon","Mercury Hourglass","TungstenRod","Gambling Chip"],"acts_visited":["Exordium","TheCity","TheBeyond","TheEnding"],"potions_floor_usage":[58,58],"damage_taken":[{"damage":2.0,"enemies":"Cultist","floor":1.0,"turns":4.0},{"damage":2.0,"enemies":"2 Louse","floor":3.0,"turns":2.0},{"damage":9.0,"enemies":"Jaw Worm","floor":4.0,"turns":2.0},{"damage":15.0,"enemies":"Lagavulin","floor":7.0,"turns":5.0},{"damage":7.0,"enemies":"3 Louse","floor":12.0,"turns":6.0},{"damage":5.0,"enemies":"Gremlin Nob","floor":13.0,"turns":3.0},{"damage":0.0,"enemies":"Large Slime","floor":14.0,"turns":5.0},{"damage":0.0,"enemies":"Slime Boss","floor":17.0,"turns":5.0},{"damage":18.0,"enemies":"2 Thieves","floor":19.0,"turns":4.0},{"damage":0.0,"enemies":"Spheric Guardian","floor":22.0,"turns":3.0},{"damage":4.0,"enemies":"Snake Plant","floor":23.0,"turns":4.0},{"damage":7.0,"enemies":"Slavers","floor":25.0,"turns":4.0},{"damage":0.0,"enemies":"Snecko","floor":26.0,"turns":4.0},{"damage":1.0,"enemies":"Chosen and Byrds","floor":29.0,"turns":4.0},{"damage":2.0,"enemies":"Book of Stabbing","floor":31.0,"turns":4.0},{"damage":8.0,"enemies":"Slavers","floor":33.0,"turns":4.0},{"damage":0.0,"enemies":"Champ","floor":35.0,"turns":8.0},{"damage":2.0,"enemies":"3 Darklings","floor":37.0,"turns":3.0},{"damage":0.0,"enemies":"Orb Walker","floor":38.0,"turns":2.0},{"damage":2.0,"enemies":"2 Orb Walkers","floor":40.0,"turns":3.0},{"damage":0.0,"enemies":"Nemesis","floor":42.0,"turns":5.0},{"damage":0.0,"enemies":"Sphere and 2 Shapes","floor":44.0,"turns":6.0},{"damage":0.0,"enemies":"Maw","floor":49.0,"turns":4.0},{"damage":0.0,"enemies":"Giant Head","floor":51.0,"turns":4.0},{"damage":3.0,"enemies":"Donu and Deca","floor":53.0,"turns":3.0},{"damage":18.0,"enemies":"Shield and Spear","floor":57.0,"turns":4.0},{"damage":0,"enemies":"The Heart","floor":58,"turns":8}],"seed_played":"-5403930460512670249","potions_obtained":[{"floor":4.0,"key":"SpeedPotion"},{"floor":7.0,"key":"Ancient Potion"},{"floor":13.0,"key":"SpeedPotion"},{"floor":14.0,"key":"Strength Potion"},{"floor":17.0,"key":"SteroidPotion"},{"floor":22.0,"key":"Strength Potion"},{"floor":25.0,"key":"LiquidBronze"},{"floor":26.0,"key":"EssenceOfSteel"},{"floor":29.0,"key":"Fruit Juice"},{"floor":33.0,"key":"Block Potion"},{"floor":35.0,"key":"DistilledChaos"},{"floor":37.0,"key":"Energy Potion"},{"floor":40.0,"key":"Dexterity Potion"}],"is_trial":false,"path_per_floor":["M","?","M","M","$","R","E","R","T","T","?","M","E","M","$","R","B",null,"M","?","?","M","M","R","E","M","T","T","M","R","E","$","E","R","B",null,"M","M","$","?","?","E","R","M","T","T","T","R","M","R","E","R","B",null,"R","$","E","B",null],"character_chosen":"THE_SILENT","items_purchased":["HandOfGreed","Apotheosis","Footwork","OrangePellets","Paper Crane","TungstenRod"],"campfire_rested":1,"item_purchase_floors":[5,15,32,39,39,56],"current_hp_per_floor":[68,68,66,57,57,57,42,42,42,42,42,35,30,30,30,30,30,60,42,42,42,42,38,38,31,31,31,31,30,51,49,64,61,61,61,72,70,70,75,73,71,71,71,71,71,71,71,71,71,71,71,71,68,70,70,71,53,53],"gold":35,"neow_bonus":"BOSS_RELIC","is_daily":false,"chose_seed":false,"campfire_upgraded":4,"win_rate":0.0,"timestamp":1611755717,"path_taken":["M","?","M","M","$","R","E","R","T","T","?","?","E","M","$","R","BOSS","M","?","?","M","M","R","E","M","T","T","M","R","E","$","E","R","BOSS","M","M","$","?","?","E","R","M","T","T","?","R","M","R","E","R","BOSS","R","$","E","BOSS"],"items_purchased_type":["Card","Card","Card","Relic","Relic","Relic"],"build_version":"2020-12-22","purchased_purges":2,"victory":true,"max_hp_per_floor":[70,70,70,70,70,70,70,70,70,70,70,70,70,70,70,70,70,70,70,70,70,70,70,70,70,70,70,70,70,70,70,70,75,75,75,75,75,75,75,75,71,71,71,71,71,71,71,71,71,71,71,71,71,71,71,71,71,71],"card_choices":[{"not_picked":["Underhanded Strike","Infinite Blades"],"picked":"Quick Slash","floor":1.0},{"not_picked":["Finisher","Caltrops"],"picked":"Poisoned Stab","floor":3.0},{"not_picked":["PiercingWail","Prepared"],"picked":"Backflip","floor":4.0},{"not_picked":["Escape Plan","Backflip"],"picked":"Envenom","floor":7.0},{"not_picked":["Quick Slash","Endless Agony"],"picked":"Prepared","floor":12.0},{"not_picked":["Backflip","Outmaneuver"],"picked":"Leg Sweep","floor":13.0},{"not_picked":["Bane","Noxious Fumes"],"picked":"Blade Dance","floor":14.0},{"not_picked":["Venomology","A Thousand Cuts"],"picked":"Adrenaline","floor":17.0},{"not_picked":["Slice","Underhanded Strike+1","Backflip"],"picked":"SKIP","floor":19.0},{"not_picked":["Flying Knee","Deadly Poison","Slice"],"picked":"SKIP","floor":22.0},{"not_picked":["Heel Hook","Concentrate+1","Deadly Poison+1"],"picked":"SKIP","floor":23.0},{"not_picked":["Heel Hook","Concentrate+1","Deadly Poison+1"],"picked":"SKIP","floor":23.0},{"not_picked":["Dagger Throw+1","Caltrops"],"picked":"Cloak And Dagger+1","floor":25.0},{"not_picked":["Bane","Leg Sweep"],"picked":"Escape Plan","floor":26.0},{"not_picked":["Deadly Poison+1","Quick Slash"],"picked":"Corpse Explosion","floor":29.0},{"not_picked":["Quick Slash","Leg Sweep","Backflip"],"picked":"SKIP","floor":31.0},{"not_picked":["Cloak And Dagger","Underhanded Strike"],"picked":"Footwork+1","floor":33.0},{"not_picked":["Outmaneuver","Bane"],"picked":"Accuracy","floor":37.0},{"not_picked":["Dodge and Roll","Dagger Throw+1"],"picked":"Blur+1","floor":38.0},{"not_picked":["Bouncing Flask+1","PiercingWail"],"picked":"Terror+1","floor":42.0},{"not_picked":["Tactician+1","Flying Knee","Dagger Throw+1"],"picked":"SKIP","floor":44.0},{"not_picked":["Predator","Blur","Heel Hook"],"picked":"SKIP","floor":49.0},{"not_picked":["Bane","Caltrops","Deflect"],"picked":"SKIP","floor":51.0},{"not_picked":["Dagger Spray","Choke","PiercingWail+1"],"picked":"SKIP","floor":57.0}],"player_experience":20482,"relics_obtained":[{"floor":7.0,"key":"Peace Pipe"},{"floor":10.0,"key":"Dota2Spire:MonkeyKingBar"},{"floor":13.0,"key":"White Beast Statue"},{"floor":25.0,"key":"Darkstone Periapt"},{"floor":27.0,"key":"Mummified Hand"},{"floor":28.0,"key":"InkBottle"},{"floor":31.0,"key":"Dota2Spire:ShadowBlade"},{"floor":33.0,"key":"Dota2Spire:ArmletOfMordiggian"},{"floor":40.0,"key":"Shovel"},{"floor":42.0,"key":"Vajra"},{"floor":43.0,"key":"Oddly Smooth Stone"},{"floor":45.0,"key":"Smiling Mask"},{"floor":46.0,"key":"Ancient Tea Set"},{"floor":47.0,"key":"Bronze Scales"},{"floor":48.0,"key":"Dota2Spire:ArcaneBoots"},{"floor":50.0,"key":"Incense Burner"},{"floor":51.0,"key":"Dota2Spire:Dagon"},{"floor":55.0,"key":"Mercury Hourglass"},{"floor":57.0,"key":"Gambling Chip"}],"event_choices":[{"damage_healed":0.0,"max_hp_gain":0.0,"max_hp_loss":0.0,"gold_gain":175.0,"event_name":"Liars Game","player_choice":"AGREE","floor":2.0,"gold_loss":0.0,"damage_taken":0.0,"cards_obtained":["Doubt"]},{"damage_healed":0.0,"max_hp_gain":0.0,"max_hp_loss":0.0,"gold_gain":0.0,"event_name":"Living Wall","player_choice":"Grow","floor":11.0,"gold_loss":0.0,"damage_taken":0.0,"cards_upgraded":["Neutralize"]},{"cards_removed":["Strike_G"],"damage_healed":0.0,"max_hp_gain":0.0,"max_hp_loss":0.0,"gold_gain":0.0,"event_name":"Back to Basics","player_choice":"Elegance","floor":20.0,"gold_loss":0.0,"damage_taken":0.0},{"damage_healed":0.0,"max_hp_gain":0.0,"max_hp_loss":0.0,"gold_gain":0.0,"event_name":"Addict","player_choice":"Obtained Relic","floor":21.0,"gold_loss":85.0,"damage_taken":0.0,"relics_obtained":["MealTicket"]},{"damage_healed":0.0,"max_hp_gain":0.0,"max_hp_loss":0.0,"gold_gain":0.0,"event_name":"Mysterious Sphere","player_choice":"Fight","floor":40.0,"gold_loss":0.0,"damage_taken":0.0},{"damage_healed":0.0,"max_hp_gain":0.0,"max_hp_loss":4.0,"gold_gain":0.0,"event_name":"Winding Halls","player_choice":"Max HP","floor":41.0,"gold_loss":0.0,"damage_taken":0.0}],"is_beta":false,"boss_relics":[{"not_picked":["Busted Crown","HoveringKite"],"picked":"Astrolabe"},{"not_picked":["Black Star","Philosopher\u0027s Stone"],"picked":"Runic Pyramid"}],"items_purged_floors":[5,32],"is_endless":false,"potions_floor_spawned":[4,7,13,14,17,19,22,23,25,26,29,31,33,35,37,38,40,42,44,49,51,57],"ascension_level":5}}