{"host":"takgv9cv6xf64vhq","time":1611741140,"event":{"mods":["BaseMod","Colored Powertips","Hubris","LagranYue(拉格朗・月)","Marisa（F雨　魔理沙）","Minty Spire (QoL Compilation)","Replay The Spire","StSLib","The Animator","The Cursed","The Jungle","TheHeartMod"],"gold_per_floor":[111,111,111,129,129,160,160,178,178,178,191,210,233,90,90,211,211,261,86,86,134,148,148,211,211,211,269,115,115,153,196,196,349,349,399,42,88,88,88],"floor_reached":38,"language":"ZHS","playtime":2660,"items_purged":["Writhe"],"score":439,"play_id":"fb3a1576-e838-4e85-9ca9-bf9c97b449fd","local_time":"20210127175220","is_ascension_mode":false,"campfire_choices":[{"data":"MasterReality","floor":7.0,"key":"SMITH"},{"data":"WindmillStrike","floor":10.0,"key":"SMITH"},{"data":"BowlingBash","floor":15.0,"key":"SMITH"},{"data":"TalkToTheHand","floor":23.0,"key":"SMITH"},{"data":"DeceiveReality","floor":25.0,"key":"SMITH"}],"circlet_count":0,"master_deck":["Strike_P","Strike_P","Strike_P","Defend_P+1","Defend_P","Defend_P","Defend_P+1","Eruption+1","Vigilance","BowlingBash+1","WindmillStrike+1","MasterReality+1","TalkToTheHand+1","Protect","CarveReality","Wish","PathToVictory+1","DeceiveReality+1","Adaptation+1","FollowUp+1","MentalFortress","DevaForm","Replay:BluntJabs+1","Replay:Anticipation","Establishment","Wallop+1"],"relics":["hubris:GrandSneckoEye","hubris:Potato","Golden Idol","Simple Rune","Matryoshka","Smiling Mask","Pen Nib","Vajra","hubris:Backtick","TungstenRod","theJungle:ShellPeas","theJungle:WildPear","Letter Opener","Replay:Bottled Snecko","LagranYue:ReturningEmperorRelic","WingedGreaves","Medical Kit","Shovel","Fusion Hammer","ClockworkSouvenir","Replay:Rubber Ducky"],"acts_visited":["Exordium","Exordium","TheBeyond"],"potions_floor_usage":[],"damage_taken":[{"damage":0.0,"enemies":"Cultist","floor":1.0,"turns":2.0},{"damage":0.0,"enemies":"Jaw Worm","floor":4.0,"turns":2.0},{"damage":11.0,"enemies":"Lagavulin","floor":6.0,"turns":4.0},{"damage":0.0,"enemies":"2 Louse","floor":8.0,"turns":1.0},{"damage":4.0,"enemies":"Exordium Thugs","floor":11.0,"turns":3.0},{"damage":0.0,"enemies":"Exordium Wildlife","floor":12.0,"turns":4.0},{"damage":20.0,"enemies":"The Guardian","floor":16.0,"turns":6.0},{"damage":5.0,"enemies":"Shell Parasite","floor":18.0,"turns":4.0},{"damage":0.0,"enemies":"theJungle:5_Spyders","floor":21.0,"turns":6.0},{"damage":1.0,"enemies":"theJungle:2_Flameangoes","floor":22.0,"turns":6.0},{"damage":23.0,"enemies":"theJungle:2_Phrogs","floor":24.0,"turns":8.0},{"damage":0.0,"enemies":"theJungle:MamaSnecko","floor":27.0,"turns":5.0},{"damage":12.0,"enemies":"theJungle:2_Snecko_Cultists","floor":30.0,"turns":5.0},{"damage":0.0,"enemies":"theJungle:JungleHuntersEncounter","floor":31.0,"turns":6.0},{"damage":5.0,"enemies":"theJungle:FunGuy","floor":33.0,"turns":8.0},{"damage":0.0,"enemies":"3 Shapes","floor":35.0,"turns":5.0},{"damage":9.0,"enemies":"3 Darklings","floor":37.0,"turns":11.0},{"damage":0,"enemies":"4 Shapes","floor":38,"turns":1}],"seed_played":"-893790740133191001","potions_obtained":[{"floor":8.0,"key":"BlessingOfTheForge"},{"floor":11.0,"key":"Elixir"},{"floor":12.0,"key":"BottledMiracle"},{"floor":21.0,"key":"Block Potion"},{"floor":22.0,"key":"BottledMiracle"},{"floor":27.0,"key":"Dexterity Potion"},{"floor":31.0,"key":"Strength Potion"},{"floor":35.0,"key":"SpeedPotion"}],"is_trial":false,"path_per_floor":["M","T","?","M","?","E","R","M","T","R","M","M","T","$","R","B",null,"M","?","?","M","M","R","E","R","T","E","$","?","M","M","R","B",null,"M","$","M","M"],"character_chosen":"WATCHER","items_purchased":["Vajra","Medical Kit","ClockworkSouvenir","Replay:Rubber Ducky"],"campfire_rested":0,"item_purchase_floors":[14,28,36,36],"current_hp_per_floor":[72,72,54,54,54,43,43,43,43,43,39,39,39,39,39,19,72,67,67,77,77,76,76,53,53,53,53,53,53,41,41,41,36,82,82,82,73,73,73],"gold":88,"neow_bonus":"BOSS_RELIC","is_daily":false,"chose_seed":false,"campfire_upgraded":5,"win_rate":0.0,"timestamp":1611741140,"path_taken":["M","?","?","M","?","E","R","M","T","R","M","?","?","$","R","BOSS","M","?","?","M","?","R","E","R","T","E","$","?","M","?","R","BOSS","M","$","M","?"],"items_purchased_type":["Relic","Relic","Relic","Relic"],"build_version":"2020-12-22","purchased_purges":1,"victory":false,"max_hp_per_floor":[72,72,72,72,72,72,72,72,72,72,72,72,72,72,72,72,72,72,72,82,82,82,82,82,82,82,82,82,82,82,82,82,82,82,82,82,82,82,82],"card_choices":[{"not_picked":["FlyingSleeves","Meditate"],"picked":"BowlingBash","floor":1.0},{"not_picked":["Replay:Anticipation","Replay:BluntJabs"],"picked":"WindmillStrike","floor":4.0},{"not_picked":["Halt","ClearTheMind"],"picked":"MasterReality","floor":6.0},{"not_picked":["SashWhip","Prostrate"],"picked":"TalkToTheHand","floor":8.0},{"not_picked":["ThirdEye","Halt"],"picked":"Protect","floor":11.0},{"not_picked":["Perseverance","Collect"],"picked":"CarveReality","floor":12.0},{"not_picked":["MasterReality","Alpha"],"picked":"Wish","floor":16.0},{"not_picked":["ThirdEye","CutThroughFate+1"],"picked":"PathToVictory+1","floor":18.0},{"not_picked":["BowlingBash+1","EmptyFist"],"picked":"DeceiveReality","floor":21.0},{"not_picked":["Replay:BluntJabs","Protect+1"],"picked":"Adaptation+1","floor":22.0},{"not_picked":["EmptyBody","SashWhip"],"picked":"FollowUp+1","floor":24.0},{"not_picked":["FollowUp","Nirvana+1"],"picked":"MentalFortress","floor":27.0},{"not_picked":["ThirdEye","PathToVictory"],"picked":"Replay:BluntJabs+1","floor":30.0},{"not_picked":["SashWhip","BowlingBash+1"],"picked":"Replay:Anticipation","floor":31.0},{"not_picked":["Blasphemy","Scrawl"],"picked":"Establishment","floor":33.0},{"not_picked":["Replay:AtTheReady","JustLucky+1","BowlingBash+1"],"picked":"SKIP","floor":35.0},{"not_picked":["WreathOfFlame","Worship+1"],"picked":"Wallop+1","floor":37.0}],"player_experience":112195,"relics_obtained":[{"floor":2.0,"key":"hubris:Potato"},{"floor":6.0,"key":"Simple Rune"},{"floor":9.0,"key":"Matryoshka"},{"floor":13.0,"key":"Smiling Mask"},{"floor":13.0,"key":"Pen Nib"},{"floor":24.0,"key":"Letter Opener"},{"floor":26.0,"key":"Replay:Bottled Snecko"},{"floor":26.0,"key":"LagranYue:ReturningEmperorRelic"},{"floor":27.0,"key":"WingedGreaves"}],"event_choices":[{"damage_healed":0.0,"max_hp_gain":0.0,"max_hp_loss":0.0,"gold_gain":0.0,"event_name":"Golden Idol","player_choice":"Take Damage","floor":3.0,"gold_loss":0.0,"damage_taken":18.0,"relics_obtained":["Golden Idol"]},{"damage_healed":0.0,"max_hp_gain":0.0,"max_hp_loss":0.0,"gold_gain":0.0,"cards_transformed":["Strike_P"],"event_name":"Transmorgrifier","player_choice":"Transformed","floor":29.0,"gold_loss":0.0,"damage_taken":0.0,"cards_obtained":["DevaForm"]}],"is_beta":false,"boss_relics":[{"not_picked":["Replay:Ancient Bell","hubris:TerracottaHorce"],"picked":"hubris:Backtick"},{"not_picked":["Ring of Chaos","Empty Cage"],"picked":"Fusion Hammer"}],"items_purged_floors":[36],"is_endless":false,"potions_floor_spawned":[8,11,12,21,22,24,27,31,35],"killed_by":"4 Shapes","ascension_level":0}}