{"host":"2eswhqk6sgfpt1j1","time":1611714969,"event":{"mods":["Act Like it!","BaseMod","Colored Powertips","Hallownest","Lobotomy","Minty Spire (QoL Compilation)","Replay The Spire","StSLib","The Bug Knight","The Cursed","The Hierophant","The Servant 0.9.4"],"gold_per_floor":[115,115,115,125,141,141,159,0,0,13,13,27,27,44,44,44,44],"floor_reached":16,"language":"ZHS","playtime":965,"items_purged":[],"score":169,"play_id":"3d0376a2-d2d3-4e75-93d1-8ebc49a1b514","local_time":"20210127103609","is_ascension_mode":false,"campfire_choices":[{"data":"HollowMod:SoulSplash","floor":6,"key":"SMITH"},{"data":"HollowMod:GreatSlash","floor":13,"key":"SMITH"},{"data":"HollowMod:NailStrikeStart","floor":15,"key":"PURGE"}],"circlet_count":0,"master_deck":["HollowMod:NailStrikeStart","HollowMod:NailStrikeStart","HollowMod:NailStrikeStart","HollowMod:QuickDashStart","HollowMod:QuickDashStart","HollowMod:QuickDashStart","HollowMod:QuickDashStart","HollowMod:FocusHealStart","HollowMod:PogoStrike","HollowMod:HeavyBlow","HollowMod:SoulStrike","HollowMod:SoulSplash+1","HollowMod:CloakDash","HollowMod:GreatSlash+1","HollowMod:SharpenedNail"],"relics":["HollowMod:VesselMask","Potion Belt","Hallownest:DreamNailRelic","Replay:Ringing Soul","Centennial Puzzle","Replay:Rubber Ducky"],"acts_visited":["Hallownest:Greenpath"],"potions_floor_usage":[16,16,16],"damage_taken":[{"damage":0,"enemies":"Hallownest:2_Baldur","floor":1,"turns":5},{"damage":1,"enemies":"Hallownest:monsterHuskWarrior","floor":4,"turns":3},{"damage":0,"enemies":"Hallownest:monsterHuskGuard","floor":5,"turns":3},{"damage":2,"enemies":"Hallownest:Guard_and_Warrior","floor":7,"turns":6},{"damage":1,"enemies":"Hallownest:monsterMossCharger","floor":10,"turns":2},{"damage":2,"enemies":"Hallownest:2_Tiktiks_1_Baldur_1_Crawlid","floor":12,"turns":2},{"damage":3,"enemies":"Hallownest:Wandering_and_Horned","floor":14,"turns":4}],"seed_played":"812835466613694826","potions_obtained":[{"floor":4,"key":"Flashbang"},{"floor":10,"key":"Venom Potion"},{"floor":12,"key":"PowerPotion"},{"floor":14,"key":"Weak Potion"}],"is_trial":false,"path_per_floor":["M","?","T","M","M","R","M","?","T","M","$","M","R","M","R","B"],"character_chosen":"THE_BUGKNIGHT","items_purchased":[],"campfire_rested":0,"item_purchase_floors":[],"current_hp_per_floor":[75,75,75,78,81,81,82,82,82,84,84,85,85,88,88,0,0],"gold":44,"neow_bonus":"RANDOM_COMMON_RELIC","is_daily":false,"chose_seed":false,"campfire_upgraded":2,"win_rate":0.0,"timestamp":1611714969,"path_taken":["M","?","?","M","M","R","M","?","T","M","?","M","R","M","R","BOSS"],"items_purchased_type":[],"build_version":"2020-12-22","purchased_purges":0,"victory":false,"max_hp_per_floor":[75,75,75,78,81,81,84,84,84,87,87,90,90,90,90,90,90],"card_choices":[{"not_picked":["HollowMod:SoulStrike","HollowMod:TaintedHusks"],"picked":"HollowMod:HeavyBlow","floor":1},{"not_picked":["HollowMod:HeavyBlow","HollowMod:CornifersMapStart"],"picked":"HollowMod:SoulStrike","floor":4},{"not_picked":["HollowMod:LifebloodCocoon","HollowMod:DoubleDash"],"picked":"HollowMod:SoulSplash","floor":5},{"not_picked":["HollowMod:ShadowDash","HollowMod:InfectionAssault"],"picked":"HollowMod:CloakDash","floor":7},{"not_picked":["HollowMod:ShadowDash","HollowMod:TaintedHusks"],"picked":"HollowMod:GreatSlash","floor":10},{"not_picked":["HollowMod:DescendingDark","HollowMod:Grubsong"],"picked":"HollowMod:SharpenedNail","floor":12},{"not_picked":["HollowMod:DashSlash","HollowMod:NewJinnsSoul","HollowMod:DescendingDark"],"picked":"SKIP","floor":14}],"player_experience":411318,"relics_obtained":[{"floor":3,"key":"Replay:Ringing Soul"},{"floor":9,"key":"Replay:Rubber Ducky"}],"event_choices":[],"is_beta":false,"boss_relics":[],"items_purged_floors":[],"is_endless":false,"potions_floor_spawned":[4,10,12,14],"killed_by":"Hallownest:BossHornet","ascension_level":0}}