{"host":"xmr2g8b7eju0288o","time":1611772664,"event":{"mods":["AchievementEnabler","BaseMod","Colored Map","Colored Powertips","KOR Keyword Fix","Minty Spire (QoL Compilation)","Quick Restart","Spicy Shops","StSLib","SuperFastMode"],"gold_per_floor":[132,19,49,49,85,85,85,166,193,271,98,155,248,326,326,557,557,587,98,137,187,274,286,298,391,403,415,415],"floor_reached":27,"language":"KOR","playtime":782,"items_purged":[],"score":559,"play_id":"8c7515e3-2f03-4c2d-b6a8-d647b13e81d3","local_time":"20210128033744","daily_mods":["Heirloom","DeadlyEvents","Elite Swarm","Midas"],"is_ascension_mode":true,"campfire_choices":[{"floor":6.0,"key":"REST"},{"floor":15.0,"key":"REST"},{"floor":23.0,"key":"REST"}],"circlet_count":0,"master_deck":["AscendersBane","Strike_G","Strike_G","Strike_G","Strike_G","Strike_G","Defend_G","Defend_G","Defend_G+1","Defend_G","Defend_G","Survivor","Neutralize","Crippling Poison+1","Noxious Fumes","Poisoned Stab","Adrenaline","Dagger Spray","Die Die Die","Deadly Poison","After Image","Flechettes+1","Caltrops","Envenom"],"relics":["Ring of the Serpent","StoneCalendar","Strawberry","PreservedInsect","TungstenRod","Lee\u0027s Waffle","Bottled Tornado","Odd Mushroom","War Paint","Lantern","MawBank","Regal Pillow","Darkstone Periapt"],"acts_visited":["Exordium","TheCity"],"potions_floor_usage":[],"damage_taken":[{"damage":3.0,"enemies":"Jaw Worm","floor":1.0,"turns":3.0},{"damage":0.0,"enemies":"Cultist","floor":3.0,"turns":4.0},{"damage":9.0,"enemies":"Small Slimes","floor":5.0,"turns":4.0},{"damage":20.0,"enemies":"Lagavulin","floor":8.0,"turns":5.0},{"damage":22.0,"enemies":"3 Sentries","floor":10.0,"turns":7.0},{"damage":7.0,"enemies":"Gremlin Gang","floor":12.0,"turns":4.0},{"damage":22.0,"enemies":"Gremlin Nob","floor":13.0,"turns":4.0},{"damage":5.0,"enemies":"The Mushroom Lair","floor":14.0,"turns":2.0},{"damage":27.0,"enemies":"Hexaghost","floor":16.0,"turns":8.0},{"damage":40.0,"enemies":"2 Thieves","floor":18.0,"turns":4.0},{"damage":0.0,"enemies":"3 Byrds","floor":20.0,"turns":3.0},{"damage":12.0,"enemies":"Book of Stabbing","floor":22.0,"turns":4.0},{"damage":23.0,"enemies":"Slavers","floor":25.0,"turns":3.0},{"damage":4,"enemies":"Book of Stabbing","floor":27,"turns":3}],"seed_played":"2847360269211533004","potions_obtained":[{"floor":1.0,"key":"SkillPotion"},{"floor":5.0,"key":"CunningPotion"},{"floor":10.0,"key":"Fire Potion"},{"floor":13.0,"key":"GhostInAJar"},{"floor":22.0,"key":"DuplicationPotion"}],"is_trial":true,"path_per_floor":["M","$","M","$","M","R","?","E","T","E","$","M","E","?","R","B",null,"M","$","M","?","E","R","$","E","T","E"],"character_chosen":"THE_SILENT","items_purchased":["Noxious Fumes","Lee\u0027s Waffle","Caltrops","War Paint","Lantern"],"campfire_rested":3,"item_purchase_floors":[2,11,19,19,19],"current_hp_per_floor":[56,56,56,56,47,66,66,53,53,31,80,73,51,46,70,43,71,31,31,31,24,12,36,36,13,13,9,9],"gold":415,"neow_bonus":"","is_daily":false,"chose_seed":false,"campfire_upgraded":0,"win_rate":0.0,"timestamp":1611772664,"path_taken":["M","$","M","$","M","R","?","E","T","?","$","M","E","?","R","BOSS","M","$","M","?","?","R","?","E","T","E"],"items_purchased_type":["Card","Relic","Card","Relic","Relic"],"build_version":"2020-12-22","purchased_purges":0,"victory":false,"max_hp_per_floor":[66,66,66,66,66,66,66,73,73,73,80,80,80,80,80,80,80,80,80,80,80,80,80,80,80,80,80,80],"card_choices":[{"not_picked":["PiercingWail","Terror"],"picked":"Crippling Poison","floor":1.0},{"not_picked":["Deflect","Tactician"],"picked":"Acrobatics","floor":3.0},{"not_picked":["Dodge and Roll","Acrobatics"],"picked":"Poisoned Stab","floor":5.0},{"not_picked":["Unload","Bullet Time","A Thousand Cuts"],"picked":"SKIP","floor":8.0},{"not_picked":["A Thousand Cuts","Unload"],"picked":"Adrenaline","floor":10.0},{"not_picked":["PiercingWail","Bane"],"picked":"Dagger Spray","floor":12.0},{"not_picked":["Glass Knife","Burst"],"picked":"Die Die Die","floor":13.0},{"not_picked":["Deflect","Acrobatics"],"picked":"Deadly Poison","floor":14.0},{"not_picked":["Grand Finale","Envenom"],"picked":"After Image","floor":16.0},{"not_picked":["Finisher","Underhanded Strike"],"picked":"Flechettes+1","floor":18.0},{"not_picked":["Flechettes","Slice","Masterful Stab+1"],"picked":"SKIP","floor":20.0},{"not_picked":["Bullet Time","Tools of the Trade"],"picked":"Envenom","floor":22.0},{"not_picked":["Wraith Form v2","Night Terror","Grand Finale"],"picked":"SKIP","floor":25.0}],"player_experience":88746,"relics_obtained":[{"floor":8.0,"key":"Strawberry"},{"floor":9.0,"key":"PreservedInsect"},{"floor":10.0,"key":"TungstenRod"},{"floor":13.0,"key":"Bottled Tornado"},{"floor":14.0,"key":"Odd Mushroom"},{"floor":22.0,"key":"MawBank"},{"floor":25.0,"key":"Regal Pillow"},{"floor":26.0,"key":"Darkstone Periapt"}],"event_choices":[{"cards_removed":["Acrobatics"],"damage_healed":5.0,"max_hp_gain":0.0,"max_hp_loss":0.0,"gold_gain":0.0,"event_name":"Bonfire Elementals","player_choice":"Offered Common","floor":7.0,"gold_loss":0.0,"damage_taken":0.0},{"cards_removed":["Acrobatics"],"damage_healed":5.0,"max_hp_gain":0.0,"max_hp_loss":0.0,"gold_gain":0.0,"event_name":"Bonfire Elementals","player_choice":"Offered Special","floor":7.0,"gold_loss":0.0,"damage_taken":0.0},{"damage_healed":0.0,"max_hp_gain":0.0,"max_hp_loss":0.0,"gold_gain":0.0,"event_name":"Mushrooms","player_choice":"Fought Mushrooms","floor":14.0,"gold_loss":0.0,"damage_taken":0.0},{"damage_healed":0.0,"max_hp_gain":0.0,"max_hp_loss":0.0,"gold_gain":50.0,"event_name":"FaceTrader","player_choice":"Touch","floor":21.0,"gold_loss":0.0,"damage_taken":8.0}],"is_beta":false,"boss_relics":[{"not_picked":["HoveringKite","Pandora\u0027s Box"],"picked":"Ring of the Serpent"}],"items_purged_floors":[],"is_endless":true,"potions_floor_spawned":[1,5,10,13,22],"killed_by":"Book of Stabbing","ascension_level":20}}