{"host":"q206iib20se9i6w7","time":1611717328,"event":{"mods":["AchievementEnabler","BaseMod","Bestiary","Block Reminder","Colored Map","Colored Powertips","Curses Come First","Highlight Path","Key Reminder","Minty Spire (QoL Compilation)","Quick Restart","Random Character Button","Relic Stats","StSLib","SuperFastMode","Unceasing Turn Reminder"],"gold_per_floor":[12,12,12,12,30,30,30,30,30,57,57,76,87,9,9,106,106,120,134,67,86,86,86,99,125,125,150,162,36,36,36,36,135,135,146,146,146,156,175,175,217,217,217],"floor_reached":42,"language":"ENG","playtime":2189,"items_purged":[],"score":771,"play_id":"459ef2a2-fb09-415f-b515-9d88c8c075e0","local_time":"20210126211528","is_ascension_mode":true,"campfire_choices":[{"data":"Perseverance","floor":6,"key":"SMITH"},{"data":"Evaluate","floor":8,"key":"SMITH"},{"floor":11,"key":"REST"},{"data":"TalkToTheHand","floor":15,"key":"SMITH"},{"floor":23,"key":"REST"},{"floor":30,"key":"REST"},{"floor":32,"key":"REST"},{"data":"Establishment","floor":40,"key":"SMITH"}],"circlet_count":0,"master_deck":["AscendersBane","Strike_P","Strike_P","Defend_P","Defend_P","Eruption+1","Vigilance","Wireheading","Perseverance+1","Evaluate+1","TalkToTheHand+1","MentalFortress","SashWhip","Consecrate","BowlingBash","Establishment+1","SignatureMove","JustLucky","CarveReality","Wallop+1","Sanctity+1","InnerPeace+1","WindmillStrike+1","EmptyFist","FlurryOfBlows","Nirvana","MasterReality","Evaluate+1","ThirdEye+1","FearNoEvil","Wireheading+1"],"relics":["PureWater","Ornamental Fan","Darkstone Periapt","SlaversCollar","Nunchaku","Bronze Scales","Gremlin Horn","HornCleat","Cursed Key","Yang","CeramicFish"],"acts_visited":["Exordium","TheCity","TheBeyond"],"potions_floor_usage":[12,13,18,21,25,28,35],"damage_taken":[{"damage":4,"enemies":"Jaw Worm","floor":1,"turns":5},{"damage":6,"enemies":"Small Slimes","floor":5,"turns":3},{"damage":19,"enemies":"3 Sentries","floor":10,"turns":15},{"damage":2,"enemies":"Cultist","floor":12,"turns":5},{"damage":2,"enemies":"Exordium Wildlife","floor":13,"turns":4},{"damage":0,"enemies":"Hexaghost","floor":16,"turns":9},{"damage":19,"enemies":"2 Thieves","floor":18,"turns":4},{"damage":7,"enemies":"Chosen","floor":19,"turns":3},{"damage":28,"enemies":"Snecko","floor":21,"turns":7},{"damage":0,"enemies":"Centurion and Healer","floor":24,"turns":4},{"damage":10,"enemies":"Gremlin Leader","floor":25,"turns":5},{"damage":17,"enemies":"Slavers","floor":27,"turns":5},{"damage":2,"enemies":"Snake Plant","floor":28,"turns":4},{"damage":22,"enemies":"Collector","floor":33,"turns":10},{"damage":0,"enemies":"3 Shapes","floor":35,"turns":3},{"damage":2,"enemies":"3 Darklings","floor":38,"turns":5},{"damage":0,"enemies":"4 Shapes","floor":39,"turns":6},{"damage":23,"enemies":"Nemesis","floor":41,"turns":7},{"damage":41,"enemies":"Writhing Mass","floor":42,"turns":3}],"seed_played":"-4570760289747176106","potions_obtained":[{"floor":1,"key":"Weak Potion"},{"floor":7,"key":"StancePotion"},{"floor":7,"key":"DuplicationPotion"},{"floor":13,"key":"SkillPotion"},{"floor":19,"key":"ColorlessPotion"},{"floor":21,"key":"LiquidBronze"},{"floor":27,"key":"Ancient Potion"},{"floor":33,"key":"ColorlessPotion"},{"floor":35,"key":"SpeedPotion"},{"floor":41,"key":"Strength Potion"}],"is_trial":false,"path_per_floor":["M","?","?","?","M","R","?","R","T","E","R","M","M","$","R","B",null,"M","M","$","M","T","R","M","E","T","E","M","$","R","?","R","B",null,"M","?","?","M","M","R","E","M"],"character_chosen":"WATCHER","items_purchased":["Consecrate","BowlingBash","CarveReality","FlurryOfBlows","Nirvana"],"campfire_rested":4,"item_purchase_floors":[14,14,20,29,29],"current_hp_per_floor":[61,61,54,54,48,48,48,48,48,29,50,48,46,46,46,46,66,47,40,40,12,12,33,33,23,23,6,4,4,25,12,35,13,61,61,61,61,59,59,59,36,0,0],"gold":217,"neow_bonus":"REMOVE_TWO","is_daily":false,"chose_seed":false,"campfire_upgraded":4,"win_rate":0.0,"timestamp":1611717328,"path_taken":["M","?","?","?","?","R","?","R","T","E","R","M","M","$","R","BOSS","M","M","$","M","?","R","M","E","T","E","M","$","R","?","R","BOSS","M","?","?","M","M","R","E","M"],"items_purchased_type":["Card","Card","Card","Card","Card"],"build_version":"2020-12-22","purchased_purges":0,"victory":false,"max_hp_per_floor":[72,72,72,72,72,72,72,72,72,72,72,72,72,72,72,72,72,72,72,72,72,72,72,72,72,72,72,72,72,72,77,77,77,77,77,77,77,77,77,77,77,77,77],"relic_stats":{"Darkstone Periapt":0,"Nunchaku":[15],"Gremlin Horn":[16,16],"counters":[19,107],"Ornamental Fan":[180],"Bronze Scales":[122],"CeramicFish":9,"Yang":[57],"Cursed Key":0,"obtain_stats":[{"Darkstone Periapt":10,"SlaversCollar":17,"Nunchaku":22,"HornCleat":27,"Gremlin Horn":26,"Ornamental Fan":9,"Bronze Scales":25,"CeramicFish":41,"Yang":37,"PureWater":0,"Cursed Key":34},{"Darkstone Periapt":3,"SlaversCollar":6,"Nunchaku":9,"HornCleat":12,"Gremlin Horn":11,"Ornamental Fan":2,"Bronze Scales":11,"CeramicFish":18,"Yang":15,"PureWater":0,"Cursed Key":14},{"Darkstone Periapt":23,"SlaversCollar":41,"Nunchaku":55,"HornCleat":69,"Gremlin Horn":64,"Ornamental Fan":8,"Bronze Scales":64,"CeramicFish":104,"Yang":86,"PureWater":0,"Cursed Key":83}]},"card_choices":[{"not_picked":["ReachHeaven","CrushJoints"],"picked":"Wireheading","floor":1},{"not_picked":["Collect","WheelKick"],"picked":"Evaluate","floor":5},{"not_picked":["SashWhip","ConjureBlade"],"picked":"TalkToTheHand","floor":10},{"not_picked":["Study","FlyingSleeves"],"picked":"MentalFortress","floor":12},{"not_picked":["PathToVictory","Halt"],"picked":"SashWhip","floor":13},{"not_picked":["Brilliance","DeusExMachina"],"picked":"Establishment","floor":16},{"not_picked":["EmptyFist","Weave+1"],"picked":"SignatureMove","floor":18},{"not_picked":["WreathOfFlame","Sanctity"],"picked":"JustLucky","floor":19},{"not_picked":["InnerPeace+1","BowlingBash+1"],"picked":"Wallop+1","floor":21},{"not_picked":["Indignation","BowlingBash"],"picked":"Sanctity+1","floor":24},{"not_picked":["PathToVictory+1","FlyingSleeves+1"],"picked":"InnerPeace+1","floor":25},{"not_picked":["WheelKick","Halt"],"picked":"WindmillStrike+1","floor":27},{"not_picked":["Fasting2+1","FlyingSleeves"],"picked":"EmptyFist","floor":28},{"not_picked":["Establishment","DeusExMachina"],"picked":"MasterReality","floor":33},{"not_picked":["SashWhip","Wireheading"],"picked":"Evaluate+1","floor":35},{"not_picked":["FearNoEvil","FlurryOfBlows"],"picked":"ThirdEye+1","floor":38},{"not_picked":["Conclude+1","Wallop"],"picked":"FearNoEvil","floor":39},{"not_picked":["FlurryOfBlows+1","Consecrate+1"],"picked":"Wireheading+1","floor":41}],"player_experience":285016,"relics_obtained":[{"floor":9,"key":"Ornamental Fan"},{"floor":10,"key":"Darkstone Periapt"},{"floor":22,"key":"Nunchaku"},{"floor":25,"key":"Bronze Scales"},{"floor":26,"key":"Gremlin Horn"},{"floor":27,"key":"HornCleat"},{"floor":41,"key":"CeramicFish"}],"event_choices":[{"damage_healed":0,"gold_gain":0,"player_choice":"Grow","damage_taken":0,"max_hp_gain":0,"max_hp_loss":0,"event_name":"Living Wall","floor":2,"gold_loss":0,"cards_upgraded":["Eruption"]},{"cards_removed":["Strike_P"],"damage_healed":0,"gold_gain":0,"player_choice":"Card Removal","damage_taken":7,"max_hp_gain":0,"max_hp_loss":0,"event_name":"Golden Wing","floor":3,"gold_loss":0},{"damage_healed":0,"gold_gain":0,"cards_transformed":["Defend_P"],"player_choice":"Transformed","damage_taken":0,"max_hp_gain":0,"max_hp_loss":0,"event_name":"Transmorgrifier","floor":4,"gold_loss":0,"cards_obtained":["Perseverance"]},{"damage_healed":0,"gold_gain":0,"player_choice":"Got Potions","damage_taken":0,"max_hp_gain":0,"max_hp_loss":0,"event_name":"Lab","floor":7,"gold_loss":0},{"damage_healed":0,"gold_gain":0,"player_choice":"Shed Blood","damage_taken":18,"max_hp_gain":5,"max_hp_loss":0,"event_name":"Forgotten Altar","floor":31,"gold_loss":0},{"damage_healed":0,"gold_gain":0,"player_choice":"Ignored","damage_taken":0,"max_hp_gain":0,"max_hp_loss":0,"event_name":"Mysterious Sphere","floor":36,"gold_loss":0},{"damage_healed":0,"gold_gain":0,"player_choice":"Gave Potion","damage_taken":0,"relics_obtained":["Yang"],"max_hp_gain":0,"max_hp_loss":0,"event_name":"WeMeetAgain","floor":37,"gold_loss":0}],"is_beta":false,"boss_relics":[{"not_picked":["Black Star","Busted Crown"],"picked":"SlaversCollar"},{"not_picked":["Empty Cage","Runic Dome"],"picked":"Cursed Key"}],"items_purged_floors":[],"is_endless":false,"potions_floor_spawned":[1,13,19,21,27,33,35,41],"killed_by":"Writhing Mass","ascension_level":10}}