{"host":"farxtl2u8hmkbdo2","time":1611759013,"event":{"mods":["A Magickal Journey","BaseMod","Better Altar","Better Note","Better Sensory Stone","Better Skull","Better Third Choice","Challenge The Spire","Colored Map","Colored Powertips","Current Relic Mod","Energized Spire","Fox Events","Gremlin Mod","Hermit","Hubris","Mimic Mod","Minty Spire (QoL Compilation)","Quick Restart","READ ME - Guardian Mod","READ ME - Snecko Mod","Rare Cards Sparkle","StSLib","The Bladedancer","The Bug Knight","The Cursed","The Disciple","The Elementalist","The Hierophant","The Marked","The Necromancer","The Runesmith","Transform Curses"],"gold_per_floor":[96,119,141,141,141,141,187,216,216,232,232,232],"floor_reached":11,"language":"SPA","playtime":630,"items_purged":[],"score":77,"play_id":"c94fcc38-52e2-4b5b-8ad0-c807bf10303b","local_time":"20210127115013","is_ascension_mode":false,"campfire_choices":[{"data":"hierophant:ChurchCoffers","floor":6,"key":"SMITH"}],"circlet_count":0,"master_deck":["hierophant:Strike_Hierophant","hierophant:Strike_Hierophant","hierophant:Strike_Hierophant","hierophant:Strike_Hierophant","hierophant:Punish","hierophant:Defend_Hierophant","hierophant:Defend_Hierophant","hierophant:Defend_Hierophant","hierophant:Defend_Hierophant","hierophant:ChurchCoffers+1","hubris:Ssssneak","hierophant:OrnateBuckler","hierophant:DivineIntervention","hierophant:Doubloon","hierophant:Refuge","hierophant:Blessing","hierophant:Doubloon","hierophant:Remorse","hierophant:DivineIntervention","hierophant:HolyVerse"],"relics":["hierophant:PropheticMaskRelic","Dream Catcher","hubris:DeckOfHolding","Runesmith:Nanobots"],"acts_visited":["Exordium"],"potions_floor_usage":[10,11],"damage_taken":[{"damage":1,"enemies":"Jaw Worm","floor":1,"turns":6},{"damage":1,"enemies":"Cultist","floor":2,"turns":4},{"damage":2,"enemies":"Small Slimes","floor":3,"turns":3},{"damage":7,"enemies":"Exordium Thugs","floor":5,"turns":4},{"damage":24,"enemies":"3 Sentries","floor":7,"turns":6},{"damage":14,"enemies":"Red Slaver","floor":8,"turns":6},{"damage":12,"enemies":"Blue Slaver","floor":10,"turns":3},{"damage":30,"enemies":"Gremlin Nob","floor":11,"turns":4}],"seed_played":"8896702494075666866","potions_obtained":[{"floor":2,"key":"Fire Potion"},{"floor":8,"key":"SkillPotion"},{"floor":10,"key":"Weak Potion"}],"is_trial":false,"path_per_floor":["M","M","M","?","M","R","E","M","T","M","E"],"character_chosen":"HIEROPHANT","items_purchased":[],"campfire_rested":0,"item_purchase_floors":[],"current_hp_per_floor":[74,73,71,71,64,64,40,33,33,28,0,0],"gold":232,"neow_bonus":"RANDOM_COLORLESS","is_daily":false,"chose_seed":false,"campfire_upgraded":1,"win_rate":0.0,"timestamp":1611759013,"path_taken":["M","M","M","?","M","R","E","?","T","M","E"],"items_purchased_type":[],"build_version":"2020-12-22","purchased_purges":0,"victory":false,"max_hp_per_floor":[75,75,75,75,75,75,75,75,75,75,75,75],"card_choices":[{"not_picked":["Finesse","hubris:Insight"],"picked":"hubris:Ssssneak","floor":0},{"not_picked":["hierophant:Encroach","hierophant:HolyVerse"],"picked":"hierophant:OrnateBuckler","floor":1},{"not_picked":["hierophant:HammerAndAnvil","hierophant:MorningPrayer"],"picked":"hierophant:DivineIntervention","floor":2},{"not_picked":["hierophant:FlamingChariot","hierophant:HammerAndAnvil"],"picked":"hierophant:Refuge","floor":3},{"not_picked":["hierophant:OrnateBuckler","hierophant:Encroach"],"picked":"hierophant:Blessing","floor":5},{"not_picked":["hierophant:FlamingChariot","hierophant:Doubloon"],"picked":"hierophant:Remorse","floor":7},{"not_picked":["hierophant:Sermon","hierophant:Smite"],"picked":"hierophant:DivineIntervention","floor":8},{"not_picked":["hierophant:FieryStrike","hierophant:AuricBeam"],"picked":"hierophant:HolyVerse","floor":10}],"player_experience":1905320,"relics_obtained":[{"floor":7,"key":"hubris:DeckOfHolding"},{"floor":9,"key":"Runesmith:Nanobots"}],"event_choices":[{"damage_healed":0,"gold_gain":0,"player_choice":"Gave Potion","damage_taken":0,"relics_obtained":["Dream Catcher"],"max_hp_gain":0,"max_hp_loss":0,"event_name":"WeMeetAgain","floor":4,"gold_loss":0}],"is_beta":false,"boss_relics":[],"items_purged_floors":[],"is_endless":false,"potions_floor_spawned":[2,8,10],"killed_by":"Gremlin Nob","ascension_level":0}}