{"host":"h4qgcirtxz6qax9j","time":1611730272,"event":{"mods":["2.2 Compatiblity","AchievementEnabler","BaseMod","Colored Powertips","Custom Start","Hermit","Marisa£¨Ùöéë¡¡Øª×âÞÞ£©","Minty Spire (QoL Compilation)","Replay The Spire","StSLib","SuperFastMode","The Servant 0.9.4"],"gold_per_floor":[110,149,1,21,34,34,51,71,98,98,118,118,179,179,179,189,189,290,290,304,317,317,317,77,77,110,110,110,122,138,138,165,220,220,323,323,337,352,56,66,66,66,83,83,83,94,94,108,108,119,119,119,119],"floor_reached":52,"language":"KOR","playtime":1987,"items_purged":[],"score":560,"play_id":"1fe422b0-e352-4540-8de1-28b6fbbfdf20","local_time":"20210127155112","is_ascension_mode":true,"campfire_choices":[{"data":"EscapeVelocity","floor":6.0,"key":"SMITH"},{"data":"GasGiant","floor":10.0,"key":"SMITH"},{"data":"WitchLeyline","floor":12.0,"key":"SMITH"},{"floor":17.0,"key":"REST"},{"data":"MeteoricShower","floor":25.0,"key":"SMITH"},{"data":"OortCloud","floor":27,"key":"SMITH"},{"floor":31,"key":"REST"},{"floor":34,"key":"DIG"},{"floor":42,"key":"REST"},{"floor":44,"key":"REST"},{"floor":47,"key":"REST"},{"floor":49,"key":"REST"},{"floor":51,"key":"REST"}],"circlet_count":0,"master_deck":["Strike_MRS","Strike_MRS","Strike_MRS","Strike_MRS","Defend_MRS","Defend_MRS","Defend_MRS","Defend_MRS","MasterSpark","UpSweep","EscapeVelocity+1","ShootingEcho","GasGiant+1","DC","DarkMatter","WitchLeyline+1","DoubleSpark","OortCloud+1","MeteoricShower+1","WitchLeyline","WitchLeyline","DeepEcoloBomb","ShootingEcho+1","DeepEcoloBomb+1","ManaConvection","Acceleration+1","WitchLeyline+1","OortCloud+1"],"relics":["MiniHakkero","Replay:PocketPolymizer","TheAbacus","Art of War","Bag of Preparation","Honey Jar","Iron Hammer","Happy Flower","Calipers","Bag of Marbles","PreservedInsect","Mercury Hourglass","Painkiller Herb","Membership Card","TungstenRod"],"acts_visited":["Exordium","TheCity","TheBeyond"],"potions_floor_usage":[35,35,35,52,52,52,52],"damage_taken":[{"damage":0.0,"enemies":"Small Slimes","floor":1.0,"turns":2.0},{"damage":2.0,"enemies":"Jaw Worm","floor":4.0,"turns":3.0},{"damage":0.0,"enemies":"2 Louse","floor":5.0,"turns":2.0},{"damage":0.0,"enemies":"Exordium Thugs","floor":7.0,"turns":4.0},{"damage":9.0,"enemies":"Exordium Wildlife","floor":8.0,"turns":5.0},{"damage":6.0,"enemies":"3 Louse","floor":11.0,"turns":2.0},{"damage":22.0,"enemies":"3 Sentries","floor":13.0,"turns":8.0},{"damage":5.0,"enemies":"Lots of Slimes","floor":16.0,"turns":3.0},{"damage":15.0,"enemies":"Slime Boss","floor":18.0,"turns":9.0},{"damage":0.0,"enemies":"Shell Parasite","floor":20.0,"turns":5.0},{"damage":8.0,"enemies":"2 Thieves","floor":21.0,"turns":4.0},{"damage":18,"enemies":"Gremlin Leader","floor":26,"turns":6},{"damage":16,"enemies":"Snake Plant","floor":29,"turns":2},{"damage":2,"enemies":"Snecko","floor":30,"turns":4},{"damage":23,"enemies":"Slavers","floor":32,"turns":5},{"damage":4,"enemies":"Collector","floor":35,"turns":10},{"damage":0,"enemies":"3 Shapes","floor":37,"turns":2},{"damage":0,"enemies":"Orb Walker","floor":38,"turns":2},{"damage":36,"enemies":"Jaw Worm Horde","floor":40,"turns":3},{"damage":22,"enemies":"Transient","floor":43,"turns":5},{"damage":19,"enemies":"3 Darklings","floor":46,"turns":5},{"damage":5,"enemies":"Spire Growth","floor":48,"turns":3},{"damage":25,"enemies":"Writhing Mass","floor":50,"turns":4},{"damage":74,"enemies":"Awakened One","floor":52,"turns":4}],"seed_played":"-4129729122075552488","potions_obtained":[{"floor":4.0,"key":"Swift Potion"},{"floor":13.0,"key":"Dexterity Potion"},{"floor":18.0,"key":"Languid Potion"},{"floor":21.0,"key":"GamblersBrew"},{"floor":23.0,"key":"Flashbang"},{"floor":23.0,"key":"LiquidMemories"},{"floor":23.0,"key":"Reflective Coating"},{"floor":26,"key":"Explosive Potion"},{"floor":37,"key":"FearPotion"},{"floor":46,"key":"BlessingOfTheForge"},{"floor":48,"key":"LifebloodPotion"}],"is_trial":false,"path_per_floor":["M","?","$","M","M","R","M","M","T","R","M","R","?","PTL","PTL","M","R","B",null,"M","M","$","?","$","R","E","R","T","M","M","R","E","T","R","B",null,"?","?","T","?","?","T","?","T","T","?","T","?","T","?","T","B"],"character_chosen":"MARISA","items_purchased":["TheAbacus","Iron Hammer","Membership Card","TungstenRod"],"campfire_rested":7,"item_purchase_floors":[3,24,39,39],"current_hp_per_floor":[68,68,68,66,66,66,66,57,57,57,51,51,29,29,29,24,44,29,68,68,60,60,60,60,60,42,42,42,26,24,44,21,21,21,17,68,68,68,68,32,32,52,30,50,50,31,51,46,66,41,61,0,0],"gold":119,"neow_bonus":"THREE_RARE_CARDS","is_daily":false,"chose_seed":false,"campfire_upgraded":5,"win_rate":0.0,"timestamp":1611730272,"path_taken":["M","?","$","M","M","R","M","M","T","R","M","R","?","PTL","PTL","M","R","BOSS","M","M","$","?","?","R","E","R","T","M","?","R","E","?","R","BOSS","?","?","T","?","?","T","?","T","T","?","T","?","T","?","T","BOSS"],"items_purchased_type":["Relic","Relic","Relic","Relic"],"build_version":"2020-12-22","purchased_purges":0,"victory":false,"max_hp_per_floor":[68,68,68,68,68,68,68,68,68,68,68,68,68,68,68,68,68,68,68,68,68,68,68,68,68,68,68,68,68,68,68,68,68,68,68,68,68,68,68,68,68,68,68,68,68,68,68,68,68,68,68,68,68],"card_choices":[{"not_picked":["MillisecondPulsars","JA"],"picked":"EscapeVelocity","floor":0.0},{"not_picked":["MagicChant","Orbital"],"picked":"ShootingEcho","floor":1.0},{"not_picked":["EarthLightRay","DC"],"picked":"GasGiant","floor":2.0},{"not_picked":["EnergyFlow","ChargingUp"],"picked":"DC","floor":4.0},{"not_picked":["GrandCross","IllusionStar"],"picked":"DarkMatter","floor":5.0},{"not_picked":["StarDustReverie","DoubleSpark"],"picked":"WitchLeyline","floor":7.0},{"not_picked":["IllusionStar","DC","6A"],"picked":"SKIP","floor":8.0},{"not_picked":["SprinkleStarSeal","UnstableBomb","MysteriousBeam"],"picked":"SKIP","floor":11.0},{"not_picked":["LuminesStrike","StarBarrage"],"picked":"DoubleSpark","floor":13.0},{"not_picked":["ShootingEcho","Acceleration"],"picked":"OortCloud","floor":16.0},{"not_picked":["GrandCross","DoubleSpark","WitchOfGreed+1"],"picked":"MeteoricShower","floor":20.0},{"not_picked":["SporeBomb","GravityBeat+1","OpenUniverse+1"],"picked":"WitchLeyline","floor":21.0},{"not_picked":["EventHorizon","OneTimeOff+1","6A"],"picked":"WitchLeyline","floor":26},{"not_picked":["BinaryStars","LuminesStrike+1","EnergyRecoil"],"picked":"DeepEcoloBomb","floor":29},{"not_picked":["LuminesStrike","WitchOfGreed+1","ChargingUp"],"picked":"ShootingEcho+1","floor":30},{"not_picked":["OrrerysSun","PowerUp","FinalSpark"],"picked":"DeepEcoloBomb+1","floor":32},{"not_picked":["ManaRampage","CollectingQuirk","AbsoluteMagnitude"],"picked":"BigCrunch","floor":35},{"not_picked":["GalacticHalo","EventHorizon+1","AsteroidBelt"],"picked":"ManaConvection","floor":37},{"not_picked":["LuminesStrike","DC","GalacticHalo+1"],"picked":"Acceleration+1","floor":38},{"not_picked":["NonDirectionalLaser+1","DarkMatter","AsteroidBelt+1","PropBag"],"picked":"SKIP","floor":40},{"not_picked":["DarkMatter","MachineGunSpark","GravityBeat+1","BinaryStars"],"picked":"SKIP","floor":43},{"not_picked":["Singularity+1","NonDirectionalLaser","LuminesStrike+1","SporeBomb"],"picked":"SKIP","floor":46},{"not_picked":["OrrerysSun","PulseMagic","GrandCross"],"picked":"WitchLeyline+1","floor":48},{"not_picked":["Acceleration+1","MilkyWay","UnstableBomb"],"picked":"OortCloud+1","floor":50}],"player_experience":120849,"relics_obtained":[{"floor":2.0,"key":"Replay:PocketPolymizer"},{"floor":9.0,"key":"Art of War"},{"floor":13.0,"key":"Bag of Preparation"},{"floor":26,"key":"Happy Flower"},{"floor":28,"key":"Calipers"},{"floor":32,"key":"Bag of Marbles"},{"floor":33,"key":"PreservedInsect"},{"floor":34,"key":"Mercury Hourglass"}],"event_choices":[{"damage_healed":0.0,"max_hp_gain":0.0,"max_hp_loss":0.0,"gold_gain":0.0,"event_name":"Dead Adventurer","player_choice":"Searched \u00271\u0027 times","floor":13.0,"gold_loss":0.0,"damage_taken":0.0},{"damage_healed":0.0,"max_hp_gain":0.0,"max_hp_loss":0.0,"gold_gain":0.0,"event_name":"Lab","player_choice":"Got Potions","floor":23.0,"gold_loss":0.0,"damage_taken":0.0},{"cards_removed":["BigCrunch"],"damage_healed":0,"gold_gain":0,"player_choice":"Purged","damage_taken":0,"max_hp_gain":0,"max_hp_loss":0,"event_name":"Purifier","floor":41,"gold_loss":0}],"is_beta":false,"boss_relics":[{"not_picked":["RampagingMagicTools","Velvet Choker"],"picked":"Honey Jar"},{"not_picked":["SlaversCollar","Calling Bell"],"picked":"Painkiller Herb"}],"items_purged_floors":[],"is_endless":false,"potions_floor_spawned":[4,13,18,21,26,37,46,48],"killed_by":"Awakened One","ascension_level":2}}