{"host":"ds1yr10zonoc6w4a","time":1611708557,"event":{"mods":["AchievementEnabler","Act Like it!","Aspiration","BaseMod","Better Match","Better Third Choice","BetterRewards","Downfall","Energized Spire","Gensokyo","Infinite Spire","Minty Spire (QoL Compilation)","Pale of the Ancients","Relic Filter Mod","Reliquary","Replay The Spire","Spire Arcade","StSLib","The Animator","The Cursed"],"gold_per_floor":[113,132,13,13,25,25,56,84,109,109,135,162,37,70,70,150,150,172,47,47,47,47,82,82,4,4,4,37,68,68,103,103,182,182,193,193,193,93,33,82,82,82,82,116,129,129,129,149,181,35,35,43,347,347,347,675,741,808,808,808,31,31,31],"floor_reached":62,"language":"ENG","playtime":28758,"items_purged":["animator:Defend","Regret","animator:Strike","animator:Strike","Defend_G"],"score":2691,"play_id":"31a1a84d-0366-4ad9-9c33-e340dc5fc20c","local_time":"20210126174917","is_ascension_mode":true,"campfire_choices":[{"data":"animator:HinaKagiyama","floor":6.0,"key":"SMITH"},{"data":"animator:Kaijin","floor":15.0,"key":"SMITH"},{"floor":24.0,"key":"RECALL"},{"data":"animator:Wiz","floor":27.0,"key":"SMITH"},{"data":"Languid","floor":32,"key":"PURGE"},{"data":"animator:Demiurge","floor":42,"key":"SMITH"},{"data":"animator:DolaCouronne","floor":51,"key":"SMITH"},{"data":"animator:Envy","floor":55,"key":"SMITH"}],"circlet_count":0,"master_deck":["AscendersBane","animator:Strike_Katanagatari","animator:Defend_Katanagatari+1","animator:Azekura","animator:Emonzaemon+1","animator:Azekura","animator:Azekura","animator:Patchouli","animator:MamizouFutatsuiwa","animator:Megunee","animator:Berserker","animator:Alexander","animator:Shion","animator:DolaRiku","animator:HinaKagiyama","animator:Curse_Dizziness","animator:Gluttony","animator:Mitsuba+1","animator:GuildGirl","animator:Kaijin+1","Leg Sweep","Skewer","animator:Demiurge","animator:Wiz+1","animator:SakuraKinomoto","animator:DolaCouronne","animator:Emonzaemon","animator:GoblinSlayer","animator:Spearman","animator:DwarfShaman+1","animator:Eve","animator:Togame+1","animator:ZankiKiguchi","animator:Konayuki","animator:PandorasActor","Gensokyo:ShootingStar+1","animator:Envy+1","animator:Verdia","Gensokyo:PrivateSquare","Pride","Gensokyo:CustomPotion","animator:Entoma","animator:Nanami","animator:Hitei+1","animator:Shinoa","Gensokyo:ScrapIron","Gensokyo:Shovel","animator:Shichika","animator:Guren+1","infinitespire:Punishment+1","animator:QuestionMark"],"relics":["animator:TheEgnaroPiece","animator:LivingPicture","animator:TheMissingPiece","animator:AncientMedallion"],"acts_visited":["Exordium","Gensokyo:Gensokyo","Gensokyo:Gensokyoer","TheEnding","EYB:TheUnnamedReign"],"potions_floor_usage":[49,49,58,62],"damage_taken":[{"damage":0.0,"enemies":"Gensokyo:Python","floor":1.0,"turns":4.0},{"damage":4.0,"enemies":"Gensokyo:3_Fairies","floor":2.0,"turns":4.0},{"damage":0.0,"enemies":"Gensokyo:2_Kodama","floor":5.0,"turns":5.0},{"damage":8.0,"enemies":"Gensokyo:2_Rabbits","floor":7.0,"turns":2.0},{"damage":9.0,"enemies":"Gensokyo:Cirno","floor":8.0,"turns":10.0},{"damage":11.0,"enemies":"Gensokyo:Kitsune","floor":11.0,"turns":2.0},{"damage":0.0,"enemies":"Gensokyo:Python_and_Kodama","floor":12.0,"turns":4.0},{"damage":18.0,"enemies":"Gensokyo:Aya","floor":14.0,"turns":6.0},{"damage":0.0,"enemies":"Gensokyo:Yukari","floor":16.0,"turns":9.0},{"damage":29.0,"enemies":"Gensokyo:3_Dogs","floor":18.0,"turns":3.0},{"damage":5.0,"enemies":"Gensokyo:Koishi","floor":23.0,"turns":3.0},{"damage":4.0,"enemies":"Gensokyo:Chomper","floor":28.0,"turns":2.0},{"damage":39,"enemies":"Gensokyo:Tenshi","floor":29,"turns":3},{"damage":10,"enemies":"Gensokyo:Koishi","floor":31,"turns":3},{"damage":19,"enemies":"Gensokyo:Eiki","floor":33,"turns":4},{"damage":2,"enemies":"Gensokyo:3_Boulders","floor":35,"turns":3},{"damage":1,"enemies":"Gensokyo:Doremy","floor":40,"turns":4},{"damage":5,"enemies":"Gensokyo:AncientGuardian","floor":44,"turns":3},{"damage":0,"enemies":"Gensokyo:3_Boulders","floor":45,"turns":3},{"damage":0,"enemies":"Gensokyo:Rafflesia","floor":48,"turns":3},{"damage":0,"enemies":"Gensokyo:Marisa","floor":49,"turns":1},{"damage":0,"enemies":"Gensokyo:Shinki","floor":52,"turns":4},{"damage":8,"enemies":"Gensokyo:Yuyuko","floor":53,"turns":6},{"damage":39,"enemies":"animator:UNNAMED_HAT","floor":57,"turns":15},{"damage":6,"enemies":"animator:UNNAMED_CULTIST_1","floor":58,"turns":11},{"damage":34,"enemies":"animator:LARGE_CUBE","floor":62,"turns":4}],"seed_played":"-99615827193930496","potions_obtained":[{"floor":1.0,"key":"champ:CounterPotion"},{"floor":12.0,"key":"Regen Potion"},{"floor":14.0,"key":"Dexterity Potion"},{"floor":16.0,"key":"Regen Potion"},{"floor":23.0,"key":"SteroidPotion"},{"floor":33,"key":"sneckomod:MuddlingPotion"},{"floor":40,"key":"champ:CounterPotion"},{"floor":57,"key":"animator:FalseLifePotion"},{"floor":58,"key":"animator:FalseLifePotion"}],"is_trial":false,"path_per_floor":["M","M","COS","?","M","R","M","E","T","?","M","M","?","E","R","B",null,"M","?","?","?","?","E","R","COS","T","R","M","E","AVR","E","R","B",null,"M","?","?","$","?","E","AVR","R","T","M","M","PTL","PTL","M","E","COS","R","B","B",null,"R","??","M","M","T","?","$","M"],"character_chosen":"THE_ANIMATOR","items_purchased":["Mango","MealTicket","animator:Azekura","animator:Patchouli","animator:MamizouFutatsuiwa","animator:Alexander","Swift Potion","Dexterity Potion","animator:AncientMedallion","animator:AncientMedallion","animator:QuestionMark"],"campfire_rested":0,"item_purchase_floors":[0,0,0,0,0,0,0,0,61,61,61],"current_hp_per_floor":[70,68,68,68,70,70,68,65,65,65,54,56,56,59,59,62,84,67,68,68,68,68,70,70,70,70,70,66,32,32,30,30,54,71,74,80,64,79,79,86,86,86,86,87,92,92,92,94,91,91,91,93,95,95,95,80,41,38,38,19,19,0,0],"gold":31,"neow_bonus":"","is_daily":false,"chose_seed":false,"campfire_upgraded":6,"win_rate":0.0,"timestamp":1611708557,"path_taken":["M","M","COS","?","M","R","M","E","T","?","M","?","?","E","R","BOSS","M","?","?","?","?","E","R","COS","T","R","M","E","AVR","E","R","BOSS","M","?","?","?","?","E","AVR","R","T","M","M","PTL","PTL","M","E","COS","R","BOSS","BOSS","R","??","M","M","T","?","$","M"],"items_purchased_type":["Relic","Relic","Card","Card","Card","Card","Potion","Potion","Relic","Relic","Card"],"build_version":"2020-12-22","purchased_purges":5,"victory":false,"max_hp_per_floor":[79,81,81,81,83,83,85,87,87,87,84,86,86,88,88,91,91,88,89,89,81,81,81,81,81,81,81,78,76,76,74,74,76,76,78,84,84,84,84,86,86,86,86,88,92,92,92,94,91,91,91,93,95,95,95,80,80,80,80,80,80,80,80],"card_choices":[{"not_picked":["animator:Berserker","animator:Azekura"],"picked":"animator:Shion","floor":1.0},{"not_picked":["animator:AcuraTooru","animator:Raven"],"picked":"animator:DolaRiku","floor":2.0},{"not_picked":["animator:Melzalgald+1","animator:Witch+1"],"picked":"animator:Gluttony+1","floor":5.0},{"not_picked":["animator:Viivi","animator:Tatsumaki"],"picked":"animator:Mitsuba","floor":5.0},{"not_picked":["animator:HighElfArcher","animator:Witch"],"picked":"animator:GuildGirl","floor":7.0},{"not_picked":["animator:NarberalGamma","animator:Shalltear"],"picked":"animator:Kaijin","floor":8.0},{"not_picked":["animator:CowGirl","animator:DolaStephanie"],"picked":"animator:Demiurge","floor":11.0},{"not_picked":["animator:Evileye","animator:Hakurou"],"picked":"animator:UneriGinkaku","floor":12.0},{"not_picked":["animator:Gilgamesh","animator:ChaikaTrabant"],"picked":"animator:Wiz","floor":13.0},{"not_picked":["animator:Kuroyukihime","animator:NononJakuzure"],"picked":"animator:SakuraKinomoto","floor":13.0},{"not_picked":["animator:AcuraAkari","animator:Lu"],"picked":"animator:DolaCouronne","floor":14.0},{"not_picked":["animator:UneriGinkaku","animator:Azekura"],"picked":"animator:Emonzaemon","floor":14.0},{"not_picked":["animator:HigakiRinne","animator:Guren"],"picked":"animator:GoblinSlayer","floor":16.0},{"not_picked":["animator:AcuraTooru","animator:Mitsurugi"],"picked":"animator:Spearman","floor":18.0},{"not_picked":["animator:UneriGinkaku","animator:Viivi"],"picked":"animator:DwarfShaman","floor":19.0},{"not_picked":["animator:Guren","animator:HigakiRinne"],"picked":"animator:Eve","floor":19.0},{"not_picked":["animator:Ciel","animator:Yuuichirou"],"picked":"animator:Togame","floor":23.0},{"not_picked":["animator:CowGirl+1","animator:HighElfArcher+1"],"picked":"animator:ZankiKiguchi","floor":28.0},{"not_picked":["animator:Jibril","animator:Berserker"],"picked":"animator:Eris","floor":28.0},{"not_picked":["animator:Azekura","animator:UneriGinkaku"],"picked":"animator:Konayuki","floor":29},{"not_picked":["animator:EmiyaShirou","animator:Lu"],"picked":"animator:PandorasActor","floor":31},{"not_picked":[],"picked":"Gensokyo:ShootingStar","floor":33},{"not_picked":["animator:Shizu","animator:Saber"],"picked":"animator:Envy","floor":33},{"not_picked":["animator:Alexander+1","animator:YuiTsuruno"],"picked":"animator:Verdia","floor":35},{"not_picked":["animator:Ciel","animator:Lu+1"],"picked":"animator:Entoma","floor":40},{"not_picked":["animator:Azekura","animator:UneriGinkaku"],"picked":"animator:Nanami","floor":44},{"not_picked":["animator:Mitsuba","animator:YunYun"],"picked":"animator:Hitei","floor":45},{"not_picked":["animator:PandorasActor","animator:SakuraMatou","animator:Vanir"],"picked":"SKIP","floor":48},{"not_picked":["animator:Alexander","animator:Melzalgald"],"picked":"animator:Shinoa","floor":49},{"not_picked":["animator:Konayuki","animator:ZankiKiguchi"],"picked":"animator:Shichika","floor":57},{"not_picked":["animator:Ain","animator:Vanir"],"picked":"animator:Guren","floor":58},{"not_picked":["infinitespire:Collect","infinitespire:SevenWalls"],"picked":"infinitespire:Punishment","floor":60}],"player_experience":890714,"relics_obtained":[{"floor":8.0,"key":"infinitespire:CheckeredPen"},{"floor":14.0,"key":"Shuriken"},{"floor":20.0,"key":"Ring of Fangs"},{"floor":20.0,"key":"Ring of Panic"},{"floor":23.0,"key":"reliquary:Buckler"},{"floor":26.0,"key":"Bag of Marbles"},{"floor":29,"key":"Pondfish Scales"},{"floor":31,"key":"infinitespire:EmpoweringShard"},{"floor":40,"key":"infinitespire:ShieldingShard"},{"floor":43,"key":"infinitespire:Bottled Soul"},{"floor":49,"key":"reliquary:Knoch"},{"floor":56,"key":"animator:TheEgnaroPiece"},{"floor":59,"key":"animator:AncientMedallion"}],"event_choices":[{"damage_healed":0.0,"max_hp_gain":0.0,"max_hp_loss":0.0,"gold_gain":0.0,"event_name":"betterMatch:BetterMatch","player_choice":"1","floor":13.0,"gold_loss":0.0,"damage_taken":0.0,"cards_obtained":["betterMatch:RareCard","betterMatch:ColorlessUncommonCard"]},{"damage_healed":0.0,"max_hp_gain":0.0,"max_hp_loss":0.0,"gold_gain":0.0,"event_name":"betterMatch:BetterMatch","player_choice":"1","floor":19.0,"gold_loss":0.0,"damage_taken":0.0,"cards_obtained":["betterMatch:CommonCard","betterMatch:RareCard"]}],"is_beta":false,"boss_relics":[{"not_picked":["energizedSpire:HugeHouse","aspiration:RunicSpoon"],"picked":"aspiration:PoetsPen"},{"not_picked":["reliquary:Ember","Replay:Ancient Bell"],"picked":"energizedSpire:RedRose"}],"items_purged_floors":[0,30,38,41,61],"is_endless":false,"potions_floor_spawned":[1,12,14,16,23,33,40,58],"killed_by":"animator:LARGE_CUBE","ascension_level":20}}