{"host":"58njlu7hme3ojrlz","time":1611783576,"event":{"mods":["Act Like it!","Arknights The Spire","BaseMod","Block Reminder","Colored Map","Colored Powertips","DeckTracker","Downfall","Gensokyo","Hallownest","Highlight Path","Marisa????????","Minty Spire (QoL Compilation)","Relic Sorter","StSLib","The Alterego","The Bug Knight","The Servant 0.9.4","The Wild Card"],"gold_per_floor":[116,116,44,44,19,19,29,45,93,104,104,104,104,117,117,237,237,263,263,263,263,263,278,278,77,77,77,77],"floor_reached":27,"language":"ENG","playtime":1851,"items_purged":[],"score":224,"play_id":"f10a36cb-a782-4c1a-ab0d-c68a20695ee9","local_time":"20210128043936","is_ascension_mode":false,"campfire_choices":[{"floor":12,"key":"REST"},{"floor":15,"key":"REST"},{"floor":24,"key":"REST"}],"circlet_count":0,"master_deck":["Strike_MRS+1","Strike_MRS","Strike_MRS","Strike_MRS","Defend_MRS","Defend_MRS","MasterSpark","UpSweep+1","OortCloud+1","DeepEcoloBomb","GalacticHalo","PulseMagic","OpenUniverse","theWildCard:Metatron","WitchOfGreed","SuperNova","Gensokyo:EightFeetTall","Gensokyo:FourOfAKind","Gensokyo:FourOfAKind","Gensokyo:FourOfAKind","Gensokyo:FourOfAKind","MagicChant","Gensokyo:RustyChest","Gensokyo:TarnishedGold","Gensokyo:BlemishedSteel","Gensokyo:TrainingManual","Gensokyo:DepletedGenerator"],"relics":["MiniHakkero","Smiling Mask","Bag of Marbles","SacredBark","Gensokyo:ConquerorOfFear","Prayer Wheel"],"acts_visited":["Exordium","Exordium"],"potions_floor_usage":[18,23,27],"damage_taken":[{"damage":1,"enemies":"Jaw Worm","floor":1,"turns":3},{"damage":0,"enemies":"2 Louse","floor":7,"turns":2},{"damage":3,"enemies":"Small Slimes","floor":8,"turns":3},{"damage":7,"enemies":"3 Louse","floor":10,"turns":2},{"damage":0,"enemies":"2 Fungi Beasts","floor":14,"turns":2},{"damage":12,"enemies":"Hexaghost","floor":16,"turns":10},{"damage":0,"enemies":"Gensokyo:Chomper","floor":18,"turns":4},{"damage":50,"enemies":"Gensokyo:AngelMirror","floor":23,"turns":5},{"damage":20,"enemies":"Gensokyo:Chomper_and_Gloop","floor":27,"turns":3}],"seed_played":"7545753187274951","potions_obtained":[{"floor":7,"key":"Weak Potion"},{"floor":16,"key":"PowerPotion"},{"floor":16,"key":"hexamod:SoulburnPotion"},{"floor":18,"key":"sneckomod:MuddlingPotion"},{"floor":23,"key":"Weak Potion"}],"is_trial":false,"path_per_floor":["M","?","$","?","$","?","M","M","T","M","?","R","?","M","R","B",null,"M","?","?","?","?","M","R","COS","T","M"],"character_chosen":"MARISA","items_purchased":["DeepEcoloBomb","GalacticHalo"],"campfire_rested":3,"item_purchase_floors":[3,5],"current_hp_per_floor":[81,65,65,65,65,58,58,55,55,48,23,47,47,47,71,59,82,82,82,74,74,52,2,17,17,17,0,0],"gold":77,"neow_bonus":"TEN_PERCENT_HP_BONUS","is_daily":false,"chose_seed":false,"campfire_upgraded":0,"win_rate":0.0,"timestamp":1611783576,"path_taken":["M","?","$","?","$","?","M","?","T","M","?","R","?","M","R","BOSS","M","?","?","?","?","M","R","COS","T","M"],"items_purchased_type":["Card","Card"],"build_version":"2020-12-22","purchased_purges":0,"victory":false,"max_hp_per_floor":[82,82,82,82,82,82,82,82,82,82,82,82,82,82,82,82,82,82,82,74,74,52,52,52,52,52,52,52],"card_choices":[{"not_picked":["UnstableBomb","ChargeUpSpray"],"picked":"OortCloud","floor":1},{"not_picked":["NonDirectionalLaser","SuperPerseids"],"picked":"PulseMagic","floor":7},{"not_picked":["FairyDestructionRay","DoubleSpark"],"picked":"OpenUniverse","floor":8},{"not_picked":["BigCrunch","ShootingEcho","StarBarrage"],"picked":"SKIP","floor":10},{"not_picked":["ShootingEcho","AsteroidBelt"],"picked":"WitchOfGreed","floor":14},{"not_picked":["ManaRampage","EscapeVelocity"],"picked":"SuperNova","floor":16},{"not_picked":["PowerUp","MysteriousBeam+1","ShootingEcho"],"picked":"SKIP","floor":18},{"not_picked":["Gensokyo:HAARP","Gensokyo:ManorOfTheDishes"],"picked":"Gensokyo:EightFeetTall","floor":20},{"not_picked":["Acceleration","IllusionStar+1"],"picked":"MagicChant","floor":23}],"player_experience":115638,"relics_obtained":[{"floor":9,"key":"Smiling Mask"},{"floor":23,"key":"Gensokyo:ConquerorOfFear"},{"floor":26,"key":"Prayer Wheel"}],"event_choices":[{"damage_healed":0,"gold_gain":0,"player_choice":"Entered Light","damage_taken":16,"max_hp_gain":0,"max_hp_loss":0,"event_name":"Shining Light","floor":2,"gold_loss":0,"cards_upgraded":["Strike_MRS","UpSweep"]},{"damage_healed":0,"gold_gain":0,"player_choice":"Grow","damage_taken":0,"max_hp_gain":0,"max_hp_loss":0,"event_name":"Living Wall","floor":4,"gold_loss":0,"cards_upgraded":["OortCloud"]},{"cards_removed":["Defend_MRS"],"damage_healed":0,"gold_gain":0,"player_choice":"Card Removal","damage_taken":7,"max_hp_gain":0,"max_hp_loss":0,"event_name":"Golden Wing","floor":6,"gold_loss":0},{"damage_healed":0,"gold_gain":0,"player_choice":"Success","damage_taken":25,"relics_obtained":["Bag of Marbles"],"max_hp_gain":0,"max_hp_loss":0,"event_name":"Scrap Ooze","floor":11,"gold_loss":0}],"is_beta":false,"boss_relics":[{"not_picked":["Empty Cage","Velvet Choker"],"picked":"SacredBark"}],"items_purged_floors":[],"is_endless":false,"potions_floor_spawned":[7,16,18,23],"killed_by":"Gensokyo:Chomper_and_Gloop","ascension_level":0}}