{"host":"s9dep4x43c14s74h","time":1611771336,"event":{"mods":["BaseMod","Downfall","Gremlin Mod","Hermit","HololiveMod","Jorbs\u0027s Wanderer Trilogy","Lobotomy","Marisa????????","Minty Spire (QoL Compilation)","StSLib","The Animator","The Bug Knight","The Construct","The Cursed","The Necromancer","The Runesmith","The Servant 0.9.4"],"gold_per_floor":[99,111,130,130,148,148,148,165,65,94,91,121,33,61,92,104,104,104],"floor_reached":16,"language":"RUS","playtime":1408,"items_purged":[],"score":129,"play_id":"0bb3dfd4-7b4f-4c75-af9c-2d37fe5d53fe","local_time":"20210127211536","is_ascension_mode":false,"campfire_choices":[{"data":"champ:Taunt","floor":1,"key":"SMITH"},{"data":"champ:ShieldSigil","floor":9,"key":"SMITH"},{"data":"champ:TripleStrike","floor":13,"key":"SMITH"}],"circlet_count":0,"master_deck":["champ:Strike","champ:Strike","champ:Strike","champ:Defend","champ:Defend","champ:Defend","champ:Defend","champ:Execute","champ:Taunt+1","champ:HeartStrike+1","champ:Parry","champ:FalseCounter+1","animator:Curse_GriefSeed","champ:ShieldSigil+1","champ:TripleStrike+1","champ:SwordSigil","champ:RisingSlash"],"relics":["champ:ChampionCrown","downfall:HeartBlessingBlue","MawBank","downfall:HeartBlessingGreen"],"acts_visited":["Exordium"],"potions_floor_usage":[5,8,12],"damage_taken":[{"damage":11,"enemies":"Jaw Worm","floor":2,"turns":5},{"damage":20,"enemies":"Cultist","floor":3,"turns":5},{"damage":10,"enemies":"2 Louse","floor":5,"turns":4},{"damage":40,"enemies":"Exordium Thugs","floor":8,"turns":5},{"damage":51,"enemies":"Lagavulin","floor":10,"turns":7},{"damage":0,"enemies":"downfall:FleeingMerchant","floor":11,"turns":4},{"damage":12,"enemies":"Lots of Slimes","floor":12,"turns":3},{"damage":13,"enemies":"Blue Slaver","floor":14,"turns":4},{"damage":41,"enemies":"Large Slime","floor":15,"turns":3},{"damage":86,"enemies":"IC_STATUS_ARCHETYPE","floor":16,"turns":8}],"seed_played":"7952670580426385882","potions_obtained":[{"floor":3,"key":"Swift Potion"},{"floor":5,"key":"LiquidMemories"},{"floor":10,"key":"Fire Potion"}],"is_trial":false,"path_per_floor":["R","M","M","?","M","?","T","M","R","E","$","M","R","M","M","B"],"character_chosen":"THE_CHAMP","items_purchased":[],"campfire_rested":0,"item_purchase_floors":[],"current_hp_per_floor":[99,98,98,98,98,98,98,68,78,47,47,45,45,42,42,0,0,0],"gold":104,"neow_bonus":"TEN_PERCENT_HP_BONUS","is_daily":false,"chose_seed":false,"campfire_upgraded":3,"win_rate":0.0,"timestamp":1611771336,"path_taken":["R","M","M","?","?","?","T","M","R","E","?","?","R","M","M","BOSS"],"items_purchased_type":[],"build_version":"2020-12-22","purchased_purges":0,"victory":false,"max_hp_per_floor":[99,99,99,99,99,99,99,99,109,109,109,109,109,109,109,109,109,109],"card_choices":[{"not_picked":["champ:EnGarde","champ:Haymaker"],"picked":"champ:HeartStrike","floor":2},{"not_picked":["champ:FalseCounter","champ:AdrenalArmor"],"picked":"champ:Parry","floor":3},{"not_picked":["champ:AdrenalArmor","champ:Shatter"],"picked":"champ:FalseCounter","floor":5},{"not_picked":["champ:TornadoPunch","champ:AdrenalArmor"],"picked":"champ:ShieldSigil","floor":8},{"not_picked":["champ:PreciseThrust","champ:PerfectedStrike","champ:BerserkersShout"],"picked":"SKIP","floor":10},{"not_picked":["champ:Circumvent","champ:GladiatorStyle"],"picked":"champ:TripleStrike","floor":11},{"not_picked":["champ:GutPunch","champ:StanceDance"],"picked":"champ:SwordSigil","floor":12},{"not_picked":["champ:BringItOn","champ:Haymaker"],"picked":"champ:RisingSlash","floor":14},{"not_picked":["champ:ShieldSigil","champ:CrownThrow","champ:DefensiveShout"],"picked":"SKIP","floor":15}],"player_experience":898884,"relics_obtained":[{"floor":10,"key":"MawBank"}],"event_choices":[{"cards_removed":["champ:Strike"],"damage_healed":0,"gold_gain":0,"player_choice":"Offered Basic","damage_taken":0,"max_hp_gain":0,"max_hp_loss":0,"event_name":"Bonfire Elementals","floor":4,"gold_loss":0}],"is_beta":false,"boss_relics":[],"items_purged_floors":[],"is_endless":false,"potions_floor_spawned":[3,5,10],"killed_by":"IC_STATUS_ARCHETYPE","ascension_level":0}}