{"host":"vzkpoqyw8ea6g4k2","time":1611718345,"event":{"mods":["2.2 Compatiblity","AchievementEnabler","BaseMod","Colored Map","Colored Powertips","Dark Map","Infinite Spire","Minty Spire (QoL Compilation)","Permanent Neow","Quick Restart","Replay The Spire","StSLib","SuperFastMode"],"gold_per_floor":[116,134,147,72,84,84,84,84,84,110,110,110,110,130,130,228,228,247,258,277,290,304,304,304,317,340,352,390,402,414,439,451,558,570,596,0,12,39,101,113,125,137,165,177,189,211,235,9,9,9,9,9,9],"floor_reached":52,"language":"KOR","playtime":1078,"items_purged":["Strike_P"],"score":704,"play_id":"85008253-d6c8-4723-bec3-a9d09d71465d","local_time":"20210127123225","is_ascension_mode":true,"campfire_choices":[{"data":"ReachHeaven","floor":7,"key":"SMITH"},{"data":"Vigilance","floor":13,"key":"SMITH"},{"data":"FlurryOfBlows","floor":15,"key":"SMITH"},{"floor":23,"key":"REST"},{"floor":27,"key":"REST"},{"data":"Defend_P","floor":32,"key":"PURGE"},{"data":"infinitespire:Menacing","floor":42,"key":"SMITH"},{"floor":44,"key":"REST"},{"floor":51,"key":"REST"}],"circlet_count":0,"master_deck":["Strike_P","Defend_P","Defend_P","Defend_P","Eruption+1","Vigilance+1","EmptyFist","ReachHeaven+1","FlurryOfBlows+1","Ragnarok+1","Decay","Bandage Up+1","infinitespire:Menacing+1","Tantrum","FlurryOfBlows+1","FlurryOfBlows","JustLucky+1","Consecrate","Evaluate+1","FlurryOfBlows+1","EmptyBody+1","Pray+1","TalkToTheHand+1","Replay:BluntJabs","MentalFortress+1","Adaptation"],"relics":["PureWater","Replay:Ringing Soul","HornCleat","ReplayTheSpireMod:SealedPack","MawBank","Replay:Multitool","MutagenicStrength","VioletLotus","Red Mask","Mango","Bottled Lightning","Guide Book","Busted Crown"],"acts_visited":["Exordium","TheCity","TheBeyond"],"potions_floor_usage":[28,33,33,47,52,52],"damage_taken":[{"damage":0,"enemies":"2 Louse","floor":1,"turns":3},{"damage":0,"enemies":"Cultist","floor":2,"turns":2},{"damage":0,"enemies":"Small Slimes","floor":3,"turns":3},{"damage":0,"enemies":"Exordium Wildlife","floor":5,"turns":3},{"damage":16,"enemies":"Gremlin Nob","floor":10,"turns":3},{"damage":0,"enemies":"2 Fungi Beasts","floor":14,"turns":1},{"damage":0,"enemies":"Slime Boss","floor":16,"turns":3},{"damage":16,"enemies":"2 Thieves","floor":18,"turns":4},{"damage":18,"enemies":"Spheric Guardian","floor":19,"turns":5},{"damage":24,"enemies":"Cultist and Chosen","floor":20,"turns":3},{"damage":34,"enemies":"Snecko","floor":21,"turns":6},{"damage":0,"enemies":"Snake Plant","floor":22,"turns":4},{"damage":26,"enemies":"Sentry and Sphere","floor":25,"turns":4},{"damage":58,"enemies":"Gremlin Leader","floor":28,"turns":5},{"damage":6,"enemies":"Shelled Parasite and Fungi","floor":31,"turns":3},{"damage":44,"enemies":"Champ","floor":33,"turns":7},{"damage":17,"enemies":"Orb Walker","floor":35,"turns":3},{"damage":53,"enemies":"3 Darklings","floor":38,"turns":4},{"damage":0,"enemies":"Mind Bloom Boss Battle","floor":39,"turns":3},{"damage":23,"enemies":"Maw","floor":43,"turns":7},{"damage":6,"enemies":"Jaw Worm Horde","floor":46,"turns":4},{"damage":55,"enemies":"Sphere and 2 Shapes","floor":47,"turns":5},{"damage":79,"enemies":"infinitespire:MassOfShapes","floor":52,"turns":10}],"seed_played":"-7634608730616142842","potions_obtained":[{"floor":1,"key":"EssenceOfSteel"},{"floor":14,"key":"Explosive Potion"},{"floor":18,"key":"SmokeBomb"},{"floor":28,"key":"Regen Potion"},{"floor":35,"key":"BlessingOfTheForge"},{"floor":39,"key":"Dexterity Potion"},{"floor":43,"key":"Reflective Coating"}],"is_trial":false,"path_per_floor":["M","M","M","$","M","$","R","?","T","E","?","?","R","M","R","B",null,"M","M","M","M","M","R","?","M","T","R","E","?","?","M","R","B",null,"M","?","?","M","?","PTL","PTL","R","M","R","T","M","M","$","?","AVR","R","B"],"character_chosen":"WATCHER","items_purchased":["Adaptation","Guide Book"],"campfire_rested":4,"item_purchase_floors":[48,48],"current_hp_per_floor":[72,72,72,72,72,72,72,72,72,56,56,56,56,56,56,59,78,69,58,34,7,14,41,41,22,22,49,53,53,53,54,54,99,99,85,85,85,39,60,60,60,60,41,77,77,78,30,33,33,33,72,0,0],"gold":9,"neow_bonus":"REMOVE_CARD","is_daily":false,"chose_seed":false,"campfire_upgraded":4,"win_rate":0.0,"timestamp":1611718345,"path_taken":["M","M","M","$","M","$","R","?","T","E","?","?","R","?","R","BOSS","M","M","M","M","M","R","?","M","T","R","E","?","?","M","R","BOSS","M","?","?","M","?","PTL","PTL","R","M","R","T","?","M","$","?","AVR","R","BOSS"],"items_purchased_type":["Card","Relic"],"build_version":"2020-12-22","purchased_purges":1,"victory":false,"max_hp_per_floor":[72,72,72,72,72,72,72,72,72,72,72,72,72,72,72,75,78,81,84,84,87,90,90,90,93,93,93,96,96,96,99,99,99,99,102,102,102,105,122,122,122,122,122,122,122,125,128,131,131,131,131,131,131],"card_choices":[{"not_picked":["Prostrate","Wallop"],"picked":"EmptyFist","floor":1},{"not_picked":["Prostrate","Halt"],"picked":"ReachHeaven","floor":2},{"not_picked":["EmptyFist","Prostrate"],"picked":"FlurryOfBlows","floor":3},{"not_picked":["Replay:Hum","Pray","Halt"],"picked":"SKIP","floor":5},{"not_picked":["Weave","ConjureBlade","Sanctity"],"picked":"SKIP","floor":10},{"not_picked":["Indignation","Protect","EmptyFist"],"picked":"SKIP","floor":14},{"not_picked":["Omniscience","Scrawl"],"picked":"Ragnarok","floor":16},{"not_picked":["Enlightenment","Blind"],"picked":"Bandage Up","floor":17},{"not_picked":["infinitespire:DeathsTouch","infinitespire:NeuralNetwork"],"picked":"infinitespire:Menacing","floor":17},{"not_picked":["Replay:AtTheReady+1","Study+1"],"picked":"Tantrum","floor":18},{"not_picked":["Tantrum","Evaluate+1"],"picked":"FlurryOfBlows+1","floor":19},{"not_picked":["Wireheading","BattleHymn","EmptyFist"],"picked":"SKIP","floor":20},{"not_picked":["Evaluate","Devotion"],"picked":"FlurryOfBlows","floor":21},{"not_picked":["Sanctity","Perseverance+1"],"picked":"JustLucky+1","floor":22},{"not_picked":["Replay:ManipulateFuture","SashWhip"],"picked":"Consecrate","floor":25},{"not_picked":["Replay:AtTheReady","Wireheading"],"picked":"Evaluate+1","floor":28},{"not_picked":["WaveOfTheHand","Collect+1"],"picked":"FlurryOfBlows+1","floor":31},{"not_picked":["ThirdEye+1","BowlingBash+1"],"picked":"EmptyBody+1","floor":35},{"not_picked":["BowlingBash","Replay:AtTheReady+1"],"picked":"Pray+1","floor":38},{"not_picked":["DeceiveReality","EmptyBody"],"picked":"TalkToTheHand+1","floor":39},{"not_picked":["Replay:Anticipation+1","ReachHeaven","Protect+1"],"picked":"SKIP","floor":43},{"not_picked":["Replay:Cycle+1","Replay:Vibes"],"picked":"Replay:BluntJabs","floor":46},{"not_picked":["Wallop+1","FlyingSleeves"],"picked":"MentalFortress+1","floor":47}],"player_experience":23781,"relics_obtained":[{"floor":9,"key":"Replay:Ringing Soul"},{"floor":10,"key":"HornCleat"},{"floor":26,"key":"MawBank"},{"floor":28,"key":"Replay:Multitool"},{"floor":39,"key":"Mango"},{"floor":45,"key":"Bottled Lightning"}],"event_choices":[{"damage_healed":0,"gold_gain":0,"player_choice":"Grow","damage_taken":0,"max_hp_gain":0,"max_hp_loss":0,"event_name":"Living Wall","floor":8,"gold_loss":0,"cards_upgraded":["Eruption"]},{"damage_healed":0,"gold_gain":0,"player_choice":"0 cards matched","damage_taken":0,"max_hp_gain":0,"max_hp_loss":0,"event_name":"Match and Keep!","floor":12,"gold_loss":0,"cards_obtained":[]},{"damage_healed":0,"gold_gain":0,"player_choice":"Inject Mutagens","damage_taken":0,"relics_obtained":["MutagenicStrength"],"max_hp_gain":0,"max_hp_loss":0,"event_name":"Drug Dealer","floor":29,"gold_loss":0},{"damage_healed":0,"gold_gain":0,"player_choice":"Ignored","damage_taken":0,"max_hp_gain":0,"max_hp_loss":0,"event_name":"Ghosts","floor":30,"gold_loss":0},{"damage_healed":0,"gold_gain":0,"player_choice":"Paid","damage_taken":0,"relics_obtained":["Red Mask"],"max_hp_gain":0,"max_hp_loss":0,"event_name":"Tomb of Lord Red Mask","floor":36,"gold_loss":608},{"damage_healed":0,"gold_gain":0,"player_choice":"Memory 1","damage_taken":0,"max_hp_gain":0,"max_hp_loss":0,"event_name":"SensoryStone","floor":37,"gold_loss":0},{"damage_healed":0,"gold_gain":0,"player_choice":"Fight","damage_taken":0,"max_hp_gain":0,"max_hp_loss":0,"event_name":"MindBloom","floor":39,"gold_loss":0},{"damage_healed":0,"gold_gain":0,"player_choice":"Ignored","damage_taken":0,"max_hp_gain":0,"max_hp_loss":0,"event_name":"Mysterious Sphere","floor":49,"gold_loss":0}],"is_beta":false,"boss_relics":[{"not_picked":["Calling Bell","Philosopher\u0027s Stone"],"picked":"ReplayTheSpireMod:SealedPack"},{"not_picked":["SacredBark","Replay:Drink Me"],"picked":"VioletLotus"}],"items_purged_floors":[4],"is_endless":false,"potions_floor_spawned":[1,14,18,19,20,25,28,35,39,43,46],"killed_by":"infinitespire:MassOfShapes","ascension_level":4}}