{"host":"xmrw7jl1ir2912vf","time":1611719091,"event":{"mods":["BaseMod","Minty Spire (QoL Compilation)","Relic Stats"],"gold_per_floor":[114,129,144,94,94,94,124,124,124,151,193,205,232,244,256,268,268],"floor_reached":16,"language":"ENG","playtime":1519,"items_purged":[],"score":110,"play_id":"63309a14-1cf1-47d8-b4a0-f94b410a639c","local_time":"20210126224451","daily_mods":["Heirloom","Blue Cards","Elite Swarm"],"is_ascension_mode":false,"campfire_choices":[{"data":"Genetic Algorithm","floor":6,"key":"SMITH"},{"data":"Bash","floor":8,"key":"SMITH"},{"data":"Meteor Strike","floor":15,"key":"SMITH"}],"circlet_count":0,"master_deck":["Strike_R","Strike_R","Strike_R","Strike_R","Defend_R","Defend_R","Defend_R","Defend_R","Bash+1","Chaos+1","Sword Boomerang","Genetic Algorithm+1","Machine Learning","Warcry","Meteor Strike+1","Dropkick"],"relics":["Burning Blood","Girya","Unceasing Top","MawBank","Centennial Puzzle"],"acts_visited":["Exordium"],"potions_floor_usage":[7,11,16],"damage_taken":[{"damage":5,"enemies":"2 Louse","floor":1,"turns":4},{"damage":0,"enemies":"Cultist","floor":2,"turns":4},{"damage":0,"enemies":"Small Slimes","floor":3,"turns":3},{"damage":36,"enemies":"3 Sentries","floor":7,"turns":11},{"damage":19,"enemies":"Red Slaver","floor":10,"turns":4},{"damage":14,"enemies":"Gremlin Nob","floor":11,"turns":3},{"damage":16,"enemies":"Large Slime","floor":13,"turns":7},{"damage":60,"enemies":"Hexaghost","floor":16,"turns":9}],"seed_played":"-8653540479942029245","potions_obtained":[{"floor":1,"key":"SkillPotion"},{"floor":3,"key":"SneckoOil"},{"floor":13,"key":"Regen Potion"}],"is_trial":false,"path_per_floor":["M","M","M","?","?","R","E","R","T","M","E","?","M","?","R","B"],"character_chosen":"IRONCLAD","items_purchased":[],"campfire_rested":0,"item_purchase_floors":[],"current_hp_per_floor":[80,80,80,80,80,80,50,50,50,37,29,55,45,45,45,0,0],"gold":268,"neow_bonus":"","is_daily":true,"chose_seed":false,"campfire_upgraded":3,"win_rate":0.0,"timestamp":1611719091,"path_taken":["M","M","M","?","?","R","E","R","T","?","E","?","M","?","R","BOSS"],"items_purchased_type":[],"build_version":"2020-12-22","purchased_purges":0,"victory":false,"max_hp_per_floor":[80,80,80,80,80,80,80,80,80,80,80,80,80,80,80,80,80],"relic_stats":{"Centennial Puzzle":[6],"counters":[8,45],"MawBank":84,"obtain_stats":[{"Girya":0,"Centennial Puzzle":11,"MawBank":9,"Burning Blood":0,"Unceasing Top":7},{"Girya":0,"Centennial Puzzle":6,"MawBank":4,"Burning Blood":0,"Unceasing Top":4},{"Girya":0,"Centennial Puzzle":29,"MawBank":22,"Burning Blood":0,"Unceasing Top":22}],"Burning Blood":29,"Unceasing Top":[0]},"card_choices":[{"not_picked":["Metallicize","Static Discharge"],"picked":"Chaos","floor":1},{"not_picked":["Anger","Steam"],"picked":"Sword Boomerang","floor":2},{"not_picked":["Loop","Cleave"],"picked":"Genetic Algorithm","floor":3},{"not_picked":["Exhume","Berserk"],"picked":"Machine Learning","floor":7},{"not_picked":["Redo","Twin Strike"],"picked":"Warcry","floor":10},{"not_picked":["Reaper","Juggernaut"],"picked":"Meteor Strike","floor":11},{"not_picked":["Inflame","Pommel Strike"],"picked":"Dropkick","floor":13}],"player_experience":527808,"relics_obtained":[{"floor":7,"key":"Unceasing Top"},{"floor":9,"key":"MawBank"},{"floor":11,"key":"Centennial Puzzle"}],"event_choices":[{"cards_removed":["Strike_R"],"damage_healed":0,"gold_gain":0,"player_choice":"Card Removal","damage_taken":0,"max_hp_gain":0,"max_hp_loss":0,"event_name":"The Cleric","floor":4,"gold_loss":50},{"damage_healed":0,"gold_gain":0,"player_choice":"Upgraded","damage_taken":0,"max_hp_gain":0,"max_hp_loss":0,"event_name":"Upgrade Shrine","floor":5,"gold_loss":0,"cards_upgraded":["Chaos"]},{"damage_healed":26,"gold_gain":0,"player_choice":"Banana","damage_taken":0,"max_hp_gain":0,"max_hp_loss":0,"event_name":"Big Fish","floor":12,"gold_loss":0},{"damage_healed":0,"gold_gain":0,"player_choice":"Searched \u00270\u0027 times","damage_taken":0,"max_hp_gain":0,"max_hp_loss":0,"event_name":"Dead Adventurer","floor":14,"gold_loss":0}],"is_beta":false,"boss_relics":[],"items_purged_floors":[],"is_endless":false,"potions_floor_spawned":[1,3,13],"killed_by":"Hexaghost","ascension_level":0}}