{"host":"65a95dzim48ko8ke","time":1611707873,"event":{"mods":["BaseMod","Block Reminder","Colored Powertips","Curses Come First","DeckTracker","Minty Spire (QoL Compilation)","Permanent Neow","Quick Restart","Rare Cards Sparkle","ReimuÅiîé??öÎÅj","Replay The Spire","Spicy Shops","StSLib","Synergy Search","Transform Curses"],"gold_per_floor":[19,19,29,48,48,48,77,95,95,108,108,119,145,162,162,259,259,277,277,79,92,92,125,141,167,167,193,193,204,204,223,223,324,324,341,341,341,341,361,394,394,425,425,451,469,486,66,100,100,100],"floor_reached":51,"language":"ENG","playtime":4149,"items_purged":["Strike_Lin:ReiMu","Amnesia","Strike_Lin:ReiMu"],"score":1161,"play_id":"aca43c98-4ab7-4949-8c77-ec13fd9c5f6c","local_time":"20210127093753","is_ascension_mode":true,"campfire_choices":[{"data":"NB:ReiMu","floor":6.0,"key":"SMITH"},{"data":"Sadistic Nature","floor":11.0,"key":"SMITH"},{"data":"Strike_Lin:ReiMu","floor":15.0,"key":"PURGE"},{"data":"PhosphorusFlame:ReiMu","floor":28,"key":"SMITH"},{"data":"SubcavityFantasy:ReiMu","floor":30,"key":"SMITH"},{"floor":32,"key":"DIG"},{"data":"FoulBorder2:ReiMu","floor":49,"key":"SMITH"},{"data":"Free:ReiMu","floor":49,"key":"SMITH"}],"circlet_count":0,"master_deck":["Strike_Lin:ReiMu","Defend_Lin:ReiMu","Defend_Lin:ReiMu","Defend_Lin:ReiMu","Defend_Lin:ReiMu","NB:ReiMu+1","Stagnation:ReiMu","Sadistic Nature+1","PhosphorusFlame:ReiMu+1","EmergencyTakeOff:ReiMu","Enchanting:ReiMu","Amulet:ReiMu","Enchanting:ReiMu","TightArray:ReiMu","AirStrike:ReiMu","SubcavityFantasy:ReiMu+1","AirStrike:ReiMu","KamiRite:ReiMu","Amulet:ReiMu","UpKicking:ReiMu","Amulet:ReiMu","SpiritualOutbreak2:ReiMu","FantasyMoon:ReiMu","PayForSelf:ReiMu+1","Free:ReiMu+1","Pot Of Greed","Pot Of Greed","Pot Of Greed","LovePray:ReiMu+1","Enchanting:ReiMu+1","HakureiPhantom:ReiMu","SealNeedle:ReiMu+1","Flash of Steel","Specialist","TightArray:ReiMu+1","BlastKick2:ReiMu","FoulBorder2:ReiMu+1","Pot Of Greed","Enchanting:ReiMu+1","Revelation:ReiMu","TightArray:ReiMu+1","MikOfLucky:ReiMu+1","HakureiPhantom:ReiMu"],"relics":["FlyPower:ReiMu","Anchor","Replay:Bottled Flurry","StoneCalendar","Replay:Grab Bag","DonationBox:ReiMu","Coffee Dripper","RedLine:ReiMu","Mirror","Bag of Preparation","White Beast Statue","ReplayTheSpireMod:Shallot","Grinning Jar","Replay:Arrowhead","Sozu","ReplayTheSpireMod:Ring of Exchange","Ring of Hypnosis","Akabeko","Molten Egg 2","ReplayTheSpireMod:Lightbulb","Gremlin Horn","Frozen Egg 2","Membership Card","Mummified Hand","Calipers"],"acts_visited":["Exordium","TheCity","TheBeyond"],"potions_floor_usage":[18,33,50,50],"damage_taken":[{"damage":0.0,"enemies":"Jaw Worm","floor":1.0,"turns":6.0},{"damage":4.0,"enemies":"Cultist","floor":3.0,"turns":4.0},{"damage":7.0,"enemies":"2 Louse","floor":4.0,"turns":5.0},{"damage":9.0,"enemies":"Lagavulin","floor":7.0,"turns":7.0},{"damage":0.0,"enemies":"Exordium Thugs","floor":8.0,"turns":5.0},{"damage":0.0,"enemies":"Red Slaver","floor":10.0,"turns":5.0},{"damage":3.0,"enemies":"Large Slime","floor":12.0,"turns":5.0},{"damage":0.0,"enemies":"3 Sentries","floor":13.0,"turns":8.0},{"damage":1.0,"enemies":"3 Louse","floor":14.0,"turns":4.0},{"damage":10.0,"enemies":"The Guardian","floor":16.0,"turns":7.0},{"damage":0,"enemies":"Spheric Guardian","floor":18,"turns":4},{"damage":0,"enemies":"Shell Parasite","floor":21,"turns":4},{"damage":0,"enemies":"Replay:Snechameleon","floor":23,"turns":3},{"damage":0,"enemies":"Snecko","floor":24,"turns":3},{"damage":7,"enemies":"Slavers","floor":25,"turns":4},{"damage":0,"enemies":"Book of Stabbing","floor":27,"turns":3},{"damage":0,"enemies":"3 Cultists","floor":29,"turns":3},{"damage":0,"enemies":"Centurion and Healer","floor":31,"turns":2},{"damage":23,"enemies":"Collector","floor":33,"turns":7},{"damage":0,"enemies":"3 Darklings","floor":35,"turns":4},{"damage":0,"enemies":"Orb Walker","floor":39,"turns":2},{"damage":3,"enemies":"Giant Head","floor":40,"turns":4},{"damage":6,"enemies":"R_Hoarder","floor":42,"turns":4},{"damage":0,"enemies":"Reptomancer","floor":44,"turns":3},{"damage":0,"enemies":"Spire Growth","floor":45,"turns":3},{"damage":0,"enemies":"3 Darklings","floor":46,"turns":2},{"damage":0,"enemies":"R_Hoarder","floor":48,"turns":3},{"damage":0,"enemies":"Donu and Deca","floor":50,"turns":5}],"seed_played":"-1836931784875983968","potions_obtained":[{"floor":2.0,"key":"LifebloodPotion"},{"floor":2.0,"key":"SteroidPotion"},{"floor":2.0,"key":"SkillPotion"},{"floor":4.0,"key":"HakureiPotion:ReiMu"},{"floor":8.0,"key":"EssenceOfSteel"},{"floor":16.0,"key":"Adrenaline Potion"},{"floor":21,"key":"Swift Potion"},{"floor":25,"key":"PowerPotion"},{"floor":33,"key":"CultistPotion"}],"is_trial":false,"path_per_floor":["M","?","M","M","$","R","E","M","T","M","R","M","E","M","R","B",null,"M","?","$","M","T","E","M","E","T","E","R","M","R","M","R","B",null,"M","?","?","?","M","E","T","E","T","E","M","M","$","E","R","B",null],"character_chosen":"REIMU","items_purchased":["UpKicking:ReiMu","Amulet:ReiMu","Membership Card","MikOfLucky:ReiMu+1","Mummified Hand"],"campfire_rested":0,"item_purchase_floors":[20,20,47,47,47],"current_hp_per_floor":[65,65,61,54,54,54,45,45,45,45,45,42,42,41,41,31,65,65,65,65,65,65,65,65,58,58,58,58,58,58,58,58,35,65,65,55,55,55,55,52,52,46,46,46,46,46,46,46,46,46],"gold":100,"neow_bonus":"RANDOM_COLORLESS_2","is_daily":false,"chose_seed":false,"campfire_upgraded":6,"win_rate":0.0,"timestamp":1611707873,"path_taken":["M","?","M","?","?","R","E","M","T","M","R","?","E","M","R","BOSS","M","?","$","M","?","E","?","E","T","E","R","M","R","M","R","BOSS","M","?","?","?","M","E","?","E","T","E","M","M","$","E","R","BOSS"],"items_purchased_type":["Card","Card","Relic","Card","Relic"],"build_version":"2020-12-22","purchased_purges":3,"victory":true,"max_hp_per_floor":[65,65,65,65,65,65,65,65,65,65,65,65,65,65,65,65,65,65,65,65,65,65,65,65,65,65,65,65,65,65,65,65,65,65,65,65,62,62,62,62,62,62,62,62,62,62,62,62,62,62],"card_choices":[{"not_picked":["Chrysalis","Violence"],"picked":"Sadistic Nature","floor":0.0},{"not_picked":["UniversalSpiritual:ReiMu","FantasyBorder:ReiMu"],"picked":"PhosphorusFlame:ReiMu","floor":1.0},{"not_picked":["CareerPray:ReiMu","Intuition:ReiMu"],"picked":"EmergencyTakeOff:ReiMu","floor":3.0},{"not_picked":["OrbThrow:ReiMu","SpringWay:ReiMu"],"picked":"Enchanting:ReiMu","floor":4.0},{"not_picked":["Conquer:ReiMu","Mountainwind:ReiMu"],"picked":"Amulet:ReiMu","floor":7.0},{"not_picked":["SpreadBorder2:ReiMu","WonderfulDomain:ReiMu"],"picked":"Enchanting:ReiMu","floor":8.0},{"not_picked":["SafetyPray:ReiMu","AirStrike:ReiMu"],"picked":"TightArray:ReiMu","floor":10.0},{"not_picked":["SafetyPray:ReiMu","AlertArray:ReiMu"],"picked":"AirStrike:ReiMu","floor":12.0},{"not_picked":["Crusade:ReiMu","MountainWay:ReiMu"],"picked":"SubcavityFantasy:ReiMu","floor":13.0},{"not_picked":["EmergencyTakeOff:ReiMu","SubcavityInstant:ReiMu"],"picked":"AirStrike:ReiMu","floor":14.0},{"not_picked":["CardOfSanctity:ReiMu","Authority:ReiMu"],"picked":"KamiRite:ReiMu","floor":16.0},{"not_picked":["InherentArray:ReiMu","AirStrike:ReiMu"],"picked":"Amulet:ReiMu","floor":18},{"not_picked":["OrbThrow:ReiMu","Amulet:ReiMu"],"picked":"SpiritualOutbreak2:ReiMu","floor":21},{"not_picked":["RunawayExorcism:ReiMu","Amulet:ReiMu+1"],"picked":"FantasyMoon:ReiMu","floor":23},{"not_picked":["OrbThrow:ReiMu+1","Gathering:ReiMu"],"picked":"PayForSelf:ReiMu+1","floor":24},{"not_picked":["LearningPray:ReiMu","YinYangSange:ReiMu"],"picked":"Free:ReiMu","floor":25},{"not_picked":["SealNeedle:ReiMu","Amulet:ReiMu"],"picked":"LovePray:ReiMu+1","floor":27},{"not_picked":["AlertArray:ReiMu","SafetyPray:ReiMu"],"picked":"Enchanting:ReiMu+1","floor":29},{"not_picked":["WonderfulDomain:ReiMu","FantasyBorder:ReiMu","Meditation:ReiMu"],"picked":"SKIP","floor":31},{"not_picked":["KamiRite:ReiMu","Determination:ReiMu"],"picked":"HakureiPhantom:ReiMu","floor":33},{"not_picked":["Enchanting:ReiMu+1","EmergencyTakeOff:ReiMu+1"],"picked":"SealNeedle:ReiMu+1","floor":35},{"not_picked":["Replay:Sssssssssstrike","Dark Shackles"],"picked":"Flash of Steel","floor":36},{"not_picked":["Trip","Deep Breath"],"picked":"Specialist","floor":36},{"not_picked":["Crusade:ReiMu+1","TakeOff:ReiMu"],"picked":"TightArray:ReiMu+1","floor":39},{"not_picked":["LovePray:ReiMu+1","YinYangSange:ReiMu"],"picked":"BlastKick2:ReiMu","floor":40},{"not_picked":["ManaGlint:ReiMu+1","AirStrike:ReiMu+1"],"picked":"FoulBorder2:ReiMu","floor":42},{"not_picked":["RainPray2:ReiMu","Gathering:ReiMu+1"],"picked":"Enchanting:ReiMu+1","floor":44},{"not_picked":["Dreaming2:ReiMu+1","BarrageOfMoneybags:ReiMu+1"],"picked":"Revelation:ReiMu","floor":45},{"not_picked":["Intuition:ReiMu+1","AirStrike:ReiMu+1"],"picked":"TightArray:ReiMu+1","floor":46},{"not_picked":["Meditation:ReiMu+1","CareerPray:ReiMu+1"],"picked":"HakureiPhantom:ReiMu","floor":48}],"player_experience":324560,"relics_obtained":[{"floor":7.0,"key":"Anchor"},{"floor":9.0,"key":"Replay:Bottled Flurry"},{"floor":13.0,"key":"StoneCalendar"},{"floor":22,"key":"Mirror"},{"floor":23,"key":"Bag of Preparation"},{"floor":25,"key":"White Beast Statue"},{"floor":26,"key":"ReplayTheSpireMod:Shallot"},{"floor":27,"key":"Grinning Jar"},{"floor":32,"key":"Replay:Arrowhead"},{"floor":38,"key":"ReplayTheSpireMod:Ring of Exchange"},{"floor":38,"key":"Ring of Hypnosis"},{"floor":40,"key":"Akabeko"},{"floor":41,"key":"Molten Egg 2"},{"floor":42,"key":"ReplayTheSpireMod:Lightbulb"},{"floor":43,"key":"Gremlin Horn"},{"floor":44,"key":"Frozen Egg 2"},{"floor":48,"key":"Calipers"}],"event_choices":[{"damage_healed":0.0,"max_hp_gain":0.0,"max_hp_loss":0.0,"gold_gain":0.0,"event_name":"Lab","player_choice":"Got Potions","floor":2.0,"gold_loss":0.0,"damage_taken":0.0},{"damage_healed":0,"gold_gain":0,"player_choice":"Memory 3","damage_taken":10,"max_hp_gain":0,"max_hp_loss":0,"event_name":"SensoryStone","floor":36,"gold_loss":0},{"damage_healed":0,"gold_gain":0,"player_choice":"Max HP","damage_taken":0,"max_hp_gain":0,"max_hp_loss":3,"event_name":"Winding Halls","floor":37,"gold_loss":0}],"is_beta":false,"boss_relics":[{"not_picked":["SacredBark","Black Star"],"picked":"Replay:Grab Bag"},{"not_picked":["Runic Dome","Replay:Bronze Core"],"picked":"DonationBox:ReiMu"},{"not_picked":["Painkiller Herb","Busted Crown"],"picked":"Coffee Dripper"},{"not_picked":["Replay:Drink Me","CrownOfHeavens:ReiMu"],"picked":"RedLine:ReiMu"},{"not_picked":["Tiny House","Honey Jar"],"picked":"Sozu"}],"items_purged_floors":[20,47,47],"is_endless":false,"potions_floor_spawned":[4,8,10,16,21,25,27,29,31,33,35,39,40,42,44,45,46,48],"ascension_level":1}}