{"host":"4cf4z4w0ltjdvbnm","time":1611770830,"event":{"mods":["AchievementEnabler","BaseMod","Colored Map","Colored Powertips","Downfall","Highlight Path","Minty Spire (QoL Compilation)","Relic Stats","StSLib"],"gold_per_floor":[99,114,132,151,151,166,166,193,203,203,228,228,263,276,296,393,393,393,408,425,425,443,443,443,443],"floor_reached":23,"language":"ENG","playtime":1286,"items_purged":[],"score":305,"play_id":"f8642eee-f2a2-4ae3-a093-2ebfeef401dc","local_time":"20210128010710","is_ascension_mode":true,"campfire_choices":[{"data":"Slimebound:Split","floor":1,"key":"SMITH"},{"data":"Slimebound:SplitLeeching","floor":12,"key":"SMITH"},{"data":"Slimebound:Teamwork","floor":18,"key":"SMITH"}],"circlet_count":0,"master_deck":["Slimebound:Strike_Slimebound+1","Slimebound:Strike_Slimebound","Slimebound:Tackle","Slimebound:Defend_Slimebound","Slimebound:Defend_Slimebound","Slimebound:Defend_Slimebound","Slimebound:Defend_Slimebound","Slimebound:Split+1","Slimebound:CorrosiveSpit","Slimebound:RallyTheTroops+1","Slimebound:Repurpose","Slimebound:SplitAcid+1","Slimebound:GoopSpray","Slimebound:SplitLeeching+1","Slimebound:SplitLeeching","Slimebound:SlimeBarrage","Slimebound:LeadByExample","Slimebound:Teamwork+1"],"relics":["Slimebound:AbsorbEndCombat","The Courier","Mercury Hourglass","Whetstone","champ:DeflectingBracers","Black Star"],"acts_visited":["Exordium","TheCity"],"potions_floor_usage":[13,16,22],"damage_taken":[{"damage":0,"enemies":"Cultist","floor":2,"turns":4},{"damage":2,"enemies":"Jaw Worm","floor":3,"turns":3},{"damage":0,"enemies":"Small Slimes","floor":4,"turns":3},{"damage":6,"enemies":"2 Fungi Beasts","floor":6,"turns":3},{"damage":19,"enemies":"Gremlin Nob","floor":8,"turns":4},{"damage":0,"enemies":"Large Slime","floor":9,"turns":4},{"damage":15,"enemies":"Lagavulin","floor":11,"turns":5},{"damage":12,"enemies":"Gremlin Nob","floor":13,"turns":4},{"damage":5,"enemies":"Gremlin Gang","floor":14,"turns":4},{"damage":6,"enemies":"Exordium Thugs","floor":15,"turns":3},{"damage":0,"enemies":"SI_SHIV_ARCHETYPE","floor":16,"turns":7},{"damage":15,"enemies":"Shell Parasite","floor":19,"turns":7},{"damage":21,"enemies":"Sentry and Sphere","floor":20,"turns":6},{"damage":7,"enemies":"Chosen and Byrds","floor":22,"turns":4},{"damage":42,"enemies":"Slavers","floor":23,"turns":5}],"seed_played":"-82685665117333036","potions_obtained":[{"floor":2,"key":"Slimebound:SlimedPotion"},{"floor":4,"key":"Regen Potion"},{"floor":8,"key":"ColorlessPotion"},{"floor":13,"key":"SneckoOil"},{"floor":16,"key":"Energy Potion"}],"is_trial":false,"path_per_floor":["R","M","M","M","?","M","T","E","M","?","E","R","E","M","M","B",null,"R","M","M","?","M","E"],"character_chosen":"SLIMEBOUND","items_purchased":[],"campfire_rested":0,"item_purchase_floors":[],"current_hp_per_floor":[47,51,57,61,61,59,59,44,50,50,43,43,37,36,34,57,65,65,54,35,35,34,0,0,0],"gold":443,"neow_bonus":"THREE_RARE_CARDS","is_daily":false,"chose_seed":false,"campfire_upgraded":3,"win_rate":0.0,"timestamp":1611770830,"path_taken":["R","M","M","?","?","M","T","E","M","?","E","R","E","?","M","BOSS","R","M","M","?","M","E"],"items_purchased_type":[],"build_version":"2020-12-22","purchased_purges":0,"victory":false,"max_hp_per_floor":[65,65,65,65,65,65,65,65,65,65,65,65,65,65,65,65,65,65,65,65,65,65,65,65,65],"relic_stats":{"counters":[15,62],"Black Star":0,"Whetstone":["Slimebound:Strike_Slimebound","Slimebound:RallyTheTroops"],"obtain_stats":[{"The Courier":7,"champ:DeflectingBracers":13,"Slimebound:AbsorbEndCombat":0,"Black Star":17,"Whetstone":11,"Mercury Hourglass":8},{"The Courier":4,"champ:DeflectingBracers":8,"Slimebound:AbsorbEndCombat":0,"Black Star":11,"Whetstone":7,"Mercury Hourglass":5},{"The Courier":13,"champ:DeflectingBracers":29,"Slimebound:AbsorbEndCombat":0,"Black Star":41,"Whetstone":25,"Mercury Hourglass":17}],"Mercury Hourglass":[159]},"card_choices":[{"not_picked":["Slimebound:DuplicatedForm","Slimebound:PrepareCrush"],"picked":"Slimebound:RallyTheTroops","floor":0},{"not_picked":["Slimebound:SamplingLick","Slimebound:Chomp"],"picked":"Slimebound:Repurpose","floor":2},{"not_picked":["Slimebound:LeechEnergy","Slimebound:MegaLick","Slimebound:ForwardTackle"],"picked":"SKIP","floor":3},{"not_picked":["Slimebound:LeechingTouch","Slimebound:FlameTackle"],"picked":"Slimebound:SplitAcid","floor":4},{"not_picked":["Slimebound:HauntingLick","Slimebound:DivideAndConquer"],"picked":"Slimebound:GoopSpray","floor":6},{"not_picked":["Slimebound:SplitAcid","Slimebound:Schlurp","Slimebound:RainOfGoop"],"picked":"SKIP","floor":8},{"not_picked":["Slimebound:ItLooksTasty","Slimebound:LeechEnergy","Slimebound:FinishingTackle"],"picked":"SKIP","floor":9},{"not_picked":["Slimebound:RollThrough","Slimebound:Grow"],"picked":"Slimebound:SplitLeeching","floor":11},{"not_picked":["Slimebound:LeechLife","Slimebound:GoopTackle"],"picked":"Slimebound:SplitLeeching","floor":13},{"not_picked":["Slimebound:ItLooksTasty","Slimebound:SplitLeeching"],"picked":"Slimebound:SlimeBarrage","floor":14},{"not_picked":["Slimebound:DivideAndConquer","Slimebound:SamplingLick"],"picked":"Slimebound:LeadByExample","floor":15},{"not_picked":["Slimebound:RallyTheTroops","Slimebound:Darklings"],"picked":"Slimebound:Teamwork","floor":16},{"not_picked":["Slimebound:BestDefense","Slimebound:MegaLick","Slimebound:ServeAndProtect+1"],"picked":"SKIP","floor":19},{"not_picked":["Slimebound:PressTheAttack","Slimebound:FinishingTackle","Slimebound:BestDefense"],"picked":"SKIP","floor":20},{"not_picked":["Slimebound:ViciousTackle","Slimebound:TongueLash","Slimebound:GoopSpray"],"picked":"SKIP","floor":22}],"player_experience":312026,"relics_obtained":[{"floor":7,"key":"The Courier"},{"floor":8,"key":"Mercury Hourglass"},{"floor":11,"key":"Whetstone"},{"floor":13,"key":"champ:DeflectingBracers"}],"event_choices":[{"damage_healed":0,"gold_gain":0,"player_choice":"Grow","damage_taken":0,"max_hp_gain":0,"max_hp_loss":0,"event_name":"Living Wall","floor":5,"gold_loss":0,"cards_upgraded":["Slimebound:SplitAcid"]}],"is_beta":false,"boss_relics":[{"not_picked":["Runic Pyramid","Slimebound:AbsorbEndCombatUpgraded"],"picked":"Black Star"}],"items_purged_floors":[],"is_endless":false,"potions_floor_spawned":[2,4,8,11,13,16,19,20],"killed_by":"Slavers","ascension_level":3}}