{"host":"np9ouipdmi0bkas5","time":1611723454,"event":{"mods":["AchievementEnabler","Aspiration","BaseMod","Colored Map","Downfall","Highlight Path","Hubris","Infinite Spire","Minty Spire (QoL Compilation)","Replay The Spire","StSLib"],"gold_per_floor":[109,109,109,121,195,222,222,33,33,60,74,74,93,118,118,220,220,210,222,222,234,42,42,67,67,67,79,91,115,162,199,211,341,353,405,522,567,579,628,640,695,761,773,785,797,809,869,920,932,986],"floor_reached":51,"language":"ENG","playtime":4144,"items_purged":["infinitespire:UltimateForm"],"score":879,"play_id":"65180395-f40d-40aa-9f07-65fa90ae2786","local_time":"20210126205734","is_ascension_mode":true,"campfire_choices":[{"floor":12,"key":"REST"},{"data":"Neutralize","floor":15,"key":"SMITH"},{"floor":23,"key":"REST"},{"floor":25,"key":"REST"},{"data":"Accuracy","floor":28,"key":"SMITH"},{"floor":32,"key":"REST"},{"floor":49,"key":"REST"}],"circlet_count":0,"master_deck":["Strike_G","Strike_G","Strike_G","Strike_G","Strike_G+1","Defend_G","Defend_G","Defend_G","Survivor","Neutralize+1","Sucker Punch","Fluid Movement","Fluid Movement","Replay:Bag of Tricks","Crippling Poison","Slice","infinitespire:Neurotoxin","Deflect","Noxious Fumes","Hidden Blade","Blur","Terror+1","Replay:Bag of Tricks","infinitespire:Neurotoxin","Poisoned Stab","Footwork","Hidden Blade+1","All Out Attack+1","Catalyst+1","Bane+1","Toxin Wave+1","hubris:DuctTapeCard","All Out Attack+1","Accuracy"],"relics":["Ring of the Snake","NeowsBlessing","Blue Candle","Kunai","hubris:FunFungus","HandDrill","HornCleat","Ancient Tea Set","Matryoshka","HoveringKite","Sling","infinitespire:EmpoweringShard","MawBank","hubris:Reverence","Membership Card","Replay:Bandana","aspiration:PoetsPen_weak","Replay:Rubber Ducky","aspiration:ArtOfWarUpgrade","Shovel","Quantum Egg","Omamori","hubris:DuctTape"],"acts_visited":["Exordium","TheCity","TheBeyond"],"potions_floor_usage":[10,10,14,14,19,21,21,33,37,37,50,50,50],"damage_taken":[{"damage":0,"enemies":"Jaw Worm","floor":1,"turns":1},{"damage":0,"enemies":"2 Louse","floor":4,"turns":1},{"damage":0,"enemies":"3 Sentries","floor":6,"turns":1},{"damage":16,"enemies":"Gremlin Nob","floor":10,"turns":4},{"damage":2,"enemies":"Cultist","floor":11,"turns":5},{"damage":9,"enemies":"Exordium Thugs","floor":13,"turns":4},{"damage":0,"enemies":"Lagavulin","floor":14,"turns":7},{"damage":54,"enemies":"Slime Boss","floor":16,"turns":17},{"damage":7,"enemies":"2 Thieves","floor":18,"turns":4},{"damage":11,"enemies":"Spheric Guardian","floor":19,"turns":5},{"damage":6,"enemies":"Chosen and Byrds","floor":21,"turns":5},{"damage":8,"enemies":"Replay:Snechameleon","floor":24,"turns":5},{"damage":0,"enemies":"Snake Plant","floor":29,"turns":2},{"damage":15,"enemies":"Book of Stabbing","floor":30,"turns":5},{"damage":12,"enemies":"Snecko","floor":31,"turns":5},{"damage":11,"enemies":"Automaton","floor":33,"turns":9},{"damage":1,"enemies":"3 Darklings","floor":35,"turns":6},{"damage":11,"enemies":"Orb Walker","floor":37,"turns":2},{"damage":0,"enemies":"Transient","floor":39,"turns":5},{"damage":8,"enemies":"Sphere and 2 Shapes","floor":41,"turns":4},{"damage":0,"enemies":"R_Hoarder","floor":42,"turns":3},{"damage":0,"enemies":"Giant Head","floor":47,"turns":3},{"damage":24,"enemies":"Jaw Worm Horde","floor":48,"turns":2},{"damage":42,"enemies":"Awakened One","floor":50,"turns":8}],"seed_played":"6317059683882344060","potions_obtained":[{"floor":1,"key":"champ:CounterPotion"},{"floor":6,"key":"Flashbang"},{"floor":10,"key":"Block Potion"},{"floor":13,"key":"BlessingOfTheForge"},{"floor":16,"key":"sneckomod:MuddlingPotion"},{"floor":18,"key":"champ:CounterPotion"},{"floor":19,"key":"Fire Potion"},{"floor":31,"key":"SkillPotion"},{"floor":33,"key":"ColorlessPotion"},{"floor":35,"key":"SteroidPotion"},{"floor":36,"key":"ColorlessPotion"},{"floor":37,"key":"Guardian:BlockOnCardUsePotion"},{"floor":41,"key":"Weak Potion"}],"is_trial":false,"path_per_floor":["M","?","?","M","T","E","?","$","T","E","M","R","M","E","R","B",null,"M","M","?","M","$","R","E","R","T","AVR","R","M","E","M","R","B",null,"M","?","M","?","M","R","M","E","T","R","AVR","?","E","M","R","B",null],"character_chosen":"THE_SILENT","items_purchased":["HandDrill","Fluid Movement","Blade Dance","Sling"],"campfire_rested":5,"item_purchase_floors":[8,8,22,22],"current_hp_per_floor":[70,65,65,65,65,65,65,65,65,49,48,69,60,60,60,6,70,63,52,39,34,34,56,48,70,70,70,70,70,55,47,69,58,75,74,74,63,63,65,65,57,57,57,57,57,57,57,33,55,15],"gold":998,"neow_bonus":"THREE_ENEMY_KILL","is_daily":false,"chose_seed":false,"campfire_upgraded":2,"win_rate":0.0,"timestamp":1611723454,"path_taken":["M","?","?","?","?","E","?","$","T","E","M","R","M","E","R","BOSS","M","M","?","M","$","R","E","R","T","AVR","R","M","E","M","R","BOSS","M","?","M","?","M","R","M","E","T","R","AVR","?","E","?","R","BOSS"],"items_purchased_type":["Relic","Card","Card","Relic"],"build_version":"2020-12-22","purchased_purges":1,"victory":true,"max_hp_per_floor":[70,70,70,70,70,70,70,70,70,70,70,70,70,70,70,70,70,70,70,75,75,75,75,75,75,75,75,75,75,75,75,75,75,75,75,75,75,75,75,75,75,75,75,75,75,75,75,75,75,75],"card_choices":[{"not_picked":["Flying Knee","hubris:TrickCloak"],"picked":"Sucker Punch","floor":1},{"not_picked":["All Out Attack","Prepared"],"picked":"Fluid Movement","floor":4},{"not_picked":["Outmaneuver","hubris:SlightOfHand","aspiration:Lunge"],"picked":"SKIP","floor":6},{"not_picked":["Backflip","hubris:SlightOfHand"],"picked":"Replay:Bag of Tricks","floor":10},{"not_picked":["Deadly Poison","Reflex"],"picked":"Crippling Poison","floor":11},{"not_picked":["Underhanded Strike","Burst"],"picked":"Slice","floor":13},{"not_picked":["Prepared","Tactician","Dagger Throw"],"picked":"SKIP","floor":14},{"not_picked":["Glass Knife","Atom Bomb"],"picked":"infinitespire:Neurotoxin","floor":16},{"not_picked":["Prepared","Quick Slash"],"picked":"Deflect","floor":18},{"not_picked":["Prepared","hubris:TrickCloak"],"picked":"Accuracy","floor":19},{"not_picked":["Predator+1","Crippling Poison+1"],"picked":"Noxious Fumes","floor":21},{"not_picked":["Backflip","Sucker Punch"],"picked":"Hidden Blade","floor":24},{"not_picked":["Reflex+1","Heel Hook"],"picked":"Blur","floor":29},{"not_picked":["Deflect","Bane"],"picked":"Terror+1","floor":30},{"not_picked":["Tactician+1","PiercingWail"],"picked":"Replay:Bag of Tricks","floor":31},{"not_picked":["Die Die Die","Atom Bomb"],"picked":"infinitespire:Neurotoxin","floor":33},{"not_picked":["Fluid Movement+1","Prepared"],"picked":"Poisoned Stab","floor":35},{"not_picked":["Backflip","Heel Hook"],"picked":"Footwork","floor":36},{"not_picked":["Outmaneuver","Bane"],"picked":"Hidden Blade+1","floor":36},{"not_picked":["Bane","PiercingWail+1"],"picked":"All Out Attack+1","floor":37},{"not_picked":["Concentrate+1","Blur"],"picked":"Catalyst+1","floor":39},{"not_picked":["Calculated Gamble+1","Backflip"],"picked":"Bane+1","floor":41},{"not_picked":["Tools of the Trade","Blade Dance"],"picked":"Toxin Wave+1","floor":42},{"not_picked":["ReplayTheSpireMod:Exploit Weakness","Flying Knee"],"picked":"All Out Attack+1","floor":47},{"not_picked":["Caltrops+1","Outmaneuver"],"picked":"Accuracy","floor":48}],"player_experience":109460,"relics_obtained":[{"floor":5,"key":"Kunai"},{"floor":6,"key":"hubris:FunFungus"},{"floor":9,"key":"HornCleat"},{"floor":10,"key":"Ancient Tea Set"},{"floor":14,"key":"Matryoshka"},{"floor":24,"key":"infinitespire:EmpoweringShard"},{"floor":26,"key":"MawBank"},{"floor":26,"key":"hubris:Reverence"},{"floor":30,"key":"Replay:Bandana"},{"floor":36,"key":"Replay:Rubber Ducky"},{"floor":36,"key":"Art of War"},{"floor":42,"key":"Shovel"},{"floor":43,"key":"Quantum Egg"},{"floor":47,"key":"hubris:DuctTape"}],"event_choices":[{"cards_removed":["Defend_G"],"damage_healed":0,"gold_gain":0,"player_choice":"Purged","damage_taken":0,"max_hp_gain":0,"max_hp_loss":0,"event_name":"Purifier","floor":3,"gold_loss":0},{"damage_healed":0,"gold_gain":0,"player_choice":"Shed Blood","damage_taken":18,"max_hp_gain":5,"max_hp_loss":0,"event_name":"Forgotten Altar","floor":20,"gold_loss":0},{"cards_removed":["Defend_G"],"damage_healed":0,"gold_gain":0,"player_choice":"Removed Skill","damage_taken":0,"max_hp_gain":0,"max_hp_loss":0,"event_name":"Falling","floor":46,"gold_loss":0}],"is_beta":false,"boss_relics":[{"not_picked":["Replay:Bronze Core","Replay:Wanted Poster"],"picked":"HoveringKite"},{"not_picked":["SacredBark","Painkiller Herb"],"picked":"aspiration:PoetsPen_weak"}],"items_purged_floors":[45],"is_endless":false,"potions_floor_spawned":[1,6,10,13,16,18,19,31,33,35,37,41],"ascension_level":1}}