{"host":"j4g6ia6asvpyu2b0","time":1611710698,"event":{"mods":["BaseMod","Colored Map","Minty Spire (QoL Compilation)","Permanent Neow","Quick Restart","Relic Stats","StSLib","Unceasing Turn Reminder"],"gold_per_floor":[109,129,147,163,128,159,159,188,214,214,214,289,289,315,327,438,450,477,489,513,559,571,583,607,619,657,694,722,50,50,70,70,175,175,187,409,1408,1045,778,778,804,815,815,860,870,870,889,916,916,916,916,916,461,495,495],"floor_reached":56,"language":"ENG","playtime":1857,"items_purged":["Strike_B","Normality","Normality","Defend_B"],"score":1565,"play_id":"3f2a9dd8-227c-43f0-a99a-c053e96d9a8a","local_time":"20210126182458","is_ascension_mode":true,"campfire_choices":[{"data":"Loop","floor":7.0,"key":"SMITH"},{"floor":10.0,"key":"REST"},{"data":"Electrodynamics","floor":15.0,"key":"SMITH"},{"data":"Creative AI","floor":23.0,"key":"SMITH"},{"data":"Sunder","floor":25.0,"key":"SMITH"},{"data":"Fission","floor":32.0,"key":"SMITH"},{"data":"Defragment","floor":40,"key":"SMITH"},{"floor":49,"key":"RECALL"},{"data":"Amplify","floor":52,"key":"SMITH"}],"circlet_count":0,"master_deck":["Defend_B","Defend_B","Defend_B","Zap+1","Dualcast","Gash","Scrape","Loop+1","Sunder+1","Cold Snap","Electrodynamics+1","Creative AI+1","Necronomicurse","Streamline","Sweeping Beam","Doom and Gloom","Defragment+1","Amplify+1","Fission+1","Double Energy+1","Reboot","Redo+1","Loop+1","Stack+1","Hologram+1","Glacier","Capacitor","Skim","DeceiveReality+1","Coolheaded","Backflip","Chill","Compile Driver","Hologram","Finesse"],"relics":["Black Star","Oddly Smooth Stone","Pen Nib","Whetstone","HornCleat","MealTicket","MawBank","Busted Crown","Necronomicon","Red Mask","Akabeko","Lantern","Bottled Flame","DataDisk","Cables","Astrolabe","Membership Card","Mummified Hand","PrismaticShard","Bag of Preparation","Nunchaku","Centennial Puzzle","Frozen Egg 2","CaptainsWheel","CeramicFish","Calipers","ClockworkSouvenir","Mercury Hourglass","Happy Flower","Mango","Shuriken"],"acts_visited":["Exordium","TheCity","TheBeyond","TheEnding"],"potions_floor_usage":[55,55,55],"damage_taken":[{"damage":1.0,"enemies":"Small Slimes","floor":1.0,"turns":4.0},{"damage":0.0,"enemies":"2 Louse","floor":2.0,"turns":2.0},{"damage":1.0,"enemies":"Cultist","floor":3.0,"turns":3.0},{"damage":14.0,"enemies":"3 Louse","floor":4.0,"turns":3.0},{"damage":45.0,"enemies":"Lagavulin","floor":6.0,"turns":6.0},{"damage":29.0,"enemies":"Gremlin Nob","floor":8.0,"turns":4.0},{"damage":8.0,"enemies":"3 Sentries","floor":14.0,"turns":6.0},{"damage":1.0,"enemies":"Hexaghost","floor":16.0,"turns":6.0},{"damage":6.0,"enemies":"Shell Parasite","floor":18.0,"turns":5.0},{"damage":4.0,"enemies":"3 Byrds","floor":20.0,"turns":2.0},{"damage":6.0,"enemies":"Masked Bandits","floor":21.0,"turns":3.0},{"damage":2.0,"enemies":"Shelled Parasite and Fungi","floor":24.0,"turns":2.0},{"damage":42.0,"enemies":"Gremlin Leader","floor":27.0,"turns":4.0},{"damage":6.0,"enemies":"Snake Plant","floor":28.0,"turns":2.0},{"damage":0.0,"enemies":"Sentry and Sphere","floor":31.0,"turns":2.0},{"damage":8.0,"enemies":"Automaton","floor":33.0,"turns":6.0},{"damage":9,"enemies":"3 Darklings","floor":35,"turns":3},{"damage":0,"enemies":"Giant Head","floor":41,"turns":9},{"damage":0,"enemies":"Orb Walker","floor":42,"turns":1},{"damage":20,"enemies":"2 Orb Walkers","floor":44,"turns":2},{"damage":0,"enemies":"4 Shapes","floor":45,"turns":3},{"damage":5,"enemies":"Writhing Mass","floor":47,"turns":3},{"damage":7,"enemies":"Nemesis","floor":48,"turns":5},{"damage":14,"enemies":"Donu and Deca","floor":50,"turns":7},{"damage":0,"enemies":"Shield and Spear","floor":54,"turns":5},{"damage":6,"enemies":"The Heart","floor":55,"turns":9}],"seed_played":"5870698125948921778","potions_obtained":[{"floor":2.0,"key":"SpeedPotion"},{"floor":3.0,"key":"AttackPotion"},{"floor":4.0,"key":"PotionOfCapacity"},{"floor":8.0,"key":"LiquidBronze"},{"floor":16.0,"key":"EntropicBrew"},{"floor":18.0,"key":"AttackPotion"},{"floor":20.0,"key":"DuplicationPotion"},{"floor":27.0,"key":"CultistPotion"}],"is_trial":false,"path_per_floor":["M","M","M","M","?","E","R","E","T","R","?","?","?","E","R","B",null,"M","?","M","?","$","R","M","R","T","E","M","$","?","M","R","B",null,"M","?","?","$","$","R","E","M","T","?","M","?","M","E","R","B",null,"R","$","E","B",null],"character_chosen":"DEFECT","items_purchased":["DataDisk","Defragment","Cables","Amplify","Membership Card","Mummified Hand","Glacier","Capacitor","PrismaticShard","Bag of Preparation","Skim","ClockworkSouvenir","Mercury Hourglass","Happy Flower","Chill","Compile Driver","Hologram","Finesse"],"campfire_rested":1,"item_purchase_floors":[29,29,29,29,38,38,38,39,39,39,39,53,53,53,53,53,53,53],"current_hp_per_floor":[74,74,73,59,75,30,30,1,1,23,23,12,12,4,4,3,75,69,53,49,43,58,58,56,56,56,14,8,23,23,23,23,15,75,66,66,66,75,75,75,75,75,75,55,55,55,50,43,43,29,75,75,75,89,83],"gold":495,"neow_bonus":"BOSS_RELIC","is_daily":false,"chose_seed":false,"campfire_upgraded":7,"win_rate":0.0,"timestamp":1611710698,"path_taken":["M","M","M","M","?","E","R","E","T","R","?","?","?","E","R","BOSS","M","?","M","?","$","R","M","R","T","E","M","$","?","M","R","BOSS","M","?","?","?","$","R","E","M","T","?","?","?","M","E","R","BOSS","R","$","E","BOSS"],"items_purchased_type":["Relic","Card","Relic","Card","Relic","Relic","Card","Card","Relic","Relic","Card","Relic","Relic","Relic","Card","Card","Card","Card"],"build_version":"2020-12-22","purchased_purges":4,"victory":true,"max_hp_per_floor":[75,75,75,75,75,75,75,75,75,75,75,75,75,75,75,75,75,75,75,75,75,75,75,75,75,75,75,75,75,75,75,75,75,75,75,75,75,75,75,75,75,75,75,75,75,75,75,75,75,75,75,75,75,89,89],"relic_stats":{"Happy Flower":[4],"counters":[26,105],"Astrolabe":["Redo","Loop","Stack"],"CeramicFish":36,"Pen Nib":[16],"Bag of Preparation":[18],"Whetstone":["Strike_B","Strike_B"],"MawBank":180,"Cables":[43,17,22,4,0],"Mercury Hourglass":[44],"Nunchaku":[6],"Centennial Puzzle":[15],"Busted Crown":32,"Mummified Hand":[78],"Shuriken":[3],"MealTicket":39,"Black Star":7,"Necronomicon":[28],"obtain_stats":[{"Lantern":27,"Calipers":48,"CeramicFish":48,"Mango":54,"Bag of Preparation":39,"Whetstone":8,"PrismaticShard":39,"ClockworkSouvenir":53,"Nunchaku":41,"Centennial Puzzle":41,"HornCleat":8,"Mummified Hand":38,"MealTicket":14,"Necronomicon":19,"Red Mask":21,"Cracked Core":0,"Happy Flower":53,"Astrolabe":34,"Oddly Smooth Stone":6,"Pen Nib":6,"Frozen Egg 2":43,"MawBank":14,"Akabeko":26,"Cables":29,"Mercury Hourglass":53,"Bottled Flame":27,"DataDisk":29,"CaptainsWheel":44,"Busted Crown":17,"Shuriken":54,"Black Star":0,"Membership Card":38},{"Lantern":13,"Calipers":23,"CeramicFish":23,"Mango":25,"Bag of Preparation":17,"Whetstone":6,"PrismaticShard":17,"ClockworkSouvenir":24,"Nunchaku":18,"Centennial Puzzle":18,"HornCleat":6,"Mummified Hand":17,"MealTicket":7,"Necronomicon":9,"Red Mask":11,"Cracked Core":0,"Happy Flower":24,"Astrolabe":16,"Oddly Smooth Stone":5,"Pen Nib":5,"Frozen Egg 2":19,"MawBank":7,"Akabeko":12,"Cables":14,"Mercury Hourglass":24,"Bottled Flame":13,"DataDisk":14,"CaptainsWheel":20,"Busted Crown":8,"Shuriken":25,"Black Star":0,"Membership Card":17},{"Lantern":49,"Calipers":85,"CeramicFish":85,"Mango":97,"Bag of Preparation":62,"Whetstone":22,"PrismaticShard":62,"ClockworkSouvenir":92,"Nunchaku":71,"Centennial Puzzle":71,"HornCleat":22,"Mummified Hand":62,"MealTicket":28,"Necronomicon":39,"Red Mask":43,"Cracked Core":0,"Happy Flower":92,"Astrolabe":59,"Oddly Smooth Stone":18,"Pen Nib":18,"Frozen Egg 2":72,"MawBank":28,"Akabeko":45,"Cables":51,"Mercury Hourglass":92,"Bottled Flame":49,"DataDisk":51,"CaptainsWheel":74,"Busted Crown":34,"Shuriken":97,"Black Star":0,"Membership Card":62}]},"card_choices":[{"not_picked":["Leap","Redo"],"picked":"Gash","floor":1.0},{"not_picked":["Aggregate","Stack"],"picked":"Scrape","floor":2.0},{"not_picked":["Redo","Blizzard"],"picked":"Loop","floor":3.0},{"not_picked":["Reprogram","Doom and Gloom"],"picked":"Sunder","floor":4.0},{"not_picked":["Go for the Eyes","Streamline"],"picked":"Ball Lightning","floor":6.0},{"not_picked":["Undo","Doom and Gloom"],"picked":"Rip and Tear","floor":8.0},{"not_picked":["Force Field","Seek"],"picked":"Electrodynamics","floor":14.0},{"not_picked":["Machine Learning","Thunder Strike"],"picked":"Creative AI","floor":16.0},{"not_picked":["Redo"],"picked":"SKIP","floor":18.0},{"not_picked":["Hello World"],"picked":"SKIP","floor":20.0},{"not_picked":[],"picked":"Streamline","floor":21.0},{"not_picked":["Stack"],"picked":"SKIP","floor":24.0},{"not_picked":[],"picked":"Sweeping Beam","floor":27.0},{"not_picked":[],"picked":"Doom and Gloom","floor":28.0},{"not_picked":[],"picked":"Double Energy+1","floor":31.0},{"not_picked":[],"picked":"Reboot","floor":33.0},{"not_picked":[],"picked":"Hologram+1","floor":35},{"not_picked":["Rage"],"picked":"SKIP","floor":41},{"not_picked":[],"picked":"DeceiveReality+1","floor":42},{"not_picked":[],"picked":"Coolheaded","floor":44},{"not_picked":[],"picked":"Backflip","floor":45},{"not_picked":["Anger+1"],"picked":"SKIP","floor":47},{"not_picked":["Iron Wave"],"picked":"SKIP","floor":48},{"not_picked":["Halt"],"picked":"SKIP","floor":54}],"player_experience":1033906,"relics_obtained":[{"floor":6.0,"key":"Oddly Smooth Stone"},{"floor":6.0,"key":"Pen Nib"},{"floor":8.0,"key":"Whetstone"},{"floor":8.0,"key":"HornCleat"},{"floor":14.0,"key":"MealTicket"},{"floor":14.0,"key":"MawBank"},{"floor":19.0,"key":"Necronomicon"},{"floor":21.0,"key":"Red Mask"},{"floor":26.0,"key":"Akabeko"},{"floor":27.0,"key":"Lantern"},{"floor":27.0,"key":"Bottled Flame"},{"floor":41,"key":"Nunchaku"},{"floor":41,"key":"Centennial Puzzle"},{"floor":43,"key":"Frozen Egg 2"},{"floor":44,"key":"CaptainsWheel"},{"floor":48,"key":"CeramicFish"},{"floor":48,"key":"Calipers"},{"floor":54,"key":"Mango"},{"floor":54,"key":"Shuriken"}],"event_choices":[{"damage_healed":18.0,"max_hp_gain":0.0,"max_hp_loss":0.0,"gold_gain":0.0,"event_name":"The Cleric","player_choice":"Healed","floor":5.0,"gold_loss":35.0,"damage_taken":0.0},{"damage_healed":0.0,"max_hp_gain":0.0,"max_hp_loss":0.0,"gold_gain":0.0,"event_name":"Living Wall","player_choice":"Grow","floor":11.0,"gold_loss":0.0,"damage_taken":0.0,"cards_upgraded":["Zap"]},{"damage_healed":0.0,"max_hp_gain":0.0,"max_hp_loss":0.0,"gold_gain":75.0,"event_name":"World of Goop","player_choice":"Gather Gold","floor":12.0,"gold_loss":0.0,"damage_taken":11.0},{"cards_removed":["Rip and Tear"],"damage_healed":0.0,"max_hp_gain":0.0,"max_hp_loss":0.0,"gold_gain":0.0,"event_name":"NoteForYourself","player_choice":"Took Card","floor":13.0,"gold_loss":0.0,"damage_taken":0.0,"cards_obtained":["Cold Snap"]},{"damage_healed":0.0,"max_hp_gain":0.0,"max_hp_loss":0.0,"gold_gain":0.0,"event_name":"Cursed Tome","player_choice":"Obtained Book","floor":19.0,"gold_loss":0.0,"damage_taken":16.0},{"damage_healed":0.0,"max_hp_gain":0.0,"max_hp_loss":0.0,"gold_gain":0.0,"event_name":"Masked Bandits","player_choice":"Fought Bandits","floor":21.0,"gold_loss":0.0,"damage_taken":0.0},{"damage_healed":0.0,"max_hp_gain":0.0,"max_hp_loss":0.0,"gold_gain":0.0,"event_name":"The Library","player_choice":"Read","floor":30.0,"gold_loss":0.0,"damage_taken":0.0,"cards_obtained":["Fission"]},{"damage_healed":0,"gold_gain":222,"player_choice":"Wore Mask","damage_taken":0,"max_hp_gain":0,"max_hp_loss":0,"event_name":"Tomb of Lord Red Mask","floor":36,"gold_loss":0},{"damage_healed":0,"gold_gain":999,"player_choice":"Gold","damage_taken":0,"max_hp_gain":0,"max_hp_loss":0,"event_name":"MindBloom","floor":37,"gold_loss":0,"cards_obtained":["Normality","Normality"]},{"damage_healed":0,"gold_gain":0,"player_choice":"Fight","damage_taken":0,"max_hp_gain":0,"max_hp_loss":0,"event_name":"Mysterious Sphere","floor":44,"gold_loss":0},{"cards_removed":["Ball Lightning"],"damage_healed":0,"gold_gain":0,"player_choice":"Removed Attack","damage_taken":0,"max_hp_gain":0,"max_hp_loss":0,"event_name":"Falling","floor":46,"gold_loss":0}],"is_beta":false,"boss_relics":[{"not_picked":["Velvet Choker","Ectoplasm"],"picked":"Busted Crown"},{"not_picked":["Tiny House","Empty Cage"],"picked":"Astrolabe"}],"items_purged_floors":[29,38,39,53],"is_endless":false,"potions_floor_spawned":[2,3,4,8,16,18,20,24,27,41,42,45],"ascension_level":3}}