{"host":"ezkqjaqywejtjag1","time":1611729321,"event":{"mods":["BaseMod","BetterRewards","Colored Map","Infinite Spire","Minty Spire (QoL Compilation)","Replay The Spire","StSLib"],"gold_per_floor":[118,393,403,1,12,37,51,82,82,100,100,125,142,155,155,253,253,265,285,285,295,295,295],"floor_reached":22,"language":"ENG","playtime":1357,"items_purged":["Regret"],"score":231,"play_id":"65770c6a-ada1-4bfc-b5ff-ac4a09d7287c","local_time":"20210127013521","is_ascension_mode":true,"campfire_choices":[{"floor":11,"key":"REST"},{"floor":15,"key":"REST"}],"circlet_count":0,"master_deck":["Strike_G","Strike_G","Strike_G","Defend_G","Defend_G","Defend_G","Defend_G","Defend_G","Survivor","Neutralize","Endless Agony","Endless Agony","Poisoned Stab+1","ReplayTheSpireMod:Scrap Shanks","Bane+1","Catalyst","Endless Agony+1","Hidden Blade","Toxin Wave","Poisoned Stab+1","Accuracy","Toxin Wave","Deflect","Distraction","Envenom","Dagger Spray+1","Cloak And Dagger","infinitespire:SevenWalls+1","Dagger Throw+1"],"relics":["Ring of the Snake","NeowsBlessing","Membership Card","Molten Egg 2","ReplayTheSpireMod:Shallot","Dream Catcher","infinitespire:EmpoweringShard","Bird Faced Urn","Empty Cage"],"acts_visited":["Exordium","TheCity"],"potions_floor_usage":[7],"damage_taken":[{"damage":0,"enemies":"Small Slimes","floor":1,"turns":1},{"damage":0,"enemies":"Cultist","floor":3,"turns":1},{"damage":0,"enemies":"Jaw Worm","floor":5,"turns":1},{"damage":31,"enemies":"3 Sentries","floor":6,"turns":10},{"damage":9,"enemies":"Large Slime","floor":7,"turns":4},{"damage":8,"enemies":"Lagavulin","floor":8,"turns":6},{"damage":0,"enemies":"Exordium Wildlife","floor":10,"turns":2},{"damage":10,"enemies":"Gremlin Nob","floor":12,"turns":4},{"damage":0,"enemies":"2 Fungi Beasts","floor":13,"turns":2},{"damage":0,"enemies":"Blue Slaver","floor":14,"turns":2},{"damage":55,"enemies":"Fading Forest","floor":16,"turns":11},{"damage":11,"enemies":"Shell Parasite","floor":18,"turns":4},{"damage":9,"enemies":"Spheric Guardian","floor":19,"turns":3},{"damage":18,"enemies":"Shelled Parasite and Fungi","floor":21,"turns":4},{"damage":35,"enemies":"Cultist and Chosen","floor":22,"turns":6}],"seed_played":"-7691163738176094845","potions_obtained":[{"floor":3,"key":"AttackPotion"},{"floor":12,"key":"Adrenaline Potion"},{"floor":14,"key":"Weak Potion"},{"floor":16,"key":"Doom Potion"},{"floor":18,"key":"SteroidPotion"},{"floor":19,"key":"SteroidPotion"}],"is_trial":false,"path_per_floor":["M","?","M","$","M","E","M","E","T","M","R","E","M","M","R","B",null,"M","M","?","M","M"],"character_chosen":"THE_SILENT","items_purchased":["Membership Card","Molten Egg 2","Poisoned Stab+1","ReplayTheSpireMod:Scrap Shanks"],"campfire_rested":2,"item_purchase_floors":[4,4,4,4],"current_hp_per_floor":[70,70,70,70,70,39,30,22,22,22,43,33,33,33,54,23,70,59,52,35,21,0,0],"gold":295,"neow_bonus":"THREE_ENEMY_KILL","is_daily":false,"chose_seed":false,"campfire_upgraded":0,"win_rate":0.0,"timestamp":1611729321,"path_taken":["M","?","M","$","M","E","?","E","T","M","R","E","M","M","R","BOSS","M","M","?","M","M"],"items_purchased_type":["Relic","Relic","Card","Card"],"build_version":"2020-12-22","purchased_purges":1,"victory":false,"max_hp_per_floor":[70,70,70,70,70,70,70,70,70,70,70,70,70,70,70,70,70,70,70,70,70,70,70],"card_choices":[{"not_picked":["Replay:Poison Smokescreen","Reflex"],"picked":"Endless Agony","floor":1},{"not_picked":["Outmaneuver","Reflex"],"picked":"Endless Agony","floor":3},{"not_picked":["PiercingWail","Sucker Punch+1"],"picked":"Bane+1","floor":5},{"not_picked":["Distraction","Dagger Throw+1"],"picked":"Catalyst","floor":6},{"not_picked":["Expertise","Prepared"],"picked":"Endless Agony+1","floor":7},{"not_picked":["Grand Finale+1","Bane+1"],"picked":"Hidden Blade","floor":8},{"not_picked":["Dagger Throw+1","Deflect"],"picked":"Toxin Wave","floor":10},{"not_picked":["Masterful Stab+1","Fluid Movement"],"picked":"Poisoned Stab+1","floor":11},{"not_picked":["Setup","Sucker Punch+1"],"picked":"Accuracy","floor":12},{"not_picked":["Deflect","Dagger Spray+1"],"picked":"Toxin Wave","floor":13},{"not_picked":["After Image","ReplayTheSpireMod:Tripwire"],"picked":"Deflect","floor":14},{"not_picked":["Bane+1","Draining Mist"],"picked":"Distraction","floor":15},{"not_picked":["Wraith Form v2","A Thousand Cuts"],"picked":"Envenom","floor":16},{"not_picked":["Calculated Gamble","Blur"],"picked":"Dagger Spray+1","floor":18},{"not_picked":["Flying Knee+1","Tactician+1"],"picked":"Cloak And Dagger","floor":19},{"not_picked":["infinitespire:SealOfDarkness+","infinitespire:UltimateForm"],"picked":"infinitespire:SevenWalls","floor":20},{"not_picked":["Acrobatics+1","Bane+1"],"picked":"Dagger Throw+1","floor":21}],"player_experience":201534,"relics_obtained":[{"floor":6,"key":"ReplayTheSpireMod:Shallot"},{"floor":8,"key":"Dream Catcher"},{"floor":9,"key":"infinitespire:EmpoweringShard"},{"floor":12,"key":"Bird Faced Urn"}],"event_choices":[{"damage_healed":0,"gold_gain":275,"player_choice":"Desecrate","damage_taken":0,"max_hp_gain":0,"max_hp_loss":0,"event_name":"Golden Shrine","floor":2,"gold_loss":0,"cards_obtained":["Regret"]}],"is_beta":false,"boss_relics":[{"not_picked":["ReplayTheSpireMod:DimensionalGlitch","ReplayTheSpireMod:SealedPack"],"picked":"Empty Cage"}],"items_purged_floors":[4],"is_endless":false,"potions_floor_spawned":[3,12,14,16,18,19],"killed_by":"Cultist and Chosen","ascension_level":2}}