{"host":"bvp2uifzy1c463d9","time":1611730872,"event":{"mods":["AchievementEnabler","BaseMod","Block Reminder","Colored Map","Colored Powertips","Hermit","Highlight Path","Infinite Spire","Minty Spire (QoL Compilation)","Random Character Button","Relic Stats","Replay The Spire","StSLib","The Jungle"],"gold_per_floor":[114,134,154,189,80,80,110,110,110,110,110,140,90,65,65,65,65,165,165,180,195,195,195,195],"floor_reached":23,"language":"ENG","playtime":2279,"items_purged":["hermit:Strike_Hermit"],"score":197,"play_id":"95f91bd9-9c3e-4b24-9329-37141dfe9c11","local_time":"20210127010112","daily_mods":["Heirloom","ControlledChaos","Elite Swarm"],"is_ascension_mode":false,"campfire_choices":[{"data":"hermit:GoldenBullet","floor":6,"key":"SMITH"},{"data":"hermit:FlashPowder","floor":8,"key":"SMITH"},{"data":"hermit:FatalDesire","floor":15,"key":"SMITH"},{"floor":17,"key":"REST"}],"circlet_count":0,"master_deck":["hermit:Strike_Hermit","hermit:Strike_Hermit","hermit:Strike_Hermit","hermit:Defend_Hermit","hermit:Defend_Hermit","hermit:Defend_Hermit","hermit:Defend_Hermit","hermit:Snapshot","hermit:Covet","hermit:Scavenge","hermit:FlashPowder+1","hermit:Desperado","hermit:GoldenBullet+1","hermit:Dissolve+1","hermit:FatalDesire+1","hermit:HoleUp+1","hermit:HighNoon","hermit:Shortfuse","hermit:Cheat"],"relics":["hermit:ClaspedLocket","Frozen Eye","FossilizedHelix","Ginger","Blue Doll","Akabeko"],"acts_visited":["Exordium","TheCity"],"potions_floor_usage":[18,20],"damage_taken":[{"damage":0,"enemies":"2 Louse","floor":1,"turns":2},{"damage":6,"enemies":"infinitespire:Voidling","floor":2,"turns":4},{"damage":0,"enemies":"Small Slimes","floor":3,"turns":3},{"damage":1,"enemies":"Red Slaver","floor":4,"turns":6},{"damage":17,"enemies":"Lagavulin","floor":7,"turns":7},{"damage":16,"enemies":"Replay:BlueRogue","floor":12,"turns":6},{"damage":22,"enemies":"Fading Forest","floor":18,"turns":11},{"damage":8,"enemies":"3 Byrds","floor":20,"turns":9},{"damage":54,"enemies":"Shell Parasite","floor":21,"turns":8},{"damage":13,"enemies":"Centurion and Healer","floor":23,"turns":4}],"seed_played":"-8653540479942029245","potions_obtained":[{"floor":1,"key":"FearPotion"},{"floor":3,"key":"PowerPotion"},{"floor":4,"key":"ColorlessPotion"}],"is_trial":false,"path_per_floor":["M","M","M","M","$","R","E","R","PTL","PTL","T","E","?","$","R","?","R_BF","B",null,"M","M","AVR","M"],"character_chosen":"HERMIT","items_purchased":["hermit:GoldenBullet","hermit:HoleUp+1"],"campfire_rested":1,"item_purchase_floors":[5,14],"current_hp_per_floor":[75,69,69,68,68,68,51,51,51,51,51,35,35,35,35,35,57,35,75,67,13,13,0,0],"gold":195,"neow_bonus":"","is_daily":true,"chose_seed":false,"campfire_upgraded":3,"win_rate":0.0,"timestamp":1611730872,"path_taken":["M","M","M","M","$","R","E","R","PTL","PTL","T","E","?","$","R","?","R_BF","BOSS","M","M","AVR","?"],"items_purchased_type":["Card","Card"],"build_version":"2020-12-22","purchased_purges":1,"victory":false,"max_hp_per_floor":[75,75,75,75,75,75,75,75,75,75,75,75,75,75,75,75,75,75,75,75,75,75,75,75],"relic_stats":{"counters":[10,60],"Ginger":[5],"obtain_stats":[{"Frozen Eye":0,"hermit:ClaspedLocket":19,"Blue Doll":11,"Ginger":7,"hermit:Momento":0,"FossilizedHelix":0,"Akabeko":12},{"Frozen Eye":0,"hermit:ClaspedLocket":7,"Blue Doll":5,"Ginger":5,"hermit:Momento":0,"FossilizedHelix":0,"Akabeko":6},{"Frozen Eye":0,"hermit:ClaspedLocket":39,"Blue Doll":22,"Ginger":22,"hermit:Momento":0,"FossilizedHelix":0,"Akabeko":28}]},"card_choices":[{"not_picked":["hermit:Quickdraw","hermit:ShadowCloak"],"picked":"hermit:Scavenge","floor":1},{"not_picked":["hermit:Scavenge","hermit:Coalescence"],"picked":"hermit:FlashPowder","floor":2},{"not_picked":["hermit:Misfire","hermit:Manifest"],"picked":"hermit:LuckOfTheDraw","floor":3},{"not_picked":["hermit:Headshot","hermit:LowProfile"],"picked":"hermit:Desperado","floor":4},{"not_picked":["hermit:HighNoon","hermit:Roughhouse"],"picked":"hermit:Dissolve","floor":7},{"not_picked":["hermit:DeadOrAlive","hermit:Dissolve"],"picked":"hermit:FatalDesire","floor":12},{"not_picked":["hermit:HeroicBravado","hermit:Dissolve"],"picked":"hermit:HighNoon","floor":18},{"not_picked":["hermit:Headshot+1","hermit:SprayPray"],"picked":"hermit:Shortfuse","floor":20},{"not_picked":["hermit:BodyArmor+1","hermit:Malice"],"picked":"hermit:Cheat","floor":21}],"player_experience":186225,"relics_obtained":[{"floor":7,"key":"Ginger"},{"floor":11,"key":"Blue Doll"},{"floor":12,"key":"Akabeko"}],"event_choices":[{"cards_removed":["hermit:LuckOfTheDraw"],"damage_healed":0,"gold_gain":0,"player_choice":"Card Removal","damage_taken":0,"max_hp_gain":0,"max_hp_loss":0,"event_name":"The Cleric","floor":13,"gold_loss":50},{"damage_healed":0,"gold_gain":0,"player_choice":"Upgraded","damage_taken":0,"max_hp_gain":0,"max_hp_loss":0,"event_name":"Upgrade Shrine","floor":16,"gold_loss":0,"cards_upgraded":["hermit:Dissolve"]}],"is_beta":false,"boss_relics":[{"not_picked":["Runic Dome","infinitespire:Cupcake"],"picked":"hermit:ClaspedLocket"}],"items_purged_floors":[5],"is_endless":false,"potions_floor_spawned":[1,3,4,12],"killed_by":"Centurion and Healer","ascension_level":0}}