{"host":"aqym1xxr3lb31d9m","time":1611764950,"event":{"mods":["BaseMod","Block Reminder","Colored Map","Colored Powertips","DeckTracker","Highlight Path","Minty Spire (QoL Compilation)","Quick Restart","Random Character Button","StSLib","SuperFastMode","UnlockEverythingMod"],"gold_per_floor":[112,131,131,151,164,194,194,249,272,290,290,158,192,209,209,209,209],"floor_reached":16,"language":"JPN","playtime":583,"items_purged":[],"score":224,"play_id":"d516856c-3648-4e1f-a698-73d5ff0b8821","local_time":"20210128012910","is_ascension_mode":true,"campfire_choices":[{"data":"Sweeping Beam","floor":7,"key":"SMITH"},{"data":"Zap","floor":11,"key":"SMITH"},{"data":"Darkness","floor":15,"key":"SMITH"}],"circlet_count":0,"master_deck":["AscendersBane","Strike_B","Strike_B","Strike_B","Strike_B","Defend_B","Defend_B","Defend_B","Defend_B","Zap+1","Dualcast","Sweeping Beam+1","Loop","Compile Driver","Melter","Reboot","Redo","Reboot","Darkness+1","Hello World"],"relics":["Cracked Core","Pen Nib","Bag of Marbles","Vajra"],"acts_visited":["Exordium"],"potions_floor_usage":[6,13,14,16,16],"damage_taken":[{"damage":2,"enemies":"Cultist","floor":1,"turns":4},{"damage":2,"enemies":"Jaw Worm","floor":2,"turns":3},{"damage":6,"enemies":"Small Slimes","floor":4,"turns":4},{"damage":28,"enemies":"Exordium Wildlife","floor":5,"turns":5},{"damage":25,"enemies":"Lagavulin","floor":6,"turns":6},{"damage":0,"enemies":"Large Slime","floor":10,"turns":3},{"damage":11,"enemies":"Gremlin Nob","floor":13,"turns":3},{"damage":3,"enemies":"Blue Slaver","floor":14,"turns":2},{"damage":17,"enemies":"The Guardian","floor":16,"turns":5}],"seed_played":"393191827201686792","potions_obtained":[{"floor":1,"key":"LiquidBronze"},{"floor":2,"key":"FairyPotion"},{"floor":3,"key":"Regen Potion"},{"floor":5,"key":"LiquidMemories"},{"floor":13,"key":"EssenceOfSteel"},{"floor":14,"key":"Regen Potion"}],"is_trial":false,"path_per_floor":["M","M","?","M","M","E","R","?","T","M","R","$","E","M","R","B"],"character_chosen":"DEFECT","items_purchased":["PowerPotion","Reboot"],"campfire_rested":0,"item_purchase_floors":[12,12],"current_hp_per_floor":[62,60,60,54,26,16,16,16,16,16,16,16,5,2,2,0,0],"gold":209,"neow_bonus":"RANDOM_COMMON_RELIC","is_daily":false,"chose_seed":false,"campfire_upgraded":3,"win_rate":0.0,"timestamp":1611764950,"path_taken":["M","M","?","?","?","E","R","?","T","M","R","?","E","?","R","BOSS"],"items_purchased_type":["Potion","Card"],"build_version":"2020-12-22","purchased_purges":0,"victory":false,"max_hp_per_floor":[71,71,71,71,71,71,71,71,71,71,71,71,71,71,71,71,71],"card_choices":[{"not_picked":["BootSequence","Turbo"],"picked":"Sweeping Beam","floor":1},{"not_picked":["Reprogram","Barrage"],"picked":"Loop","floor":2},{"not_picked":["Barrage","Steam"],"picked":"Compile Driver","floor":4},{"not_picked":["Conserve Battery","Coolheaded"],"picked":"Melter","floor":5},{"not_picked":["Ball Lightning","Gash"],"picked":"Reboot","floor":6},{"not_picked":["Static Discharge","Storm"],"picked":"Redo","floor":10},{"not_picked":["Reboot","Sweeping Beam"],"picked":"Darkness","floor":13},{"not_picked":["Redo","Beam Cell"],"picked":"Hello World","floor":14}],"player_experience":4106048,"relics_obtained":[{"floor":6,"key":"Bag of Marbles"},{"floor":13,"key":"Vajra"}],"event_choices":[{"damage_healed":0,"gold_gain":0,"player_choice":"Got Potions","damage_taken":0,"max_hp_gain":0,"max_hp_loss":0,"event_name":"Lab","floor":3,"gold_loss":0},{"damage_healed":0,"gold_gain":55,"player_choice":"Gained Gold","damage_taken":0,"max_hp_gain":0,"max_hp_loss":0,"event_name":"Golden Wing","floor":8,"gold_loss":0}],"is_beta":false,"boss_relics":[],"items_purged_floors":[],"is_endless":false,"potions_floor_spawned":[1,2,5,13,14],"killed_by":"The Guardian","ascension_level":20}}