{"host":"gbsupkmj5cka9iw4","time":1611750814,"event":{"mods":["BaseMod","Better Note","BetterRewards","Minty Spire (QoL Compilation)","Say the Spire","Shop Mod","StSLib"],"gold_per_floor":[118,118,118,268,279,312,312,338,363,389,402,402,402],"floor_reached":12,"language":"ENG","playtime":721,"items_purged":[],"score":163,"play_id":"5a81452b-268e-47a4-8720-26d4766af002","local_time":"20210127213334","is_ascension_mode":true,"campfire_choices":[{"floor":7,"key":"REST"}],"circlet_count":0,"master_deck":["AscendersBane","Strike_R","Strike_R","Strike_R","Strike_R","Defend_R","Defend_R","Defend_R","Defend_R","Bash","Demon Form","Impatience","Evolve","Shrug It Off","True Grit","Disarm","Wild Strike","Exhume","Bandage Up","Whirlwind","Sword Boomerang","Doubt","Pommel Strike","Feed","Dual Wield","Wild Strike","Pummel"],"relics":["Burning Blood","Red Mask","Orrery","Oddly Smooth Stone","InkBottle","Smiling Mask","Odd Mushroom"],"acts_visited":["Exordium"],"potions_floor_usage":[6,8],"damage_taken":[{"damage":0,"enemies":"Jaw Worm","floor":1,"turns":5},{"damage":18,"enemies":"Small Slimes","floor":5,"turns":5},{"damage":37,"enemies":"3 Sentries","floor":6,"turns":7},{"damage":32,"enemies":"Gremlin Nob","floor":8,"turns":4},{"damage":27,"enemies":"The Mushroom Lair","floor":10,"turns":4},{"damage":0,"enemies":"2 Louse","floor":11,"turns":2},{"damage":0,"enemies":"Lagavulin","floor":12,"turns":4}],"seed_played":"-8780754989745377808","potions_obtained":[{"floor":5,"key":"AttackPotion"},{"floor":6,"key":"BlessingOfTheForge"},{"floor":11,"key":"AttackPotion"}],"is_trial":false,"path_per_floor":["M","?","?","?","M","E","R","E","T","?","M","E"],"character_chosen":"IRONCLAD","items_purchased":["Evolve","Orrery","Bandage Up"],"campfire_rested":1,"item_purchase_floors":[0,0,0],"current_hp_per_floor":[46,46,69,69,58,31,52,32,32,11,17,21,21],"gold":402,"neow_bonus":"","is_daily":false,"chose_seed":false,"campfire_upgraded":0,"win_rate":0.0,"timestamp":1611750814,"path_taken":["M","?","?","?","?","E","R","E","T","?","M","E"],"items_purchased_type":["Card","Relic","Card"],"build_version":"2020-12-22","purchased_purges":0,"victory":false,"max_hp_per_floor":[70,70,70,70,70,70,70,70,70,70,70,70,70],"card_choices":[{"not_picked":["Sword Boomerang","Evolve"],"picked":"Shrug It Off","floor":0},{"not_picked":["Warcry","Armaments"],"picked":"True Grit","floor":0},{"not_picked":["Wild Strike","Flame Barrier"],"picked":"Disarm","floor":0},{"not_picked":["Seeing Red","Flame Barrier"],"picked":"Wild Strike","floor":0},{"not_picked":["Armaments","Uppercut"],"picked":"Exhume","floor":0},{"not_picked":["Perfected Strike","Inflame"],"picked":"Whirlwind","floor":1},{"not_picked":["Body Slam","Havoc"],"picked":"Pommel Strike","floor":5},{"not_picked":["Body Slam","Armaments"],"picked":"Feed","floor":6},{"not_picked":["Hemokinesis","Rage"],"picked":"Dual Wield","floor":8},{"not_picked":["Anger","Armaments"],"picked":"Wild Strike","floor":10},{"not_picked":["Pommel Strike","Barricade"],"picked":"Pummel","floor":11}],"player_experience":765583,"relics_obtained":[{"floor":6,"key":"Oddly Smooth Stone"},{"floor":8,"key":"InkBottle"},{"floor":9,"key":"Smiling Mask"},{"floor":10,"key":"Odd Mushroom"}],"event_choices":[{"damage_healed":0,"gold_gain":0,"cards_transformed":["Strike_R"],"player_choice":"Change","damage_taken":0,"max_hp_gain":0,"max_hp_loss":0,"event_name":"Living Wall","floor":2,"gold_loss":0,"cards_obtained":["Sword Boomerang"]},{"damage_healed":23,"gold_gain":0,"player_choice":"Banana","damage_taken":0,"max_hp_gain":0,"max_hp_loss":0,"event_name":"Big Fish","floor":3,"gold_loss":0},{"damage_healed":0,"gold_gain":150,"player_choice":"AGREE","damage_taken":0,"max_hp_gain":0,"max_hp_loss":0,"event_name":"Liars Game","floor":4,"gold_loss":0,"cards_obtained":["Doubt"]},{"damage_healed":0,"gold_gain":0,"player_choice":"Fought Mushrooms","damage_taken":0,"max_hp_gain":0,"max_hp_loss":0,"event_name":"Mushrooms","floor":10,"gold_loss":0}],"is_beta":false,"boss_relics":[],"items_purged_floors":[],"is_endless":false,"potions_floor_spawned":[5,6,11],"killed_by":"Lagavulin","ascension_level":18}}