{"host":"qbvxbacgnxuisbbe","time":1611713202,"event":{"mods":["Alarm Clock","BaseMod","Humility","Minty Spire (QoL Compilation)","StSLib"],"gold_per_floor":[118,118,129,143,68,68,95,95,119,119,119,153,164,226,226,226,226],"floor_reached":16,"language":"ENG","playtime":536,"items_purged":["Strike_P"],"score":216,"play_id":"8ee39f41-43ac-4bdb-ab9e-f3469f018ef5","local_time":"20210127020642","is_ascension_mode":true,"campfire_choices":[{"data":"Eruption","floor":6,"key":"SMITH"},{"floor":8,"key":"REST"},{"floor":11,"key":"REST"},{"data":"Swivel","floor":15,"key":"SMITH"}],"circlet_count":0,"master_deck":["AscendersBane","Strike_P","Strike_P","Strike_P","Defend_P","Defend_P","Defend_P","Defend_P","Eruption+1","Vigilance","BowlingBash","SignatureMove","Swivel+1","Vengeance","Ragnarok","Evaluate","Consecrate"],"relics":["PureWater","Dream Catcher","Lantern","Kunai"],"acts_visited":["Exordium"],"potions_floor_usage":[7,7,16],"damage_taken":[{"damage":2,"enemies":"Jaw Worm","floor":1,"turns":4},{"damage":7,"enemies":"Cultist","floor":3,"turns":3},{"damage":0,"enemies":"Small Slimes","floor":4,"turns":2},{"damage":42,"enemies":"3 Sentries","floor":7,"turns":12},{"damage":32,"enemies":"Lagavulin","floor":12,"turns":3},{"damage":0,"enemies":"2 Fungi Beasts","floor":13,"turns":3},{"damage":14,"enemies":"Hexaghost","floor":16,"turns":7}],"seed_played":"-4383259197802906956","potions_obtained":[{"floor":1,"key":"SkillPotion"},{"floor":4,"key":"StancePotion"},{"floor":12,"key":"BlessingOfTheForge"},{"floor":13,"key":"Explosive Potion"}],"is_trial":false,"path_per_floor":["M","?","M","M","$","R","E","R","T","?","R","E","M","?","R","B"],"character_chosen":"WATCHER","items_purchased":[],"campfire_rested":2,"item_purchase_floors":[],"current_hp_per_floor":[65,54,47,47,47,47,5,27,27,27,49,17,17,17,17,3,3],"gold":226,"neow_bonus":"TEN_PERCENT_HP_BONUS","is_daily":false,"chose_seed":false,"campfire_upgraded":2,"win_rate":0.0,"timestamp":1611713202,"path_taken":["M","?","?","M","$","R","E","R","T","?","R","E","M","?","R","BOSS"],"items_purchased_type":[],"build_version":"2020-12-22","purchased_purges":1,"victory":false,"max_hp_per_floor":[74,74,74,74,74,74,74,74,74,74,74,74,74,74,74,74,74],"card_choices":[{"not_picked":["LikeWater","ThirdEye"],"picked":"BowlingBash","floor":1},{"not_picked":["SandsOfTime","PathToVictory"],"picked":"SignatureMove","floor":3},{"not_picked":["FlyingSleeves","ReachHeaven"],"picked":"Swivel","floor":4},{"not_picked":["Crescendo","Study"],"picked":"Vengeance","floor":7},{"not_picked":["ThirdEye","Evaluate"],"picked":"Ragnarok","floor":8},{"not_picked":["CrushJoints","FlurryOfBlows"],"picked":"Evaluate","floor":11},{"not_picked":["Prostrate","FearNoEvil"],"picked":"Consecrate","floor":12},{"not_picked":["JustLucky","SignatureMove","CrushJoints"],"picked":"SKIP","floor":13}],"player_experience":152807,"relics_obtained":[{"floor":7,"key":"Dream Catcher"},{"floor":9,"key":"Lantern"},{"floor":12,"key":"Kunai"}],"event_choices":[{"damage_healed":0,"gold_gain":0,"player_choice":"Damaged","damage_taken":11,"max_hp_gain":0,"max_hp_loss":0,"event_name":"Wheel of Change","floor":2,"gold_loss":0},{"damage_healed":0,"gold_gain":0,"player_choice":"Ignored","damage_taken":0,"max_hp_gain":0,"max_hp_loss":0,"event_name":"Liars Game","floor":10,"gold_loss":0},{"damage_healed":0,"gold_gain":62,"player_choice":"Gained Gold","damage_taken":0,"max_hp_gain":0,"max_hp_loss":0,"event_name":"Golden Wing","floor":14,"gold_loss":0}],"is_beta":false,"boss_relics":[],"items_purged_floors":[5],"is_endless":false,"potions_floor_spawned":[1,4,12,13],"killed_by":"Hexaghost","ascension_level":20,"is_humility":true}}