{"host":"l84l8xigz5v5foa2","time":1611730108,"event":{"mods":["2.2 Compatiblity","AchievementEnabler","BaseMod","Better Note","Better Vampires","Card Filter","Colored Map","DeckTracker","Downfall","Gremlin Skip","Highlight Path","Keyboard Shortcuts","Minty Spire (QoL Compilation)","Permanent Neow","Quick Restart","Relic Filter","Relic Stats","StSLib","SuperFastMode","Transform Curses","Unknown Chances"],"gold_per_floor":[119,134,134,144,155,155,80,80,107,182,194,194,220,220,220,296,296,310,225,225,285,352,386,386,417,417,417,432,457,507,521,521,599,599,610,660,677,694,181,181,231,256,283,283,306,356,406,423,423,423,423,423,423],"floor_reached":51,"language":"ENG","playtime":2741,"items_purged":["hexamod:Strike","hexamod:Strike"],"score":1945,"play_id":"70b76c16-3eb2-4953-aaec-a847e43dd880","local_time":"20210127154828","is_ascension_mode":true,"campfire_choices":[{"data":"hexamod:Float","floor":6.0,"key":"SMITH"},{"data":"hexamod:NecessarySacrifice","floor":8.0,"key":"SMITH"},{"data":"hexamod:HeatMetal","floor":12.0,"key":"SMITH"},{"data":"hexamod:SwordOfDarkness","floor":15.0,"key":"SMITH"},{"data":"hexamod:HexaLevel","floor":24.0,"key":"SMITH"},{"floor":27.0,"key":"RECALL"},{"data":"hexamod:NecessarySacrifice","floor":32.0,"key":"SMITH"},{"data":"hexamod:Rewind","floor":40.0,"key":"SMITH"},{"data":"hexamod:Haunt","floor":44.0,"key":"SMITH"},{"data":"hexamod:GhostShield","floor":49,"key":"SMITH"}],"circlet_count":0,"master_deck":["AscendersBane","hexamod:Strike+1","hexamod:Defend+1","hexamod:Defend+1","hexamod:Defend+1","hexamod:Sear+1","hexamod:Float+1","hexamod:NecessarySacrifice+1","hexamod:SwordOfDarkness+1","hexamod:ShieldOfDarkness+1","hexamod:HeatMetal+1","hexamod:InspiringFlames+1","hexamod:TimeWarp","hexamod:HexaLevel+1","hexamod:InspiringFlames+1","hexamod:NightmareStrike+1","hexamod:NightmareGuise+1","hexamod:GhostLash+1","hexamod:StepThrough+1","hexamod:AdvancingGuard+1","hexamod:SpectersWail+1","hexamod:NecessarySacrifice+1","hexamod:ApocalypseNow+1","hexamod:Rewind+1","hexamod:SixthSeal","hexamod:GhostShield+1","hexamod:FourthSeal","hexamod:Haunt+1","hexamod:Hexaguard+1","hexamod:FastForward+1"],"relics":["hexamod:SpiritBrand","Du-Vu Doll","Toy Ornithopter","Singing Bowl","FossilizedHelix","expansioncontent:StudyCardRelic","Guardian:PocketSentry","SsserpentHead","Shuriken","War Paint","Question Card","hexamod:InflammatoryLetter","Coffee Dripper","Nunchaku","Boot","MealTicket","hexamod:TheBrokenSeal","hexamod:SoulConsumer"],"acts_visited":["Exordium","TheCity","TheBeyond"],"potions_floor_usage":[45,45,50,50],"damage_taken":[{"damage":0.0,"enemies":"Cultist","floor":1.0,"turns":3.0},{"damage":2.0,"enemies":"Jaw Worm","floor":2.0,"turns":3.0},{"damage":4.0,"enemies":"2 Louse","floor":4.0,"turns":2.0},{"damage":6.0,"enemies":"Exordium Thugs","floor":5.0,"turns":4.0},{"damage":0.0,"enemies":"3 Louse","floor":11.0,"turns":2.0},{"damage":10.0,"enemies":"3 Sentries","floor":13.0,"turns":7.0},{"damage":14.0,"enemies":"Slime Boss","floor":16.0,"turns":8.0},{"damage":24.0,"enemies":"Chosen","floor":18.0,"turns":6.0},{"damage":0.0,"enemies":"3 Byrds","floor":21.0,"turns":5.0},{"damage":0.0,"enemies":"Centurion and Healer","floor":22.0,"turns":6.0},{"damage":8.0,"enemies":"Gremlin Leader","floor":23.0,"turns":4.0},{"damage":0.0,"enemies":"Slavers","floor":25.0,"turns":6.0},{"damage":0.0,"enemies":"Cultist and Chosen","floor":28.0,"turns":4.0},{"damage":10.0,"enemies":"Book of Stabbing","floor":29.0,"turns":5.0},{"damage":0.0,"enemies":"Snecko","floor":31.0,"turns":5.0},{"damage":40.0,"enemies":"Collector","floor":33.0,"turns":10.0},{"damage":11.0,"enemies":"3 Darklings","floor":35.0,"turns":5.0},{"damage":11.0,"enemies":"3 Shapes","floor":37.0,"turns":3.0},{"damage":15.0,"enemies":"3 Darklings","floor":38.0,"turns":7.0},{"damage":29.0,"enemies":"Reptomancer","floor":42.0,"turns":7.0},{"damage":27,"enemies":"Transient","floor":45,"turns":6},{"damage":0,"enemies":"Writhing Mass","floor":48,"turns":5},{"damage":61,"enemies":"Awakened One","floor":50,"turns":10},{"damage":53,"enemies":"Time Eater","floor":51,"turns":12}],"seed_played":"-4347696508347570517","potions_obtained":[{"floor":2.0,"key":"Fire Potion"},{"floor":5.0,"key":"Block Potion"},{"floor":18.0,"key":"hexamod:EctoCoolerPotion"},{"floor":22.0,"key":"Block Potion"},{"floor":28.0,"key":"Energy Potion"},{"floor":33.0,"key":"DistilledChaos"},{"floor":35.0,"key":"GamblersBrew"},{"floor":38.0,"key":"Fruit Juice"},{"floor":38.0,"key":"Regen Potion"},{"floor":42.0,"key":"AttackPotion"},{"floor":42.0,"key":"Regen Potion"},{"floor":45,"key":"ColorlessPotion"},{"floor":48,"key":"Block Potion"}],"is_trial":false,"path_per_floor":["M","M","?","M","M","R","$","R","T","?","M","R","E","?","R","B",null,"M","?","?","M","M","E","R","E","T","R","M","E","?","M","R","B",null,"M","?","M","M","$","R","?","E","T","R","M","?","T","M","R","B","B"],"character_chosen":"THE_SPIRIT","items_purchased":["hexamod:Haunt","Nunchaku","Boot"],"campfire_rested":0,"item_purchase_floors":[39,39,39],"current_hp_per_floor":[57,55,44,40,34,34,34,34,34,23,23,23,15,15,15,6,50,28,28,28,28,30,29,29,44,44,44,46,38,38,45,45,5,59,55,55,46,48,48,48,48,46,46,46,100,100,100,100,100,43,0,0,0],"gold":423,"neow_bonus":"TRANSFORM_CARD","is_daily":false,"chose_seed":false,"campfire_upgraded":9,"win_rate":0.0,"timestamp":1611730108,"path_taken":["M","?","?","M","M","R","$","R","T","?","?","R","E","?","R","BOSS","M","?","?","?","?","E","R","E","T","R","M","E","?","M","R","BOSS","M","?","M","M","$","R","?","E","T","R","M","?","?","M","R","BOSS","BOSS"],"items_purchased_type":["Card","Relic","Relic"],"build_version":"2020-12-22","purchased_purges":2,"victory":false,"max_hp_per_floor":[63,63,63,63,63,63,63,63,63,63,63,63,65,65,65,65,65,67,67,67,67,69,71,71,71,71,71,73,75,75,77,77,77,77,79,79,81,86,86,86,86,88,88,88,100,100,100,100,100,100,100,100,100],"relic_stats":{"SsserpentHead":350,"Nunchaku":[6],"Singing Bowl":22,"counters":[24,135],"Shuriken":[18],"MealTicket":0,"War Paint":["hexamod:NightmareGuise","hexamod:Sear"],"Question Card":24,"Boot":[3],"obtain_stats":[{"Singing Bowl":13,"hexamod:TheBrokenSeal":45,"hexamod:InflammatoryLetter":29,"expansioncontent:StudyCardRelic":17,"Guardian:PocketSentry":19,"War Paint":25,"Question Card":26,"Boot":39,"Du-Vu Doll":3,"SsserpentHead":20,"Nunchaku":39,"Shuriken":23,"MealTicket":42,"Coffee Dripper":34,"hexamod:SoulConsumer":47,"hexamod:SpiritBrand":0,"Toy Ornithopter":9,"FossilizedHelix":14},{"Singing Bowl":6,"hexamod:TheBrokenSeal":21,"hexamod:InflammatoryLetter":14,"expansioncontent:StudyCardRelic":7,"Guardian:PocketSentry":8,"War Paint":12,"Question Card":12,"Boot":19,"Du-Vu Doll":2,"SsserpentHead":8,"Nunchaku":19,"Shuriken":11,"MealTicket":20,"Coffee Dripper":16,"hexamod:SoulConsumer":21,"hexamod:SpiritBrand":0,"Toy Ornithopter":4,"FossilizedHelix":6},{"Singing Bowl":21,"hexamod:TheBrokenSeal":108,"hexamod:InflammatoryLetter":65,"expansioncontent:StudyCardRelic":29,"Guardian:PocketSentry":35,"War Paint":56,"Question Card":56,"Boot":95,"Du-Vu Doll":6,"SsserpentHead":35,"Nunchaku":95,"Shuriken":50,"MealTicket":102,"Coffee Dripper":80,"hexamod:SoulConsumer":108,"hexamod:SpiritBrand":0,"Toy Ornithopter":12,"FossilizedHelix":21}],"Toy Ornithopter":50},"card_choices":[{"not_picked":["hexamod:BacktrackSmack","hexamod:RetreatToShadows"],"picked":"hexamod:NecessarySacrifice","floor":1.0},{"not_picked":["hexamod:SpectralSpark","hexamod:SuperheatedStrike"],"picked":"hexamod:SwordOfDarkness","floor":2.0},{"not_picked":["hexamod:FlamesFromBeyond","hexamod:AdvancingGuard"],"picked":"hexamod:ShieldOfDarkness","floor":4.0},{"not_picked":["hexamod:Hexaguard","hexamod:AdvancingGuard"],"picked":"hexamod:HeatMetal","floor":5.0},{"not_picked":["hexamod:DynamicBlow","hexamod:AdvancingGuard"],"picked":"hexamod:ThirdSeal","floor":11.0},{"not_picked":["hexamod:AdvancingGuard","hexamod:HeatMetal","hexamod:FastForward"],"picked":"Singing Bowl","floor":13.0},{"not_picked":["hexamod:WildfireWeapon","hexamod:ApocalypticArmor"],"picked":"hexamod:InspiringFlames","floor":13.0},{"not_picked":["hexamod:WildfireWeapon","hexamod:ParanormalForm"],"picked":"hexamod:TimeWarp","floor":16.0},{"not_picked":["hexamod:GiftsFromTheDead","hexamod:ParanormalForm"],"picked":"hexamod:HexaLevel","floor":16.0},{"not_picked":["hexamod:NecessarySacrifice","hexamod:NightmareGuise"],"picked":"hexamod:InspiringFlames+1","floor":18.0},{"not_picked":["hexamod:BurningTouch","hexamod:Hexaguard","hexamod:NightmareStrike"],"picked":"Singing Bowl","floor":18.0},{"not_picked":["hexamod:ThermalTransfer","hexamod:FlamesFromBeyond"],"picked":"hexamod:NightmareStrike","floor":21.0},{"not_picked":["hexamod:EmpoweredFlame","hexamod:EtherealExpedition"],"picked":"hexamod:NightmareGuise","floor":21.0},{"not_picked":["hexamod:SwordOfDarkness","hexamod:SuperheatedStrike","hexamod:HeatMetal"],"picked":"Singing Bowl","floor":22.0},{"not_picked":["hexamod:TimeWarp","hexamod:BacktrackSmack"],"picked":"hexamod:GhostLash+1","floor":22.0},{"not_picked":["hexamod:PhantomCloak","hexamod:FastForward"],"picked":"hexamod:StepThrough","floor":23.0},{"not_picked":["hexamod:HeatMetal","hexamod:EmpoweredFlame","hexamod:SuperheatedStrike"],"picked":"Singing Bowl","floor":23.0},{"not_picked":["hexamod:FastForward","hexamod:RetreatToShadows"],"picked":"hexamod:SixthSeal","floor":25.0},{"not_picked":["hexamod:BurningTouch","hexamod:SwordOfDarkness"],"picked":"hexamod:AdvancingGuard","floor":25.0},{"not_picked":["hexamod:ShieldOfDarkness","hexamod:InspiringFlames","hexamod:BurningTouch"],"picked":"hexamod:SpectersWail+1","floor":28.0},{"not_picked":["hexamod:Incineration","hexamod:PhantomFireball","hexamod:ShieldOfDarkness","hexamod:GhostLash"],"picked":"Singing Bowl","floor":28.0},{"not_picked":["hexamod:SpectralSpark+1","hexamod:HeatMetal","hexamod:NightmareStrike","hexamod:InspiringFlames"],"picked":"Singing Bowl","floor":29.0},{"not_picked":["hexamod:HauntingEcho+1","hexamod:SuperheatedStrike","hexamod:ApocalypseNow"],"picked":"hexamod:NecessarySacrifice","floor":29.0},{"not_picked":["hexamod:Incineration","hexamod:FirstSeal","hexamod:RainOfEmbers","hexamod:InspiringFlames"],"picked":"Singing Bowl","floor":31.0},{"not_picked":["hexamod:GhostflameInferno","hexamod:FifthSeal","hexamod:ParanormalForm"],"picked":"hexamod:ApocalypseNow","floor":33.0},{"not_picked":["hexamod:FlameSwitch","hexamod:ApocalypseNow","hexamod:HexaLevel"],"picked":"hexamod:FifthSeal","floor":33.0},{"not_picked":["hexamod:InspiringFlames+1","hexamod:FourthSeal","hexamod:GhostflameBarrier"],"picked":"hexamod:Rewind","floor":35.0},{"not_picked":["hexamod:FirstSeal","hexamod:SixthSeal","hexamod:ThirdSeal"],"picked":"hexamod:FourthSeal","floor":35.0},{"not_picked":["hexamod:SuperheatedStrike","hexamod:SoulSteal","hexamod:FastForward","hexamod:BurningTouch"],"picked":"Singing Bowl","floor":35.0},{"not_picked":["hexamod:SixthSeal","hexamod:SecondSeal","hexamod:ThirdSeal"],"picked":"hexamod:FirstSeal","floor":37.0},{"not_picked":["hexamod:EmpoweredFlame","hexamod:NightmareStrike","hexamod:SuperheatedStrike","hexamod:ShieldOfDarkness"],"picked":"Singing Bowl","floor":37.0},{"not_picked":["hexamod:FourthSeal","hexamod:SecondSeal","hexamod:FirstSeal"],"picked":"hexamod:SixthSeal","floor":38.0},{"not_picked":["hexamod:PowerFromBeyond","hexamod:SpectersWail+1","hexamod:FourthSeal"],"picked":"hexamod:GhostShield","floor":38.0},{"not_picked":["hexamod:SpectersWail","hexamod:SuperheatedStrike","hexamod:InspiringFlames"],"picked":"hexamod:FourthSeal","floor":38.0},{"not_picked":["hexamod:StepThrough","hexamod:NightmareStrike","hexamod:AdvancingGuard"],"picked":"hexamod:Hexaguard+1","floor":42.0},{"not_picked":["hexamod:FirstSeal","hexamod:SixthSeal","hexamod:ThirdSeal"],"picked":"hexamod:SecondSeal","floor":42.0},{"not_picked":["hexamod:EmpoweredFlame","hexamod:FifthSeal","hexamod:DynamicBlow","hexamod:NightmareGuise"],"picked":"Singing Bowl","floor":42.0},{"not_picked":["hexamod:BacktrackSmack","hexamod:BurningTouch","hexamod:ThermalTransfer","hexamod:NightmareStrike+1"],"picked":"Singing Bowl","floor":45},{"not_picked":["hexamod:BurningTouch","hexamod:PhantomFireball","hexamod:PowerFromBeyond"],"picked":"hexamod:FastForward+1","floor":48}],"player_experience":3445793,"relics_obtained":[{"floor":9.0,"key":"Toy Ornithopter"},{"floor":13.0,"key":"Singing Bowl"},{"floor":23.0,"key":"Shuriken"},{"floor":25.0,"key":"War Paint"},{"floor":26.0,"key":"Question Card"},{"floor":29.0,"key":"hexamod:InflammatoryLetter"},{"floor":42.0,"key":"MealTicket"},{"floor":47,"key":"hexamod:SoulConsumer"}],"event_choices":[{"damage_healed":0.0,"max_hp_gain":0.0,"max_hp_loss":0.0,"gold_gain":0.0,"event_name":"Scrap Ooze","player_choice":"Success","floor":3.0,"gold_loss":0.0,"damage_taken":11.0,"relics_obtained":["Du-Vu Doll"]},{"damage_healed":0.0,"max_hp_gain":0.0,"max_hp_loss":0.0,"gold_gain":75.0,"event_name":"World of Goop","player_choice":"Gather Gold","floor":10.0,"gold_loss":0.0,"damage_taken":11.0},{"damage_healed":0.0,"max_hp_gain":0.0,"max_hp_loss":0.0,"gold_gain":0.0,"event_name":"Dead Adventurer","player_choice":"Searched \u00272\u0027 times","floor":14.0,"gold_loss":0.0,"damage_taken":0.0,"relics_obtained":["FossilizedHelix"]},{"damage_healed":0.0,"max_hp_gain":0.0,"max_hp_loss":0.0,"gold_gain":0.0,"event_name":"Addict","player_choice":"Obtained Relic","floor":19.0,"gold_loss":85.0,"damage_taken":0.0,"relics_obtained":["Guardian:PocketSentry"]},{"damage_healed":0.0,"max_hp_gain":0.0,"max_hp_loss":0.0,"gold_gain":0.0,"event_name":"FaceTrader","player_choice":"Trade","floor":20.0,"gold_loss":0.0,"damage_taken":0.0,"relics_obtained":["SsserpentHead"]},{"damage_healed":0.0,"max_hp_gain":0.0,"max_hp_loss":0.0,"gold_gain":0.0,"event_name":"Tomb of Lord Red Mask","player_choice":"Ignored","floor":36.0,"gold_loss":0.0,"damage_taken":0.0}],"is_beta":false,"boss_relics":[{"not_picked":["hexamod:IceCube","SacredBark"],"picked":"expansioncontent:StudyCardRelic"},{"not_picked":["Calling Bell","sneckomod:SneckoTalon"],"picked":"Coffee Dripper"}],"items_purged_floors":[7,39],"is_endless":false,"potions_floor_spawned":[2,5,18,22,28,33,35,38,48],"killed_by":"Time Eater","ascension_level":20}}