{"host":"mydft8i2zzydgggw","time":1611788171,"event":{"mods":["AchievementEnabler","BaseMod","BetterRewards","Colored Map","Colored Powertips","DeckTracker","Keyboard Shortcuts","Minty Spire (QoL Compilation)","Rare Cards Sparkle","StSLib","SuperFastMode","everything is the same but u backflip on backflip"],"gold_per_floor":[17,17,35,48,67,67,96,110,110,110,110],"floor_reached":10,"language":"KOR","playtime":162,"items_purged":[],"score":112,"play_id":"bd2b096c-ca21-4107-8216-47d35ebb6b00","local_time":"20210128075611","is_ascension_mode":true,"campfire_choices":[{"data":"Tantrum","floor":6,"key":"SMITH"}],"circlet_count":0,"master_deck":["AscendersBane","Strike_P","Strike_P","Strike_P","Defend_P","Defend_P","Defend_P","Defend_P","Eruption","Vigilance","Tantrum+1","EmptyBody"],"relics":["PureWater","GoldenEye","Calipers","Eternal Feather"],"acts_visited":["Exordium"],"potions_floor_usage":[10],"damage_taken":[{"damage":3,"enemies":"Jaw Worm","floor":1,"turns":5},{"damage":1,"enemies":"Cultist","floor":3,"turns":5},{"damage":5,"enemies":"2 Louse","floor":4,"turns":3},{"damage":0,"enemies":"2 Fungi Beasts","floor":5,"turns":3},{"damage":35,"enemies":"Gremlin Nob","floor":7,"turns":3},{"damage":7,"enemies":"3 Louse","floor":8,"turns":3},{"damage":23,"enemies":"3 Sentries","floor":10,"turns":5}],"seed_played":"7502067291261363364","potions_obtained":[{"floor":3,"key":"Ancient Potion"},{"floor":8,"key":"Dexterity Potion"}],"is_trial":false,"path_per_floor":["M","?","M","M","M","R","E","M","T","E"],"character_chosen":"WATCHER","items_purchased":[],"campfire_rested":0,"item_purchase_floors":[],"current_hp_per_floor":[62,62,61,56,56,56,21,14,14,0,0],"gold":110,"neow_bonus":"ONE_RARE_RELIC","is_daily":false,"chose_seed":false,"campfire_upgraded":1,"win_rate":0.0,"timestamp":1611788171,"path_taken":["M","?","?","M","M","R","E","M","T","E"],"items_purchased_type":[],"build_version":"2020-12-22","purchased_purges":0,"victory":false,"max_hp_per_floor":[72,72,72,72,72,72,72,72,72,72,72],"card_choices":[{"not_picked":["FollowUp","Protect","BowlingBash"],"picked":"SKIP","floor":1},{"not_picked":["CutThroughFate","Pray","Protect"],"picked":"SKIP","floor":3},{"not_picked":["FlurryOfBlows","BowlingBash"],"picked":"Tantrum","floor":4},{"not_picked":["FlyingSleeves","EmptyBody","Halt"],"picked":"SKIP","floor":5},{"not_picked":["FlyingSleeves","CrushJoints","Evaluate"],"picked":"SKIP","floor":7},{"not_picked":["JustLucky","Swivel"],"picked":"EmptyBody","floor":8}],"player_experience":226995,"relics_obtained":[{"floor":7,"key":"Calipers"},{"floor":9,"key":"Eternal Feather"}],"event_choices":[{"cards_removed":["Strike_P"],"damage_healed":0,"gold_gain":0,"player_choice":"Purged","damage_taken":0,"max_hp_gain":0,"max_hp_loss":0,"event_name":"Purifier","floor":2,"gold_loss":0}],"is_beta":false,"boss_relics":[],"items_purged_floors":[],"is_endless":false,"potions_floor_spawned":[3,8],"killed_by":"3 Sentries","ascension_level":12}}