{"host":"syozzdlzcqop4jia","time":1611780163,"event":{"mods":["BaseMod","Colored Map","Colored Powertips","Minty Spire (QoL Compilation)","Quick Restart"],"gold_per_floor":[111,121,139,139,210,210,243,243,243,243,257,268,281,294,294,396,396,406,426,426,426,446,446,460,36,36,36,61,80,105,123,123,221,221,239,239,256,62,108,14,14,32,32,66,66,83,33,49,49,49],"floor_reached":51,"language":"ENG","playtime":3594,"items_purged":["Strike_R","Madness","Uppercut"],"score":791,"play_id":"f4c0dea2-62c9-49e7-9a9c-f68f0596bde7","local_time":"20210127214243","is_ascension_mode":true,"campfire_choices":[{"data":"Anger","floor":6,"key":"SMITH"},{"floor":8,"key":"REST"},{"data":"Carnage","floor":10,"key":"SMITH"},{"data":"Feed","floor":15,"key":"SMITH"},{"floor":23,"key":"REST"},{"data":"Uppercut","floor":27,"key":"SMITH"},{"floor":32,"key":"REST"},{"floor":41,"key":"REST"},{"floor":49,"key":"REST"}],"circlet_count":0,"master_deck":["Strike_R","Strike_R","Strike_R","Strike_R","Defend_R","Defend_R","Defend_R","Defend_R","Bash","Heavy Blade","Carnage+1","Headbutt","Anger+1","Iron Wave","Inflame","Flame Barrier+1","Uppercut+1","Feed+1","Demon Form","Battle Trance+1","Ghostly Armor","Inflame+1","Reckless Charge+1","Cleave","Anger","Feed","Immolate","Shrug It Off+1","Madness","Inflame+1","Seeing Red","Flex","Pommel Strike","Ghostly Armor+1","Panache","Headbutt+1","Sword Boomerang+1"],"relics":["Burning Blood","InkBottle","Anchor","TungstenRod","Mark of Pain","Enchiridion","Bird Faced Urn","Oddly Smooth Stone","Letter Opener","Smiling Mask","Fusion Hammer","Lantern","Charon\u0027s Ashes","HornCleat","Lizard Tail"],"acts_visited":["Exordium","TheCity","TheBeyond"],"potions_floor_usage":[29,29,31,35,50],"damage_taken":[{"damage":2,"enemies":"2 Louse","floor":1,"turns":3},{"damage":9,"enemies":"Jaw Worm","floor":2,"turns":3},{"damage":6,"enemies":"Cultist","floor":3,"turns":3},{"damage":37,"enemies":"Gremlin Nob","floor":7,"turns":5},{"damage":4,"enemies":"Exordium Thugs","floor":11,"turns":4},{"damage":0,"enemies":"Looter","floor":12,"turns":2},{"damage":4,"enemies":"Exordium Wildlife","floor":13,"turns":4},{"damage":2,"enemies":"Exordium Thugs","floor":14,"turns":3},{"damage":52,"enemies":"The Guardian","floor":16,"turns":8},{"damage":10,"enemies":"Spheric Guardian","floor":18,"turns":3},{"damage":0,"enemies":"3 Byrds","floor":19,"turns":3},{"damage":43,"enemies":"Shelled Parasite and Fungi","floor":22,"turns":5},{"damage":6,"enemies":"Snecko","floor":24,"turns":5},{"damage":18,"enemies":"Gremlin Leader","floor":28,"turns":5},{"damage":15,"enemies":"Centurion and Healer","floor":29,"turns":4},{"damage":30,"enemies":"Shelled Parasite and Fungi","floor":31,"turns":4},{"damage":58,"enemies":"Collector","floor":33,"turns":7},{"damage":28,"enemies":"3 Darklings","floor":35,"turns":5},{"damage":7,"enemies":"Orb Walker","floor":37,"turns":3},{"damage":16,"enemies":"2 Orb Walkers","floor":39,"turns":5},{"damage":5,"enemies":"4 Shapes","floor":42,"turns":3},{"damage":39,"enemies":"Reptomancer","floor":44,"turns":6},{"damage":6,"enemies":"Maw","floor":46,"turns":6},{"damage":4,"enemies":"Jaw Worm Horde","floor":48,"turns":3},{"damage":60,"enemies":"Donu and Deca","floor":50,"turns":8}],"seed_played":"-3240848892893790132","potions_obtained":[{"floor":2,"key":"AttackPotion"},{"floor":3,"key":"Strength Potion"},{"floor":14,"key":"GamblersBrew"},{"floor":22,"key":"PowerPotion"},{"floor":29,"key":"FairyPotion"},{"floor":33,"key":"DuplicationPotion"},{"floor":39,"key":"SteroidPotion"},{"floor":42,"key":"PowerPotion"},{"floor":44,"key":"Energy Potion"}],"is_trial":false,"path_per_floor":["M","M","M","?","T","R","E","R","T","R","M","M","M","M","R","B",null,"M","M","?","?","M","R","M","$","T","R","E","M","T","M","R","B",null,"M","?","M","$","?","$","R","M","T","E","?","M","$","M","R","B",null],"character_chosen":"IRONCLAD","items_purchased":["Bird Faced Urn","Uppercut","Lantern","Seeing Red","Flex"],"campfire_rested":5,"item_purchase_floors":[25,25,38,40,40],"current_hp_per_floor":[80,77,77,77,77,77,46,70,70,70,72,78,80,80,80,34,80,76,84,72,72,39,65,65,65,65,65,57,54,54,40,67,23,92,70,59,58,58,53,53,81,90,90,63,63,73,73,82,102,54],"gold":49,"neow_bonus":"THREE_CARDS","is_daily":false,"chose_seed":false,"campfire_upgraded":4,"win_rate":0.0,"timestamp":1611780163,"path_taken":["M","M","M","?","?","R","E","R","T","R","M","M","M","M","R","BOSS","M","M","?","?","?","R","M","$","T","R","E","M","?","M","R","BOSS","M","?","M","$","?","$","R","?","T","E","?","M","?","M","R","BOSS"],"items_purchased_type":["Relic","Card","Relic","Card","Card"],"build_version":"2020-12-22","purchased_purges":3,"victory":true,"max_hp_per_floor":[80,80,80,80,80,80,80,80,80,80,80,80,80,80,80,80,80,80,84,84,84,88,88,88,88,88,88,88,88,88,92,92,92,92,92,92,92,92,95,95,95,99,99,99,99,99,99,102,102,102],"card_choices":[{"not_picked":["Power Through","Reckless Charge"],"picked":"Heavy Blade","floor":0},{"not_picked":["Anger","Fire Breathing"],"picked":"Carnage","floor":1},{"not_picked":["Heavy Blade","Whirlwind"],"picked":"Headbutt","floor":2},{"not_picked":["Pommel Strike","Combust"],"picked":"Anger","floor":3},{"not_picked":["Sever Soul","Bloodletting"],"picked":"Iron Wave","floor":7},{"not_picked":["Dropkick","Heavy Blade"],"picked":"Inflame","floor":11},{"not_picked":["Armaments","Thunderclap"],"picked":"Flame Barrier","floor":12},{"not_picked":["Fire Breathing","Body Slam"],"picked":"Uppercut","floor":13},{"not_picked":["Blood for Blood","Sword Boomerang"],"picked":"Feed","floor":14},{"not_picked":["Fiend Fire","Reaper"],"picked":"Demon Form","floor":16},{"not_picked":["Body Slam","Flex"],"picked":"Battle Trance+1","floor":18},{"not_picked":["Infernal Blade","Anger+1"],"picked":"Ghostly Armor","floor":19},{"not_picked":["Pummel+1","Sword Boomerang"],"picked":"Inflame+1","floor":22},{"not_picked":["Flex","Exhume"],"picked":"Reckless Charge+1","floor":24},{"not_picked":["Bloodletting","Havoc"],"picked":"Cleave","floor":28},{"not_picked":["Headbutt","Iron Wave"],"picked":"Anger","floor":29},{"not_picked":["True Grit+1","Body Slam+1"],"picked":"Feed","floor":31},{"not_picked":["Demon Form","Limit Break"],"picked":"Immolate","floor":33},{"not_picked":["Perfected Strike","Warcry"],"picked":"Shrug It Off+1","floor":35},{"not_picked":["Heavy Blade","Feel No Pain+1","Thunderclap"],"picked":"SKIP","floor":37},{"not_picked":["Body Slam+1","Whirlwind"],"picked":"Inflame+1","floor":39},{"not_picked":["Heavy Blade","Armaments+1"],"picked":"Pommel Strike","floor":42},{"not_picked":["Seeing Red+1","Exhume"],"picked":"Ghostly Armor+1","floor":44},{"not_picked":["Sadistic Nature","Finesse"],"picked":"Panache","floor":45},{"not_picked":["Perfected Strike+1","Twin Strike"],"picked":"Headbutt+1","floor":46},{"not_picked":["Sentinel","Heavy Blade"],"picked":"Sword Boomerang+1","floor":48}],"player_experience":413215,"relics_obtained":[{"floor":5,"key":"InkBottle"},{"floor":7,"key":"Anchor"},{"floor":9,"key":"TungstenRod"},{"floor":20,"key":"Enchiridion"},{"floor":26,"key":"Oddly Smooth Stone"},{"floor":28,"key":"Letter Opener"},{"floor":30,"key":"Smiling Mask"},{"floor":39,"key":"Charon\u0027s Ashes"},{"floor":43,"key":"HornCleat"},{"floor":44,"key":"Lizard Tail"}],"event_choices":[{"damage_healed":0,"gold_gain":0,"player_choice":"Ignored","damage_taken":0,"max_hp_gain":0,"max_hp_loss":0,"event_name":"Liars Game","floor":4,"gold_loss":0},{"damage_healed":0,"gold_gain":0,"player_choice":"Obtained Book","damage_taken":16,"max_hp_gain":0,"max_hp_loss":0,"event_name":"Cursed Tome","floor":20,"gold_loss":0},{"damage_healed":0,"gold_gain":0,"player_choice":"Upgraded","damage_taken":0,"max_hp_gain":0,"max_hp_loss":0,"event_name":"Upgrade Shrine","floor":21,"gold_loss":0,"cards_upgraded":["Flame Barrier"]},{"damage_healed":0,"gold_gain":0,"player_choice":"Embrace Madness","damage_taken":12,"max_hp_gain":0,"max_hp_loss":0,"event_name":"Winding Halls","floor":36,"gold_loss":0,"cards_obtained":["Madness","Madness"]},{"damage_healed":0,"gold_gain":0,"player_choice":"Fight","damage_taken":0,"max_hp_gain":0,"max_hp_loss":0,"event_name":"Mysterious Sphere","floor":39,"gold_loss":0},{"damage_healed":0,"gold_gain":0,"player_choice":"Memory 1","damage_taken":0,"max_hp_gain":0,"max_hp_loss":0,"event_name":"SensoryStone","floor":45,"gold_loss":0}],"is_beta":false,"boss_relics":[{"not_picked":["Snecko Eye","Sozu"],"picked":"Mark of Pain"},{"not_picked":["Runic Pyramid","Black Star"],"picked":"Fusion Hammer"}],"items_purged_floors":[25,38,47],"is_endless":false,"potions_floor_spawned":[2,3,14,18,22,29,33,39,42,44,48],"ascension_level":2}}