{"host":"na09lpbrez4gbfiz","time":1611741448,"event":{"mods":["Act Like it!","BaseMod","BetterRewards","Colored Map","Colored Powertips","DeckTracker","Googly Eyes","Highlight Path","Minty Spire (QoL Compilation)","Quick Restart","Spicy Shops","StSLib","SuperFastMode","Synergy Search"],"gold_per_floor":[113,113,38,313,59,85,85,116,116,116,131,159,159,178,178,178,178],"floor_reached":16,"language":"ENG","playtime":422,"items_purged":["Strike_R","Regret"],"score":168,"play_id":"2d8d3071-b0a3-4798-96a8-8995888f3492","local_time":"20210127105728","is_ascension_mode":true,"campfire_choices":[{"floor":7,"key":"REST"},{"floor":10,"key":"REST"},{"floor":15,"key":"REST"}],"circlet_count":0,"master_deck":["Strike_R","Strike_R","Defend_R","Defend_R","Bash","True Grit","Rage","Shrug It Off","Shrug It Off"],"relics":["Empty Cage","Sling","Ornamental Fan","Tiny Chest","Sundial","Juzu Bracelet"],"acts_visited":["Exordium"],"potions_floor_usage":[16,16],"damage_taken":[{"damage":10,"enemies":"Small Slimes","floor":1,"turns":4},{"damage":53,"enemies":"3 Sentries","floor":6,"turns":13},{"damage":21,"enemies":"Gremlin Nob","floor":8,"turns":4},{"damage":0,"enemies":"Cultist","floor":11,"turns":5},{"damage":15,"enemies":"Lagavulin","floor":12,"turns":7},{"damage":0,"enemies":"2 Louse","floor":14,"turns":3},{"damage":48,"enemies":"The Guardian","floor":16,"turns":14}],"seed_played":"534248257882275131","potions_obtained":[{"floor":12,"key":"SkillPotion"},{"floor":14,"key":"Swift Potion"}],"is_trial":false,"path_per_floor":["M","?","$","?","$","E","R","E","T","R","M","E","?","M","R","B"],"character_chosen":"IRONCLAD","items_purchased":["Sling"],"campfire_rested":3,"item_purchase_floors":[5],"current_hp_per_floor":[62,55,55,55,55,2,26,5,5,29,29,14,14,14,38,0,0],"gold":178,"neow_bonus":"BOSS_RELIC","is_daily":false,"chose_seed":false,"campfire_upgraded":0,"win_rate":0.0,"timestamp":1611741448,"path_taken":["M","?","$","?","$","E","R","E","T","R","?","E","?","M","R","BOSS"],"items_purchased_type":["Relic"],"build_version":"2020-12-22","purchased_purges":2,"victory":false,"max_hp_per_floor":[80,80,80,80,80,80,80,80,80,80,80,80,80,80,80,80,80],"card_choices":[{"not_picked":["Armaments","Rage"],"picked":"True Grit","floor":1},{"not_picked":["Clothesline","Perfected Strike","Disarm"],"picked":"SKIP","floor":6},{"not_picked":["Dark Embrace","Havoc"],"picked":"Rage","floor":8},{"not_picked":["Body Slam","Sword Boomerang"],"picked":"Shrug It Off","floor":11},{"not_picked":["Impervious","Disarm","Wild Strike"],"picked":"SKIP","floor":12},{"not_picked":["Clothesline","Pommel Strike"],"picked":"Shrug It Off","floor":14}],"player_experience":175339,"relics_obtained":[{"floor":6,"key":"Ornamental Fan"},{"floor":8,"key":"Tiny Chest"},{"floor":9,"key":"Sundial"},{"floor":12,"key":"Juzu Bracelet"}],"event_choices":[{"cards_removed":["Defend_R"],"damage_healed":0,"gold_gain":0,"player_choice":"Card Removal","damage_taken":7,"max_hp_gain":0,"max_hp_loss":0,"event_name":"Golden Wing","floor":2,"gold_loss":0},{"damage_healed":0,"gold_gain":275,"player_choice":"Desecrate","damage_taken":0,"max_hp_gain":0,"max_hp_loss":0,"event_name":"Golden Shrine","floor":4,"gold_loss":0,"cards_obtained":["Regret"]},{"cards_removed":["Defend_R"],"damage_healed":0,"gold_gain":0,"player_choice":"Forget","damage_taken":0,"max_hp_gain":0,"max_hp_loss":0,"event_name":"Living Wall","floor":13,"gold_loss":0}],"is_beta":false,"boss_relics":[],"items_purged_floors":[3,5],"is_endless":false,"potions_floor_spawned":[12,14],"killed_by":"The Guardian","ascension_level":9}}