{"host":"Mute","time":1611736499,"event":{"mods":["BaseMod","Colored Map","Downfall","Minty Spire (QoL Compilation)","StSLib"],"gold_per_floor":[99,116,130,145,165,190,215,233,233,246,259,274,37,37,48,152,152,152,169,184,195,195,195,195,249,249,249,267,267,267,267],"floor_reached":29,"language":"ENG","playtime":29477,"items_purged":["champ:Strike"],"score":398,"play_id":"672749af-57be-4d5a-8fc6-d06be96074be","local_time":"20210127033459","is_ascension_mode":true,"campfire_choices":[{"data":"champ:Taunt","floor":1,"key":"SMITH"},{"data":"champ:DefensiveStyle","floor":9,"key":"SMITH"},{"data":"champ:SteelEdge","floor":18,"key":"SMITH"},{"data":"champ:ArenaPreparation","floor":23,"key":"SMITH"},{"data":"champ:GutPunch","floor":26,"key":"SMITH"}],"circlet_count":0,"master_deck":["champ:Strike","champ:Strike","champ:Strike","champ:Defend","champ:Defend","champ:Defend","champ:Defend","champ:Execute","champ:Taunt+1","champ:ArenaPreparation+1","champ:GutPunch+1","champ:ShieldWall","champ:DefensiveStyle+1","champ:PreciseThrust","champ:DefensiveShout","champ:BerserkersShout","champ:FocusedBerserking","champ:SteelEdge+1","champ:BerserkerStyle"],"relics":["champ:ChampionCrownUpgraded","Bronze Scales","Dream Catcher","Lee\u0027s Waffle","Pear","Nunchaku","champ:DefensiveTrainingManual"],"acts_visited":["Exordium","TheCity"],"potions_floor_usage":[6,11,21],"damage_taken":[{"damage":16,"enemies":"Jaw Worm","floor":2,"turns":5},{"damage":30,"enemies":"2 Louse","floor":3,"turns":3},{"damage":13,"enemies":"Small Slimes","floor":4,"turns":3},{"damage":17,"enemies":"Blue Slaver","floor":5,"turns":4},{"damage":48,"enemies":"Gremlin Nob","floor":6,"turns":4},{"damage":48,"enemies":"Large Slime","floor":8,"turns":4},{"damage":23,"enemies":"2 Fungi Beasts","floor":10,"turns":3},{"damage":2,"enemies":"3 Louse","floor":11,"turns":3},{"damage":31,"enemies":"Large Slime","floor":12,"turns":5},{"damage":40,"enemies":"downfall:FleeingMerchant","floor":13,"turns":4},{"damage":31,"enemies":"Gremlin Gang","floor":15,"turns":3},{"damage":116,"enemies":"IC_STATUS_ARCHETYPE","floor":16,"turns":6},{"damage":25,"enemies":"3 Byrds","floor":19,"turns":3},{"damage":38,"enemies":"Chosen","floor":20,"turns":5},{"damage":93,"enemies":"Snecko","floor":21,"turns":5},{"damage":79,"enemies":"Centurion and Healer","floor":28,"turns":7},{"damage":101,"enemies":"Gremlin Leader","floor":29,"turns":6}],"seed_played":"-5965616815943195300","potions_obtained":[{"floor":2,"key":"ColorlessPotion"},{"floor":3,"key":"champ:UltimateStancePotion"},{"floor":10,"key":"AttackPotion"},{"floor":11,"key":"Fruit Juice"},{"floor":21,"key":"champ:OpenerPotion"}],"is_trial":false,"path_per_floor":["R","M","M","M","M","E","T","M","R","M","M","M","$","?","M","B",null,"R","M","M","M","?","R","T","T","R","?","M","E"],"character_chosen":"THE_CHAMP","items_purchased":["Lee\u0027s Waffle"],"campfire_rested":0,"item_purchase_floors":[13],"current_hp_per_floor":[99,98,98,95,88,80,80,62,62,49,52,51,111,111,105,74,111,111,111,103,88,88,88,98,98,98,98,87,0,0,0],"gold":267,"neow_bonus":"TEN_PERCENT_HP_BONUS","is_daily":false,"chose_seed":false,"campfire_upgraded":5,"win_rate":0.0,"timestamp":1611736499,"path_taken":["R","M","M","M","M","E","T","M","R","M","M","M","$","?","M","BOSS","R","M","M","M","?","R","T","?","R","?","M","E"],"items_purchased_type":["Relic"],"build_version":"2020-12-18","purchased_purges":1,"victory":false,"max_hp_per_floor":[99,99,99,99,99,99,99,99,99,99,104,104,111,111,111,111,111,111,111,111,111,111,111,121,121,121,121,121,121,121,121],"card_choices":[{"not_picked":["champ:EndlessRage","champ:EnGarde"],"picked":"champ:ArenaPreparation","floor":2},{"not_picked":["champ:DefensiveShout","champ:TornadoPunch"],"picked":"champ:GutPunch","floor":3},{"not_picked":["champ:Shatter","champ:Backstep"],"picked":"champ:ShieldWall","floor":4},{"not_picked":["champ:TornadoPunch","champ:FlashCut"],"picked":"champ:DefensiveStyle","floor":5},{"not_picked":["champ:BladeFlurry","champ:ShieldWall","champ:CrownThrow"],"picked":"SKIP","floor":6},{"not_picked":["champ:CrownThrow","champ:EnGarde"],"picked":"champ:PreciseThrust","floor":8},{"not_picked":["champ:ViciousMockery","champ:EnGarde"],"picked":"champ:DefensiveShout","floor":10},{"not_picked":["champ:StrikeOfGenius","champ:PerfectedStrike"],"picked":"champ:BerserkersShout","floor":11},{"not_picked":["champ:GutPunch","champ:Parry"],"picked":"champ:FocusedBerserking","floor":12},{"not_picked":["champ:FalseCounter","champ:Shatter","champ:FlashCut"],"picked":"SKIP","floor":13},{"not_picked":["champ:DefensiveStyle","champ:PerfectedStrike","champ:Backstep"],"picked":"SKIP","floor":15},{"not_picked":["champ:LastStand","champ:GladiatorForm"],"picked":"champ:SteelEdge","floor":16},{"not_picked":["champ:EnGarde","champ:FocusedBerserking"],"picked":"champ:BerserkerStyle","floor":19},{"not_picked":["champ:Haymaker","champ:AdrenalArmor","champ:FanOfKnives"],"picked":"SKIP","floor":20},{"not_picked":["champ:BladeFlurry","champ:Shatter","champ:PerfectedStrike+1"],"picked":"SKIP","floor":21},{"not_picked":["champ:CrookedStrike","champ:StanceDance","champ:DefensiveShout+1"],"picked":"SKIP","floor":28}],"player_experience":474226,"relics_obtained":[{"floor":6,"key":"Bronze Scales"},{"floor":7,"key":"Dream Catcher"},{"floor":24,"key":"Pear"},{"floor":25,"key":"Nunchaku"}],"event_choices":[],"is_beta":true,"boss_relics":[{"not_picked":["Tiny House","SlaversCollar"],"picked":"champ:ChampionCrownUpgraded"}],"items_purged_floors":[13],"is_endless":false,"potions_floor_spawned":[2,3,10,11,21],"killed_by":"Gremlin Leader","ascension_level":1}}