{"host":"ELF","time":1611728394,"event":{"mods":["BaseMod","Bestiary","Minty Spire (QoL Compilation)","Relic Stats","Slay the Relics Exporter"],"gold_per_floor":[110,125,144,144,160,189,189,207,207,207,207],"floor_reached":10,"language":"ENG","playtime":675,"items_purged":[],"score":137,"play_id":"9e7edd41-3536-4433-9798-12f217e4f47e","local_time":"20210127001954","is_ascension_mode":true,"campfire_choices":[{"floor":7.0,"key":"REST"}],"circlet_count":0,"master_deck":["AscendersBane","Strike_R","Strike_R","Strike_R","Strike_R","Strike_R","Defend_R","Defend_R","Defend_R","Defend_R","Bash","Injury","Pummel","Shrug It Off","Spot Weakness","Combust","Corruption","Rupture"],"relics":["Burning Blood","Potion Belt","Nunchaku","Bottled Tornado"],"acts_visited":["Exordium"],"potions_floor_usage":[],"damage_taken":[{"damage":3.0,"enemies":"2 Louse","floor":1.0,"turns":4.0},{"damage":12.0,"enemies":"Cultist","floor":2.0,"turns":4.0},{"damage":11.0,"enemies":"Small Slimes","floor":3.0,"turns":6.0},{"damage":13.0,"enemies":"3 Louse","floor":5.0,"turns":5.0},{"damage":64.0,"enemies":"Gremlin Nob","floor":6.0,"turns":5.0},{"damage":46.0,"enemies":"Exordium Wildlife","floor":8.0,"turns":7.0},{"damage":43,"enemies":"Lagavulin","floor":10,"turns":7}],"seed_played":"6466959777196413754","potions_obtained":[{"floor":2.0,"key":"Regen Potion"},{"floor":3.0,"key":"GamblersBrew"},{"floor":8.0,"key":"BloodPotion"}],"is_trial":false,"path_per_floor":["M","M","M","?","M","E","R","M","T","E"],"character_chosen":"IRONCLAD","items_purchased":[],"campfire_rested":1,"item_purchase_floors":[],"current_hp_per_floor":[85,79,74,74,67,9,35,27,27,0,0],"gold":207,"neow_bonus":"TWENTY_PERCENT_HP_BONUS","is_daily":false,"chose_seed":false,"campfire_upgraded":0,"win_rate":0.0,"timestamp":1611728394,"path_taken":["M","M","M","?","M","E","R","?","T","E"],"items_purchased_type":[],"build_version":"2020-12-18","purchased_purges":0,"victory":false,"max_hp_per_floor":[89,89,89,89,89,89,89,89,89,89,89],"relic_stats":{"Nunchaku":[1],"counters":[7,38],"obtain_stats":[{"Potion Belt":4,"Nunchaku":6,"Bottled Tornado":9,"Burning Blood":0},{"Potion Belt":3,"Nunchaku":5,"Bottled Tornado":6,"Burning Blood":0},{"Potion Belt":14,"Nunchaku":24,"Bottled Tornado":31,"Burning Blood":0}],"Burning Blood":36},"card_choices":[{"not_picked":["Iron Wave","Entrench"],"picked":"Pummel","floor":1.0},{"not_picked":["Heavy Blade","Warcry"],"picked":"Shrug It Off","floor":2.0},{"not_picked":["Entrench","Wild Strike"],"picked":"Spot Weakness","floor":3.0},{"not_picked":["Headbutt","Pommel Strike"],"picked":"Combust","floor":5.0},{"not_picked":["Headbutt","Warcry"],"picked":"Corruption","floor":6.0},{"not_picked":["Spot Weakness","Anger"],"picked":"Rupture","floor":8.0}],"player_experience":3324494,"relics_obtained":[{"floor":6.0,"key":"Nunchaku"},{"floor":9.0,"key":"Bottled Tornado"}],"event_choices":[{"damage_healed":0.0,"max_hp_gain":0.0,"max_hp_loss":0.0,"gold_gain":0.0,"event_name":"WeMeetAgain","player_choice":"Gave Potion","floor":4.0,"gold_loss":0.0,"damage_taken":0.0,"relics_obtained":["Potion Belt"]}],"is_beta":true,"boss_relics":[],"items_purged_floors":[],"is_endless":false,"potions_floor_spawned":[2,3,8],"killed_by":"Lagavulin","ascension_level":19}}