{"host":"hrn9sk6g3e0vcjdq","time":1611784138,"event":{"mods":["AchievementEnabler","BaseMod","BetterRewards","Colored Map","Colored Powertips","Hubris","Minty Spire (QoL Compilation)","Quick Restart","StSLib"],"gold_per_floor":[110,60,73,73,73,107,107,127,127,141,173,173,191,206,206,309,309,326,98,112,211,226,253,49,65,65,65,80,80,80,99,99,194,194,209,15,32,2,21,21,21,21,73,83,83,112,132,142,142,142],"floor_reached":51,"language":"ENG","playtime":2143,"items_purged":["Strike_G","Strike_G"],"score":911,"play_id":"e6115234-5d1b-49f6-b903-0e0957952b37","local_time":"20210127214858","is_ascension_mode":false,"campfire_choices":[{"data":"Skewer","floor":7.0,"key":"SMITH"},{"data":"Caltrops","floor":12.0,"key":"SMITH"},{"data":"Survivor","floor":15.0,"key":"SMITH"},{"floor":27.0,"key":"REST"},{"data":"Noxious Fumes","floor":29.0,"key":"SMITH"},{"floor":32.0,"key":"REST"},{"floor":40.0,"key":"REST"},{"data":"Sucker Punch","floor":42.0,"key":"SMITH"},{"data":"Neutralize","floor":45.0,"key":"SMITH"},{"floor":49,"key":"REST"}],"circlet_count":0,"master_deck":["Strike_G","Strike_G+1","Defend_G","Defend_G","Defend_G","Defend_G","Defend_G","Survivor+1","Neutralize+1","Well Laid Plans","Dagger Spray+1","Dodge and Roll","Deadly Poison","Skewer+1","Poisoned Stab","Backstab+1","Caltrops+1","Sucker Punch+1","After Image","Backstab","Noxious Fumes+1","Quick Slash+1","Leg Sweep+1","Malaise+1","Footwork","Blur+1"],"relics":["Ring of the Snake","Oddly Smooth Stone","hubris:CrystalStatue","Eternal Feather","Turnip","SlaversCollar","Bronze Scales","The Courier","Toxic Egg 2","Calipers","Busted Crown","Whetstone","Akabeko","Thread and Needle"],"acts_visited":["Exordium","TheCity","TheBeyond"],"potions_floor_usage":[46,48],"damage_taken":[{"damage":6.0,"enemies":"2 Louse","floor":1.0,"turns":2.0},{"damage":0.0,"enemies":"Small Slimes","floor":3.0,"turns":3.0},{"damage":18.0,"enemies":"3 Sentries","floor":6.0,"turns":9.0},{"damage":0.0,"enemies":"Jaw Worm","floor":8.0,"turns":3.0},{"damage":0.0,"enemies":"Large Slime","floor":10.0,"turns":4.0},{"damage":7.0,"enemies":"Gremlin Nob","floor":11.0,"turns":3.0},{"damage":0.0,"enemies":"2 Fungi Beasts","floor":13.0,"turns":2.0},{"damage":0.0,"enemies":"Lots of Slimes","floor":14.0,"turns":3.0},{"damage":46.0,"enemies":"Slime Boss","floor":16.0,"turns":11.0},{"damage":17.0,"enemies":"2 Thieves","floor":18.0,"turns":4.0},{"damage":0.0,"enemies":"Chosen","floor":20.0,"turns":4.0},{"damage":4.0,"enemies":"Centurion and Healer","floor":22.0,"turns":7.0},{"damage":17.0,"enemies":"Book of Stabbing","floor":23.0,"turns":4.0},{"damage":6.0,"enemies":"Snake Plant","floor":25.0,"turns":3.0},{"damage":18.0,"enemies":"3 Cultists","floor":28.0,"turns":5.0},{"damage":15.0,"enemies":"Snecko","floor":31.0,"turns":6.0},{"damage":36.0,"enemies":"hubris:MusketHawk","floor":33.0,"turns":10.0},{"damage":20.0,"enemies":"3 Darklings","floor":35.0,"turns":4.0},{"damage":2.0,"enemies":"Orb Walker","floor":37.0,"turns":3.0},{"damage":11.0,"enemies":"3 Darklings","floor":39.0,"turns":5.0},{"damage":6.0,"enemies":"Transient","floor":44.0,"turns":5.0},{"damage":45,"enemies":"Giant Head","floor":46,"turns":12},{"damage":13,"enemies":"4 Shapes","floor":47,"turns":3},{"damage":1,"enemies":"Spire Growth","floor":48,"turns":6},{"damage":44,"enemies":"Awakened One","floor":50,"turns":18}],"seed_played":"-4296138614645571506","potions_obtained":[{"floor":1.0,"key":"GamblersBrew"},{"floor":8.0,"key":"EntropicBrew"},{"floor":11.0,"key":"Strength Potion"},{"floor":13.0,"key":"Swift Potion"},{"floor":22.0,"key":"LiquidBronze"},{"floor":25.0,"key":"Block Potion"},{"floor":35.0,"key":"DistilledChaos"},{"floor":39.0,"key":"SkillPotion"},{"floor":46,"key":"Strength Potion"}],"is_trial":false,"path_per_floor":["M","?","M","$","?","E","R","M","T","M","E","R","M","M","R","B",null,"M","$","M","?","M","E","$","M","T","R","M","R","?","M","R","B",null,"M","$","M","$","M","R","?","R","T","M","R","E","M","M","R","B",null],"character_chosen":"THE_SILENT","items_purchased":["Well Laid Plans","Oddly Smooth Stone","Dagger Spray","Bronze Scales","Toxic Egg 2","Whetstone","Footwork"],"campfire_rested":4,"item_purchase_floors":[0,0,0,19,24,36,38],"current_hp_per_floor":[64,64,64,64,64,46,46,46,46,46,39,48,48,48,60,14,70,53,53,53,53,49,32,32,26,26,59,41,53,53,38,70,34,70,50,50,48,48,37,70,70,70,70,64,70,25,12,11,47,3],"gold":142,"neow_bonus":"","is_daily":false,"chose_seed":false,"campfire_upgraded":6,"win_rate":0.0,"timestamp":1611784138,"path_taken":["M","?","M","$","?","E","R","M","T","M","E","R","M","M","R","BOSS","M","$","M","?","M","E","$","M","T","R","M","R","?","M","R","BOSS","M","$","?","$","M","R","?","R","T","?","R","E","M","M","R","BOSS"],"items_purchased_type":["Card","Relic","Card","Relic","Relic","Relic","Card"],"build_version":"2020-12-22","purchased_purges":2,"victory":true,"max_hp_per_floor":[70,70,70,70,70,70,70,70,70,70,70,70,70,70,70,70,70,70,70,70,70,70,70,70,70,70,70,70,70,70,70,70,70,70,70,70,70,70,70,70,70,70,70,70,70,70,70,70,70,70],"card_choices":[{"not_picked":["hubris:SlightOfHand","Dagger Spray"],"picked":"Dodge and Roll","floor":1.0},{"not_picked":["Distraction","Deflect"],"picked":"Deadly Poison","floor":3.0},{"not_picked":["Die Die Die","Dodge and Roll"],"picked":"Skewer","floor":6.0},{"not_picked":["Underhanded Strike","Skewer"],"picked":"Poisoned Stab","floor":8.0},{"not_picked":["Dagger Spray","Concentrate"],"picked":"Backstab","floor":10.0},{"not_picked":["PiercingWail","Expertise"],"picked":"Caltrops","floor":11.0},{"not_picked":["Dagger Spray","Accuracy"],"picked":"Sucker Punch","floor":13.0},{"not_picked":["Underhanded Strike","Dagger Throw","Deflect"],"picked":"SKIP","floor":14.0},{"not_picked":["Tools of the Trade","A Thousand Cuts"],"picked":"After Image","floor":16.0},{"not_picked":["Flying Knee","Deadly Poison"],"picked":"Backstab","floor":18.0},{"not_picked":["Cloak And Dagger","Slice","Dodge and Roll"],"picked":"SKIP","floor":20.0},{"not_picked":["Sucker Punch+1","Prepared"],"picked":"Noxious Fumes","floor":22.0},{"not_picked":["Tactician","hubris:SlightOfHand+1"],"picked":"Quick Slash+1","floor":23.0},{"not_picked":["All Out Attack","Blade Dance+1","Underhanded Strike"],"picked":"SKIP","floor":25.0},{"not_picked":["Cloak And Dagger+1","After Image","Footwork"],"picked":"SKIP","floor":28.0},{"not_picked":["Deflect+1","Dagger Throw","Dodge and Roll+1"],"picked":"SKIP","floor":31.0},{"not_picked":["Glass Knife","Storm of Steel+1"],"picked":"Malaise+1","floor":33.0},{"not_picked":["Bane+1"],"picked":"SKIP","floor":35.0},{"not_picked":["Reflex+1"],"picked":"SKIP","floor":37.0},{"not_picked":["Outmaneuver+1"],"picked":"SKIP","floor":39.0},{"not_picked":["Expertise+1"],"picked":"SKIP","floor":44.0},{"not_picked":["Predator+1"],"picked":"SKIP","floor":46},{"not_picked":["Skewer+1"],"picked":"SKIP","floor":47},{"not_picked":[],"picked":"Blur+1","floor":48}],"player_experience":617693,"relics_obtained":[{"floor":6.0,"key":"hubris:CrystalStatue"},{"floor":9.0,"key":"Eternal Feather"},{"floor":11.0,"key":"Turnip"},{"floor":23.0,"key":"The Courier"},{"floor":26.0,"key":"Calipers"},{"floor":43.0,"key":"Akabeko"},{"floor":46,"key":"Thread and Needle"}],"event_choices":[{"cards_removed":["Strike_G"],"damage_healed":0.0,"max_hp_gain":0.0,"max_hp_loss":0.0,"gold_gain":0.0,"event_name":"The Cleric","player_choice":"Card Removal","floor":2.0,"gold_loss":50.0,"damage_taken":0.0},{"damage_healed":0.0,"max_hp_gain":0.0,"max_hp_loss":0.0,"gold_gain":99.0,"event_name":"Nest","player_choice":"Stole From Cult","floor":21.0,"gold_loss":0.0,"damage_taken":0.0},{"damage_healed":0.0,"max_hp_gain":0.0,"max_hp_loss":0.0,"gold_gain":0.0,"event_name":"The Library","player_choice":"Read","floor":30.0,"gold_loss":0.0,"damage_taken":0.0,"cards_obtained":["Leg Sweep"]},{"damage_healed":0.0,"max_hp_gain":0.0,"max_hp_loss":0.0,"gold_gain":0.0,"event_name":"SecretPortal","player_choice":"Ignored","floor":41.0,"gold_loss":0.0,"damage_taken":0.0}],"is_beta":false,"boss_relics":[{"not_picked":["hubris:HollowSoul","hubris:BlackHole"],"picked":"SlaversCollar"},{"not_picked":["Ring of the Serpent","Coffee Dripper"],"picked":"Busted Crown"}],"items_purged_floors":[19,36],"is_endless":false,"potions_floor_spawned":[1,8,11,13,22,25,35,39,46],"ascension_level":0}}