{"host":"i1628qofebivnuky","time":1611751156,"event":{"mods":["AchievementEnabler","BaseMod","Colored Powertips","Googly Eyes","Minty Spire (QoL Compilation)","StSLib","The Bug Knight"],"gold_per_floor":[114,114,114,148,160,160,176,176,176,176,196,211,211,66,66,66,66],"floor_reached":16,"language":"ENG","playtime":1005,"items_purged":[],"score":92,"play_id":"74d63aa3-2b08-4e1f-a957-13b726ccd147","local_time":"20210127133916","is_ascension_mode":false,"campfire_choices":[{"data":"Transmutation","floor":6,"key":"SMITH"},{"floor":10,"key":"REST"},{"floor":13,"key":"REST"},{"floor":15,"key":"REST"}],"circlet_count":0,"master_deck":["Strike_R","Strike_R","Strike_R","Strike_R","Strike_R","Defend_R","Defend_R","Defend_R","Defend_R","Bash+1","Transmutation+1","Perfected Strike","Anger+1","Cleave","Shrug It Off","Pommel Strike","Demon Form","Blood for Blood","Searing Blow"],"relics":["Burning Blood","Letter Opener","Juzu Bracelet"],"acts_visited":["Exordium"],"potions_floor_usage":[],"damage_taken":[{"damage":8,"enemies":"Jaw Worm","floor":1,"turns":3},{"damage":18,"enemies":"Cultist","floor":4,"turns":6},{"damage":5,"enemies":"Small Slimes","floor":5,"turns":4},{"damage":12,"enemies":"Exordium Thugs","floor":7,"turns":5},{"damage":14,"enemies":"Blue Slaver","floor":11,"turns":4},{"damage":10,"enemies":"Looter","floor":12,"turns":3},{"damage":78,"enemies":"Hexaghost","floor":16,"turns":9}],"seed_played":"-677072814497675412","potions_obtained":[{"floor":7,"key":"Fire Potion"},{"floor":11,"key":"SteroidPotion"}],"is_trial":false,"path_per_floor":["M","?","?","M","M","R","M","?","T","R","M","M","R","$","R","B"],"character_chosen":"IRONCLAD","items_purchased":["Blood for Blood","Searing Blow"],"campfire_rested":3,"item_purchase_floors":[14,14],"current_hp_per_floor":[54,51,51,39,40,40,34,18,18,42,34,30,54,54,78,0,0],"gold":66,"neow_bonus":"RANDOM_COLORLESS_2","is_daily":false,"chose_seed":false,"campfire_upgraded":1,"win_rate":0.0,"timestamp":1611751156,"path_taken":["M","?","?","M","M","R","?","?","T","R","M","M","R","?","R","BOSS"],"items_purchased_type":["Card","Card"],"build_version":"2020-12-22","purchased_purges":0,"victory":false,"max_hp_per_floor":[80,80,80,80,80,80,80,80,80,80,80,80,80,80,80,80,80],"card_choices":[{"not_picked":["Secret Weapon","Master of Strategy"],"picked":"Transmutation","floor":0},{"not_picked":["Headbutt","Twin Strike"],"picked":"Perfected Strike","floor":1},{"not_picked":["Disarm","Shrug It Off"],"picked":"Anger","floor":4},{"not_picked":["Headbutt","Wild Strike"],"picked":"Cleave","floor":5},{"not_picked":["Combust","Second Wind"],"picked":"Shrug It Off","floor":7},{"not_picked":["True Grit","Headbutt"],"picked":"Pommel Strike","floor":11},{"not_picked":["Sword Boomerang","Body Slam"],"picked":"Demon Form","floor":12}],"player_experience":89601,"relics_obtained":[{"floor":9,"key":"Juzu Bracelet"}],"event_choices":[{"damage_healed":0,"gold_gain":0,"player_choice":"Success","damage_taken":3,"relics_obtained":["Letter Opener"],"max_hp_gain":0,"max_hp_loss":0,"event_name":"Scrap Ooze","floor":2,"gold_loss":0},{"damage_healed":0,"gold_gain":0,"player_choice":"0 cards matched","damage_taken":0,"max_hp_gain":0,"max_hp_loss":0,"event_name":"Match and Keep!","floor":3,"gold_loss":0,"cards_obtained":[]},{"damage_healed":0,"gold_gain":0,"player_choice":"Entered Light","damage_taken":16,"max_hp_gain":0,"max_hp_loss":0,"event_name":"Shining Light","floor":8,"gold_loss":0,"cards_upgraded":["Bash","Anger"]}],"is_beta":false,"boss_relics":[],"items_purged_floors":[],"is_endless":false,"potions_floor_spawned":[7,11],"killed_by":"Hexaghost","ascension_level":0}}