{"host":"vyjryxuuuxkt43k4","time":1611708049,"event":{"mods":["AchievementEnabler","BaseMod","Colored Map","DeckTracker","Keyboard Shortcuts","Minty Spire (QoL Compilation)","Permanent Neow","Quick Restart","Rare Cards Sparkle","StSLib","SuperFastMode","everything is the same but u backflip on backflip"],"gold_per_floor":[368,35,48,58,70,70,98,98,98,128,128,140,140,65,65,142,142,152,152,169,15,15,15],"floor_reached":22,"language":"KOR","playtime":553,"items_purged":["Writhe"],"score":388,"play_id":"b5d1169f-8723-4027-a8cc-3c088b80fe52","local_time":"20210127094049","is_ascension_mode":true,"campfire_choices":[{"data":"Sword Boomerang","floor":6.0,"key":"SMITH"},{"data":"Uppercut","floor":11.0,"key":"SMITH"},{"data":"Barricade","floor":13.0,"key":"SMITH"},{"data":"Spot Weakness","floor":15.0,"key":"SMITH"}],"circlet_count":0,"master_deck":["AscendersBane","Strike_R","Strike_R","Strike_R","Strike_R","Defend_R","Defend_R","Defend_R","Defend_R","Bash","Uppercut+1","Sword Boomerang+1","Fire Breathing","Spot Weakness+1","Barricade+1","Offering","Rupture"],"relics":["Burning Blood","Torii","Blood Vial","Boot","Eternal Feather","Philosopher\u0027s Stone","Matryoshka"],"acts_visited":["Exordium","TheCity"],"potions_floor_usage":[20,22],"damage_taken":[{"damage":9.0,"enemies":"Jaw Worm","floor":1.0,"turns":5.0},{"damage":7.0,"enemies":"2 Louse","floor":3.0,"turns":4.0},{"damage":10.0,"enemies":"Small Slimes","floor":4.0,"turns":3.0},{"damage":21.0,"enemies":"3 Louse","floor":5.0,"turns":4.0},{"damage":30.0,"enemies":"Lagavulin","floor":7.0,"turns":6.0},{"damage":34.0,"enemies":"Gremlin Nob","floor":10.0,"turns":4.0},{"damage":15.0,"enemies":"Red Slaver","floor":12.0,"turns":3.0},{"damage":26.0,"enemies":"Hexaghost","floor":16.0,"turns":8.0},{"damage":30.0,"enemies":"3 Byrds","floor":18.0,"turns":5.0},{"damage":32,"enemies":"Spheric Guardian","floor":20,"turns":5},{"damage":18,"enemies":"Snake Plant","floor":22,"turns":1}],"seed_played":"2448000107391415472","potions_obtained":[{"floor":1.0,"key":"GamblersBrew"},{"floor":4.0,"key":"BlessingOfTheForge"},{"floor":10.0,"key":"ElixirPotion"},{"floor":12.0,"key":"EssenceOfSteel"},{"floor":16.0,"key":"Strength Potion"}],"is_trial":false,"path_per_floor":["M","$","M","M","M","R","E","?","T","E","R","M","R","?","R","B",null,"M","?","M","$","M"],"character_chosen":"IRONCLAD","items_purchased":["Torii","EssenceOfSteel"],"campfire_rested":0,"item_purchase_floors":[2,21],"current_hp_per_floor":[65,65,64,60,45,45,21,43,43,17,26,19,28,28,37,19,56,34,34,10,10,0,0],"gold":15,"neow_bonus":"TWO_FIFTY_GOLD","is_daily":false,"chose_seed":false,"campfire_upgraded":4,"win_rate":0.0,"timestamp":1611708049,"path_taken":["M","$","M","M","M","R","E","?","T","E","R","M","R","?","R","BOSS","M","?","M","$","M"],"items_purchased_type":["Relic","Potion"],"build_version":"2020-12-22","purchased_purges":1,"victory":false,"max_hp_per_floor":[68,68,68,68,68,68,68,68,68,68,68,68,68,68,68,68,68,68,68,68,68,68,68],"card_choices":[{"not_picked":["Dual Wield","Combust"],"picked":"Uppercut","floor":1.0},{"not_picked":["Headbutt","Iron Wave"],"picked":"Sword Boomerang","floor":3.0},{"not_picked":["Whirlwind","Clothesline"],"picked":"Fire Breathing","floor":4.0},{"not_picked":["True Grit","Wild Strike","Warcry"],"picked":"SKIP","floor":5.0},{"not_picked":["Twin Strike","Ghostly Armor"],"picked":"Spot Weakness","floor":7.0},{"not_picked":["True Grit","Clash"],"picked":"Barricade","floor":10.0},{"not_picked":["Searing Blow","Twin Strike","Wild Strike"],"picked":"SKIP","floor":12.0},{"not_picked":["Exhume","Bludgeon"],"picked":"Offering","floor":16.0},{"not_picked":["Searing Blow","Warcry"],"picked":"Rupture","floor":18.0},{"not_picked":["Armaments","Clothesline","Cleave"],"picked":"SKIP","floor":20}],"player_experience":388196,"relics_obtained":[{"floor":7.0,"key":"Blood Vial"},{"floor":9.0,"key":"Boot"},{"floor":10.0,"key":"Eternal Feather"}],"event_choices":[{"damage_healed":22.0,"max_hp_gain":0.0,"max_hp_loss":0.0,"gold_gain":0.0,"event_name":"Big Fish","player_choice":"Banana","floor":8.0,"gold_loss":0.0,"damage_taken":0.0},{"cards_removed":["Strike_R"],"damage_healed":0.0,"max_hp_gain":0.0,"max_hp_loss":0.0,"gold_gain":0.0,"event_name":"The Cleric","player_choice":"Card Removal","floor":14.0,"gold_loss":75.0,"damage_taken":0.0},{"damage_healed":0.0,"max_hp_gain":0.0,"max_hp_loss":0.0,"gold_gain":0.0,"event_name":"The Mausoleum","player_choice":"Opened","floor":19.0,"gold_loss":0.0,"damage_taken":0.0,"relics_obtained":["Matryoshka"],"cards_obtained":["Writhe"]}],"is_beta":false,"boss_relics":[{"not_picked":["Tiny House","Busted Crown"],"picked":"Philosopher\u0027s Stone"}],"items_purged_floors":[21],"is_endless":false,"potions_floor_spawned":[1,4,10,12,16],"killed_by":"Snake Plant","ascension_level":20}}