{"host":"cjhtzh7tp54jdfyv","time":1611739551,"event":{"mods":["AchievementEnabler","BaseMod","Colored Map","Colored Powertips","Curses Come First","DeckTracker","Minty Spire (QoL Compilation)","RNG Fix","Relic Sorter","Relic Stats","StSLib","UnlockEverythingMod","ojb\u0027s Better Paths Mod","ojb\u0027s Info Mod"],"gold_per_floor":[117,134,134,153,153,191,222,240,290,227,502,515,515,546,546,637,637,656,261,261,261,261,261,285,326,326,326,344,344,344],"floor_reached":29,"language":"ENG","playtime":2483,"items_purged":["Strike_G"],"score":552,"play_id":"a75f0bc4-a45f-4323-ab53-d3516324b532","local_time":"20210127042551","is_ascension_mode":true,"campfire_choices":[{"floor":13,"key":"REST"},{"data":"Corpse Explosion","floor":15,"key":"SMITH"},{"data":"Neutralize","floor":23,"key":"SMITH"}],"circlet_count":0,"master_deck":["AscendersBane","Strike_G","Strike_G","Strike_G+1","Strike_G","Defend_G","Defend_G","Defend_G","Defend_G","Survivor","Neutralize+1","Backstab","Dagger Throw+1","Dagger Throw","Blade Dance","Dagger Spray","Corpse Explosion+1","Underhanded Strike","Calculated Gamble","Tools of the Trade","Backflip","Acrobatics","Backstab+1","Malaise+1","Deflect+1"],"relics":["Ring of the Snake","Golden Idol","Juzu Bracelet","Odd Mushroom","Omamori","Coffee Dripper","Kunai","Nloth\u0027s Gift","Question Card","Toxic Egg 2","Ornamental Fan"],"acts_visited":["Exordium","TheCity"],"potions_floor_usage":[6,16,25,25],"damage_taken":[{"damage":3,"enemies":"Small Slimes","floor":1,"turns":4},{"damage":0,"enemies":"Jaw Worm","floor":2,"turns":4},{"damage":0,"enemies":"Cultist","floor":4,"turns":2},{"damage":12,"enemies":"Lagavulin","floor":6,"turns":5},{"damage":4,"enemies":"The Mushroom Lair","floor":7,"turns":4},{"damage":0,"enemies":"Looter","floor":8,"turns":2},{"damage":0,"enemies":"Blue Slaver","floor":12,"turns":3},{"damage":5,"enemies":"3 Sentries","floor":14,"turns":2},{"damage":39,"enemies":"Hexaghost","floor":16,"turns":9},{"damage":22,"enemies":"Shell Parasite","floor":18,"turns":3},{"damage":10,"enemies":"2 Thieves","floor":24,"turns":2},{"damage":1,"enemies":"Slavers","floor":25,"turns":2},{"damage":10,"enemies":"Chosen and Byrds","floor":28,"turns":4},{"damage":10,"enemies":"Snake Plant","floor":29,"turns":4}],"seed_played":"-2953323756690309594","potions_obtained":[{"floor":2,"key":"Energy Potion"},{"floor":4,"key":"AttackPotion"},{"floor":16,"key":"Strength Potion"},{"floor":18,"key":"Energy Potion"},{"floor":28,"key":"SteroidPotion"}],"is_trial":false,"path_per_floor":["M","M","?","M","?","E","?","M","T","?","?","M","R","E","R","B",null,"M","$","?","?","?","R","M","E","T","T","M","M"],"character_chosen":"THE_SILENT","items_purchased":["Kunai","Acrobatics"],"campfire_rested":1,"item_purchase_floors":[19,19],"current_hp_per_floor":[56,56,56,56,38,26,22,22,22,22,22,22,40,42,42,3,51,29,29,29,29,29,29,19,18,18,18,8,0,0],"gold":344,"neow_bonus":"TRANSFORM_CARD","is_daily":false,"chose_seed":false,"campfire_upgraded":2,"win_rate":0.0,"timestamp":1611739551,"path_taken":["M","M","?","M","?","E","?","M","T","?","?","M","R","E","R","BOSS","M","$","?","?","?","R","M","E","T","?","M","M"],"items_purchased_type":["Relic","Card"],"build_version":"2020-12-22","purchased_purges":1,"victory":false,"max_hp_per_floor":[66,66,60,60,60,60,60,60,60,60,60,60,60,67,67,67,67,67,67,67,67,67,67,67,67,67,67,67,67,67],"relic_stats":{"counters":[14,50],"Golden Idol":70,"Ornamental Fan":[20],"Juzu Bracelet":4,"Nloth\u0027s Gift":1,"Kunai":[9],"Question Card":3,"obtain_stats":[{"Golden Idol":3,"Ornamental Fan":27,"Strawberry":14,"Juzu Bracelet":6,"Omamori":9,"Coffee Dripper":17,"Nloth\u0027s Gift":20,"Kunai":19,"Odd Mushroom":7,"Toxic Egg 2":25,"Question Card":22,"Ring of the Snake":0},{"Golden Idol":2,"Ornamental Fan":12,"Strawberry":8,"Juzu Bracelet":4,"Omamori":6,"Coffee Dripper":9,"Nloth\u0027s Gift":10,"Kunai":10,"Odd Mushroom":5,"Toxic Egg 2":12,"Question Card":10,"Ring of the Snake":0},{"Golden Idol":8,"Ornamental Fan":42,"Strawberry":26,"Juzu Bracelet":15,"Omamori":21,"Coffee Dripper":35,"Nloth\u0027s Gift":38,"Kunai":38,"Odd Mushroom":19,"Toxic Egg 2":42,"Question Card":38,"Ring of the Snake":0}],"Ring of the Snake":[28]},"card_choices":[{"not_picked":["Catalyst","All Out Attack"],"picked":"Dagger Throw","floor":1},{"not_picked":["Deflect","Flying Knee"],"picked":"Dagger Throw","floor":2},{"not_picked":["Accuracy","Deflect","Quick Slash"],"picked":"SKIP","floor":4},{"not_picked":["Caltrops","Leg Sweep"],"picked":"Blade Dance","floor":6},{"not_picked":["PiercingWail","Deadly Poison"],"picked":"Dagger Spray","floor":7},{"not_picked":["PiercingWail","Bane"],"picked":"Corpse Explosion","floor":8},{"not_picked":["Accuracy","Outmaneuver"],"picked":"Underhanded Strike","floor":12},{"not_picked":["Slice","Dodge and Roll"],"picked":"Calculated Gamble","floor":14},{"not_picked":["Unload","A Thousand Cuts"],"picked":"Tools of the Trade","floor":16},{"not_picked":["Slice","Noxious Fumes"],"picked":"Backflip","floor":18},{"not_picked":["Masterful Stab","Infinite Blades","Riddle With Holes"],"picked":"Backstab+1","floor":24},{"not_picked":["Night Terror+1","Escape Plan+1","Crippling Poison+1"],"picked":"Malaise+1","floor":25},{"not_picked":["Outmaneuver+1","Dash","Skewer"],"picked":"Deflect+1","floor":28}],"player_experience":4546365,"relics_obtained":[{"floor":6,"key":"Juzu Bracelet"},{"floor":7,"key":"Odd Mushroom"},{"floor":9,"key":"Omamori"},{"floor":14,"key":"Strawberry"},{"floor":25,"key":"Toxic Egg 2"},{"floor":27,"key":"Ornamental Fan"}],"event_choices":[{"damage_healed":0,"gold_gain":0,"player_choice":"Lose Max HP","damage_taken":0,"relics_obtained":["Golden Idol"],"max_hp_gain":0,"max_hp_loss":6,"event_name":"Golden Idol","floor":3,"gold_loss":0},{"damage_healed":0,"gold_gain":0,"player_choice":"Entered Light","damage_taken":18,"max_hp_gain":0,"max_hp_loss":0,"event_name":"Shining Light","floor":5,"gold_loss":0,"cards_upgraded":["Dagger Throw","Strike_G"]},{"damage_healed":0,"gold_gain":0,"player_choice":"Fought Mushrooms","damage_taken":0,"max_hp_gain":0,"max_hp_loss":0,"event_name":"Mushrooms","floor":7,"gold_loss":0},{"damage_healed":0,"gold_gain":0,"player_choice":"Left Gold","damage_taken":0,"max_hp_gain":0,"max_hp_loss":0,"event_name":"World of Goop","floor":10,"gold_loss":63},{"damage_healed":0,"gold_gain":275,"player_choice":"Desecrate","damage_taken":0,"max_hp_gain":0,"max_hp_loss":0,"event_name":"Golden Shrine","floor":11,"gold_loss":0,"cards_obtained":["Regret"]},{"damage_healed":0,"gold_gain":0,"player_choice":"Traded Relic","damage_taken":0,"relics_obtained":["Nloth\u0027s Gift"],"max_hp_gain":0,"max_hp_loss":0,"event_name":"N\u0027loth","floor":20,"relics_lost":["Strawberry"],"gold_loss":0},{"damage_healed":0,"gold_gain":0,"player_choice":"Ignored","damage_taken":0,"max_hp_gain":0,"max_hp_loss":0,"event_name":"Cursed Tome","floor":21,"gold_loss":0},{"damage_healed":0,"gold_gain":0,"player_choice":"Stole Relic","damage_taken":0,"relics_obtained":["Question Card"],"max_hp_gain":0,"max_hp_loss":0,"event_name":"Addict","floor":22,"gold_loss":0,"cards_obtained":["Shame"]}],"is_beta":false,"boss_relics":[{"not_picked":["Busted Crown","Calling Bell"],"picked":"Coffee Dripper"}],"items_purged_floors":[19],"is_endless":false,"potions_floor_spawned":[2,4,16,18,28],"killed_by":"Snake Plant","ascension_level":20}}