{"host":"0ueeacaatm8t6jyh","time":1611772504,"event":{"mods":["AchievementEnabler","BaseMod","Colored Powertips","Minty Spire (QoL Compilation)","Quick Restart","Rare Cards Sparkle","Shop Mod","StSLib"],"gold_per_floor":[113,132,35,50,66,92,92,109,109,109,59,59,69,97,113,113,186,186,196,208,208,227,253,253,353,371,450,466,494,505,530,547,547,619,619,630,655,249,260,135,169,169,202,202,228,228,228,228,228,228,228],"floor_reached":52,"language":"ZHS","playtime":1715,"items_purged":["Defend_P","Defend_P","Defend_P"],"score":1617,"play_id":"70f6ed9d-202d-4826-897b-b3fe28e135f3","local_time":"20210128023504","is_ascension_mode":true,"campfire_choices":[{"data":"Eruption","floor":7.0,"key":"SMITH"},{"data":"Adaptation","floor":16.0,"key":"SMITH"},{"data":"Vault","floor":24.0,"key":"SMITH"},{"data":"TalkToTheHand","floor":33.0,"key":"SMITH"},{"data":"Fasting2","floor":42.0,"key":"SMITH"},{"data":"Strike_P+1","floor":46.0,"key":"PURGE"},{"data":"Apotheosis","floor":50.0,"key":"SMITH"}],"circlet_count":0,"master_deck":["AscendersBane","Strike_P+1","Defend_P","Eruption+1","BowlingBash","EmptyMind","Wallop","DevaForm","Meditate","TalkToTheHand+1","Adaptation+1","Vault+1","FearNoEvil","Conclude","Indignation","Scrawl","Fasting2+1","DeusExMachina","InnerPeace+1","Madness","Madness","Apotheosis+1"],"relics":["PureWater","NeowsBlessing","CloakClasp","Blue Candle","Whetstone","Omamori","Du-Vu Doll","Coffee Dripper","Red Mask","Gremlin Horn","Juzu Bracelet","Anchor","Snecko Eye","Peace Pipe","MealTicket","TheAbacus","Ornamental Fan","Nunchaku","Regal Pillow","FossilizedHelix"],"acts_visited":["Exordium","TheCity","TheBeyond"],"potions_floor_usage":[51],"damage_taken":[{"damage":0.0,"enemies":"Cultist","floor":1.0,"turns":1.0},{"damage":0.0,"enemies":"Jaw Worm","floor":2.0,"turns":1.0},{"damage":0.0,"enemies":"Small Slimes","floor":4.0,"turns":1.0},{"damage":2.0,"enemies":"3 Louse","floor":5.0,"turns":3.0},{"damage":16.0,"enemies":"3 Sentries","floor":6.0,"turns":5.0},{"damage":0.0,"enemies":"Red Slaver","floor":8.0,"turns":2.0},{"damage":5.0,"enemies":"Exordium Wildlife","floor":13.0,"turns":4.0},{"damage":0.0,"enemies":"Gremlin Nob","floor":14.0,"turns":3.0},{"damage":0.0,"enemies":"Blue Slaver","floor":15.0,"turns":3.0},{"damage":3.0,"enemies":"Slime Boss","floor":17.0,"turns":7.0},{"damage":0.0,"enemies":"3 Byrds","floor":19.0,"turns":4.0},{"damage":0.0,"enemies":"Chosen","floor":20.0,"turns":3.0},{"damage":25.0,"enemies":"Sentry and Sphere","floor":22.0,"turns":4.0},{"damage":0.0,"enemies":"Masked Bandits","floor":23.0,"turns":4.0},{"damage":7.0,"enemies":"Snake Plant","floor":26.0,"turns":4.0},{"damage":22.0,"enemies":"Chosen and Byrds","floor":28.0,"turns":5.0},{"damage":0.0,"enemies":"Book of Stabbing","floor":29.0,"turns":4.0},{"damage":0.0,"enemies":"Snecko","floor":30.0,"turns":4.0},{"damage":0.0,"enemies":"Snake Plant","floor":32.0,"turns":3.0},{"damage":0.0,"enemies":"Champ","floor":34.0,"turns":7.0},{"damage":0.0,"enemies":"3 Shapes","floor":36.0,"turns":3.0},{"damage":0.0,"enemies":"Mind Bloom Boss Battle","floor":37.0,"turns":4.0},{"damage":1.0,"enemies":"3 Darklings","floor":39.0,"turns":4.0},{"damage":15.0,"enemies":"Nemesis","floor":41.0,"turns":4.0},{"damage":1.0,"enemies":"Giant Head","floor":43.0,"turns":4.0},{"damage":0.0,"enemies":"Reptomancer","floor":45.0,"turns":3.0},{"damage":0,"enemies":"Awakened One","floor":51,"turns":5}],"seed_played":"1096470375414851475","potions_obtained":[{"floor":5.0,"key":"Fire Potion"},{"floor":6.0,"key":"DistilledChaos"},{"floor":13.0,"key":"BlessingOfTheForge"},{"floor":20.0,"key":"Ancient Potion"},{"floor":26.0,"key":"Strength Potion"},{"floor":30.0,"key":"EssenceOfSteel"},{"floor":32.0,"key":"EntropicBrew"},{"floor":37.0,"key":"Block Potion"},{"floor":39.0,"key":"Dexterity Potion"}],"is_trial":false,"path_per_floor":["M","M","$","M","M","E","R","M","T","T","?","?","M","E","M","R","B",null,"M","M","?","M","?","R","?","M","T","M","E","M","T","M","R","B",null,"M","?","$","M","$","E","R","E","T","E","R","?","?","?","R","B",null],"character_chosen":"WATCHER","items_purchased":["FollowUp","MealTicket","TheAbacus"],"campfire_rested":0,"item_purchase_floors":[3,38,38],"current_hp_per_floor":[61,61,61,61,59,43,43,43,43,43,43,36,31,31,31,31,28,58,58,58,58,33,33,33,33,26,26,4,4,4,4,4,4,4,52,52,52,52,51,66,51,51,50,50,50,50,41,41,41,41,41],"gold":228,"neow_bonus":"THREE_ENEMY_KILL","is_daily":false,"chose_seed":false,"campfire_upgraded":6,"win_rate":0.0,"timestamp":1611772504,"path_taken":["M","M","$","?","?","E","R","M","T","T","?","?","M","E","M","R","BOSS","M","M","?","M","?","R","?","?","T","M","E","M","?","M","R","BOSS","M","?","$","M","$","E","R","E","T","E","R","?","?","?","R","BOSS"],"items_purchased_type":["Card","Relic","Relic"],"build_version":"2020-12-22","purchased_purges":3,"victory":true,"max_hp_per_floor":[68,68,68,68,68,68,68,68,68,68,68,68,68,68,68,68,68,68,68,68,68,68,68,68,68,68,68,68,68,68,68,68,68,68,68,68,68,68,68,68,68,68,68,68,68,68,68,68,68,68,68],"card_choices":[{"not_picked":["CrushJoints","CutThroughFate"],"picked":"BowlingBash","floor":1.0},{"not_picked":["FlurryOfBlows","ClearTheMind"],"picked":"EmptyMind","floor":2.0},{"not_picked":["Consecrate","EmptyFist"],"picked":"Wallop","floor":4.0},{"not_picked":["ClearTheMind","CrushJoints","LikeWater"],"picked":"SKIP","floor":5.0},{"not_picked":["Sanctity","SashWhip","FlyingSleeves"],"picked":"SKIP","floor":6.0},{"not_picked":["JustLucky","Crescendo"],"picked":"DevaForm","floor":8.0},{"not_picked":["EmptyFist","Prostrate"],"picked":"Meditate","floor":13.0},{"not_picked":["Study","ThirdEye"],"picked":"TalkToTheHand","floor":14.0},{"not_picked":["Wallop","DeceiveReality"],"picked":"Adaptation","floor":15.0},{"not_picked":["Devotion","Alpha"],"picked":"Vault","floor":17.0},{"not_picked":["Vengeance","CutThroughFate","Evaluate"],"picked":"SKIP","floor":19.0},{"not_picked":["Consecrate","BowlingBash","Pray"],"picked":"SKIP","floor":20.0},{"not_picked":["Study+1","PathToVictory","Evaluate"],"picked":"SKIP","floor":22.0},{"not_picked":["Weave","JustLucky"],"picked":"Indignation","floor":26.0},{"not_picked":["FlyingSleeves","SashWhip","ClearTheMind"],"picked":"SKIP","floor":28.0},{"not_picked":["Halt","Consecrate","Indignation"],"picked":"SKIP","floor":29.0},{"not_picked":["FearNoEvil","Judgement","Prostrate"],"picked":"SKIP","floor":30.0},{"not_picked":["Wireheading","Prostrate","FollowUp"],"picked":"SKIP","floor":32.0},{"not_picked":["Judgement","DevaForm"],"picked":"Scrawl","floor":34.0},{"not_picked":["PathToVictory","EmptyFist"],"picked":"Fasting2","floor":36.0},{"not_picked":["Consecrate","Protect+1","Pray"],"picked":"SKIP","floor":39.0},{"not_picked":["Study+1","Sanctity+1"],"picked":"DeusExMachina","floor":41.0},{"not_picked":["EmptyMind","Devotion"],"picked":"InnerPeace+1","floor":43.0},{"not_picked":["CutThroughFate+1","Meditate","Consecrate+1"],"picked":"SKIP","floor":45.0},{"not_picked":["Swift Strike","Finesse"],"picked":"Apotheosis","floor":48.0}],"player_experience":478072,"relics_obtained":[{"floor":6.0,"key":"CloakClasp"},{"floor":9.0,"key":"Blue Candle"},{"floor":10.0,"key":"Whetstone"},{"floor":14.0,"key":"Du-Vu Doll"},{"floor":23.0,"key":"Red Mask"},{"floor":27.0,"key":"Gremlin Horn"},{"floor":29.0,"key":"Juzu Bracelet"},{"floor":31.0,"key":"Anchor"},{"floor":37.0,"key":"Peace Pipe"},{"floor":41.0,"key":"Ornamental Fan"},{"floor":43.0,"key":"Nunchaku"},{"floor":44.0,"key":"Regal Pillow"},{"floor":45.0,"key":"FossilizedHelix"}],"event_choices":[{"cards_removed":["Strike_P"],"damage_healed":0.0,"max_hp_gain":0.0,"max_hp_loss":0.0,"gold_gain":0.0,"event_name":"The Cleric","player_choice":"Card Removal","floor":11.0,"gold_loss":50.0,"damage_taken":0.0},{"damage_healed":0.0,"max_hp_gain":0.0,"max_hp_loss":0.0,"gold_gain":0.0,"event_name":"Scrap Ooze","player_choice":"Success","floor":12.0,"gold_loss":0.0,"damage_taken":7.0,"relics_obtained":["Omamori"]},{"damage_healed":0.0,"max_hp_gain":0.0,"max_hp_loss":0.0,"gold_gain":0.0,"cards_transformed":["Strike_P","FollowUp"],"event_name":"Drug Dealer","player_choice":"Became Test Subject","floor":21.0,"gold_loss":0.0,"damage_taken":0.0,"cards_obtained":["FearNoEvil","Conclude"]},{"damage_healed":0.0,"max_hp_gain":0.0,"max_hp_loss":0.0,"gold_gain":0.0,"event_name":"Masked Bandits","player_choice":"Fought Bandits","floor":23.0,"gold_loss":0.0,"damage_taken":0.0},{"damage_healed":0.0,"max_hp_gain":0.0,"max_hp_loss":0.0,"gold_gain":100.0,"event_name":"Golden Shrine","player_choice":"Pray","floor":25.0,"gold_loss":0.0,"damage_taken":0.0},{"damage_healed":0.0,"max_hp_gain":0.0,"max_hp_loss":0.0,"gold_gain":0.0,"event_name":"MindBloom","player_choice":"Fight","floor":37.0,"gold_loss":0.0,"damage_taken":0.0},{"damage_healed":0.0,"max_hp_gain":0.0,"max_hp_loss":0.0,"gold_gain":0.0,"event_name":"Winding Halls","player_choice":"Embrace Madness","floor":47.0,"gold_loss":0.0,"damage_taken":9.0,"cards_obtained":["Madness","Madness"]},{"damage_healed":0.0,"max_hp_gain":0.0,"max_hp_loss":0.0,"gold_gain":0.0,"event_name":"SensoryStone","player_choice":"Memory 1","floor":48.0,"gold_loss":0.0,"damage_taken":0.0},{"cards_removed":["Vigilance"],"damage_healed":0.0,"max_hp_gain":0.0,"max_hp_loss":0.0,"gold_gain":0.0,"event_name":"Falling","player_choice":"Removed Skill","floor":49.0,"gold_loss":0.0,"damage_taken":0.0}],"is_beta":false,"boss_relics":[{"not_picked":["Fusion Hammer","Philosopher\u0027s Stone"],"picked":"Coffee Dripper"},{"not_picked":["Cursed Key","Velvet Choker"],"picked":"Snecko Eye"}],"items_purged_floors":[3,38,40],"is_endless":false,"potions_floor_spawned":[5,6,13,14,20,22,26,30,32,37,39],"ascension_level":14}}