{"host":"y7357sx8ps3jkgoj","time":1611728522,"event":{"mods":["BaseMod","Downfall","Friendly Minions","Minty Spire (QoL Compilation)","Permanent Neow","Relic Stats","Shop Mod","StSLib","The Animator","The Bladedancer","The Bug Knight","The Exalted","The Forsaken","The Mystic","The Necromancer","The Poker Player","The Runesmith","Uncapped","Unceasing Turn Reminder"],"gold_per_floor":[199,209,209,309,409,409,409,309,320,393,406,406,418,451,464,464,464,464],"floor_reached":16,"language":"ENG","playtime":1047,"items_purged":[],"score":100,"play_id":"f0fb3f59-3f4d-4231-85d3-aca6555699fb","local_time":"20210127002202","is_ascension_mode":false,"campfire_choices":[{"data":"champ:Taunt","floor":1,"key":"SMITH"},{"floor":8,"key":"REST"},{"data":"champ:StanceDance","floor":12,"key":"SMITH"}],"circlet_count":0,"master_deck":["champ:Strike","champ:Strike","champ:Strike","champ:Defend","champ:Defend","champ:Defend","champ:Execute","champ:Taunt+1","champ:GladiatorStyle+1","champ:GutPunch","champ:FancyFootwork","champ:StanceDance+1","champ:EnragedBash","champ:ShieldSlam"],"relics":["champ:ChampionCrown","champ:LiftRelic","downfall:BrokenWingStatue","downfall:HeartBlessingBlue","HollowMod:StagPassRelic","Bag of Preparation"],"acts_visited":["Exordium"],"potions_floor_usage":[16,16],"damage_taken":[{"damage":10,"enemies":"2 Louse","floor":2,"turns":3},{"damage":77,"enemies":"downfall:Heads","floor":5,"turns":6},{"damage":13,"enemies":"Jaw Worm","floor":9,"turns":3},{"damage":10,"enemies":"Small Slimes","floor":11,"turns":2},{"damage":41,"enemies":"Exordium Wildlife","floor":13,"turns":3},{"damage":28,"enemies":"Lagavulin","floor":14,"turns":6},{"damage":30,"enemies":"Exordium Thugs","floor":15,"turns":3},{"damage":68,"enemies":"DF_ARCHETYPE_STREAMLINE","floor":16,"turns":6}],"seed_played":"3167068602215978452","potions_obtained":[{"floor":2,"key":"SpeedPotion"},{"floor":9,"key":"Explosive Potion"}],"is_trial":false,"path_per_floor":["R","M","?","?","?","?","T","R","M","T","M","R","M","E","M","B"],"character_chosen":"THE_CHAMP","items_purchased":[],"campfire_rested":1,"item_purchase_floors":[],"current_hp_per_floor":[90,90,90,90,33,33,33,73,70,70,70,70,54,46,36,0,0,0],"gold":464,"neow_bonus":"HUNDRED_GOLD","is_daily":false,"chose_seed":false,"campfire_upgraded":2,"win_rate":0.0,"timestamp":1611728522,"path_taken":["R","M","?","?","?","?","T","R","M","?","M","R","?","E","M","BOSS"],"items_purchased_type":[],"build_version":"2020-12-22","purchased_purges":0,"victory":false,"max_hp_per_floor":[90,90,90,90,90,90,90,100,100,100,100,100,100,100,100,100,100,100],"relic_stats":{"counters":[8,32],"Bag of Preparation":[4],"obtain_stats":[{"downfall:BrokenWingStatue":6,"downfall:HeartBlessingBlue":8,"champ:LiftRelic":3,"champ:ChampionCrown":0,"Bag of Preparation":14,"HollowMod:StagPassRelic":10},{"downfall:BrokenWingStatue":2,"downfall:HeartBlessingBlue":2,"champ:LiftRelic":1,"champ:ChampionCrown":0,"Bag of Preparation":6,"HollowMod:StagPassRelic":3},{"downfall:BrokenWingStatue":9,"downfall:HeartBlessingBlue":9,"champ:LiftRelic":3,"champ:ChampionCrown":0,"Bag of Preparation":23,"HollowMod:StagPassRelic":12}]},"card_choices":[{"not_picked":["champ:Circumvent","champ:BringItOn"],"picked":"champ:GladiatorStyle","floor":2},{"not_picked":["champ:FalseCounter","champ:DancingMaster"],"picked":"champ:GutPunch","floor":5},{"not_picked":["champ:CalledShot","champ:Parry"],"picked":"champ:StanceDance","floor":9},{"not_picked":["champ:BladeFlurry","champ:CrownThrow"],"picked":"champ:EnragedBash","floor":11},{"not_picked":["champ:CrookedStrike","champ:RecklessLeap"],"picked":"champ:ShieldSlam","floor":13},{"not_picked":["champ:GladiatorStyle","champ:TornadoPunch","champ:BladeFlurry"],"picked":"SKIP","floor":14},{"not_picked":["champ:PerfectedStrike","champ:DefensiveShout","champ:HeartStrike"],"picked":"SKIP","floor":15}],"player_experience":418026,"relics_obtained":[{"floor":10,"key":"HollowMod:StagPassRelic"},{"floor":14,"key":"Bag of Preparation"}],"event_choices":[],"is_beta":false,"boss_relics":[],"items_purged_floors":[],"is_endless":false,"potions_floor_spawned":[2,9],"killed_by":"DF_ARCHETYPE_STREAMLINE","ascension_level":0}}