{"host":"j4g6ia6asvpyu2b0","time":1611708423,"event":{"mods":["BaseMod","Colored Map","Minty Spire (QoL Compilation)","Permanent Neow","Quick Restart","Relic Stats","StSLib","Unceasing Turn Reminder"],"gold_per_floor":[112,130,141,155,169,199,199,231,258,278,278,297,329,340,340,441,441,457,201,201,221,231,231,261,261,284,297,307,334,349,378,378,478,478,495,495,355,1354,1373,1373,1028,1056,1056,1090,743,762,581,607,607,607,607,607,42,85,85],"floor_reached":56,"language":"ENG","playtime":2640,"items_purged":["Strike_G","Doubt","Normality","Tactician","Normality","Strike_G"],"score":1708,"play_id":"2ac0e0c6-5c27-4909-9ee2-e169eb551b57","local_time":"20210126174703","is_ascension_mode":true,"campfire_choices":[{"floor":7.0,"key":"REST"},{"floor":11.0,"key":"REST"},{"data":"Noxious Fumes","floor":15.0,"key":"SMITH"},{"data":"Adrenaline","floor":23.0,"key":"SMITH"},{"data":"Burst","floor":25.0,"key":"SMITH"},{"data":"Crippling Poison","floor":32,"key":"SMITH"},{"data":"After Image","floor":40,"key":"SMITH"},{"floor":49,"key":"RECALL"},{"data":"Footwork","floor":52,"key":"SMITH"}],"circlet_count":0,"master_deck":["Strike_G","Strike_G+1","Strike_G+1","Defend_G","Defend_G","Defend_G","Defend_G","Defend_G","Survivor","Neutralize","Dagger Throw","Noxious Fumes+1","Concentrate","Flying Knee","PiercingWail","Glass Knife","Crippling Poison+1","Deadly Poison","Deadly Poison","Poisoned Stab","Adrenaline+1","Burst+1","Bouncing Flask+1","Blade Dance","Dodge and Roll","Distraction","Bouncing Flask","Poisoned Stab+1","Blur+1","Malaise","Predator+1","Footwork+1","After Image+1","Outmaneuver","Escape Plan","Tactician","Footwork","Deadly Poison+1","Clumsy","Caltrops+1","Envenom","Infinite Blades+1","Acrobatics","Master of Strategy","Leg Sweep+1","After Image","Adrenaline","Discovery","Crippling Poison","Secret Technique","Acrobatics+1"],"relics":["Runic Pyramid","Darkstone Periapt","Dream Catcher","Blood Vial","Bronze Scales","Cursed Key","Vajra","FossilizedHelix","Strawberry","Toy Ornithopter","Oddly Smooth Stone","Molten Egg 2","Coffee Dripper","ClockworkSouvenir","Whetstone","CeramicFish","Membership Card","Medical Kit","War Paint","Torii"],"acts_visited":["Exordium","TheCity","TheBeyond","TheEnding"],"potions_floor_usage":[29,29,42,44,50,55,55,55],"damage_taken":[{"damage":0.0,"enemies":"Cultist","floor":1.0,"turns":4.0},{"damage":0.0,"enemies":"2 Louse","floor":2.0,"turns":3.0},{"damage":7.0,"enemies":"Small Slimes","floor":3.0,"turns":4.0},{"damage":1.0,"enemies":"Looter","floor":4.0,"turns":4.0},{"damage":3.0,"enemies":"2 Fungi Beasts","floor":5.0,"turns":5.0},{"damage":49.0,"enemies":"3 Sentries","floor":6.0,"turns":10.0},{"damage":22.0,"enemies":"Gremlin Nob","floor":8.0,"turns":4.0},{"damage":2.0,"enemies":"3 Louse","floor":10.0,"turns":2.0},{"damage":1.0,"enemies":"Looter","floor":12.0,"turns":3.0},{"damage":3.0,"enemies":"Lagavulin","floor":13.0,"turns":7.0},{"damage":4.0,"enemies":"2 Fungi Beasts","floor":14.0,"turns":3.0},{"damage":2.0,"enemies":"The Guardian","floor":16.0,"turns":9.0},{"damage":0.0,"enemies":"Shell Parasite","floor":18.0,"turns":4.0},{"damage":0.0,"enemies":"Chosen","floor":21.0,"turns":4.0},{"damage":3.0,"enemies":"Shelled Parasite and Fungi","floor":22.0,"turns":4.0},{"damage":31.0,"enemies":"Book of Stabbing","floor":24.0,"turns":5.0},{"damage":0,"enemies":"Chosen and Byrds","floor":27,"turns":4},{"damage":0,"enemies":"Sentry and Sphere","floor":28,"turns":3},{"damage":2,"enemies":"Slavers","floor":29,"turns":5},{"damage":0,"enemies":"Cultist and Chosen","floor":30,"turns":4},{"damage":0,"enemies":"Book of Stabbing","floor":31,"turns":4},{"damage":0,"enemies":"Champ","floor":33,"turns":13},{"damage":33,"enemies":"3 Darklings","floor":35,"turns":5},{"damage":0,"enemies":"3 Shapes","floor":39,"turns":7},{"damage":0,"enemies":"Reptomancer","floor":42,"turns":8},{"damage":0,"enemies":"Giant Head","floor":44,"turns":9},{"damage":45,"enemies":"Jaw Worm Horde","floor":46,"turns":4},{"damage":19,"enemies":"3 Darklings","floor":48,"turns":5},{"damage":30,"enemies":"Awakened One","floor":50,"turns":12},{"damage":62,"enemies":"Shield and Spear","floor":54,"turns":8},{"damage":22,"enemies":"The Heart","floor":55,"turns":8}],"seed_played":"1239695531916142873","potions_obtained":[{"floor":1.0,"key":"ColorlessPotion"},{"floor":4.0,"key":"Strength Potion"},{"floor":8.0,"key":"Explosive Potion"},{"floor":13.0,"key":"CultistPotion"},{"floor":14.0,"key":"BlessingOfTheForge"},{"floor":16.0,"key":"SkillPotion"},{"floor":27,"key":"Block Potion"},{"floor":28,"key":"SkillPotion"},{"floor":29,"key":"GhostInAJar"},{"floor":30,"key":"Strength Potion"},{"floor":33,"key":"DistilledChaos"}],"is_trial":false,"path_per_floor":["M","M","M","M","M","E","R","E","T","M","R","M","E","M","R","B",null,"M","$","T","M","M","R","E","R","T","M","M","E","M","E","R","B",null,"M","?","$","?","M","R","$","E","T","E","$","M","$","M","R","B",null,"R","$","E","B",null],"character_chosen":"THE_SILENT","items_purchased":["Blade Dance","Vajra","Escape Plan","Footwork","ClockworkSouvenir","Membership Card","Envenom","Ancient Potion","SteroidPotion","Acrobatics","Master of Strategy","After Image","Adrenaline","Medical Kit","War Paint","Discovery","DistilledChaos","Crippling Poison","Secret Technique"],"campfire_rested":2,"item_purchase_floors":[19,19,37,41,41,45,45,45,45,47,47,53,53,53,53,53,53,53,53],"current_hp_per_floor":[70,70,63,62,59,10,31,9,9,9,30,31,30,28,28,28,70,70,70,76,76,73,73,51,51,57,59,61,71,73,75,75,77,89,56,56,56,68,70,70,70,77,83,90,90,47,47,30,30,7,107,107,107,45,40],"gold":85,"neow_bonus":"BOSS_RELIC","is_daily":false,"chose_seed":false,"campfire_upgraded":6,"win_rate":0.0,"timestamp":1611708423,"path_taken":["M","M","M","M","M","E","R","E","T","M","R","M","E","M","R","BOSS","M","$","?","?","M","R","E","R","T","M","M","E","M","E","R","BOSS","M","?","?","?","M","R","$","E","T","E","$","M","$","M","R","BOSS","R","$","E","BOSS"],"items_purchased_type":["Card","Relic","Card","Card","Relic","Relic","Card","Potion","Potion","Card","Card","Card","Card","Relic","Relic","Card","Potion","Card","Card"],"build_version":"2020-12-22","purchased_purges":6,"victory":true,"max_hp_per_floor":[70,70,70,70,70,70,70,70,70,70,70,70,70,70,70,70,70,70,70,76,76,76,76,83,83,89,89,89,89,89,89,89,89,89,89,89,89,101,101,101,101,101,107,107,107,107,107,107,107,107,107,107,107,107,107],"relic_stats":{"Darkstone Periapt":30,"Torii":0,"counters":[31,174],"CeramicFish":108,"Whetstone":["Strike_G","Strike_G"],"War Paint":["Leg Sweep","Blur"],"Cursed Key":3,"Medical Kit":[2],"Blood Vial":38,"Dream Catcher":1,"Bronze Scales":[495],"obtain_stats":[{"Darkstone Periapt":6,"Torii":54,"CeramicFish":44,"Vajra":19,"Oddly Smooth Stone":29,"Whetstone":42,"War Paint":53,"Cursed Key":17,"Medical Kit":53,"ClockworkSouvenir":41,"Blood Vial":9,"Dream Catcher":8,"Bronze Scales":13,"Strawberry":24,"Molten Egg 2":31,"Coffee Dripper":34,"Membership Card":45,"FossilizedHelix":20,"Toy Ornithopter":26,"Ring of the Snake":0,"Runic Pyramid":0},{"Darkstone Periapt":6,"Torii":30,"CeramicFish":26,"Vajra":13,"Oddly Smooth Stone":19,"Whetstone":25,"War Paint":29,"Cursed Key":12,"Medical Kit":29,"ClockworkSouvenir":24,"Blood Vial":7,"Dream Catcher":7,"Bronze Scales":10,"Strawberry":16,"Molten Egg 2":21,"Coffee Dripper":22,"Membership Card":26,"FossilizedHelix":13,"Toy Ornithopter":16,"Ring of the Snake":0,"Runic Pyramid":0},{"Darkstone Periapt":30,"Torii":166,"CeramicFish":137,"Vajra":62,"Oddly Smooth Stone":87,"Whetstone":128,"War Paint":158,"Cursed Key":58,"Medical Kit":158,"ClockworkSouvenir":120,"Blood Vial":34,"Dream Catcher":34,"Bronze Scales":46,"Strawberry":75,"Molten Egg 2":95,"Coffee Dripper":108,"Membership Card":137,"FossilizedHelix":62,"Toy Ornithopter":75,"Ring of the Snake":0,"Runic Pyramid":0}],"Toy Ornithopter":40},"card_choices":[{"not_picked":["Infinite Blades","Well Laid Plans"],"picked":"Dagger Throw","floor":1.0},{"not_picked":["Deadly Poison","Acrobatics"],"picked":"Noxious Fumes","floor":2.0},{"not_picked":["Outmaneuver","Blade Dance"],"picked":"Concentrate","floor":3.0},{"not_picked":["Blur","Dash"],"picked":"Tactician","floor":4.0},{"not_picked":["Slice","Flechettes"],"picked":"Flying Knee","floor":5.0},{"not_picked":["Endless Agony","Skewer"],"picked":"PiercingWail","floor":6.0},{"not_picked":["Deadly Poison","Poisoned Stab"],"picked":"Glass Knife","floor":8.0},{"not_picked":["All Out Attack","Endless Agony"],"picked":"Crippling Poison","floor":10.0},{"not_picked":["Eviscerate","Acrobatics"],"picked":"Deadly Poison","floor":11.0},{"not_picked":["Sucker Punch","Eviscerate"],"picked":"Deadly Poison","floor":12.0},{"not_picked":["Setup","Choke"],"picked":"Poisoned Stab","floor":13.0},{"not_picked":["Terror","Underhanded Strike"],"picked":"Adrenaline","floor":14.0},{"not_picked":["Phantasmal Killer","A Thousand Cuts"],"picked":"Burst","floor":16.0},{"not_picked":["Slice","Bane"],"picked":"Bouncing Flask+1","floor":18.0},{"not_picked":["Acrobatics","Blade Dance"],"picked":"Dodge and Roll","floor":21.0},{"not_picked":["All Out Attack","Expertise"],"picked":"Distraction","floor":22.0},{"not_picked":["Quick Slash","Dodge and Roll"],"picked":"Bouncing Flask","floor":24.0},{"not_picked":["Choke","Backstab"],"picked":"Poisoned Stab+1","floor":27},{"not_picked":["Poisoned Stab","Heel Hook"],"picked":"Blur","floor":28},{"not_picked":["Sucker Punch","Eviscerate"],"picked":"Malaise","floor":29},{"not_picked":["Eviscerate","PiercingWail+1"],"picked":"Predator+1","floor":30},{"not_picked":["Underhanded Strike+1","Heel Hook+1"],"picked":"Footwork","floor":31},{"not_picked":["Unload+1","Tools of the Trade"],"picked":"After Image","floor":33},{"not_picked":["Bane+1","Underhanded Strike+1"],"picked":"Outmaneuver","floor":35},{"not_picked":["Choke+1","Underhanded Strike+1"],"picked":"Tactician","floor":39},{"not_picked":["Concentrate+1","Riddle With Holes+1"],"picked":"Deadly Poison+1","floor":42},{"not_picked":["Sucker Punch+1","Prepared"],"picked":"Caltrops+1","floor":44},{"not_picked":["Flying Knee+1","Blade Dance+1"],"picked":"Infinite Blades+1","floor":46},{"not_picked":["Bane+1","Dagger Spray+1"],"picked":"Leg Sweep","floor":48},{"not_picked":["Deadly Poison","Deflect+1"],"picked":"Acrobatics+1","floor":54}],"player_experience":1031266,"relics_obtained":[{"floor":6.0,"key":"Darkstone Periapt"},{"floor":8.0,"key":"Dream Catcher"},{"floor":9.0,"key":"Blood Vial"},{"floor":13.0,"key":"Bronze Scales"},{"floor":20.0,"key":"FossilizedHelix"},{"floor":24.0,"key":"Strawberry"},{"floor":26.0,"key":"Toy Ornithopter"},{"floor":29,"key":"Oddly Smooth Stone"},{"floor":31,"key":"Molten Egg 2"},{"floor":42,"key":"Whetstone"},{"floor":44,"key":"CeramicFish"},{"floor":54,"key":"Torii"}],"event_choices":[{"cards_removed":["Regret"],"damage_healed":0,"gold_gain":0,"player_choice":"Purged","damage_taken":0,"max_hp_gain":0,"max_hp_loss":0,"event_name":"Purifier","floor":36,"gold_loss":0},{"damage_healed":0,"gold_gain":999,"player_choice":"Gold","damage_taken":0,"max_hp_gain":0,"max_hp_loss":0,"event_name":"MindBloom","floor":38,"gold_loss":0,"cards_obtained":["Normality","Normality"]}],"is_beta":false,"boss_relics":[{"not_picked":["SacredBark","Busted Crown"],"picked":"Cursed Key"},{"not_picked":["Fusion Hammer","Snecko Eye"],"picked":"Coffee Dripper"}],"items_purged_floors":[19,37,41,45,47,53],"is_endless":false,"potions_floor_spawned":[1,4,8,13,14,16,27,28,29,30,33,35,46,48],"ascension_level":3}}