{"host":"vqgrg90fv56geajp","time":1611756417,"event":{"mods":["BaseMod","Colored Map","Colored Powertips","Minty Spire (QoL Compilation)","Quick Restart","Rare Cards Sparkle","Relic Stats"],"gold_per_floor":[109,259,0,0,11,37,37,67,90,120,138,157,157,173,173,244,244,262,9,9,29,46,77,77,108,108,108,108,108,137,150,150,227,227,240,258,276,288,304,332,332,352,352,398,424,424,452,464,464,464,464,464,464,28,55,55,55],"floor_reached":56,"language":"ENG","playtime":5077,"items_purged":["Doubt"],"score":2234,"play_id":"9289a967-9b3c-4ac5-83a0-a8de26fe614a","local_time":"20210127160657","is_ascension_mode":true,"campfire_choices":[{"floor":7,"key":"REST"},{"floor":15,"key":"REST"},{"floor":24,"key":"REST"},{"data":"1","floor":27,"key":"LIFT"},{"data":"2","floor":29,"key":"LIFT"},{"data":"3","floor":32,"key":"LIFT"},{"floor":41,"key":"REST"},{"floor":46,"key":"RECALL"},{"floor":49,"key":"REST"},{"data":"Night Terror","floor":53,"key":"SMITH"}],"circlet_count":0,"master_deck":["AscendersBane","Strike_G","Strike_G","Strike_G","Strike_G","Defend_G","Defend_G","Defend_G","Defend_G","Defend_G","Survivor","Neutralize","Dramatic Entrance","PiercingWail","Accuracy","Blade Dance","Grand Finale","Finisher","Backstab","Escape Plan","Deflect","PiercingWail","Tools of the Trade","Underhanded Strike","Burst","Slice","Accuracy","Blade Dance","Flechettes","Blade Dance","Night Terror+1","Burst","Wraith Form v2","Footwork","Wraith Form v2","Backflip","Blade Dance","Prepared","Shame","Cloak And Dagger","Doppelganger","Calculated Gamble","Terror","Phantasmal Killer","Deflect","Phantasmal Killer"],"relics":["Ring of the Snake","Oddly Smooth Stone","Girya","Bronze Scales","Gremlin Horn","Runic Pyramid","PreservedInsect","Happy Flower","Akabeko","Bag of Marbles","CultistMask","Molten Egg 2","Cursed Key","Blood Vial","Ginger","Tough Bandages","Centennial Puzzle","Lee\u0027s Waffle","Bottled Lightning"],"acts_visited":["Exordium","TheCity","TheBeyond","TheEnding"],"potions_floor_usage":[6,14,16,21,23,23,37,39,40,44,48,50,56],"damage_taken":[{"damage":0,"enemies":"2 Louse","floor":1,"turns":3},{"damage":3,"enemies":"Small Slimes","floor":5,"turns":3},{"damage":17,"enemies":"3 Sentries","floor":6,"turns":8},{"damage":16,"enemies":"Lagavulin","floor":8,"turns":5},{"damage":5,"enemies":"3 Sentries","floor":10,"turns":8},{"damage":9,"enemies":"Jaw Worm","floor":11,"turns":2},{"damage":0,"enemies":"3 Louse","floor":12,"turns":2},{"damage":0,"enemies":"Exordium Thugs","floor":14,"turns":1},{"damage":26,"enemies":"Slime Boss","floor":16,"turns":10},{"damage":4,"enemies":"Shell Parasite","floor":18,"turns":6},{"damage":6,"enemies":"Chosen","floor":21,"turns":5},{"damage":0,"enemies":"3 Cultists","floor":22,"turns":4},{"damage":0,"enemies":"Gremlin Leader","floor":23,"turns":3},{"damage":23,"enemies":"Book of Stabbing","floor":25,"turns":4},{"damage":0,"enemies":"Slavers","floor":30,"turns":1},{"damage":0,"enemies":"Centurion and Healer","floor":31,"turns":1},{"damage":22,"enemies":"Collector","floor":33,"turns":6},{"damage":5,"enemies":"Orb Walker","floor":35,"turns":2},{"damage":0,"enemies":"3 Shapes","floor":36,"turns":1},{"damage":9,"enemies":"Spire Growth","floor":37,"turns":5},{"damage":0,"enemies":"Jaw Worm Horde","floor":38,"turns":3},{"damage":1,"enemies":"Maw","floor":39,"turns":7},{"damage":0,"enemies":"Nemesis","floor":40,"turns":5},{"damage":3,"enemies":"Sphere and 2 Shapes","floor":42,"turns":6},{"damage":2,"enemies":"2 Orb Walkers","floor":44,"turns":2},{"damage":0,"enemies":"Reptomancer","floor":45,"turns":3},{"damage":8,"enemies":"Giant Head","floor":47,"turns":7},{"damage":15,"enemies":"Writhing Mass","floor":48,"turns":4},{"damage":29,"enemies":"Donu and Deca","floor":50,"turns":14},{"damage":20,"enemies":"Time Eater","floor":51,"turns":15},{"damage":65,"enemies":"Shield and Spear","floor":55,"turns":3},{"damage":15,"enemies":"The Heart","floor":56,"turns":5}],"seed_played":"7831015830404441262","potions_obtained":[{"floor":5,"key":"Explosive Potion"},{"floor":6,"key":"Block Potion"},{"floor":12,"key":"PowerPotion"},{"floor":13,"key":"Regen Potion"},{"floor":16,"key":"EssenceOfSteel"},{"floor":21,"key":"Poison Potion"},{"floor":22,"key":"Fire Potion"},{"floor":23,"key":"GhostInAJar"},{"floor":35,"key":"ColorlessPotion"},{"floor":38,"key":"AttackPotion"},{"floor":40,"key":"Explosive Potion"},{"floor":42,"key":"SteroidPotion"},{"floor":47,"key":"SkillPotion"}],"is_trial":false,"path_per_floor":["M","?","$","?","M","E","R","E","T","E","M","M","?","M","R","B",null,"M","$","?","M","M","E","R","E","T","R","?","R","E","M","R","B",null,"M","M","M","M","M","E","R","M","T","?","E","R","E","M","R","B","B",null,"R","$","E","B"],"character_chosen":"THE_SILENT","items_purchased":["Accuracy","Blade Dance","Energy Potion","PreservedInsect","Accuracy","Lee\u0027s Waffle","Phantasmal Killer","Poison Potion","Deflect"],"campfire_rested":5,"item_purchase_floors":[3,3,3,19,19,54,54,54,54],"current_hp_per_floor":[59,59,59,59,56,39,58,42,42,37,28,28,28,28,47,21,55,51,51,51,45,45,45,64,41,41,41,41,41,41,41,41,19,54,49,49,40,40,39,39,58,57,57,57,59,59,53,40,59,32,14,53,53,73,8,0,0],"gold":55,"neow_bonus":"RANDOM_COLORLESS","is_daily":false,"chose_seed":false,"campfire_upgraded":1,"win_rate":0.0,"timestamp":1611756417,"path_taken":["M","?","$","?","?","E","R","E","T","E","M","M","?","M","R","BOSS","M","$","?","M","M","E","R","E","T","R","?","R","E","M","R","BOSS","M","M","M","M","?","E","R","M","T","?","E","R","E","M","R","BOSS","BOSS","R","$","E","BOSS"],"items_purchased_type":["Card","Card","Potion","Relic","Card","Relic","Card","Potion","Card"],"build_version":"2020-12-22","purchased_purges":1,"victory":false,"max_hp_per_floor":[66,66,66,66,66,66,66,66,66,66,66,66,66,66,66,66,66,66,66,66,66,66,66,66,66,66,66,66,66,66,66,66,66,66,66,66,66,66,66,66,66,66,66,66,66,66,66,66,66,66,66,66,66,73,73,73,73],"relic_stats":{"Lee\u0027s Waffle":20,"Gremlin Horn":[27,27],"Happy Flower":[31],"counters":[32,154],"PreservedInsect":456,"Ginger":[7],"Cursed Key":1,"Blood Vial":16,"Tough Bandages":[183],"Centennial Puzzle":[15],"Bronze Scales":[347],"obtain_stats":[{"Girya":8,"Lee\u0027s Waffle":54,"Gremlin Horn":10,"Happy Flower":23,"Oddly Smooth Stone":6,"PreservedInsect":19,"Ginger":44,"Cursed Key":34,"Akabeko":25,"Blood Vial":40,"Tough Bandages":45,"Centennial Puzzle":47,"Bronze Scales":9,"Molten Egg 2":30,"CultistMask":28,"Bag of Marbles":26,"Bottled Lightning":55,"Ring of the Snake":0,"Runic Pyramid":17},{"Girya":4,"Lee\u0027s Waffle":30,"Gremlin Horn":5,"Happy Flower":13,"Oddly Smooth Stone":3,"PreservedInsect":10,"Ginger":25,"Cursed Key":17,"Akabeko":14,"Blood Vial":23,"Tough Bandages":26,"Centennial Puzzle":27,"Bronze Scales":4,"Molten Egg 2":15,"CultistMask":14,"Bag of Marbles":14,"Bottled Lightning":31,"Ring of the Snake":0,"Runic Pyramid":9},{"Girya":19,"Lee\u0027s Waffle":146,"Gremlin Horn":27,"Happy Flower":60,"Oddly Smooth Stone":14,"PreservedInsect":48,"Ginger":103,"Cursed Key":72,"Akabeko":64,"Blood Vial":95,"Tough Bandages":106,"Centennial Puzzle":113,"Bronze Scales":19,"Molten Egg 2":65,"CultistMask":64,"Bag of Marbles":64,"Bottled Lightning":149,"Ring of the Snake":0,"Runic Pyramid":42}],"Ring of the Snake":[64]},"card_choices":[{"not_picked":["Trip","Swift Strike"],"picked":"Dramatic Entrance","floor":0},{"not_picked":["Flying Knee","Outmaneuver"],"picked":"PiercingWail","floor":1},{"not_picked":["Bane","Sucker Punch"],"picked":"Finisher","floor":5},{"not_picked":["Dagger Spray","Dodge and Roll"],"picked":"Backstab","floor":6},{"not_picked":["Doppelganger","Prepared"],"picked":"Escape Plan","floor":8},{"not_picked":["Dagger Spray","Prepared"],"picked":"Deflect","floor":10},{"not_picked":["Poisoned Stab","Prepared"],"picked":"PiercingWail","floor":11},{"not_picked":["Dagger Throw","Catalyst"],"picked":"Tools of the Trade","floor":12},{"not_picked":["All Out Attack","Slice"],"picked":"Underhanded Strike","floor":14},{"not_picked":["Unload","Grand Finale"],"picked":"Burst","floor":16},{"not_picked":["Expertise","Dagger Spray"],"picked":"Slice","floor":18},{"not_picked":["Quick Slash","Deadly Poison"],"picked":"Flechettes","floor":21},{"not_picked":["Riddle With Holes","Acrobatics"],"picked":"Blade Dance","floor":22},{"not_picked":["Setup","Heel Hook"],"picked":"Night Terror","floor":23},{"not_picked":["Deflect","Acrobatics"],"picked":"Burst","floor":25},{"not_picked":["Heel Hook+1","Slice+1"],"picked":"Wraith Form v2","floor":30},{"not_picked":["Leg Sweep","Reflex+1"],"picked":"Footwork","floor":31},{"not_picked":["A Thousand Cuts","Corpse Explosion"],"picked":"Wraith Form v2","floor":33},{"not_picked":["Slice+1","Dagger Spray+1","Underhanded Strike+1"],"picked":"SKIP","floor":35},{"not_picked":["Slice+1","Acrobatics"],"picked":"Backflip","floor":36},{"not_picked":["Poisoned Stab+1","Well Laid Plans+1","Backstab+1"],"picked":"SKIP","floor":37},{"not_picked":["Sucker Punch+1","Bane+1","Expertise"],"picked":"SKIP","floor":38},{"not_picked":["Expertise+1","Dagger Throw+1","Bane+1"],"picked":"SKIP","floor":39},{"not_picked":["Reflex","Leg Sweep"],"picked":"Blade Dance","floor":40},{"not_picked":["Underhanded Strike+1","Tools of the Trade"],"picked":"Prepared","floor":42},{"not_picked":["Quick Slash+1","Bouncing Flask+1"],"picked":"Cloak And Dagger","floor":44},{"not_picked":["Flying Knee+1","Distraction"],"picked":"Doppelganger","floor":45},{"not_picked":["Deadly Poison+1","Underhanded Strike+1"],"picked":"Calculated Gamble","floor":47},{"not_picked":["Heel Hook+1","Outmaneuver"],"picked":"Terror","floor":48},{"not_picked":["Bane+1","Underhanded Strike+1"],"picked":"Phantasmal Killer","floor":55}],"player_experience":2506994,"relics_obtained":[{"floor":6,"key":"Oddly Smooth Stone"},{"floor":8,"key":"Girya"},{"floor":9,"key":"Bronze Scales"},{"floor":10,"key":"Gremlin Horn"},{"floor":23,"key":"Happy Flower"},{"floor":25,"key":"Akabeko"},{"floor":26,"key":"Bag of Marbles"},{"floor":30,"key":"Molten Egg 2"},{"floor":40,"key":"Blood Vial"},{"floor":44,"key":"Ginger"},{"floor":45,"key":"Tough Bandages"},{"floor":47,"key":"Centennial Puzzle"},{"floor":55,"key":"Bottled Lightning"}],"event_choices":[{"damage_healed":0,"gold_gain":150,"player_choice":"AGREE","damage_taken":0,"max_hp_gain":0,"max_hp_loss":0,"event_name":"Liars Game","floor":2,"gold_loss":0,"cards_obtained":["Doubt"]},{"damage_healed":0,"gold_gain":0,"cards_transformed":["Strike_G"],"player_choice":"Change","damage_taken":0,"max_hp_gain":0,"max_hp_loss":0,"event_name":"Living Wall","floor":4,"gold_loss":0,"cards_obtained":["Grand Finale"]},{"damage_healed":0,"gold_gain":0,"player_choice":"Got Potions","damage_taken":0,"max_hp_gain":0,"max_hp_loss":0,"event_name":"Lab","floor":13,"gold_loss":0},{"damage_healed":0,"gold_gain":0,"player_choice":"Read","damage_taken":0,"max_hp_gain":0,"max_hp_loss":0,"event_name":"The Library","floor":20,"gold_loss":0,"cards_obtained":["Blade Dance"]},{"damage_healed":0,"gold_gain":0,"player_choice":"Trade","damage_taken":0,"relics_obtained":["CultistMask"],"max_hp_gain":0,"max_hp_loss":0,"event_name":"FaceTrader","floor":28,"gold_loss":0},{"damage_healed":0,"gold_gain":0,"player_choice":"Fight","damage_taken":0,"max_hp_gain":0,"max_hp_loss":0,"event_name":"Mysterious Sphere","floor":44,"gold_loss":0}],"is_beta":false,"boss_relics":[{"not_picked":["Ring of the Serpent","Fusion Hammer"],"picked":"Runic Pyramid"},{"not_picked":["Philosopher\u0027s Stone","Busted Crown"],"picked":"Cursed Key"}],"items_purged_floors":[3],"is_endless":false,"potions_floor_spawned":[5,6,12,16,21,22,23,35,38,40,42,47],"killed_by":"The Heart","ascension_level":20}}