{"host":"iphsb0ccnjx0pfn6","time":1611724459,"event":{"mods":["2.2 Compatiblity","AchievementEnabler","BaseMod","Colored Map","DeckTracker","Keyboard Shortcuts","Minty Spire (QoL Compilation)","Permanent Neow","Quick Restart","Relic Stats","StSLib","SuperFastMode","Uncapped","everything is the same but u backflip on backflip"],"gold_per_floor":[360,72,92,242,207,242,242,153,153,208,208,208,208],"floor_reached":12,"language":"KOR","playtime":431,"items_purged":[],"score":148,"play_id":"37486116-33c2-469c-8ce7-d877d47c898c","local_time":"20210127141419","is_ascension_mode":true,"campfire_choices":[{"floor":7,"key":"REST"},{"data":"Consume","floor":11,"key":"SMITH"}],"circlet_count":0,"master_deck":["AscendersBane","Strike_B","Strike_B","Strike_B","Strike_B","Defend_B","Defend_B","Defend_B","Defend_B","Zap","Dualcast","Parasite","Ball Lightning","Doom and Gloom","Doubt","Loop+1","Hello World+1","Consume+1"],"relics":["Cracked Core","Frozen Egg 2","Prayer Wheel","DataDisk","Happy Flower"],"acts_visited":["Exordium"],"potions_floor_usage":[6,6,10,12],"damage_taken":[{"damage":7,"enemies":"Small Slimes","floor":1,"turns":4},{"damage":3,"enemies":"2 Louse","floor":3,"turns":2},{"damage":70,"enemies":"3 Sentries","floor":6,"turns":7},{"damage":20,"enemies":"3 Sentries","floor":10,"turns":6},{"damage":9,"enemies":"Lagavulin","floor":12,"turns":4}],"seed_played":"4814269591564345281","potions_obtained":[{"floor":1,"key":"EntropicBrew"},{"floor":6,"key":"SkillPotion"}],"is_trial":false,"path_per_floor":["M","$","M","?","?","E","R","$","T","?","R","E"],"character_chosen":"DEFECT","items_purchased":["Frozen Egg 2","Hello World+1"],"campfire_rested":1,"item_purchase_floors":[2,8],"current_hp_per_floor":[57,57,54,54,71,1,22,22,22,2,2,0,0],"gold":208,"neow_bonus":"TWO_FIFTY_GOLD","is_daily":false,"chose_seed":false,"campfire_upgraded":1,"win_rate":0.0,"timestamp":1611724459,"path_taken":["M","$","M","?","?","E","R","$","T","?","R","E"],"items_purchased_type":["Relic","Card"],"build_version":"2020-12-22","purchased_purges":0,"victory":false,"max_hp_per_floor":[71,71,71,71,71,71,71,71,71,71,71,71,71],"relic_stats":{"Happy Flower":[1],"counters":[5,23],"Prayer Wheel":0,"obtain_stats":[{"DataDisk":9,"Happy Flower":10,"Prayer Wheel":6,"Frozen Egg 2":2,"Cracked Core":0},{"DataDisk":3,"Happy Flower":4,"Prayer Wheel":3,"Frozen Egg 2":1,"Cracked Core":0},{"DataDisk":13,"Happy Flower":19,"Prayer Wheel":13,"Frozen Egg 2":4,"Cracked Core":0}]},"card_choices":[{"not_picked":["Beam Cell","Redo"],"picked":"Ball Lightning","floor":1},{"not_picked":["Gash","Rip and Tear"],"picked":"Doom and Gloom","floor":3},{"not_picked":["Chill","Turbo"],"picked":"Loop+1","floor":6},{"not_picked":["Redo","Beam Cell"],"picked":"Consume","floor":10}],"player_experience":1286015,"relics_obtained":[{"floor":6,"key":"Prayer Wheel"},{"floor":9,"key":"DataDisk"},{"floor":10,"key":"Happy Flower"}],"event_choices":[{"damage_healed":0,"gold_gain":150,"player_choice":"AGREE","damage_taken":0,"max_hp_gain":0,"max_hp_loss":0,"event_name":"Liars Game","floor":4,"gold_loss":0,"cards_obtained":["Doubt"]},{"damage_healed":17,"gold_gain":0,"player_choice":"Healed","damage_taken":0,"max_hp_gain":0,"max_hp_loss":0,"event_name":"The Cleric","floor":5,"gold_loss":35},{"damage_healed":0,"gold_gain":0,"player_choice":"Searched \u00271\u0027 times","damage_taken":0,"max_hp_gain":0,"max_hp_loss":0,"event_name":"Dead Adventurer","floor":10,"gold_loss":0}],"is_beta":false,"boss_relics":[],"items_purged_floors":[],"is_endless":false,"potions_floor_spawned":[1,6],"killed_by":"Lagavulin","ascension_level":20}}