{"host":"JIN","time":1611754284,"event":{"mods":["BaseMod","Custom Start","DeckTracker","Minty Spire (QoL Compilation)","Shop Mod","StSLib","SuperFastMode"],"gold_per_floor":[115,115,130,130,130,130,165,165,165,200,234,269,269,304,304,381,381,401,185,165,191,191,116,116,147,216,216,235,235,67,95,95,95,95],"floor_reached":33,"language":"KOR","playtime":754,"items_purged":["Decay"],"score":841,"play_id":"50944e3d-678c-4857-a0bf-6463fc003b4d","local_time":"20210127223124","daily_mods":["SealedDeck","Heirloom","Flight","DeadlyEvents","Elite Swarm"],"is_ascension_mode":true,"campfire_choices":[{"data":"Darkness","floor":6,"key":"SMITH"},{"data":"Rainbow","floor":13,"key":"SMITH"},{"data":"Capacitor","floor":15,"key":"SMITH"},{"data":"Glacier","floor":24,"key":"SMITH"},{"data":"Seek","floor":27,"key":"SMITH"},{"data":"Leap","floor":29,"key":"SMITH"},{"data":"Conserve Battery","floor":32,"key":"SMITH"}],"circlet_count":0,"master_deck":["Beam Cell+1","Leap+1","Leap","Conserve Battery+1","Gash","Gash","Darkness+1","Cold Snap","Ball Lightning","Capacitor+1","Leap","Core Surge","Electrodynamics+1","Rainbow+1","Machine Learning+1","Seek+1","Barrage+1","Glacier+1","Leap+1","Buffer+1"],"relics":["Cracked Core","Ice Cream","Mercury Hourglass","DataDisk","Frozen Egg 2","Regal Pillow","Dream Catcher","Symbiotic Virus","Coffee Dripper","Toy Ornithopter","Vajra","Darkstone Periapt","Toxic Egg 2","Cables"],"acts_visited":["Exordium","TheCity"],"potions_floor_usage":[7,31],"damage_taken":[{"damage":8,"enemies":"Small Slimes","floor":1,"turns":4},{"damage":10,"enemies":"2 Louse","floor":3,"turns":3},{"damage":2,"enemies":"Gremlin Nob","floor":7,"turns":4},{"damage":0,"enemies":"3 Sentries","floor":10,"turns":6},{"damage":1,"enemies":"Gremlin Nob","floor":11,"turns":3},{"damage":7,"enemies":"3 Sentries","floor":12,"turns":3},{"damage":5,"enemies":"Gremlin Nob","floor":14,"turns":3},{"damage":0,"enemies":"Hexaghost","floor":16,"turns":6},{"damage":19,"enemies":"2 Thieves","floor":18,"turns":2},{"damage":21,"enemies":"Slavers","floor":21,"turns":3},{"damage":15,"enemies":"Gremlin Leader","floor":25,"turns":5},{"damage":0,"enemies":"3 Byrds","floor":28,"turns":2},{"damage":1,"enemies":"Slavers","floor":31,"turns":3},{"damage":12,"enemies":"Collector","floor":33,"turns":8}],"seed_played":"-7905782949793096190","potions_obtained":[{"floor":1,"key":"Weak Potion"},{"floor":3,"key":"AttackPotion"},{"floor":11,"key":"Block Potion"},{"floor":12,"key":"PotionOfCapacity"},{"floor":31,"key":"Strength Potion"}],"is_trial":true,"path_per_floor":["M","?","M","?","?","R","E","T","T","E","E","E","R","E","R","B",null,"M","$","?","E","?","$","R","E","T","R","M","R","$","E","R","B"],"character_chosen":"DEFECT","items_purchased":["Toy Ornithopter","Glacier","Buffer+1"],"campfire_rested":0,"item_purchase_floors":[19,19,30],"current_hp_per_floor":[56,56,46,46,46,46,44,44,44,44,43,36,36,31,31,31,61,42,42,42,21,21,21,21,6,6,6,6,6,6,10,10,0,0],"gold":95,"neow_bonus":"","is_daily":false,"chose_seed":false,"campfire_upgraded":7,"win_rate":0.0,"timestamp":1611754284,"path_taken":["M","?","M","?","?","R","E","?","T","E","E","E","R","E","R","BOSS","M","$","?","?","?","?","R","E","T","R","M","R","$","E","R","BOSS"],"items_purchased_type":["Relic","Card","Card"],"build_version":"2020-12-18","purchased_purges":1,"victory":false,"max_hp_per_floor":[71,71,71,71,71,71,71,71,71,71,71,71,71,71,71,71,71,71,71,71,71,71,71,71,71,71,71,71,71,71,71,71,71,71],"card_choices":[{"not_picked":["Skim","Beam Cell"],"picked":"Leap","floor":1},{"not_picked":["Darkness","Gash","Hello World"],"picked":"SKIP","floor":3},{"not_picked":["Creative AI","Meteor Strike"],"picked":"Core Surge","floor":7},{"not_picked":["Buffer+1","All For One"],"picked":"Electrodynamics+1","floor":10},{"not_picked":["Biased Cognition+1","Meteor Strike"],"picked":"Rainbow","floor":11},{"not_picked":["Hyperbeam","Multi-Cast"],"picked":"Machine Learning+1","floor":12},{"not_picked":["Thunder Strike","Hyperbeam","Electrodynamics+1"],"picked":"SKIP","floor":14},{"not_picked":["Meteor Strike","Core Surge"],"picked":"Seek","floor":16},{"not_picked":["Sunder","BootSequence"],"picked":"Barrage+1","floor":18},{"not_picked":["Hyperbeam","Meteor Strike","Amplify"],"picked":"SKIP","floor":21},{"not_picked":["Meteor Strike","Seek","Creative AI+1"],"picked":"SKIP","floor":25},{"not_picked":["Rebound","Sweeping Beam"],"picked":"Leap+1","floor":28},{"not_picked":["Electrodynamics+1","Amplify+1","Thunder Strike"],"picked":"SKIP","floor":31}],"player_experience":1214077,"relics_obtained":[{"floor":7,"key":"Mercury Hourglass"},{"floor":9,"key":"DataDisk"},{"floor":10,"key":"Frozen Egg 2"},{"floor":11,"key":"Regal Pillow"},{"floor":12,"key":"Dream Catcher"},{"floor":14,"key":"Symbiotic Virus"},{"floor":21,"key":"Vajra"},{"floor":25,"key":"Darkstone Periapt"},{"floor":26,"key":"Toxic Egg 2"},{"floor":31,"key":"Cables"}],"event_choices":[{"damage_healed":0,"gold_gain":0,"player_choice":"Leave","damage_taken":0,"max_hp_gain":0,"max_hp_loss":0,"event_name":"The Cleric","floor":2,"gold_loss":0},{"damage_healed":0,"gold_gain":0,"player_choice":"Grow","damage_taken":0,"max_hp_gain":0,"max_hp_loss":0,"event_name":"Living Wall","floor":4,"gold_loss":0,"cards_upgraded":["Beam Cell"]},{"damage_healed":0,"gold_gain":0,"player_choice":"Ignored","damage_taken":0,"max_hp_gain":0,"max_hp_loss":0,"event_name":"Golden Wing","floor":5,"gold_loss":0},{"damage_healed":0,"gold_gain":0,"player_choice":"Bought 1 Potion","damage_taken":0,"max_hp_gain":0,"max_hp_loss":0,"event_name":"The Woman in Blue","floor":20,"gold_loss":0},{"damage_healed":0,"gold_gain":0,"player_choice":"Smashed Altar","damage_taken":0,"max_hp_gain":0,"max_hp_loss":0,"event_name":"Forgotten Altar","floor":22,"gold_loss":0,"cards_obtained":["Decay"]}],"is_beta":true,"boss_relics":[{"not_picked":["Snecko Eye","Velvet Choker"],"picked":"Coffee Dripper"}],"items_purged_floors":[23],"is_endless":false,"potions_floor_spawned":[1,3,11,12,18,25,31],"killed_by":"Collector","ascension_level":20}}