{"host":"juoup3p5tvzzktl5","time":1611707933,"event":{"mods":["Aspiration","BaseMod","Better Vampires","BetterRewards","Colored Map","Colored Powertips","Friendly Minions","GifTheSpireLib","Hermit","Hubris","Infinite Spire","KinomotoSakuraMod(ƒæ÷Æ±æ”£)","Koishi","KomeijiMod","Marisa£®ÏF”Í°°ƒß¿Ì…≥£©","Minty Spire (QoL Compilation)","Quick Restart","Reimu£®≤©¿ˆ¡È√Œ£©","Replay The Spire","Shop Mod","StSLib","The Administrix","The Alterego","The Bug Knight","The Construct","The Cursed","The Jungle","The Mystic","The Runesmith","The Senshi","Youmu£®ªÍ∆«—˝√Œ£©","Yuyuko"],"gold_per_floor":[117,127,127,142,156,156,231,231,231,231,1,17,30,64,76,176,193,193,193,193],"floor_reached":19,"language":"ZHS","playtime":2854,"items_purged":["Defend_Lin:ReiMu"],"score":121,"play_id":"0510c701-34a5-426f-a823-2baf06a45a5d","local_time":"20210127093853","is_ascension_mode":false,"campfire_choices":[{"data":"DoubleButterfly:ReiMu","floor":6.0,"key":"SMITH"},{"data":"NB:ReiMu","floor":8.0,"key":"SMITH"},{"data":"LovePray:ReiMu","floor":18,"key":"SMITH"}],"circlet_count":0,"master_deck":["Strike_Lin:ReiMu","Strike_Lin:ReiMu","Strike_Lin:ReiMu","Strike_Lin:ReiMu","Defend_Lin:ReiMu","Defend_Lin:ReiMu","Defend_Lin:ReiMu","NB:ReiMu+1","Stagnation:ReiMu","PassingAway:ReiMu","FineLineFantasy:ReiMu","DoubleButterfly:ReiMu+1","SubcavityFantasy:ReiMu","Enchanting:ReiMu","Conquer:ReiMu","LovePray:ReiMu+1","AlertArray:ReiMu","OrbThrow:ReiMu"],"relics":["FlyPower:ReiMu","hubris:SphereOfDissonance","HollowMod:LifeEnderRelic","Medical Kit","Tea:ReiMu"],"acts_visited":["Exordium"],"potions_floor_usage":[19,19],"damage_taken":[{"damage":0.0,"enemies":"Small Slimes","floor":1.0,"turns":5.0},{"damage":10.0,"enemies":"Cultist","floor":2.0,"turns":7.0},{"damage":5.0,"enemies":"Jaw Worm","floor":4.0,"turns":7.0},{"damage":18.0,"enemies":"Exordium Thugs","floor":5.0,"turns":8.0},{"damage":1.0,"enemies":"Blue Slaver","floor":12.0,"turns":6.0},{"damage":0.0,"enemies":"Large Slime","floor":13.0,"turns":6.0},{"damage":1.0,"enemies":"Gremlin Nob","floor":14.0,"turns":4.0},{"damage":0,"enemies":"Gremlin Gang","floor":15,"turns":1},{"damage":3,"enemies":"2 Fungi Beasts","floor":17,"turns":5},{"damage":23,"enemies":"The Guardian","floor":19,"turns":8}],"seed_played":"-6551885063518600071","potions_obtained":[{"floor":1.0,"key":"Fire Potion"},{"floor":2.0,"key":"Elixir"},{"floor":3.0,"key":"Strength Potion"},{"floor":3.0,"key":"Flashbang"},{"floor":14.0,"key":"Adrenaline Potion"},{"floor":17,"key":"Venom Potion"}],"is_trial":false,"path_per_floor":["M","M","?","M","M","R","?","R","T","T","$","M","M","E","M","?","M","R","B"],"character_chosen":"REIMU","items_purchased":["Medical Kit"],"campfire_rested":0,"item_purchase_floors":[11],"current_hp_per_floor":[71,61,61,56,38,38,27,27,27,27,27,26,26,25,25,25,22,22,0,0],"gold":193,"neow_bonus":"TEN_PERCENT_HP_BONUS","is_daily":false,"chose_seed":false,"campfire_upgraded":3,"win_rate":0.0,"timestamp":1611707933,"path_taken":["M","M","?","?","M","R","?","R","T","T","$","M","M","E","M","?","M","R","BOSS"],"items_purchased_type":["Relic"],"build_version":"2020-12-22","purchased_purges":1,"victory":false,"max_hp_per_floor":[71,71,71,71,71,71,71,71,71,71,71,71,71,71,71,71,71,71,71,71],"card_choices":[{"not_picked":["SafetyPray:ReiMu","SubcavityInstant:ReiMu"],"picked":"PassingAway:ReiMu","floor":1.0},{"not_picked":["OrbThrow:ReiMu","SafetyPray:ReiMu"],"picked":"FineLineFantasy:ReiMu","floor":2.0},{"not_picked":["SafetyPray:ReiMu","LearningPray:ReiMu"],"picked":"DoubleButterfly:ReiMu","floor":4.0},{"not_picked":["Amulet:ReiMu","InherentArray:ReiMu"],"picked":"SubcavityFantasy:ReiMu","floor":5.0},{"not_picked":["Mountainwind:ReiMu","AlertArray:ReiMu"],"picked":"Enchanting:ReiMu","floor":12.0},{"not_picked":["CareerPray:ReiMu","WonderfulDomain:ReiMu"],"picked":"Conquer:ReiMu","floor":13.0},{"not_picked":["RainPray2:ReiMu","Amulet:ReiMu"],"picked":"LovePray:ReiMu","floor":14.0},{"not_picked":["SpreadBorder2:ReiMu","SealNeedle:ReiMu"],"picked":"AlertArray:ReiMu","floor":15},{"not_picked":["SubcavityInstant:ReiMu","PayForSelf:ReiMu"],"picked":"OrbThrow:ReiMu","floor":17}],"player_experience":1019600,"relics_obtained":[{"floor":9.0,"key":"hubris:SphereOfDissonance"},{"floor":10.0,"key":"HollowMod:LifeEnderRelic"},{"floor":14.0,"key":"Tea:ReiMu"}],"event_choices":[{"damage_healed":0.0,"max_hp_gain":0.0,"max_hp_loss":0.0,"gold_gain":0.0,"event_name":"Lab","player_choice":"Got Potions","floor":3.0,"gold_loss":0.0,"damage_taken":0.0},{"damage_healed":0.0,"max_hp_gain":0.0,"max_hp_loss":0.0,"gold_gain":75.0,"event_name":"World of Goop","player_choice":"Gather Gold","floor":7.0,"gold_loss":0.0,"damage_taken":11.0},{"damage_healed":0,"gold_gain":100,"player_choice":"Pray","damage_taken":0,"max_hp_gain":0,"max_hp_loss":0,"event_name":"Golden Shrine","floor":16,"gold_loss":0}],"is_beta":false,"boss_relics":[],"items_purged_floors":[11],"is_endless":false,"potions_floor_spawned":[1,2,14,17],"killed_by":"The Guardian","ascension_level":0}}