{"host":"mydft8i2zzydgggw","time":1611785972,"event":{"mods":["AchievementEnabler","BaseMod","BetterRewards","Colored Map","Colored Powertips","DeckTracker","Keyboard Shortcuts","Minty Spire (QoL Compilation)","Rare Cards Sparkle","StSLib","SuperFastMode","everything is the same but u backflip on backflip"],"gold_per_floor":[118,133,151,168,168,186,202,202,226,226,226,301,4,20,20,20,20],"floor_reached":16,"language":"KOR","playtime":211,"items_purged":["Defend_P"],"score":146,"play_id":"f6b700ee-094d-4e77-994d-2ac9b5f4f65e","local_time":"20210128071932","is_ascension_mode":true,"campfire_choices":[{"data":"Adaptation","floor":8,"key":"SMITH"},{"floor":15,"key":"REST"}],"circlet_count":0,"master_deck":["AscendersBane","Strike_P","Strike_P","Strike_P","Defend_P+1","Defend_P","Defend_P","Eruption+1","Vigilance+1","EmptyFist","Adaptation+1","FearNoEvil"],"relics":["PureWater","Juzu Bracelet","Oddly Smooth Stone"],"acts_visited":["Exordium"],"potions_floor_usage":[14,16],"damage_taken":[{"damage":0,"enemies":"Cultist","floor":1,"turns":3},{"damage":1,"enemies":"2 Louse","floor":2,"turns":3},{"damage":10,"enemies":"Jaw Worm","floor":3,"turns":4},{"damage":6,"enemies":"Exordium Wildlife","floor":4,"turns":3},{"damage":5,"enemies":"Blue Slaver","floor":6,"turns":4},{"damage":1,"enemies":"Looter","floor":7,"turns":4},{"damage":0,"enemies":"2 Fungi Beasts","floor":14,"turns":1},{"damage":50,"enemies":"The Guardian","floor":16,"turns":8}],"seed_played":"3311149556047724446","potions_obtained":[{"floor":2,"key":"Fire Potion"},{"floor":4,"key":"SkillPotion"}],"is_trial":false,"path_per_floor":["M","M","M","M","?","M","M","R","T","?","?","?","$","M","R","B"],"character_chosen":"WATCHER","items_purchased":["FearNoEvil","Oddly Smooth Stone"],"campfire_rested":1,"item_purchase_floors":[13,13],"current_hp_per_floor":[65,64,54,48,48,43,42,42,42,42,28,17,17,17,38,0,0],"gold":20,"neow_bonus":"REMOVE_CARD","is_daily":false,"chose_seed":false,"campfire_upgraded":1,"win_rate":0.0,"timestamp":1611785972,"path_taken":["M","M","?","M","?","?","M","R","T","?","?","?","$","M","R","BOSS"],"items_purchased_type":["Card","Relic"],"build_version":"2020-12-22","purchased_purges":1,"victory":false,"max_hp_per_floor":[72,72,72,72,72,72,72,72,72,72,72,72,72,72,72,72,72],"card_choices":[{"not_picked":["Halt","SignatureMove","BowlingBash"],"picked":"SKIP","floor":1},{"not_picked":["DeceiveReality","BowlingBash"],"picked":"EmptyFist","floor":2},{"not_picked":["DeceiveReality","Protect","BowlingBash"],"picked":"SKIP","floor":3},{"not_picked":["Fasting2","WreathOfFlame","ThirdEye"],"picked":"SKIP","floor":4},{"not_picked":["PathToVictory","Protect","Crescendo"],"picked":"SKIP","floor":6},{"not_picked":["ClearTheMind","Collect"],"picked":"Adaptation","floor":7},{"not_picked":["Nirvana","Collect","BowlingBash"],"picked":"SKIP","floor":14}],"player_experience":225165,"relics_obtained":[{"floor":9,"key":"Juzu Bracelet"}],"event_choices":[{"damage_healed":0,"gold_gain":0,"player_choice":"Upgraded","damage_taken":0,"max_hp_gain":0,"max_hp_loss":0,"event_name":"Upgrade Shrine","floor":5,"gold_loss":0,"cards_upgraded":["Eruption"]},{"damage_healed":0,"gold_gain":0,"player_choice":"Ignored","damage_taken":0,"max_hp_gain":0,"max_hp_loss":0,"event_name":"Liars Game","floor":10,"gold_loss":0},{"damage_healed":0,"gold_gain":0,"player_choice":"Entered Light","damage_taken":14,"max_hp_gain":0,"max_hp_loss":0,"event_name":"Shining Light","floor":11,"gold_loss":0,"cards_upgraded":["Defend_P","Vigilance"]},{"damage_healed":0,"gold_gain":75,"player_choice":"Gather Gold","damage_taken":11,"max_hp_gain":0,"max_hp_loss":0,"event_name":"World of Goop","floor":12,"gold_loss":0}],"is_beta":false,"boss_relics":[],"items_purged_floors":[13],"is_endless":false,"potions_floor_spawned":[2,4,7],"killed_by":"The Guardian","ascension_level":11}}