{"host":"gttgmv2wah99hzdm","time":1611788577,"event":{"mods":["AchievementEnabler","BaseMod","Bestiary","Block Reminder","Filter the Spire","Minty Spire (QoL Compilation)","Relic Stats","Weighted Paths","ojb\u0027s Info Mod"],"gold_per_floor":[115,115,27,46,64,64,99,99,99,99,111,143,143,67,67,144,144,161,0,50,50,64,93,93,113,189,203,203,203,203],"floor_reached":29,"language":"ENG","playtime":1475,"items_purged":[],"score":602,"play_id":"b07ab6e9-9290-46d5-92f9-a32471bb234c","local_time":"20210127170257","is_ascension_mode":true,"campfire_choices":[{"data":"Dagger Spray","floor":6,"key":"SMITH"},{"floor":8,"key":"REST"},{"data":"Blade Dance","floor":10,"key":"SMITH"},{"data":"Accuracy","floor":15,"key":"SMITH"},{"data":"Blade Dance","floor":24,"key":"SMITH"},{"floor":28,"key":"REST"}],"circlet_count":0,"master_deck":["AscendersBane","Strike_G","Strike_G","Strike_G","Strike_G","Defend_G","Defend_G","Defend_G","Defend_G","Defend_G","Survivor","Neutralize","Dagger Spray+1","Quick Slash","Terror","Leg Sweep","Blade Dance+1","Blade Dance+1","Accuracy+1","Corpse Explosion","Backflip","Blur","Dash","Parasite","Accuracy+1"],"relics":["Cursed Key","Turnip","Question Card","Runic Dome","Regal Pillow","Akabeko"],"acts_visited":["Exordium","TheCity"],"potions_floor_usage":[16,22,23,27],"damage_taken":[{"damage":0,"enemies":"Jaw Worm","floor":1,"turns":5},{"damage":0,"enemies":"Cultist","floor":4,"turns":3},{"damage":4,"enemies":"Small Slimes","floor":5,"turns":3},{"damage":39,"enemies":"Lagavulin","floor":7,"turns":12},{"damage":4,"enemies":"Exordium Wildlife","floor":11,"turns":3},{"damage":10,"enemies":"3 Sentries","floor":12,"turns":4},{"damage":0,"enemies":"Slime Boss","floor":16,"turns":5},{"damage":13,"enemies":"Chosen","floor":18,"turns":4},{"damage":0,"enemies":"3 Byrds","floor":22,"turns":2},{"damage":2,"enemies":"Slavers","floor":23,"turns":3},{"damage":22,"enemies":"Snecko","floor":25,"turns":5},{"damage":18,"enemies":"Sentry and Sphere","floor":27,"turns":6},{"damage":47,"enemies":"Gremlin Leader","floor":29,"turns":4}],"seed_played":"8945626577103326137","potions_obtained":[{"floor":7,"key":"BlessingOfTheForge"},{"floor":11,"key":"SpeedPotion"},{"floor":12,"key":"SteroidPotion"},{"floor":16,"key":"DuplicationPotion"},{"floor":22,"key":"SkillPotion"},{"floor":23,"key":"SkillPotion"}],"is_trial":false,"path_per_floor":["M","?","$","M","M","R","E","R","T","R","M","E","?","$","R","B",null,"M","$","?","$","M","E","R","M","T","M","R","E"],"character_chosen":"THE_SILENT","items_purchased":["Quick Slash","Terror","Accuracy","Regal Pillow"],"campfire_rested":2,"item_purchase_floors":[3,3,14,19],"current_hp_per_floor":[59,59,59,59,55,55,16,35,35,35,31,21,66,66,66,66,66,53,53,53,53,53,51,51,29,29,11,45,0,0],"gold":203,"neow_bonus":"BOSS_RELIC","is_daily":false,"chose_seed":false,"campfire_upgraded":4,"win_rate":0.0,"timestamp":1611788577,"path_taken":["M","?","?","M","M","R","E","R","T","R","?","E","?","?","R","BOSS","M","$","?","?","M","E","R","M","T","M","R","E"],"items_purchased_type":["Card","Card","Card","Relic"],"build_version":"2020-12-22","purchased_purges":0,"victory":false,"max_hp_per_floor":[66,66,66,66,66,66,66,66,66,66,66,66,66,66,66,66,66,66,66,66,66,66,66,66,66,66,66,66,66,66],"relic_stats":{"Regal Pillow":15,"counters":[13,59],"Turnip":[11],"Cursed Key":1,"Question Card":6,"obtain_stats":[{"Runic Dome":17,"Regal Pillow":19,"Turnip":7,"Cursed Key":0,"Question Card":12,"Akabeko":23,"Ring of the Snake":0},{"Runic Dome":7,"Regal Pillow":8,"Turnip":4,"Cursed Key":0,"Question Card":6,"Akabeko":10,"Ring of the Snake":0},{"Runic Dome":35,"Regal Pillow":39,"Turnip":23,"Cursed Key":0,"Question Card":30,"Akabeko":44,"Ring of the Snake":0}]},"card_choices":[{"not_picked":["Deflect","Heel Hook"],"picked":"Dagger Spray","floor":1},{"not_picked":["Cloak And Dagger","Concentrate","Dodge and Roll"],"picked":"SKIP","floor":4},{"not_picked":["Prepared","Slice"],"picked":"Leg Sweep","floor":5},{"not_picked":["Flying Knee","Finisher"],"picked":"Blade Dance","floor":7},{"not_picked":["Dodge and Roll","PiercingWail"],"picked":"All Out Attack","floor":11},{"not_picked":["Deflect","Slice"],"picked":"Blade Dance","floor":12},{"not_picked":["Wraith Form v2","After Image","A Thousand Cuts"],"picked":"Corpse Explosion","floor":16},{"not_picked":["Prepared","Bane","Well Laid Plans"],"picked":"Backflip","floor":18},{"not_picked":["Distraction","Terror","Dagger Spray"],"picked":"Blur","floor":22},{"not_picked":["Flechettes","Storm of Steel","Deadly Poison+1","Dagger Spray+1"],"picked":"SKIP","floor":23},{"not_picked":["Dodge and Roll","Dagger Throw","Slice"],"picked":"Dash","floor":25},{"not_picked":["Flying Knee","PiercingWail","Bouncing Flask"],"picked":"Accuracy+1","floor":27}],"player_experience":1078942,"relics_obtained":[{"floor":7,"key":"Turnip"},{"floor":12,"key":"Question Card"},{"floor":23,"key":"Akabeko"}],"event_choices":[{"cards_removed":["Strike_G"],"damage_healed":0,"gold_gain":0,"player_choice":"Purged","damage_taken":0,"max_hp_gain":0,"max_hp_loss":0,"event_name":"Purifier","floor":2,"gold_loss":0},{"cards_removed":["All Out Attack"],"damage_healed":45,"gold_gain":0,"player_choice":"Offered Uncommon","damage_taken":0,"max_hp_gain":0,"max_hp_loss":0,"event_name":"Bonfire Elementals","floor":13,"gold_loss":0},{"damage_healed":0,"gold_gain":50,"player_choice":"Pray","damage_taken":0,"max_hp_gain":0,"max_hp_loss":0,"event_name":"Golden Shrine","floor":20,"gold_loss":0}],"is_beta":false,"boss_relics":[{"not_picked":["Fusion Hammer","Coffee Dripper"],"picked":"Runic Dome"}],"items_purged_floors":[],"is_endless":false,"potions_floor_spawned":[7,11,12,16,22,23],"killed_by":"Gremlin Leader","ascension_level":20}}