{"host":"yq2wmfr0u0wuvxc0","time":1611787792,"event":{"mods":["Act Like it!","Aspiration","BaseMod","Curses Come First","Downfall","Friendly Minions","Gensokyo","Hubris","Infinite Spire","Marisa????????","Minty Spire (QoL Compilation)","Pale of the Ancients","Remilia??????","Shop Mod","Spicy Shops","StSLib","The Jungle","The Servant 0.9.4","Wide Potions"],"gold_per_floor":[116,127,127,142,67,93,93,112,112,123,153,169,187,187,187,288,288,304,321,321,321,336,336,354,354,377,411,429,0,0,0,0,101,101,119,219,219,234,250,275,275,291,364,364,30,43,43,58,58,161,161,167,167,166,161,163,163,163,163,188,188,190,173,173,48,48,112,112,109,109,98,98,98,98,98,98,98,93,93,93,99,99,99,182,182,175,175,201,187,187,173,173,176,200,200,45,25,25,319,319,339,339,345,342,342,342,342,364,373,373,400,411,27,29,29,31,31,96,96,100,100,81,69,69,69,69,69,121,145,145,55,55,38,38,99,99,81,81,0,11,11,25,25,25,25,25,78,78,50,50,62,170,182,194,206,216,250],"floor_reached":158,"language":"ZHS","playtime":7418,"items_purged":["Strike_S","Writhe","Injury","KidneyShot","Bouncing Flask","Glass Knife","Rearm+1","Moonlight+1","Unruled+1","Blur","Scrape+1"],"score":5181,"play_id":"297cdf64-f664-4a65-84e7-0fa37865997f","local_time":"20210127144952","is_ascension_mode":true,"campfire_choices":[{"data":"Defy","floor":7.0,"key":"SMITH"},{"data":"LightFlow","floor":15.0,"key":"SMITH"},{"data":"Leg Sweep","floor":23.0,"key":"SMITH"},{"floor":25.0,"key":"REST"},{"floor":32.0,"key":"REST"},{"data":"SpecialFormula","floor":41.0,"key":"SMITH"},{"data":"Duplication","floor":44.0,"key":"SMITH"},{"data":"RealityMarble","floor":49.0,"key":"SMITH"},{"data":"MoonPhase","floor":57.0,"key":"SMITH"},{"data":"WasteNot","floor":59.0,"key":"SMITH"},{"data":"Unruled","floor":61.0,"key":"SMITH"},{"data":"Embodiment","floor":66.0,"key":"SMITH"},{"data":"infinitespire:Execution","floor":74.0,"key":"SMITH"},{"data":"Scrape","floor":79.0,"key":"SMITH"},{"data":"Night Terror","floor":83.0,"key":"SMITH"},{"data":"Gensokyo:ShootingStar","floor":92.0,"key":"SMITH"},{"data":"Gensokyo:PrivateSquare","floor":95.0,"key":"SMITH"},{"data":"Reprogram","floor":100.0,"key":"SMITH"},{"data":"hubris:Rewind","floor":117.0,"key":"SMITH"},{"data":"MoonPhase","floor":125.0,"key":"SMITH"},{"data":"Echo Form","floor":127.0,"key":"SMITH"},{"floor":134.0,"key":"RECALL"},{"floor":144.0,"key":"REST"},{"data":"infinitespire:NeuralNetwork","floor":146.0,"key":"SMITH"},{"data":"Madness","floor":151,"key":"SMITH"},{"data":"Madness","floor":154,"key":"SMITH"}],"circlet_count":0,"master_deck":["Exchange+1","WasteNot+1","Defy+1","BestPractice+1","LightFlow+1","BottledTime+1","FlawlessForm","BottledTime+1","Initiator+1","Hightail+1","hubris:Fate+1","Duplication+1","MoonPhase+1","SpecialFormula+1","Shuttle+1","Embodiment+1","MoonPhase+1","Reprogram+1","infinitespire:Execution+1","SoulSculpture+1","Gensokyo:ShootingStar+1","Gensokyo:PrivateSquare+1","Recycle+1","infinitespire:Gouge","Meteor Strike","hubris:Rewind+1","infinitespire:NeuralNetwork+1","Echo Form+1","Core Surge","Bandage Up","MoonPhase+1","SpecialFormula","Madness+1","Madness+1"],"relics":["Uniform","NeowsBlessing","PreservedInsect","infinitespire:WardingShard","MysterySword","aspiration:TrustyKnives","Bronze Scales","Philosopher\u0027s Stone","Unceasing Top","Du-Vu Doll","Pear","Strange Spoon","hubris:Backtick","aspiration:HatOfInfinitePower","hubris:TinFlute","Vajra","Potion Belt","Blood Vial","Gensokyo:YoukaiFlower","aspiration:DefectSkillbook","hubris:Towel","Gensokyo:ChorusOfJoy","Juzu Bracelet","SplendidAttire","Gensokyo:RedStar","hubris:ToyBattleship","Lizard Tail","infinitespire:Beetle Shell","hubris:TerracottaHorce","War Paint","Mummified Hand","hubris:DeckOfHolding","hubris:Stopwatch","Pocketwatch","Bird Faced Urn","Question Card","infinitespire:PuzzleCube","hubris:SlimyHat","Lantern","Membership Card","infinitespire:ShieldingShard","aspiration:TomeofQuesting","aspiration:PoetsPen_weak","Ginger","Happy Flower","Ancient Tea Set","theJungle:ParSnip","aspiration:Nostalgia","Ring of the Snake","SacredBark","Red Mask","Gremlin Horn","aspiration:FaultyCoupler","aspiration:Lifesprig","aspiration:ChemicalBlood","Blue Candle","MawBank","Empty Cage","CaptainsWheel"],"acts_visited":["Gensokyo:Gensokyo","Gensokyo:Gensokyoer","TheBeyond","Gensokyo:Gensokyo","Gensokyo:Gensokyoer","Gensokyo:Gensokyoest","Exordium","Exordium","TheBeyond","TheEnding"],"potions_floor_usage":[157,157,157],"damage_taken":[{"damage":0.0,"enemies":"Gensokyo:Python","floor":1.0,"turns":1.0},{"damage":0.0,"enemies":"Gensokyo:2_Kodama","floor":2.0,"turns":1.0},{"damage":0.0,"enemies":"Gensokyo:Gryphon","floor":4.0,"turns":1.0},{"damage":22.0,"enemies":"Gensokyo:Aya","floor":6.0,"turns":7.0},{"damage":4.0,"enemies":"Gensokyo:Kitsune","floor":8.0,"turns":3.0},{"damage":4.0,"enemies":"Gensokyo:CorruptedTreant","floor":10.0,"turns":4.0},{"damage":0.0,"enemies":"Gensokyo:Mamizou","floor":11.0,"turns":5.0},{"damage":0.0,"enemies":"Gensokyo:VengefulSpirit","floor":12.0,"turns":2.0},{"damage":0.0,"enemies":"Gensokyo:2_Rabbits","floor":13.0,"turns":4.0},{"damage":6.0,"enemies":"Gensokyo:Yukari","floor":16.0,"turns":9.0},{"damage":14.0,"enemies":"Gensokyo:3_Dogs","floor":18.0,"turns":5.0},{"damage":6.0,"enemies":"Gensokyo:AngelMirror","floor":19.0,"turns":4.0},{"damage":17.0,"enemies":"Gensokyo:3_Gloops","floor":22.0,"turns":5.0},{"damage":0.0,"enemies":"Gensokyo:Wraith","floor":24.0,"turns":5.0},{"damage":2.0,"enemies":"Gensokyo:Koishi","floor":27.0,"turns":6.0},{"damage":17.0,"enemies":"Gensokyo:Slime_Group","floor":28.0,"turns":7.0},{"damage":0.0,"enemies":"Gensokyo:Eiki","floor":33.0,"turns":9.0},{"damage":0.0,"enemies":"3 Darklings","floor":35.0,"turns":5.0},{"damage":0.0,"enemies":"infinitespire:Three Voidlings","floor":36.0,"turns":5.0},{"damage":13.0,"enemies":"Nightmare_Alpha","floor":36.0,"turns":9.0},{"damage":0.0,"enemies":"Orb Walker","floor":38.0,"turns":2.0},{"damage":21.0,"enemies":"Jaw Worm Horde","floor":39.0,"turns":3.0},{"damage":0.0,"enemies":"Nightmare","floor":40.0,"turns":5.0},{"damage":0.0,"enemies":"Spire Growth","floor":42.0,"turns":3.0},{"damage":0.0,"enemies":"3 Darklings","floor":46.0,"turns":4.0},{"damage":0.0,"enemies":"Writhing Mass","floor":48.0,"turns":5.0},{"damage":0.0,"enemies":"Donu and Deca","floor":50.0,"turns":8.0},{"damage":0.0,"enemies":"Gensokyo:Python","floor":52.0,"turns":2.0},{"damage":0.0,"enemies":"Gensokyo:2_Kodama","floor":54.0,"turns":3.0},{"damage":0.0,"enemies":"Gensokyo:Gryphon","floor":55.0,"turns":3.0},{"damage":0.0,"enemies":"Gensokyo:LivingMonolith","floor":56.0,"turns":3.0},{"damage":7.0,"enemies":"Gensokyo:Kitsune","floor":62.0,"turns":2.0},{"damage":23.0,"enemies":"Nightmare","floor":63.0,"turns":8.0},{"damage":13.0,"enemies":"Gensokyo:Yukari","floor":67.0,"turns":4.0},{"damage":0.0,"enemies":"Gensokyo:2_Gloops","floor":69.0,"turns":2.0},{"damage":0.0,"enemies":"Gensokyo:CosmicMonolith","floor":71.0,"turns":3.0},{"damage":0.0,"enemies":"Gensokyo:Swordslinger","floor":78.0,"turns":2.0},{"damage":0.0,"enemies":"Gensokyo:Slime_Group","floor":80.0,"turns":2.0},{"damage":36.0,"enemies":"Gensokyo:Koishi","floor":81.0,"turns":3.0},{"damage":0.0,"enemies":"Gensokyo:Eiki","floor":84.0,"turns":2.0},{"damage":0.0,"enemies":"Gensokyo:3_Boulders","floor":86.0,"turns":2.0},{"damage":0.0,"enemies":"Gensokyo:AncientGuardian","floor":89.0,"turns":2.0},{"damage":0.0,"enemies":"Gensokyo:Marisa","floor":91.0,"turns":4.0},{"damage":0.0,"enemies":"Gensokyo:Kasen","floor":93.0,"turns":2.0},{"damage":0.0,"enemies":"Gensokyo:3_Boulders","floor":97.0,"turns":3.0},{"damage":0.0,"enemies":"Gensokyo:Rafflesia","floor":99.0,"turns":4.0},{"damage":0.0,"enemies":"Gensokyo:Shinki","floor":101.0,"turns":11.0},{"damage":0.0,"enemies":"Jaw Worm","floor":103.0,"turns":1.0},{"damage":0.0,"enemies":"Cultist","floor":104.0,"turns":2.0},{"damage":0.0,"enemies":"Gremlin Nob","floor":108.0,"turns":2.0},{"damage":15.0,"enemies":"Small Slimes","floor":109.0,"turns":1.0},{"damage":0.0,"enemies":"Looter","floor":112.0,"turns":1.0},{"damage":0.0,"enemies":"2 Fungi Beasts","floor":114.0,"turns":1.0},{"damage":0.0,"enemies":"3 Sentries","floor":116.0,"turns":2.0},{"damage":0.0,"enemies":"The Guardian","floor":118.0,"turns":3.0},{"damage":0.0,"enemies":"theJungle:GiantWrat","floor":120.0,"turns":1.0},{"damage":0.0,"enemies":"theJungle:5_Spyders","floor":122.0,"turns":3.0},{"damage":0.0,"enemies":"theJungle:Lyon","floor":123.0,"turns":3.0},{"damage":0.0,"enemies":"Nightmare","floor":129.0,"turns":1.0},{"damage":0.0,"enemies":"theJungle:JungleHuntersEncounter","floor":133.0,"turns":2.0},{"damage":2.0,"enemies":"theJungle:TotemBoss","floor":135.0,"turns":5.0},{"damage":11.0,"enemies":"3 Shapes","floor":137.0,"turns":3.0},{"damage":31.0,"enemies":"Orb Walker","floor":140.0,"turns":2.0},{"damage":0.0,"enemies":"Reptomancer","floor":142.0,"turns":2.0},{"damage":0.0,"enemies":"3 Darklings","floor":149.0,"turns":3.0},{"damage":0,"enemies":"infinitespire:LordOfFortification","floor":152,"turns":1},{"damage":0,"enemies":"Shield and Spear","floor":156,"turns":3},{"damage":0,"enemies":"The Heart","floor":157,"turns":8}],"seed_played":"-6559766006845001749","potions_obtained":[{"floor":1.0,"key":"Strength Potion"},{"floor":4.0,"key":"EntropicBrew"},{"floor":6.0,"key":"PowerPotion"},{"floor":12.0,"key":"Energy Potion"},{"floor":13.0,"key":"Fire Potion"},{"floor":19.0,"key":"AttackPotion"},{"floor":24.0,"key":"SteroidPotion"},{"floor":27.0,"key":"BlessingOfTheForge"},{"floor":36.0,"key":"SpeedPotion"},{"floor":38.0,"key":"Regen Potion"},{"floor":42.0,"key":"Fire Potion"},{"floor":50.0,"key":"Dexterity Potion"},{"floor":55.0,"key":"Fruit Juice"},{"floor":62.0,"key":"EssenceOfSteel"},{"floor":63.0,"key":"AttackPotion"},{"floor":69.0,"key":"Fire Potion"},{"floor":78.0,"key":"Weak Potion"},{"floor":81.0,"key":"LiquidBronze"},{"floor":84.0,"key":"Fire Potion"},{"floor":89.0,"key":"Regen Potion"},{"floor":97.0,"key":"EssenceOfSteel"},{"floor":114.0,"key":"Slimebound:ThreeZeroPotion"},{"floor":140.0,"key":"PowerPotion"},{"floor":142.0,"key":"Fire Potion"},{"floor":157,"key":"SpeedPotion"}],"is_trial":false,"path_per_floor":["M","M","?","M","$","E","R","M","T","M","E","M","M","?","R","B",null,"M","M","?","?","M","R","M","R","T","E","M","?","?","$","R","B",null,"M","?","?","M","M","NM","R","M","T","R","$","M","?","M","R","B",null,"M","T","M","M","M","R","?","R","T","R","M","NM","?","$","R","B",null,"M","?","M","?","AVR","R","?","T","T","M","R","M","E","?","R","B",null,"M","?","T","M","?","E","R","E","T","R","COS","M","?","M","R","B",null,"M","M","?","?","AVR","E","M","?","T","M","$","M","?","E","R","B",null,"M","?","M","M","$","R","?","R","T","NM","?","?","AVR","M","R","B",null,"M","?","?","M","?","E","$","R","T","R","T","?","M","AVR","R","B",null,"R","$","E","B",null],"character_chosen":"THE_SERVANT","items_purchased":["Strange Spoon","RealityMarble","Membership Card","Echo Form","infinitespire:ShieldingShard","aspiration:FaultyCoupler"],"campfire_rested":3,"item_purchase_floors":[45,45,113,113,113,143],"current_hp_per_floor":[65,65,65,65,65,43,43,39,39,35,35,35,35,35,35,29,65,51,45,45,45,28,28,28,47,47,45,28,28,28,28,47,47,65,65,52,52,52,40,40,40,56,66,66,66,74,74,75,75,75,75,75,75,75,87,87,87,87,87,87,87,80,87,87,87,87,82,87,87,87,87,87,87,87,87,87,87,87,87,87,51,43,43,87,87,87,87,87,87,87,87,87,87,87,87,87,87,66,68,68,86,87,87,87,87,87,87,87,72,60,60,68,68,76,97,97,97,97,97,97,97,97,97,97,97,97,97,97,97,97,97,97,97,97,97,97,93,81,81,68,68,82,46,75,75,75,75,70,97,97,97,97,97,97,97,97,97],"gold":262,"neow_bonus":"THREE_ENEMY_KILL","is_daily":false,"chose_seed":false,"campfire_upgraded":22,"win_rate":0.0,"timestamp":1611787792,"path_taken":["M","M","?","?","?","E","R","M","T","M","E","M","?","?","R","BOSS","M","M","?","?","M","R","M","R","T","E","M","?","?","?","R","BOSS","M","?","?","?","M","NM","R","M","T","R","$","M","?","M","R","BOSS","M","?","M","?","M","R","?","R","T","R","M","NM","?","?","R","BOSS","M","?","M","?","AVR","R","?","?","T","M","R","M","E","?","R","BOSS","M","?","?","M","?","E","R","E","T","R","COS","M","?","M","R","BOSS","M","M","?","?","AVR","E","M","?","T","M","$","M","?","E","R","BOSS","M","?","M","M","$","R","?","R","T","NM","?","?","AVR","M","R","BOSS","M","?","?","M","?","E","?","R","T","R","?","?","M","AVR","R","BOSS","R","$","E","BOSS"],"items_purchased_type":["Relic","Card","Relic","Card","Relic","Relic"],"build_version":"2020-12-22","purchased_purges":11,"victory":true,"max_hp_per_floor":[65,65,65,65,65,65,65,65,65,65,65,65,65,65,65,65,65,65,65,65,65,65,65,65,65,65,65,65,65,65,65,65,65,65,65,65,65,65,65,65,65,65,75,75,75,75,75,75,75,75,75,75,75,75,87,87,87,87,87,87,87,87,87,87,87,87,87,87,87,87,87,87,87,87,87,87,87,87,87,87,87,87,87,87,87,87,87,87,87,87,87,87,87,87,87,87,87,87,87,87,87,87,87,87,87,87,87,87,87,87,87,87,87,87,97,97,97,97,97,97,97,97,97,97,97,97,97,97,97,97,97,97,97,97,97,97,97,97,97,97,97,97,97,97,97,97,97,97,97,97,97,97,97,97,97,97,97],"card_choices":[{"not_picked":["ShatteredReality","SilverBlades"],"picked":"WasteNot","floor":1.0},{"not_picked":["Ricochet","Replace"],"picked":"Moonlight","floor":2.0},{"not_picked":["Barrier","Sabotage"],"picked":"DoubleEdge","floor":4.0},{"not_picked":["Luminosity","FastForward"],"picked":"Defy","floor":6.0},{"not_picked":["TimeWarp","FastForward"],"picked":"BestPractice","floor":8.0},{"not_picked":["Moondial","Barrier"],"picked":"Rearm","floor":10.0},{"not_picked":["FastForward","FanOfKnives"],"picked":"LightFlow","floor":11.0},{"not_picked":["Starlight","DoubleEdge","Potential"],"picked":"BottledTime","floor":12.0},{"not_picked":["Unruled","ShatteredReality","Rewind","GearUp"],"picked":"SKIP","floor":13.0},{"not_picked":["Unruled","ShatteredReality","Rewind","GearUp"],"picked":"SKIP","floor":13.0},{"not_picked":["Deny","ForgedInTime","Dilation"],"picked":"FlawlessForm","floor":16.0},{"not_picked":["DoubleEdge","TimeWarp","Unruled"],"picked":"Contraction","floor":18.0},{"not_picked":["Replace+1","Defy","Foresight"],"picked":"BottledTime+1","floor":19.0},{"not_picked":["GearUp","Unruled","Rewind"],"picked":"SKIP","floor":22.0},{"not_picked":["BestPractice+1","TimeWarp+1","Replace"],"picked":"SKIP","floor":24.0},{"not_picked":["Alleviate","Advance","KillingDoll"],"picked":"SKIP","floor":27.0},{"not_picked":["ShatteredReality","ShiftingGears"],"picked":"FastForward","floor":28.0},{"not_picked":["Deny","PendulumOfEternity"],"picked":"Initiator","floor":33.0},{"not_picked":["Replace+1","Potential+1"],"picked":"Hightail+1","floor":35.0},{"not_picked":["infinitespire:SevenWalls","infinitespire:Oblivion"],"picked":"hubris:Fate","floor":36.0},{"not_picked":["Alleviate+1","Read"],"picked":"Duplication","floor":38.0},{"not_picked":["Revamp+1","ShatteredReality"],"picked":"MoonPhase+1","floor":39.0},{"not_picked":["Luminosity+1","FanOfKnives"],"picked":"SpecialFormula","floor":40.0},{"not_picked":["Foresight","Ricochet","FanOfKnives"],"picked":"SKIP","floor":42.0},{"not_picked":["RealityMarble+1","Rewind"],"picked":"Shuttle","floor":46.0},{"not_picked":["Moonlight","Replace","RealityMarble"],"picked":"SKIP","floor":48.0},{"not_picked":["TrueSight","ForgedInTime"],"picked":"Embodiment","floor":50.0},{"not_picked":["BottledTime","Replace"],"picked":"MoonPhase","floor":52.0},{"not_picked":["DoubleEdge","ShiftingGears","Revamp"],"picked":"SKIP","floor":54.0},{"not_picked":["Revamp","Shuttle"],"picked":"Unruled","floor":55.0},{"not_picked":["BottledTime","Manipulate","Defy"],"picked":"SKIP","floor":56.0},{"not_picked":["Misdirection","ShatteredReality","Read"],"picked":"SKIP","floor":62.0},{"not_picked":["Rewind","Sabotage","Potential"],"picked":"SKIP","floor":63.0},{"not_picked":["Desolation","Cold Snap","Gash"],"picked":"Reprogram","floor":69.0},{"not_picked":["Beam Cell","Comet","Rearm+1"],"picked":"Scrape","floor":71.0},{"not_picked":["Barrage+1","Potential","Conserve Battery","Luminosity"],"picked":"SKIP","floor":78.0},{"not_picked":["BootSequence","Darkness","Rebound+1","Ball Lightning"],"picked":"SKIP","floor":80.0},{"not_picked":["Gouge","Barrier+1","Cold Snap+1"],"picked":"SoulSculpture","floor":81.0},{"not_picked":[],"picked":"Gensokyo:ShootingStar","floor":84.0},{"not_picked":["FastForward+1","Replace","BottledTime+1"],"picked":"StarChef+1","floor":86.0},{"not_picked":["SurpressingFire","Replace","Steam Power+1","FanOfKnives"],"picked":"SKIP","floor":89.0},{"not_picked":["Defy+1","hubris:Ukulele+1","Beam Cell+1","Turbo+1"],"picked":"SKIP","floor":91.0},{"not_picked":["Starlight","Manipulate+1","Conserve Battery","TimeWarp"],"picked":"SKIP","floor":93.0},{"not_picked":["Lockon","Go for the Eyes+1","Conserve Battery"],"picked":"Recycle+1","floor":97.0},{"not_picked":["infinitespire:SevenWalls","infinitespire:Oblivion"],"picked":"infinitespire:Gouge","floor":98.0},{"not_picked":["Hologram","Defy","Conserve Battery","Beam Cell+1"],"picked":"SKIP","floor":99.0},{"not_picked":["TrueSight","Seek","Sunlight"],"picked":"Meteor Strike","floor":101.0},{"not_picked":["White Noise","Turbo","BestPractice","Starlight"],"picked":"SKIP","floor":103.0},{"not_picked":["Rebound","Foresight","Heatsinks","Stack"],"picked":"SKIP","floor":104.0},{"not_picked":["infinitespire:SealOfDarkness+","infinitespire:Fortify"],"picked":"infinitespire:NeuralNetwork","floor":107.0},{"not_picked":["Steam","Replace","Aggregate","Starlight"],"picked":"SKIP","floor":108.0},{"not_picked":["Desolation","Rebound","Luminosity","Potential","RealityMarble"],"picked":"SKIP","floor":109.0},{"not_picked":["Barrier","Defy","FastForward","Redo","Potential"],"picked":"SKIP","floor":112.0},{"not_picked":["Ball Lightning","Reset","ShatteredReality","Contraction","FastForward"],"picked":"SKIP","floor":114.0},{"not_picked":["Revamp","Skim","Defy","Rewind","Hello World"],"picked":"SKIP","floor":116.0},{"not_picked":["MurderousAura","Meteor Strike","All For One","TheWorld"],"picked":"Core Surge","floor":118.0},{"not_picked":["BottledTime+1","Barrage","Replace","Redo","Undo"],"picked":"SKIP","floor":120.0},{"not_picked":["Replace+1","ShatteredReality","Barrage","Dilation","Lockon+1"],"picked":"SKIP","floor":122.0},{"not_picked":["Misdirection","Replace","Desolation","Sabotage+1"],"picked":"MoonPhase","floor":123.0},{"not_picked":["Hologram","BottledTime+1","Rebound+1","Comet+1","Defragment"],"picked":"SKIP","floor":129.0},{"not_picked":["Turbo","Replace","MurderousAura","TimeTheft","Rearm"],"picked":"SKIP","floor":133.0},{"not_picked":["Solidify","Hologram","TimeWarp","Leap"],"picked":"SpecialFormula","floor":137.0},{"not_picked":["Streamline","BottledTime","Rearm","Reinforced Body+1","Sweeping Beam"],"picked":"SKIP","floor":140.0},{"not_picked":["Static Discharge","Alleviate","Redo","Ball Lightning+1","ShatteredReality"],"picked":"SKIP","floor":142.0},{"not_picked":["Turbo","Stack+1","Unruled+1","DoubleEdge+1","TimeWarp"],"picked":"SKIP","floor":149.0},{"not_picked":["Streamline+1","White Noise+1","Duplication","Stack","Potential+1"],"picked":"SKIP","floor":156}],"player_experience":271878,"relics_obtained":[{"floor":6.0,"key":"PreservedInsect"},{"floor":9.0,"key":"infinitespire:WardingShard"},{"floor":11.0,"key":"Question Card"},{"floor":26.0,"key":"aspiration:TrustyKnives"},{"floor":27.0,"key":"Bronze Scales"},{"floor":36.0,"key":"Unceasing Top"},{"floor":40.0,"key":"Du-Vu Doll"},{"floor":43.0,"key":"Pear"},{"floor":53.0,"key":"hubris:TinFlute"},{"floor":60.0,"key":"Potion Belt"},{"floor":63.0,"key":"Blood Vial"},{"floor":76.0,"key":"hubris:ToyBattleship"},{"floor":77.0,"key":"Lizard Tail"},{"floor":81.0,"key":"infinitespire:Beetle Shell"},{"floor":88.0,"key":"War Paint"},{"floor":91.0,"key":"Mummified Hand"},{"floor":93.0,"key":"hubris:DeckOfHolding"},{"floor":108.0,"key":"Question Card"},{"floor":111.0,"key":"hubris:SlimyHat"},{"floor":116.0,"key":"aspiration:TomeofQuesting"},{"floor":128.0,"key":"Happy Flower"},{"floor":129.0,"key":"Ancient Tea Set"},{"floor":142.0,"key":"Gremlin Horn"},{"floor":145.0,"key":"aspiration:Lifesprig"},{"floor":147.0,"key":"aspiration:ChemicalBlood"},{"floor":156,"key":"CaptainsWheel"}],"event_choices":[{"damage_healed":0.0,"max_hp_gain":0.0,"max_hp_loss":0.0,"gold_gain":0.0,"event_name":"Upgrade Shrine","player_choice":"Upgraded","floor":37.0,"gold_loss":0.0,"damage_taken":0.0,"cards_upgraded":["Initiator"]},{"damage_healed":0.0,"max_hp_gain":0.0,"max_hp_loss":0.0,"gold_gain":0.0,"event_name":"Upgrade Shrine","player_choice":"Upgraded","floor":47.0,"gold_loss":0.0,"damage_taken":0.0,"cards_upgraded":["Shuttle"]},{"cards_removed":["Pride"],"damage_healed":0.0,"max_hp_gain":0.0,"max_hp_loss":0.0,"gold_gain":0.0,"event_name":"Fountain of Cleansing","player_choice":"Removed Curses","floor":105.0,"gold_loss":0.0,"damage_taken":0.0},{"damage_healed":0.0,"max_hp_gain":0.0,"max_hp_loss":0.0,"gold_gain":0.0,"event_name":"Upgrade Shrine","player_choice":"Upgraded","floor":106.0,"gold_loss":0.0,"damage_taken":0.0,"cards_upgraded":["SoulSculpture"]},{"damage_healed":0.0,"max_hp_gain":0.0,"max_hp_loss":0.0,"gold_gain":0.0,"event_name":"Scrap Ooze","player_choice":"Success","floor":110.0,"gold_loss":0.0,"damage_taken":12.0,"relics_obtained":["infinitespire:PuzzleCube"]},{"cards_removed":["Night Terror"],"damage_healed":11.0,"max_hp_gain":10.0,"max_hp_loss":0.0,"gold_gain":0.0,"event_name":"Bonfire Elementals","player_choice":"Offered Rare","floor":115.0,"gold_loss":0.0,"damage_taken":0.0},{"damage_healed":0.0,"max_hp_gain":0.0,"max_hp_loss":0.0,"gold_gain":0.0,"event_name":"Match and Keep!","player_choice":"1 cards matched","floor":121.0,"gold_loss":0.0,"damage_taken":0.0,"cards_obtained":["Bandage Up"]},{"cards_removed":["Contraction"],"damage_healed":0.0,"max_hp_gain":0.0,"max_hp_loss":0.0,"gold_gain":0.0,"event_name":"WeMeetAgain","player_choice":"Gave Card","floor":126.0,"gold_loss":0.0,"damage_taken":0.0,"relics_obtained":["Ginger"]},{"damage_healed":0.0,"max_hp_gain":0.0,"max_hp_loss":0.0,"gold_gain":0.0,"event_name":"Winding Halls","player_choice":"Embrace Madness","floor":138.0,"gold_loss":0.0,"damage_taken":12.0,"cards_obtained":["Madness","Madness"]},{"damage_healed":0.0,"max_hp_gain":0.0,"max_hp_loss":0.0,"gold_gain":0.0,"event_name":"Tomb of Lord Red Mask","player_choice":"Paid","floor":139.0,"gold_loss":81.0,"damage_taken":0.0,"relics_obtained":["Red Mask"]},{"cards_removed":["StarChef"],"damage_healed":0.0,"max_hp_gain":0.0,"max_hp_loss":0.0,"gold_gain":0.0,"event_name":"Falling","player_choice":"Removed Power","floor":141.0,"gold_loss":0.0,"damage_taken":0.0}],"is_beta":false,"boss_relics":[{"not_picked":["Calling Bell","Runic Pyramid"],"picked":"MysterySword"},{"not_picked":["Runic Dome","aspiration:RunicSpoon"],"picked":"Philosopher\u0027s Stone"},{"not_picked":["hubris:RunicObelisk","Astrolabe"],"picked":"hubris:Backtick"},{"not_picked":["Velvet Choker","Sozu"],"picked":"aspiration:DefectSkillbook"},{"not_picked":["Cursed Key","hubris:GrandSneckoEye"],"picked":"hubris:TerracottaHorce"},{"not_picked":["Snecko Eye","hubris:VirtuousBlindfold"],"picked":"hubris:Stopwatch"},{"not_picked":["Tiny House","Sozu"],"picked":"aspiration:PoetsPen_weak"},{"not_picked":["hubris:HollowSoul","hubris:VirtuousBlindfold"],"picked":"SacredBark"},{"not_picked":["hubris:GrandSneckoEye","infinitespire:Cupcake","hubris:BlackHole"]}],"items_purged_floors":[5,45,65,73,107,113,132,143,143,143,150],"is_endless":true,"potions_floor_spawned":[1,4,6,10,12,13,19,24,27,36,38,42,50,55,62,63,69,78,81,84,89,97,114,116,120,122,129,140,142,157],"ascension_level":5}}