{"host":"0kk91h4bq4kgfj0u","time":1611708663,"event":{"mods":["BaseMod","Minty Spire (QoL Compilation)","StSLib"],"gold_per_floor":[210,210,229,248,248,248,92,40,63,77,90,106,106,123,123,223,273,285,314,327,327,43,43,76,92,118,151,170,170,170,195,195,300,300,313,323,323,545,555,555,569,569,569,589,599,599,615,630,630,630,630],"floor_reached":50,"language":"ENG","playtime":1790,"items_purged":[],"score":704,"play_id":"45a4e6f6-d808-4431-a943-09e2a3846e4a","local_time":"20210126195103","is_ascension_mode":true,"campfire_choices":[{"data":"Blade Dance","floor":6.0,"key":"SMITH"},{"floor":15.0,"key":"REST"},{"floor":23.0,"key":"REST"},{"floor":30.0,"key":"REST"},{"floor":32.0,"key":"REST"},{"floor":40.0,"key":"REST"},{"floor":46,"key":"REST"},{"floor":49,"key":"REST"}],"circlet_count":0,"master_deck":["Strike_G","Strike_G","Strike_G","Strike_G+1","Strike_G+1","Defend_G","Defend_G","Defend_G","Defend_G","Defend_G","Survivor","Neutralize","Dash","Dagger Spray+1","Blade Dance+1","Slice","Backstab","Blade Dance","Backflip","Adrenaline","Flying Knee","Deflect","Footwork","Cloak And Dagger","Neutralize","Dagger Spray","Noxious Fumes","Infinite Blades","Infinite Blades","Slice","Distraction","Envenom","Prepared","Dramatic Entrance","Blade Dance","Parasite","After Image","Sucker Punch+1","Dagger Throw"],"relics":["Ring of the Snake","CaptainsWheel","Bag of Preparation","PreservedInsect","MealTicket","Tiny House","Red Mask","Mummified Hand","Happy Flower","Bronze Scales","Lantern","Ancient Tea Set","Toy Ornithopter","WristBlade","Shuriken"],"acts_visited":["Exordium","TheCity","TheBeyond"],"potions_floor_usage":[45,45,48],"damage_taken":[{"damage":0.0,"enemies":"Cultist","floor":1.0,"turns":3.0},{"damage":4.0,"enemies":"Jaw Worm","floor":3.0,"turns":4.0},{"damage":0.0,"enemies":"Small Slimes","floor":4.0,"turns":3.0},{"damage":3.0,"enemies":"Blue Slaver","floor":10.0,"turns":4.0},{"damage":6.0,"enemies":"Gremlin Gang","floor":11.0,"turns":3.0},{"damage":14.0,"enemies":"Large Slime","floor":12.0,"turns":6.0},{"damage":0.0,"enemies":"3 Louse","floor":14.0,"turns":2.0},{"damage":29.0,"enemies":"Slime Boss","floor":16.0,"turns":9.0},{"damage":9.0,"enemies":"Shell Parasite","floor":18.0,"turns":5.0},{"damage":9.0,"enemies":"Masked Bandits","floor":19.0,"turns":4.0},{"damage":0.0,"enemies":"3 Byrds","floor":20.0,"turns":5.0},{"damage":15.0,"enemies":"Book of Stabbing","floor":24.0,"turns":5.0},{"damage":11.0,"enemies":"Centurion and Healer","floor":25.0,"turns":7.0},{"damage":8.0,"enemies":"Slavers","floor":27.0,"turns":4.0},{"damage":8.0,"enemies":"3 Cultists","floor":28.0,"turns":5.0},{"damage":0.0,"enemies":"Gremlin Leader","floor":31.0,"turns":4.0},{"damage":39.0,"enemies":"Collector","floor":33.0,"turns":10.0},{"damage":33.0,"enemies":"3 Shapes","floor":35.0,"turns":3.0},{"damage":10.0,"enemies":"3 Darklings","floor":36.0,"turns":3.0},{"damage":11.0,"enemies":"4 Shapes","floor":39.0,"turns":2.0},{"damage":20.0,"enemies":"Spire Growth","floor":41.0,"turns":3.0},{"damage":3.0,"enemies":"Writhing Mass","floor":44.0,"turns":5.0},{"damage":19,"enemies":"Maw","floor":45,"turns":4},{"damage":24,"enemies":"Transient","floor":47,"turns":5},{"damage":0,"enemies":"Spire Growth","floor":48,"turns":3},{"damage":57,"enemies":"Awakened One","floor":50,"turns":6}],"seed_played":"143006812454654989","potions_obtained":[{"floor":1.0,"key":"SmokeBomb"},{"floor":3.0,"key":"SteroidPotion"},{"floor":4.0,"key":"SkillPotion"},{"floor":10.0,"key":"Weak Potion"},{"floor":27.0,"key":"EntropicBrew"},{"floor":31.0,"key":"AttackPotion"},{"floor":33.0,"key":"Strength Potion"},{"floor":36.0,"key":"BlessingOfTheForge"},{"floor":39.0,"key":"Explosive Potion"},{"floor":47,"key":"Regen Potion"}],"is_trial":false,"path_per_floor":["M","T","M","M","?","R","$","$","T","M","M","M","?","M","R","B",null,"M","?","M","?","$","R","E","M","T","E","M","?","R","E","R","B",null,"M","M","?","?","M","R","M","?","T","M","M","R","M","M","R","B"],"character_chosen":"THE_SILENT","items_purchased":["PreservedInsect","Slice","Noxious Fumes","Mummified Hand"],"campfire_rested":7,"item_purchase_floors":[7,8,22,22],"current_hp_per_floor":[70,70,66,66,54,54,54,54,54,51,45,31,17,17,38,9,60,51,42,42,42,57,75,60,49,49,41,33,33,55,55,75,46,68,35,25,25,25,14,36,21,21,21,28,19,41,17,34,56,0,0],"gold":630,"neow_bonus":"HUNDRED_GOLD","is_daily":false,"chose_seed":false,"campfire_upgraded":1,"win_rate":0.0,"timestamp":1611708663,"path_taken":["M","?","?","M","?","R","?","$","T","M","M","M","?","M","R","BOSS","M","?","M","?","$","R","E","?","T","E","M","?","R","E","R","BOSS","M","M","?","?","M","R","M","?","T","M","M","R","M","M","R","BOSS"],"items_purchased_type":["Relic","Card","Card","Relic"],"build_version":"2020-12-22","purchased_purges":0,"victory":false,"max_hp_per_floor":[70,70,70,70,70,70,70,70,70,70,70,70,70,70,70,70,75,75,75,75,75,75,75,75,75,75,75,75,75,75,75,75,75,75,75,75,75,75,75,75,75,75,75,75,75,75,75,75,75,75,75],"card_choices":[{"not_picked":["Prepared","Endless Agony"],"picked":"Dash","floor":1.0},{"not_picked":["Deflect","Bane"],"picked":"Dagger Spray","floor":3.0},{"not_picked":["Slice","Dash"],"picked":"Blade Dance","floor":4.0},{"not_picked":["Bane","Dagger Spray","Masterful Stab"],"picked":"SKIP","floor":10.0},{"not_picked":["Endless Agony","Eviscerate"],"picked":"Backstab","floor":11.0},{"not_picked":["Escape Plan","PiercingWail"],"picked":"Blade Dance","floor":12.0},{"not_picked":["Prepared","Concentrate"],"picked":"Backflip","floor":14.0},{"not_picked":["Burst","Night Terror"],"picked":"Adrenaline","floor":16.0},{"not_picked":["Leg Sweep","Backflip"],"picked":"Flying Knee","floor":17.0},{"not_picked":["Dodge and Roll","All Out Attack+1"],"picked":"Deflect","floor":18.0},{"not_picked":["Deadly Poison+1","Underhanded Strike"],"picked":"Footwork","floor":19.0},{"not_picked":["Acrobatics","Dagger Throw"],"picked":"Cloak And Dagger","floor":20.0},{"not_picked":["Heel Hook","Endless Agony"],"picked":"Slice","floor":24.0},{"not_picked":["Bouncing Flask+1","Quick Slash"],"picked":"Infinite Blades","floor":25.0},{"not_picked":["Burst","Catalyst+1"],"picked":"Infinite Blades","floor":27.0},{"not_picked":["Acrobatics","Backflip"],"picked":"Slice","floor":28.0},{"not_picked":["Deflect","Wraith Form v2"],"picked":"Distraction","floor":31.0},{"not_picked":["Storm of Steel","Bullet Time"],"picked":"Envenom","floor":33.0},{"not_picked":["Acrobatics","Dagger Spray+1","Setup+1"],"picked":"SKIP","floor":35.0},{"not_picked":["Finisher","All Out Attack+1"],"picked":"Prepared","floor":36.0},{"not_picked":["Discovery","PanicButton"],"picked":"Dramatic Entrance","floor":37.0},{"not_picked":["Prepared","Acrobatics+1","Endless Agony"],"picked":"SKIP","floor":39.0},{"not_picked":["All Out Attack","Dagger Spray+1"],"picked":"Blade Dance","floor":41.0},{"not_picked":["PiercingWail+1","Dodge and Roll+1"],"picked":"After Image","floor":44.0},{"not_picked":["Finisher","Flying Knee","Bouncing Flask"],"picked":"SKIP","floor":45},{"not_picked":["Underhanded Strike+1","Finisher+1"],"picked":"Sucker Punch+1","floor":47},{"not_picked":["Footwork+1","Predator"],"picked":"Dagger Throw","floor":48}],"player_experience":810548,"relics_obtained":[{"floor":2.0,"key":"CaptainsWheel"},{"floor":9.0,"key":"MealTicket"},{"floor":19.0,"key":"Red Mask"},{"floor":24.0,"key":"Happy Flower"},{"floor":26.0,"key":"Bronze Scales"},{"floor":27.0,"key":"Lantern"},{"floor":31.0,"key":"Toy Ornithopter"},{"floor":43.0,"key":"Shuriken"}],"event_choices":[{"damage_healed":0.0,"max_hp_gain":0.0,"max_hp_loss":0.0,"gold_gain":0.0,"event_name":"Scrap Ooze","player_choice":"Success","floor":5.0,"gold_loss":0.0,"damage_taken":12.0,"relics_obtained":["Bag of Preparation"]},{"damage_healed":0.0,"max_hp_gain":0.0,"max_hp_loss":0.0,"gold_gain":0.0,"event_name":"Shining Light","player_choice":"Entered Light","floor":13.0,"gold_loss":0.0,"damage_taken":14.0,"cards_upgraded":["Dagger Spray","Strike_G"]},{"damage_healed":0.0,"max_hp_gain":0.0,"max_hp_loss":0.0,"gold_gain":0.0,"event_name":"Masked Bandits","player_choice":"Fought Bandits","floor":19.0,"gold_loss":0.0,"damage_taken":0.0},{"damage_healed":0.0,"max_hp_gain":0.0,"max_hp_loss":0.0,"gold_gain":0.0,"event_name":"Match and Keep!","player_choice":"2 cards matched","floor":21.0,"gold_loss":0.0,"damage_taken":0.0,"cards_obtained":["Neutralize","Dagger Spray"]},{"damage_healed":0.0,"max_hp_gain":0.0,"max_hp_loss":0.0,"gold_gain":0.0,"event_name":"The Mausoleum","player_choice":"Opened","floor":29.0,"gold_loss":0.0,"damage_taken":0.0,"relics_obtained":["Ancient Tea Set"]},{"damage_healed":0.0,"max_hp_gain":0.0,"max_hp_loss":0.0,"gold_gain":0.0,"event_name":"SensoryStone","player_choice":"Memory 1","floor":37.0,"gold_loss":0.0,"damage_taken":0.0},{"damage_healed":0.0,"max_hp_gain":0.0,"max_hp_loss":0.0,"gold_gain":222.0,"event_name":"Tomb of Lord Red Mask","player_choice":"Wore Mask","floor":38.0,"gold_loss":0.0,"damage_taken":0.0},{"cards_removed":["Slice"],"damage_healed":0.0,"max_hp_gain":0.0,"max_hp_loss":0.0,"gold_gain":0.0,"event_name":"Falling","player_choice":"Removed Attack","floor":42.0,"gold_loss":0.0,"damage_taken":0.0}],"is_beta":false,"boss_relics":[{"not_picked":["Empty Cage","Runic Dome"],"picked":"Tiny House"},{"not_picked":["Ring of the Serpent","SacredBark"],"picked":"WristBlade"}],"items_purged_floors":[],"is_endless":false,"potions_floor_spawned":[1,3,4,10,12,27,28,31,33,36,39,47],"killed_by":"Awakened One","ascension_level":5}}