{"host":"sav7uxregyirlf69","time":1611745011,"event":{"mods":["AchievementEnabler","BaseMod","Colored Map","DeckTracker","Keyboard Shortcuts","Minty Spire (QoL Compilation)","READ ME - Guardian Mod","StSLib","SuperFastMode"],"gold_per_floor":[117,136,136,150,150,150,176,176,201,201,219,57,89,103,103,181,231,248,260,270,285,185,185,185,185,262,120,151,165,191,209,209,209],"floor_reached":32,"language":"KOR","playtime":541,"items_purged":["Strike_R","Strike_R"],"score":644,"play_id":"de5591b9-3e00-4afa-91b7-2ba70f060a80","local_time":"20210127195651","is_ascension_mode":true,"campfire_choices":[{"data":"Wild Strike","floor":6,"key":"SMITH"},{"data":"Hemokinesis","floor":8,"key":"SMITH"},{"data":"Pommel Strike","floor":10,"key":"SMITH"},{"data":"Fire Breathing","floor":15,"key":"SMITH"},{"data":"Fiend Fire","floor":23,"key":"SMITH"},{"data":"Burning Pact","floor":25,"key":"SMITH"},{"floor":32,"key":"REST"}],"circlet_count":0,"master_deck":["AscendersBane","Strike_R","Strike_R","Strike_R","Defend_R","Defend_R","Defend_R","Defend_R+1","Bash","Wild Strike+1","Pommel Strike+1","Offering","Hemokinesis+1","Shrug It Off","Fire Breathing+1","Burning Pact+1","Fiend Fire+1","Wild Strike+1","Feel No Pain","Shrug It Off","Sentinel"],"relics":["Burning Blood","MealTicket","Happy Flower","Centennial Puzzle","Matryoshka","Tiny House","Orichalcum","Bottled Tornado","Singing Bowl","Potion Belt"],"acts_visited":["Exordium","TheCity"],"potions_floor_usage":[13,20],"damage_taken":[{"damage":9,"enemies":"Jaw Worm","floor":1,"turns":4},{"damage":6,"enemies":"Cultist","floor":2,"turns":3},{"damage":5,"enemies":"Small Slimes","floor":4,"turns":3},{"damage":41,"enemies":"3 Sentries","floor":7,"turns":9},{"damage":17,"enemies":"Exordium Thugs","floor":11,"turns":3},{"damage":35,"enemies":"Lagavulin","floor":13,"turns":4},{"damage":6,"enemies":"Looter","floor":14,"turns":3},{"damage":6,"enemies":"Slime Boss","floor":16,"turns":5},{"damage":10,"enemies":"Spheric Guardian","floor":18,"turns":3},{"damage":45,"enemies":"Shell Parasite","floor":19,"turns":5},{"damage":17,"enemies":"Centurion and Healer","floor":20,"turns":6},{"damage":25,"enemies":"Sentry and Sphere","floor":21,"turns":5},{"damage":41,"enemies":"Slavers","floor":28,"turns":5},{"damage":17,"enemies":"Snake Plant","floor":29,"turns":2},{"damage":6,"enemies":"Centurion and Healer","floor":31,"turns":3}],"seed_played":"4564861696228724011","potions_obtained":[{"floor":7,"key":"Dexterity Potion"},{"floor":11,"key":"Fruit Juice"},{"floor":13,"key":"SkillPotion"},{"floor":17,"key":"FairyPotion"},{"floor":21,"key":"FearPotion"},{"floor":28,"key":"DistilledChaos"},{"floor":31,"key":"Energy Potion"}],"is_trial":false,"path_per_floor":["M","M","?","M","?","R","E","R","T","R","M","$","E","M","R","B",null,"M","M","M","M","$","R","?","R","T","$","E","M","T","M","R"],"character_chosen":"IRONCLAD","items_purchased":["Fire Breathing","Feel No Pain","Shrug It Off"],"campfire_rested":1,"item_purchase_floors":[12,27,27],"current_hp_per_floor":[65,65,65,66,75,75,40,40,40,40,29,44,20,20,20,20,70,66,27,16,27,42,42,42,42,42,57,22,11,11,13,39,39],"gold":209,"neow_bonus":"RANDOM_COMMON_RELIC","is_daily":false,"chose_seed":false,"campfire_upgraded":6,"win_rate":0.0,"timestamp":1611745011,"path_taken":["M","M","?","?","?","R","E","R","T","R","M","?","E","M","R","BOSS","M","M","M","M","$","R","?","R","T","$","E","M","?","M","R"],"items_purchased_type":["Card","Card","Card"],"build_version":"2020-12-22","purchased_purges":2,"victory":false,"max_hp_per_floor":[75,75,75,75,75,75,75,75,75,75,75,75,80,80,80,80,85,85,85,85,85,85,85,85,85,85,85,85,85,85,87,87,87],"card_choices":[{"not_picked":["Cleave","Warcry"],"picked":"Wild Strike","floor":1},{"not_picked":["Entrench","Dropkick"],"picked":"Pommel Strike","floor":2},{"not_picked":["Armaments","Warcry","Sever Soul"],"picked":"SKIP","floor":4},{"not_picked":["Perfected Strike","Uppercut"],"picked":"Hemokinesis","floor":7},{"not_picked":["Headbutt","Sever Soul"],"picked":"Shrug It Off","floor":11},{"not_picked":["Juggernaut","Warcry","Pommel Strike"],"picked":"SKIP","floor":13},{"not_picked":["Perfected Strike","Sentinel","Clothesline"],"picked":"SKIP","floor":14},{"not_picked":["Sword Boomerang","Warcry"],"picked":"Burning Pact","floor":18},{"not_picked":["Cleave","Perfected Strike","Clothesline"],"picked":"SKIP","floor":19},{"not_picked":["Disarm","Pommel Strike+1"],"picked":"Fiend Fire","floor":20},{"not_picked":["Shrug It Off","Clothesline"],"picked":"Wild Strike+1","floor":21},{"not_picked":["Pommel Strike","Bloodletting"],"picked":"Sentinel","floor":28},{"not_picked":["Dual Wield","Flex","Twin Strike"],"picked":"SKIP","floor":29},{"not_picked":["Iron Wave","Armaments","Hemokinesis"],"picked":"Singing Bowl","floor":31}],"player_experience":1397172,"relics_obtained":[{"floor":7,"key":"Happy Flower"},{"floor":9,"key":"Centennial Puzzle"},{"floor":13,"key":"Matryoshka"},{"floor":26,"key":"Orichalcum"},{"floor":28,"key":"Bottled Tornado"},{"floor":30,"key":"Singing Bowl"},{"floor":30,"key":"Potion Belt"}],"event_choices":[{"damage_healed":0,"gold_gain":0,"player_choice":"1 cards matched","damage_taken":0,"max_hp_gain":0,"max_hp_loss":0,"event_name":"Match and Keep!","floor":3,"gold_loss":0,"cards_obtained":["Offering"]},{"damage_healed":9,"gold_gain":0,"player_choice":"Full Heal","damage_taken":0,"max_hp_gain":0,"max_hp_loss":0,"event_name":"Wheel of Change","floor":5,"gold_loss":0},{"damage_healed":0,"gold_gain":0,"player_choice":"Ignored","damage_taken":0,"max_hp_gain":0,"max_hp_loss":0,"event_name":"The Mausoleum","floor":24,"gold_loss":0}],"is_beta":false,"boss_relics":[{"not_picked":["Runic Pyramid","Busted Crown"],"picked":"Tiny House"}],"items_purged_floors":[12,22],"is_endless":false,"potions_floor_spawned":[7,11,13,19,21,28,31],"ascension_level":20}}