{"host":"iy54rgx5egu9t31x","time":1611713134,"event":{"mods":["2.2 Compatiblity","Act Like it!","Always Whale","BaseMod","Gensokyo","Koishi","Marisa£®ÏF”Í°°ƒß¿Ì…≥£©","Minty Spire (QoL Compilation)","Quick Restart","Reimu£®≤©¿ˆ¡È√Œ£©","StSLib","SuperFastMode"],"gold_per_floor":[113,113,13,13,31,55,71,71,122,144,164,14,14,41,41,107,107,126,126,126],"floor_reached":19,"language":"ZHS","playtime":648,"items_purged":[],"score":294,"play_id":"88df097d-97db-4a07-9fe4-050e86d92e71","local_time":"20210127100534","is_ascension_mode":true,"campfire_choices":[{"data":"Koishi:ConfinedInnocent","floor":13.0,"key":"SMITH"},{"data":"Koishi:RollingInRichesHeart","floor":15.0,"key":"SMITH"}],"circlet_count":0,"master_deck":["AscendersBane","Koishi:BasicStrike","Koishi:BasicStrike","Koishi:BasicStrike","Koishi:BasicDefend","Koishi:BasicDefend","Koishi:BasicDefend","Koishi:Provoke","Koishi:HauntingSlash","Koishi:PredatoryInstincts","Koishi:RollingInRichesHeart+1","Koishi:MindNumbingTerror","Koishi:TremblingHands","Koishi:ConfinedInnocent+1","Koishi:TraumaticStroke","Pain","Koishi:Jaunt+1","Koishi:PhantomStrike+1","Gensokyo:TarnishedGold","Gensokyo:RustyChest","Koishi:StingingMind+1","Koishi:MindStellarRelief","Koishi:SubconsciousSweep+1"],"relics":["Koishi:ImaginaryFriend","Omamori","Shuriken","Gensokyo:NagashiBinaDoll","Juzu Bracelet","Gensokyo:LunaticRedEyes","Molten Egg 2","Pantograph","Black Star","Torii"],"acts_visited":["Gensokyo:Gensokyo","Gensokyo:Gensokyoer"],"potions_floor_usage":[18,19],"damage_taken":[{"damage":2.0,"enemies":"Gensokyo:Python","floor":1.0,"turns":4.0},{"damage":11.0,"enemies":"Gensokyo:Gryphon","floor":5.0,"turns":4.0},{"damage":1.0,"enemies":"Gensokyo:Mamizou","floor":6.0,"turns":10.0},{"damage":0.0,"enemies":"Gensokyo:3_Fairies","floor":7.0,"turns":5.0},{"damage":21.0,"enemies":"Gensokyo:Aya","floor":10.0,"turns":5.0},{"damage":2.0,"enemies":"Gensokyo:3_Kodama","floor":11.0,"turns":4.0},{"damage":34.0,"enemies":"Gensokyo:Mamizou","floor":14.0,"turns":10.0},{"damage":26,"enemies":"Gensokyo:Yukari","floor":16,"turns":9},{"damage":34,"enemies":"Gensokyo:2_Gloops","floor":18,"turns":5},{"damage":31,"enemies":"Gensokyo:CosmicMonolith","floor":19,"turns":4}],"seed_played":"-1927153666026065216","potions_obtained":[{"floor":1.0,"key":"DistilledChaos"},{"floor":11.0,"key":"Explosive Potion"},{"floor":14.0,"key":"Swift Potion"},{"floor":18,"key":"AttackPotion"}],"is_trial":false,"path_per_floor":["M","?","?","?","M","E","M","?","T","E","M","COS","R","E","R","B",null,"M","M"],"character_chosen":"KOISHI","items_purchased":[],"campfire_rested":0,"item_purchase_floors":[],"current_hp_per_floor":[40,40,40,40,35,41,54,54,54,38,44,44,44,16,16,33,51,30,0,0],"gold":126,"neow_bonus":"TRANSFORM_TWO_CARDS","is_daily":false,"chose_seed":false,"campfire_upgraded":2,"win_rate":0.0,"timestamp":1611713134,"path_taken":["M","?","?","?","M","E","M","?","T","E","M","COS","R","E","R","BOSS","M","M"],"items_purchased_type":[],"build_version":"2020-12-22","purchased_purges":0,"victory":false,"max_hp_per_floor":[57,57,57,57,57,57,57,57,57,57,57,57,57,57,57,57,57,57,57,57],"card_choices":[{"not_picked":["Koishi:ReflexRadar","Koishi:SpiritedAway"],"picked":"Koishi:MindNumbingTerror","floor":1.0},{"not_picked":["Koishi:ReflexRadar","Koishi:ApparitionsStalkTheNight"],"picked":"Koishi:TremblingHands","floor":5.0},{"not_picked":["Koishi:UnconsciousUprising","Koishi:SprinkleStarAndHeart"],"picked":"Koishi:ConfinedInnocent","floor":6.0},{"not_picked":["Koishi:UnansweredLove","Koishi:RacingHeart"],"picked":"Koishi:TraumaticStroke","floor":7.0},{"not_picked":["Koishi:Prune+1","Koishi:ParalyzingFear+1"],"picked":"Koishi:Jaunt+1","floor":10.0},{"not_picked":["Koishi:SprinkleStarAndHeart","Koishi:Possession"],"picked":"Koishi:PhantomStrike+1","floor":11.0},{"not_picked":["Koishi:SubterraneanRose","Koishi:Catatonia+1"],"picked":"Koishi:StingingMind+1","floor":14.0},{"not_picked":["Koishi:ConditionedTeleport","Koishi:HeartStoppingHorror"],"picked":"Koishi:MindStellarRelief","floor":16},{"not_picked":["Koishi:UnconsciousUprising","Koishi:Bloodlust"],"picked":"Koishi:SubconsciousSweep+1","floor":18}],"player_experience":1091397,"relics_obtained":[{"floor":6.0,"key":"Juzu Bracelet"},{"floor":10.0,"key":"Molten Egg 2"},{"floor":14.0,"key":"Pantograph"}],"event_choices":[],"is_beta":false,"boss_relics":[{"not_picked":["Cursed Key","Runic Pyramid"],"picked":"Black Star"}],"items_purged_floors":[],"is_endless":false,"potions_floor_spawned":[1,11,14,18],"killed_by":"Gensokyo:CosmicMonolith","ascension_level":14}}