{"host":"ttx8tv95o5vka1nm","time":1611745271,"event":{"mods":["AchievementEnabler","BaseMod","Colored Map","Downfall","Infinite Spire","Minty Spire (QoL Compilation)","Replay The Spire","Shop Mod","StSLib","The Jungle"],"gold_per_floor":[166,186,196,19,19,19,51,51,51,51,77,77,107,122,122,217,217,235,235,235,253,271,306,306,341,367,208,234,184,51,77,77,181,181,206,232,70,95,11,25,39,76,76,99,181,228,228,228,228],"floor_reached":48,"language":"ENG","playtime":4161,"items_purged":["Defend_P","Defend_P","Defend_P","Defend_P","Pot Of Greed","Prostrate+1"],"score":1227,"play_id":"b3cdbdba-d2e7-46db-a726-c494820bd867","local_time":"20210127210111","is_ascension_mode":true,"campfire_choices":[{"data":"Vault","floor":6,"key":"SMITH"},{"floor":10,"key":"REST"},{"data":"Eruption","floor":12,"key":"SMITH"},{"data":"TalkToTheHand","floor":15,"key":"SMITH"},{"data":"Adaptation","floor":24,"key":"SMITH"},{"floor":32,"key":"REST"}],"circlet_count":0,"master_deck":["Eruption+1","Vigilance+1","ReachHeaven","Protect","Consecrate","BattleHymn","Vault+1","TalkToTheHand+1","Consecrate","EmptyFist","JustLucky","Judgement","Halt","infinitespire:Collect","Bite","Bite","Bite","Bite","Adaptation+1","WindmillStrike+1","FearNoEvil","CutThroughFate","JustLucky+1","Pot Of Greed","Pot Of Greed","WheelKick+1","MasterReality","Protect+1","Tantrum","Vault","Wallop","Dramatic Entrance","Indignation+1","FollowUp+1","EmptyMind+1","Wireheading","TalkToTheHand+1","Wish","SandsOfTime"],"relics":["Tiny House","MerchantsRug","Ornamental Fan","infinitespire:CheckeredPen","infinitespire:Lucky Rock","Tiny Chest","infinitespire:Cupcake","Shovel","Smiling Mask","Singing Bowl","Orichalcum","Potion Belt","infinitespire:EvilPickle","Coffee Dripper","Replay:Rubber Ducky","Pet Ghost","Quantum Egg","Frozen Egg 2","Pen Nib"],"acts_visited":["Exordium","TheCity","TheBeyond"],"potions_floor_usage":[25,25,42,48],"damage_taken":[{"damage":20,"enemies":"Small Slimes","floor":1,"turns":3},{"damage":0,"enemies":"Cultist","floor":2,"turns":3},{"damage":0,"enemies":"2 Louse","floor":3,"turns":2},{"damage":32,"enemies":"Replay:BlueRogue","floor":7,"turns":5},{"damage":0,"enemies":"Lagavulin","floor":11,"turns":5},{"damage":0,"enemies":"Gremlin Nob","floor":13,"turns":3},{"damage":0,"enemies":"2 Fungi Beasts","floor":14,"turns":3},{"damage":0,"enemies":"Slime Boss","floor":16,"turns":5},{"damage":18,"enemies":"Shell Parasite","floor":18,"turns":3},{"damage":0,"enemies":"3 Byrds","floor":21,"turns":3},{"damage":19,"enemies":"Snecko","floor":22,"turns":5},{"damage":0,"enemies":"Gremlin Leader","floor":23,"turns":5},{"damage":0,"enemies":"Nightmare","floor":25,"turns":7},{"damage":27,"enemies":"Gremlin Leader","floor":28,"turns":4},{"damage":17,"enemies":"Replay:Snechameleon","floor":31,"turns":6},{"damage":20,"enemies":"Pondfish","floor":33,"turns":11},{"damage":8,"enemies":"3 Darklings","floor":35,"turns":4},{"damage":20,"enemies":"3 Shapes","floor":36,"turns":3},{"damage":5,"enemies":"Writhing Mass","floor":38,"turns":3},{"damage":0,"enemies":"Transient","floor":40,"turns":7},{"damage":0,"enemies":"Spire Growth","floor":41,"turns":4},{"damage":19,"enemies":"Nemesis","floor":42,"turns":6},{"damage":0,"enemies":"Maw","floor":44,"turns":5},{"damage":46,"enemies":"Nightmare","floor":46,"turns":7},{"damage":16,"enemies":"4 Shapes","floor":48,"turns":1}],"seed_played":"-68755510130774998","potions_obtained":[{"floor":0,"key":"SkillPotion"},{"floor":3,"key":"DuplicationPotion"},{"floor":11,"key":"Dexterity Potion"},{"floor":14,"key":"Ancient Potion"},{"floor":22,"key":"EssenceOfSteel"},{"floor":28,"key":"infinitespire:BlackPotion"},{"floor":31,"key":"Dexterity Potion"},{"floor":33,"key":"EssenceOfSteel"},{"floor":41,"key":"PowerPotion"},{"floor":42,"key":"Regen Potion"},{"floor":46,"key":"LifebloodPotion"}],"is_trial":false,"path_per_floor":["M","M","M","$","?","R","E","$","T","R","E","R","E","M","R","B",null,"M","AVR","?","M","M","E","R","NM","T","$","E","?","$","E","R","B",null,"M","M","$","M","$","M","M","E","T","M","T","NM","?","M"],"character_chosen":"WATCHER","items_purchased":["MerchantsRug","Lee\u0027s Waffle","CutThroughFate","Grinning Jar","Replay:Rubber Ducky","Vault","Wallop","Dramatic Entrance","FollowUp+1"],"campfire_rested":2,"item_purchase_floors":[4,27,27,30,37,37,37,37,39],"current_hp_per_floor":[50,50,50,50,50,50,18,18,18,41,41,41,41,41,41,41,68,50,50,50,53,37,47,47,53,53,60,35,35,35,30,48,50,58,52,35,35,30,30,38,44,35,35,45,45,13,13,0,0],"gold":228,"neow_bonus":"BOSS_RELIC","is_daily":false,"chose_seed":false,"campfire_upgraded":4,"win_rate":0.0,"timestamp":1611745271,"path_taken":["M","M","M","$","?","R","E","?","T","R","E","R","E","?","R","BOSS","M","AVR","?","M","M","E","R","NM","T","$","E","?","$","E","R","BOSS","M","M","$","M","$","M","M","E","T","M","?","NM","?","M"],"items_purchased_type":["Relic","Relic","Card","Relic","Relic","Card","Card","Card","Card"],"build_version":"2020-12-22","purchased_purges":6,"victory":false,"max_hp_per_floor":[77,77,77,77,77,77,77,77,77,77,77,77,77,77,77,77,77,77,77,53,53,53,53,53,53,53,60,60,60,60,60,60,60,60,60,60,60,60,60,60,60,60,60,62,62,64,64,64,64],"card_choices":[{"not_picked":["WaveOfTheHand","Prostrate"],"picked":"ReachHeaven","floor":0},{"not_picked":["Weave","Prostrate"],"picked":"Protect","floor":1},{"not_picked":["Study","Replay:Hum"],"picked":"Consecrate","floor":2},{"not_picked":["FlyingSleeves","PathToVictory"],"picked":"BattleHymn","floor":3},{"not_picked":["BattleHymn","DeceiveReality","SpiritShield"],"picked":"SKIP","floor":7},{"not_picked":["SpiritShield","Wireheading"],"picked":"Consecrate","floor":11},{"not_picked":["ThirdEye","Prostrate"],"picked":"EmptyFist","floor":13},{"not_picked":["Replay:ManipulateFuture","ClearTheMind"],"picked":"JustLucky","floor":14},{"not_picked":["Brilliance","Blasphemy"],"picked":"Judgement","floor":16},{"not_picked":["Perseverance+1","ThirdEye"],"picked":"Halt","floor":18},{"not_picked":["Replay:BluntJabs","Perseverance"],"picked":"Adaptation","floor":21},{"not_picked":["Vengeance","FlyingSleeves"],"picked":"Prostrate+1","floor":22},{"not_picked":["Crescendo","BattleHymn"],"picked":"WindmillStrike+1","floor":23},{"not_picked":["Vengeance","Replay:AtTheReady"],"picked":"FearNoEvil","floor":25},{"not_picked":["Blasphemy","InnerPeace"],"picked":"JustLucky+1","floor":28},{"not_picked":["Replay:Cycle","SashWhip"],"picked":"WheelKick+1","floor":31},{"not_picked":["Replay:LoomingThreat","Ragnarok"],"picked":"MasterReality","floor":33},{"not_picked":["Replay:Anticipation","CrushJoints"],"picked":"Protect+1","floor":35},{"not_picked":["JustLucky+1","Replay:AtTheReady+1"],"picked":"Tantrum","floor":36},{"not_picked":["Study","WheelKick+1"],"picked":"Indignation+1","floor":38},{"not_picked":["PathToVictory","CutThroughFate"],"picked":"EmptyMind+1","floor":40},{"not_picked":["Blasphemy","BowlingBash+1"],"picked":"Wireheading","floor":41},{"not_picked":["BattleHymn","ClearTheMind"],"picked":"TalkToTheHand+1","floor":42},{"not_picked":["SandsOfTime","Evaluate+1","WreathOfFlame"],"picked":"Singing Bowl","floor":44},{"not_picked":["Replay:BluntJabs","EmptyBody+1","Ragnarok"],"picked":"Singing Bowl","floor":46}],"player_experience":919098,"relics_obtained":[{"floor":7,"key":"Ornamental Fan"},{"floor":9,"key":"infinitespire:CheckeredPen"},{"floor":11,"key":"infinitespire:Lucky Rock"},{"floor":13,"key":"Tiny Chest"},{"floor":23,"key":"Smiling Mask"},{"floor":25,"key":"Singing Bowl"},{"floor":26,"key":"Dream Catcher"},{"floor":28,"key":"Orichalcum"},{"floor":31,"key":"Potion Belt"},{"floor":42,"key":"Pet Ghost"},{"floor":43,"key":"Quantum Egg"},{"floor":45,"key":"Frozen Egg 2"},{"floor":46,"key":"Pen Nib"}],"event_choices":[{"damage_healed":0,"gold_gain":0,"player_choice":"3 cards matched","damage_taken":0,"max_hp_gain":0,"max_hp_loss":0,"event_name":"Match and Keep!","floor":5,"gold_loss":0,"cards_obtained":["Vault","TalkToTheHand","Survey Options"]},{"damage_healed":0,"gold_gain":0,"player_choice":"Became a vampire","damage_taken":0,"max_hp_gain":0,"max_hp_loss":24,"event_name":"Vampires","floor":20,"gold_loss":0,"cards_obtained":["Bite","Bite","Bite","Bite","Bite"]},{"damage_healed":0,"gold_gain":0,"player_choice":"Bet on Murderer","damage_taken":0,"max_hp_gain":0,"max_hp_loss":0,"event_name":"The Joust","floor":29,"gold_loss":50},{"damage_healed":0,"gold_gain":0,"player_choice":"2 cards matched","damage_taken":0,"max_hp_gain":0,"max_hp_loss":0,"event_name":"Match and Keep!","floor":47,"gold_loss":0,"cards_obtained":["Wish","SandsOfTime"]}],"is_beta":false,"boss_relics":[{"not_picked":["Astrolabe","bronze:MakeshiftBattery"],"picked":"infinitespire:Cupcake"},{"not_picked":["Replay:Fungal Core","VioletLotus"],"picked":"Replay:Grab Bag"},{"not_picked":["Velvet Choker","Painkiller Herb"],"picked":"Coffee Dripper"},{"not_picked":["Runic Dome","ReplayTheSpireMod:DimensionalGlitch"],"picked":"Fusion Hammer"},{"not_picked":["Pandora\u0027s Box","Kintsugi"],"picked":"Empty Cage"}],"items_purged_floors":[4,19,27,30,37,39],"is_endless":true,"potions_floor_spawned":[3,11,14,22,23,28,31,33,41,42,46],"killed_by":"4 Shapes","ascension_level":6}}