{"host":"w7o06k3e8uel8euj","time":1611767645,"event":{"mods":["AchievementEnabler","BaseMod","Colored Powertips","Custom Start","DeckTracker","Keyboard Shortcuts","Minty Spire (QoL Compilation)","Quick Restart","Relic Stats","StSLib","SuperFastMode","everything is the same but u backflip on backflip"],"gold_per_floor":[110,122,122,139,152,152,187,187,259,276,307,325,325,338,338,414,414,429,444,462,472,489,516,516,541,541,541,556,575,585,346,346,421,421,438,463,517,96,96,96,125,140,140,174,185,28,28,40,40,40,40,40,40,40,65,65],"floor_reached":57,"language":"KOR","playtime":1945,"items_purged":["Bite","Bite"],"score":2911,"play_id":"7aba00b7-81a3-4e06-8e28-854455a7605b","local_time":"20210128021405","is_ascension_mode":true,"campfire_choices":[{"data":"Feed","floor":6.0,"key":"SMITH"},{"data":"Feed","floor":8.0,"key":"SMITH"},{"data":"Feed","floor":13.0,"key":"SMITH"},{"data":"Seeing Red","floor":15.0,"key":"SMITH"},{"data":"Dark Embrace","floor":24.0,"key":"SMITH"},{"floor":32.0,"key":"REST"},{"data":"Pommel Strike","floor":40.0,"key":"SMITH"},{"data":"Pommel Strike","floor":47.0,"key":"SMITH"},{"floor":49.0,"key":"RECALL"},{"data":"Berserk","floor":53.0,"key":"SMITH"}],"circlet_count":0,"master_deck":["AscendersBane","Bite","Bite","Feed+1","Feed","Feed","Feed+1","Feed+1","Seeing Red+1","Pommel Strike+1","Dark Embrace+1","Dark Embrace","Inflame","Blood for Blood","Pommel Strike+1","Berserk+1","CurseOfTheBell"],"relics":["Black Blood","Strawberry","Pear","Mango","Lee\u0027s Waffle","Blood Vial","FaceOfCleric","Thread and Needle","Self Forming Clay","Akabeko","Mark of Pain","Sundial","Letter Opener","White Beast Statue","Calling Bell","Lantern","Singing Bowl","StoneCalendar","Ice Cream","Pocketwatch","Medical Kit","PreservedInsect","Regal Pillow","Oddly Smooth Stone","TheAbacus","Champion Belt"],"acts_visited":["Exordium","TheCity","TheBeyond","TheEnding"],"potions_floor_usage":[55,56],"damage_taken":[{"damage":8.0,"enemies":"Small Slimes","floor":1.0,"turns":3.0},{"damage":6.0,"enemies":"Cultist","floor":2.0,"turns":3.0},{"damage":12.0,"enemies":"Jaw Worm","floor":4.0,"turns":2.0},{"damage":13.0,"enemies":"Blue Slaver","floor":5.0,"turns":2.0},{"damage":32.0,"enemies":"Gremlin Nob","floor":7.0,"turns":4.0},{"damage":11.0,"enemies":"3 Louse","floor":10.0,"turns":2.0},{"damage":30.0,"enemies":"Lagavulin","floor":11.0,"turns":4.0},{"damage":29.0,"enemies":"Exordium Thugs","floor":12.0,"turns":4.0},{"damage":9.0,"enemies":"Blue Slaver","floor":14.0,"turns":2.0},{"damage":169.0,"enemies":"The Guardian","floor":16.0,"turns":15.0},{"damage":20.0,"enemies":"Chosen","floor":18.0,"turns":4.0},{"damage":21.0,"enemies":"2 Thieves","floor":19.0,"turns":4.0},{"damage":34.0,"enemies":"Snake Plant","floor":20.0,"turns":4.0},{"damage":32.0,"enemies":"3 Cultists","floor":21.0,"turns":5.0},{"damage":25.0,"enemies":"Centurion and Healer","floor":22.0,"turns":6.0},{"damage":148.0,"enemies":"Slavers","floor":23.0,"turns":11.0},{"damage":119.0,"enemies":"Gremlin Leader","floor":25.0,"turns":10.0},{"damage":34.0,"enemies":"Snake Plant","floor":28.0,"turns":4.0},{"damage":46.0,"enemies":"Chosen and Byrds","floor":29.0,"turns":5.0},{"damage":49.0,"enemies":"Snecko","floor":30.0,"turns":5.0},{"damage":106.0,"enemies":"Automaton","floor":33.0,"turns":8.0},{"damage":73.0,"enemies":"3 Shapes","floor":35.0,"turns":5.0},{"damage":78.0,"enemies":"Mind Bloom Boss Battle","floor":36.0,"turns":7.0},{"damage":90.0,"enemies":"2 Orb Walkers","floor":37.0,"turns":5.0},{"damage":28.0,"enemies":"Nemesis","floor":41.0,"turns":3.0},{"damage":12.0,"enemies":"Orb Walker","floor":42.0,"turns":2.0},{"damage":0.0,"enemies":"Giant Head","floor":44.0,"turns":3.0},{"damage":105.0,"enemies":"4 Shapes","floor":45.0,"turns":3.0},{"damage":26.0,"enemies":"3 Darklings","floor":48.0,"turns":3.0},{"damage":138.0,"enemies":"Awakened One","floor":50.0,"turns":5.0},{"damage":68.0,"enemies":"Time Eater","floor":51.0,"turns":7.0},{"damage":29,"enemies":"Shield and Spear","floor":55,"turns":2},{"damage":53,"enemies":"The Heart","floor":56,"turns":6}],"seed_played":"-7890965517062540667","potions_obtained":[{"floor":0.0,"key":"HeartOfIron"},{"floor":0.0,"key":"BlessingOfTheForge"},{"floor":14.0,"key":"GamblersBrew"},{"floor":19.0,"key":"BloodPotion"},{"floor":28.0,"key":"Strength Potion"},{"floor":33.0,"key":"Dexterity Potion"},{"floor":36.0,"key":"PowerPotion"},{"floor":37.0,"key":"Swift Potion"},{"floor":42.0,"key":"BloodPotion"},{"floor":48.0,"key":"BloodPotion"},{"floor":55,"key":"Energy Potion"}],"is_trial":false,"path_per_floor":["M","M","?","M","M","R","E","R","T","M","E","M","R","M","R","B",null,"M","M","M","M","M","E","R","E","T","?","M","M","M","$","R","B",null,"M","?","?","$","?","R","E","M","T","E","M","$","R","M","R","B","B",null,"R","$","E","B",null],"character_chosen":"IRONCLAD","items_purchased":["Berserk","Medical Kit","PreservedInsect","TheAbacus"],"campfire_rested":1,"item_purchase_floors":[31,38,38,46],"current_hp_per_floor":[120,124,124,128,131,131,119,119,119,138,135,133,133,145,145,51,143,158,166,163,176,192,89,89,63,63,63,62,49,27,27,99,38,196,159,124,67,67,226,226,221,230,230,247,174,174,174,229,229,146,99,239,239,239,294,302],"gold":65,"neow_bonus":"THREE_SMALL_POTIONS","is_daily":false,"chose_seed":true,"campfire_upgraded":8,"win_rate":0.0,"timestamp":1611767645,"path_taken":["M","M","?","M","M","R","E","R","T","M","E","?","R","M","R","BOSS","M","M","M","M","M","E","R","E","T","?","M","M","M","$","R","BOSS","M","?","?","$","?","R","E","M","T","E","M","?","R","M","R","BOSS","BOSS","R","$","E","BOSS"],"items_purchased_type":["Card","Relic","Relic","Relic"],"build_version":"2020-12-22","purchased_purges":2,"victory":true,"max_hp_per_floor":[120,124,124,128,132,132,137,137,137,149,154,163,163,168,168,173,173,178,183,188,201,210,223,223,228,228,228,233,238,243,243,243,248,248,262,269,276,276,226,226,233,240,240,247,265,265,265,272,272,285,286,286,286,286,297,302],"relic_stats":{"Lee\u0027s Waffle":14,"Regal Pillow":0,"Singing Bowl":18,"counters":[33,158],"Self Forming Clay":[477],"Black Blood":366,"StoneCalendar":[31],"PreservedInsect":290,"Letter Opener":[0],"Medical Kit":[28],"Blood Vial":53,"TheAbacus":[2316],"FaceOfCleric":33,"Sundial":[324],"Champion Belt":[0],"obtain_stats":[{"Ice Cream":36,"Lantern":34,"Regal Pillow":41,"Singing Bowl":34,"Black Blood":0,"Mango":0,"StoneCalendar":34,"Burning Blood":0,"Blood Vial":0,"TheAbacus":46,"FaceOfCleric":0,"Sundial":23,"Strawberry":0,"Lee\u0027s Waffle":0,"Pear":0,"Self Forming Clay":9,"Oddly Smooth Stone":44,"Thread and Needle":7,"PreservedInsect":38,"Letter Opener":25,"Medical Kit":38,"Akabeko":11,"White Beast Statue":26,"Calling Bell":34,"Mark of Pain":17,"Champion Belt":55,"Pocketwatch":37},{"Ice Cream":23,"Lantern":21,"Regal Pillow":25,"Singing Bowl":21,"Black Blood":0,"Mango":0,"StoneCalendar":21,"Burning Blood":0,"Blood Vial":0,"TheAbacus":28,"FaceOfCleric":0,"Sundial":16,"Strawberry":0,"Lee\u0027s Waffle":0,"Pear":0,"Self Forming Clay":5,"Oddly Smooth Stone":27,"Thread and Needle":5,"PreservedInsect":24,"Letter Opener":17,"Medical Kit":24,"Akabeko":7,"White Beast Statue":17,"Calling Bell":21,"Mark of Pain":10,"Champion Belt":32,"Pocketwatch":24},{"Ice Cream":119,"Lantern":107,"Regal Pillow":127,"Singing Bowl":107,"Black Blood":0,"Mango":0,"StoneCalendar":107,"Burning Blood":0,"Blood Vial":0,"TheAbacus":135,"FaceOfCleric":0,"Sundial":75,"Strawberry":0,"Lee\u0027s Waffle":0,"Pear":0,"Self Forming Clay":14,"Oddly Smooth Stone":132,"Thread and Needle":14,"PreservedInsect":124,"Letter Opener":85,"Medical Kit":124,"Akabeko":20,"White Beast Statue":85,"Calling Bell":107,"Mark of Pain":41,"Champion Belt":152,"Pocketwatch":124}],"Pocketwatch":[8]},"card_choices":[{"not_picked":["Rampage","Heavy Blade","Iron Wave"],"picked":"SKIP","floor":1.0},{"not_picked":["Thunderclap","Headbutt","Exhume"],"picked":"SKIP","floor":2.0},{"not_picked":["Rupture","Sever Soul","Wild Strike"],"picked":"SKIP","floor":4.0},{"not_picked":["Thunderclap","Battle Trance","Havoc"],"picked":"SKIP","floor":5.0},{"not_picked":["Reckless Charge","Shrug It Off"],"picked":"Pommel Strike","floor":7.0},{"not_picked":["Ghostly Armor","Thunderclap","Havoc"],"picked":"SKIP","floor":10.0},{"not_picked":["Spot Weakness","Dropkick"],"picked":"Dark Embrace","floor":11.0},{"not_picked":["Pummel","Twin Strike","Flex"],"picked":"SKIP","floor":12.0},{"not_picked":["Cleave","Warcry"],"picked":"Dark Embrace","floor":14.0},{"not_picked":["Pummel","Armaments","Perfected Strike+1"],"picked":"SKIP","floor":18.0},{"not_picked":["Metallicize+1","Body Slam"],"picked":"Inflame","floor":19.0},{"not_picked":["Wild Strike+1","Armaments","Heavy Blade"],"picked":"SKIP","floor":20.0},{"not_picked":["Thunderclap","Cleave","Wild Strike"],"picked":"SKIP","floor":21.0},{"not_picked":["Wild Strike","Cleave"],"picked":"Blood for Blood","floor":22.0},{"not_picked":["Headbutt+1","Anger","Limit Break"],"picked":"SKIP","floor":23.0},{"not_picked":["Cleave","Flex"],"picked":"Pommel Strike","floor":25.0},{"not_picked":["Pommel Strike","Body Slam","Disarm"],"picked":"SKIP","floor":28.0},{"not_picked":["Barricade","Cleave","Searing Blow"],"picked":"SKIP","floor":29.0},{"not_picked":["Wild Strike","Cleave","Metallicize"],"picked":"SKIP","floor":30.0},{"not_picked":["Iron Wave+1","Shrug It Off","Second Wind"],"picked":"Singing Bowl","floor":35.0},{"not_picked":["Headbutt","Demon Form","Disarm+1"],"picked":"Singing Bowl","floor":36.0},{"not_picked":["Heavy Blade+1","Clash","Thunderclap"],"picked":"Singing Bowl","floor":37.0},{"not_picked":["Body Slam","Impervious","Flex+1"],"picked":"Singing Bowl","floor":41.0},{"not_picked":["Twin Strike","Cleave","Flex"],"picked":"Singing Bowl","floor":42.0},{"not_picked":["Reckless Charge","Iron Wave","Perfected Strike"],"picked":"Singing Bowl","floor":44.0},{"not_picked":["Heavy Blade+1","Flex","Clothesline"],"picked":"Singing Bowl","floor":45.0},{"not_picked":["Anger","Body Slam","Battle Trance+1"],"picked":"Singing Bowl","floor":48.0},{"not_picked":["Fiend Fire","Metallicize","Dark Embrace"],"picked":"Singing Bowl","floor":55}],"player_experience":511194,"relics_obtained":[{"floor":7.0,"key":"Thread and Needle"},{"floor":9.0,"key":"Self Forming Clay"},{"floor":11.0,"key":"Akabeko"},{"floor":23.0,"key":"Sundial"},{"floor":25.0,"key":"Letter Opener"},{"floor":26.0,"key":"White Beast Statue"},{"floor":34.0,"key":"Lantern"},{"floor":34.0,"key":"Singing Bowl"},{"floor":34.0,"key":"StoneCalendar"},{"floor":36.0,"key":"Ice Cream"},{"floor":37.0,"key":"Pocketwatch"},{"floor":41.0,"key":"Regal Pillow"},{"floor":44.0,"key":"Oddly Smooth Stone"},{"floor":55,"key":"Champion Belt"}],"event_choices":[{"damage_healed":0.0,"max_hp_gain":0.0,"max_hp_loss":0.0,"gold_gain":0.0,"event_name":"Match and Keep!","player_choice":"1 cards matched","floor":3.0,"gold_loss":0.0,"damage_taken":0.0,"cards_obtained":["Seeing Red"]},{"cards_removed":["Bash"],"damage_healed":0.0,"max_hp_gain":0.0,"max_hp_loss":0.0,"gold_gain":0.0,"event_name":"Back to Basics","player_choice":"Elegance","floor":27.0,"gold_loss":0.0,"damage_taken":0.0},{"damage_healed":0.0,"max_hp_gain":0.0,"max_hp_loss":0.0,"gold_gain":0.0,"event_name":"MindBloom","player_choice":"Fight","floor":36.0,"gold_loss":0.0,"damage_taken":0.0},{"damage_healed":0.0,"max_hp_gain":0.0,"max_hp_loss":0.0,"gold_gain":0.0,"event_name":"Mysterious Sphere","player_choice":"Fight","floor":37.0,"gold_loss":0.0,"damage_taken":0.0},{"damage_healed":226.0,"max_hp_gain":0.0,"max_hp_loss":50.0,"gold_gain":0.0,"event_name":"The Moai Head","player_choice":"Heal","floor":39.0,"gold_loss":0.0,"damage_taken":0.0}],"is_beta":false,"boss_relics":[{"not_picked":["Runic Dome","SlaversCollar"],"picked":"Mark of Pain"},{"not_picked":["Philosopher\u0027s Stone","Cursed Key"],"picked":"Calling Bell"}],"items_purged_floors":[31,38],"is_endless":false,"potions_floor_spawned":[5,7,14,18,19,20,28,29,30,33,35,36,37,41,42,44,45,48,55],"ascension_level":20}}