{"host":"9rmokdxh5r7c9fvy","time":1611716323,"event":{"mods":["AchievementEnabler","BaseMod","BetterRewards","Grow up Mod","Minty Spire (QoL Compilation)","Remove Card Discount Mod","StSLib","The Bug Knight"],"gold_per_floor":[115,127,145,145,155,155,486,496,496,510,510,510,525,545,545,650,700,712,730,188,205,219,254,272,272,272,302,302,334,334],"floor_reached":29,"language":"ENG","playtime":2211,"items_purged":["HollowMod:QuickDashStart","HollowMod:QuickDashStart"],"score":396,"play_id":"5d0b1bc1-8d00-4f69-95fc-afa86986bb95","local_time":"20210127025843","is_ascension_mode":false,"campfire_choices":[{"data":"HollowMod:CornifersMapStart","floor":6.0,"key":"SMITH"},{"data":"HollowMod:CornifersMapStart","floor":12.0,"key":"SMITH"},{"data":"HollowMod:SharpenedNail","floor":15.0,"key":"SMITH"},{"data":"HollowMod:FastStrike","floor":25.0,"key":"SMITH"},{"data":"Master of Strategy","floor":28.0,"key":"SMITH"}],"circlet_count":0,"master_deck":["HollowMod:NailStrikeStart","HollowMod:NailStrikeStart","HollowMod:NailStrikeStart","HollowMod:NailStrikeStart","HollowMod:QuickDashStart","HollowMod:QuickDashStart","HollowMod:PogoStrike","HollowMod:HeavyBlow+1","HollowMod:CornifersMapStart+1","HollowMod:GreatSlash","HollowMod:CoiledNail","HollowMod:HornetsHelp","HollowMod:CornifersMapStart+1","HollowMod:HuntersJournal","HollowMod:SiblingsSouls","HollowMod:SharpenedNail+1","HollowMod:ZotesMagnificence","HollowMod:SoulStrike","HollowMod:SiblingsSouls","HollowMod:PureNailStrike+1","Master of Strategy+1","HollowMod:SharpenedNail+1","HollowMod:SoulStrike","HollowMod:FastStrike+1","HollowMod:SoulStrike"],"relics":["HollowMod:VesselMask","Old Coin","Orichalcum","Tiny House","Medical Kit","Oddly Smooth Stone","Vajra","Pantograph","HollowMod:GreatKnightMask","Question Card"],"acts_visited":[],"potions_floor_usage":[],"damage_taken":[{"damage":0.0,"enemies":"Cultist","floor":1.0,"turns":3.0},{"damage":0.0,"enemies":"2 Louse","floor":2.0,"turns":4.0},{"damage":0.0,"enemies":"Jaw Worm","floor":3.0,"turns":4.0},{"damage":0.0,"enemies":"Large Slime","floor":5.0,"turns":5.0},{"damage":0.0,"enemies":"Lagavulin","floor":7.0,"turns":5.0},{"damage":0.0,"enemies":"Lots of Slimes","floor":8.0,"turns":3.0},{"damage":3.0,"enemies":"Red Slaver","floor":10.0,"turns":3.0},{"damage":0.0,"enemies":"3 Louse","floor":13.0,"turns":3.0},{"damage":0.0,"enemies":"Large Slime","floor":14.0,"turns":4.0},{"damage":31.0,"enemies":"The Guardian","floor":16.0,"turns":7.0},{"damage":0.0,"enemies":"2 Thieves","floor":18.0,"turns":4.0},{"damage":0.0,"enemies":"Chosen","floor":19.0,"turns":4.0},{"damage":0.0,"enemies":"Centurion and Healer","floor":21.0,"turns":4.0},{"damage":0.0,"enemies":"Shelled Parasite and Fungi","floor":22.0,"turns":4.0},{"damage":0.0,"enemies":"Slavers","floor":23.0,"turns":3.0},{"damage":0.0,"enemies":"3 Cultists","floor":24.0,"turns":4.0},{"damage":0.0,"enemies":"HollowMod:Zote","floor":27.0,"turns":4.0},{"damage":0.0,"enemies":"HollowMod:Nosk","floor":29.0,"turns":4.0}],"seed_played":"6800289971158614485","potions_obtained":[{"floor":2.0,"key":"EssenceOfSteel"},{"floor":3.0,"key":"AttackPotion"},{"floor":10.0,"key":"SpeedPotion"},{"floor":17.0,"key":"Fire Potion"},{"floor":18.0,"key":"PowerPotion"},{"floor":19.0,"key":"Poison Potion"},{"floor":27.0,"key":"PowerPotion"}],"is_trial":false,"path_per_floor":["M","M","M","?","M","R","E","M","T","M","?","R","M","M","R","B",null,"M","M","$","M","M","E","M","R","T","?","R","E"],"character_chosen":"THE_BUGKNIGHT","items_purchased":["Medical Kit","Master of Strategy","Oddly Smooth Stone"],"campfire_rested":0,"item_purchase_floors":[20,20,20],"current_hp_per_floor":[82,82,82,87,87,87,87,87,87,84,87,87,87,87,87,87,92,92,92,92,92,92,92,92,92,92,92,92,92,92],"gold":334,"neow_bonus":"TEN_PERCENT_HP_BONUS","is_daily":false,"chose_seed":false,"campfire_upgraded":5,"win_rate":0.0,"timestamp":1611716323,"path_taken":["M","M","M","?","M","R","E","M","T","M","?","R","M","M","R","BOSS","M","M","$","M","M","E","M","R","T","?","R","E"],"items_purchased_type":["Relic","Card","Relic"],"build_version":"2020-12-22","purchased_purges":2,"victory":false,"max_hp_per_floor":[82,82,82,87,87,87,87,87,87,87,87,87,87,87,87,87,92,92,92,92,92,92,92,92,92,92,92,92,92,92],"card_choices":[{"not_picked":["HollowMod:ShadowDash","HollowMod:VengefulVoid"],"picked":"HollowMod:HeavyBlow","floor":1.0},{"not_picked":["HollowMod:SharpenedShadows","HollowMod:NewLittleFool"],"picked":"HollowMod:CornifersMapStart","floor":2.0},{"not_picked":["HollowMod:DashSlash","HollowMod:NewLittleFool"],"picked":"HollowMod:GreatSlash","floor":3.0},{"not_picked":["HollowMod:TaintedHusks","HollowMod:ChannelNail"],"picked":"HollowMod:CoiledNail","floor":5.0},{"not_picked":["HollowMod:TaintedHusks","HollowMod:DungDefenderAura"],"picked":"HollowMod:HornetsHelp","floor":7.0},{"not_picked":["HollowMod:DescendingDark","HollowMod:SoulStrike"],"picked":"HollowMod:CornifersMapStart","floor":8.0},{"not_picked":["HollowMod:SharpenedNail","HollowMod:SoulShaman"],"picked":"HollowMod:HuntersJournal","floor":10.0},{"not_picked":["HollowMod:DungDefenderAura","HollowMod:ChannelNail"],"picked":"HollowMod:SiblingsSouls","floor":13.0},{"not_picked":["HollowMod:MawleksShell","HollowMod:MothsMistake"],"picked":"HollowMod:SharpenedNail","floor":14.0},{"not_picked":["HollowMod:SoulMaster","HollowMod:LifebloodCore"],"picked":"HollowMod:ZotesMagnificence","floor":16.0},{"not_picked":["HollowMod:LifebloodCocoon","HollowMod:ShapeofUnn"],"picked":"HollowMod:SoulStrike","floor":17.0},{"not_picked":["HollowMod:WraithStrike","HollowMod:theNailsmith"],"picked":"HollowMod:SiblingsSouls","floor":18.0},{"not_picked":["HollowMod:SiblingsSouls","HollowMod:BaldurShell"],"picked":"HollowMod:PureNailStrike+1","floor":19.0},{"not_picked":["HollowMod:InfectionAssault+1","HollowMod:FastStrike"],"picked":"HollowMod:SharpenedNail+1","floor":21.0},{"not_picked":["HollowMod:NewJinnsSoul","HollowMod:DoubleDash"],"picked":"HollowMod:SoulStrike","floor":22.0},{"not_picked":["HollowMod:DoubleDash","HollowMod:MonarchWings+1","HollowMod:VengefulVoid"],"picked":"SKIP","floor":23.0},{"not_picked":["HollowMod:SiblingsShadow","HollowMod:FallenFury"],"picked":"HollowMod:FastStrike","floor":24.0},{"not_picked":["HollowMod:MidwifesHunger","HollowMod:WraithStrike"],"picked":"HollowMod:SoulStrike","floor":27.0}],"player_experience":94574,"relics_obtained":[{"floor":7.0,"key":"Old Coin"},{"floor":9.0,"key":"Orichalcum"},{"floor":23.0,"key":"Vajra"},{"floor":26.0,"key":"Pantograph"},{"floor":27.0,"key":"HollowMod:GreatKnightMask"},{"floor":29,"key":"Question Card"}],"event_choices":[{"damage_healed":0.0,"max_hp_gain":5.0,"max_hp_loss":0.0,"gold_gain":0.0,"event_name":"Big Fish","player_choice":"Donut","floor":4.0,"gold_loss":0.0,"damage_taken":0.0},{"cards_removed":["HollowMod:FocusHealStart"],"damage_healed":0.0,"max_hp_gain":0.0,"max_hp_loss":0.0,"gold_gain":0.0,"event_name":"Golden Wing","player_choice":"Card Removal","floor":11.0,"gold_loss":0.0,"damage_taken":7.0}],"is_beta":false,"boss_relics":[{"not_picked":["Snecko Eye","Eternal Feather"],"picked":"Tiny House"}],"items_purged_floors":[20,20],"is_endless":false,"potions_floor_spawned":[2,3,10,18,19,21,27],"killed_by":"HollowMod:Nosk","ascension_level":0}}