{"host":"kg61lsvem4dxoat8","time":1611724042,"event":{"mods":["BaseMod","Colored Powertips","Minty Spire (QoL Compilation)","Quick Restart","Rare Cards Sparkle","Relic Stats","slay the spire mod where everything is the same but ironclad has a cowboy hat"],"gold_per_floor":[111,111,36,47,63,63,79,79,105,105,105,21,47,57,57,132,132,151,151,171,171,171,171,202,202,277,277,289,320,320,320],"floor_reached":30,"language":"ENG","playtime":689,"items_purged":[],"score":519,"play_id":"bb47afd0-7cbc-4fb2-9058-38c684048612","local_time":"20210127130722","is_ascension_mode":true,"campfire_choices":[{"data":"Poisoned Stab","floor":6,"key":"SMITH"},{"data":"Poisoned Stab","floor":8,"key":"SMITH"},{"data":"Noxious Fumes","floor":15,"key":"SMITH"},{"data":"Malaise","floor":23,"key":"SMITH"},{"data":"Catalyst","floor":25,"key":"SMITH"},{"data":"Escape Plan","floor":27,"key":"SMITH"}],"circlet_count":0,"master_deck":["AscendersBane","Strike_G","Strike_G","Strike_G","Defend_G+1","Defend_G","Defend_G+1","Defend_G","Defend_G","Survivor","Neutralize","Poisoned Stab+1","Escape Plan+1","Malaise+1","Poisoned Stab+1","Noxious Fumes+1","Catalyst+1","Catalyst+1"],"relics":["Ring of the Snake","NeowsBlessing","Bag of Preparation","Regal Pillow","Bottled Tornado","Philosopher\u0027s Stone","MutagenicStrength","Incense Burner","Molten Egg 2","MealTicket"],"acts_visited":["Exordium","TheCity"],"potions_floor_usage":[13,16,18,28,29,29],"damage_taken":[{"damage":0,"enemies":"Cultist","floor":1,"turns":1},{"damage":0,"enemies":"2 Louse","floor":4,"turns":1},{"damage":0,"enemies":"Small Slimes","floor":5,"turns":1},{"damage":5,"enemies":"2 Fungi Beasts","floor":7,"turns":5},{"damage":20,"enemies":"Gremlin Nob","floor":13,"turns":4},{"damage":0,"enemies":"Looter","floor":14,"turns":3},{"damage":12,"enemies":"The Guardian","floor":16,"turns":11},{"damage":10,"enemies":"Spheric Guardian","floor":18,"turns":4},{"damage":8,"enemies":"Shell Parasite","floor":20,"turns":6},{"damage":13,"enemies":"Book of Stabbing","floor":24,"turns":4},{"damage":0,"enemies":"3 Cultists","floor":28,"turns":5},{"damage":31,"enemies":"Slavers","floor":29,"turns":6},{"damage":22,"enemies":"Shelled Parasite and Fungi","floor":30,"turns":3}],"seed_played":"2783977459065321963","potions_obtained":[{"floor":4,"key":"SpeedPotion"},{"floor":5,"key":"Swift Potion"},{"floor":13,"key":"Regen Potion"},{"floor":20,"key":"CunningPotion"},{"floor":24,"key":"DistilledChaos"},{"floor":28,"key":"CunningPotion"}],"is_trial":false,"path_per_floor":["M","?","?","M","M","R","M","R","T","?","?","$","E","M","R","B",null,"M","?","M","?","?","R","E","R","T","R","M","E","M"],"character_chosen":"THE_SILENT","items_purchased":["Noxious Fumes"],"campfire_rested":0,"item_purchase_floors":[12],"current_hp_per_floor":[59,39,39,39,39,39,34,34,34,34,34,34,14,14,14,17,54,44,44,36,36,66,66,53,53,53,53,53,22,0,0],"gold":320,"neow_bonus":"THREE_ENEMY_KILL","is_daily":false,"chose_seed":false,"campfire_upgraded":6,"win_rate":0.0,"timestamp":1611724042,"path_taken":["M","?","?","M","M","R","M","R","T","?","?","?","E","?","R","BOSS","M","?","?","?","?","R","E","R","T","R","M","E","?"],"items_purchased_type":["Card"],"build_version":"2020-12-22","purchased_purges":0,"victory":false,"max_hp_per_floor":[66,66,66,66,66,66,66,66,66,66,66,66,66,66,66,66,66,66,66,66,66,66,66,66,66,66,66,66,66,66,66],"relic_stats":{"Regal Pillow":0,"counters":[13,54],"MealTicket":0,"Bag of Preparation":[18],"obtain_stats":[{"Regal Pillow":10,"NeowsBlessing":0,"MutagenicStrength":21,"Philosopher\u0027s Stone":17,"Molten Egg 2":26,"MealTicket":29,"Bag of Preparation":9,"Incense Burner":24,"Bottled Tornado":13,"Ring of the Snake":0},{"Regal Pillow":4,"NeowsBlessing":0,"MutagenicStrength":9,"Philosopher\u0027s Stone":7,"Molten Egg 2":10,"MealTicket":12,"Bag of Preparation":4,"Incense Burner":10,"Bottled Tornado":5,"Ring of the Snake":0},{"Regal Pillow":8,"NeowsBlessing":0,"MutagenicStrength":36,"Philosopher\u0027s Stone":26,"Molten Egg 2":40,"MealTicket":51,"Bag of Preparation":8,"Incense Burner":40,"Bottled Tornado":12,"Ring of the Snake":0}],"Ring of the Snake":[26]},"card_choices":[{"not_picked":["Sucker Punch","Endless Agony"],"picked":"Poisoned Stab","floor":1},{"not_picked":["Outmaneuver","Dagger Throw"],"picked":"Escape Plan","floor":4},{"not_picked":["Caltrops","Flechettes"],"picked":"Malaise","floor":5},{"not_picked":["Cloak And Dagger","PiercingWail"],"picked":"Poisoned Stab","floor":7},{"not_picked":["Underhanded Strike","Dodge and Roll","Riddle With Holes"],"picked":"SKIP","floor":13},{"not_picked":["Dagger Spray","Flying Knee","PiercingWail"],"picked":"SKIP","floor":14},{"not_picked":["Poisoned Stab","Outmaneuver"],"picked":"Catalyst","floor":18},{"not_picked":["Prepared","Cloak And Dagger"],"picked":"Catalyst+1","floor":20},{"not_picked":["Distraction","Dash","Dagger Spray"],"picked":"SKIP","floor":24},{"not_picked":["Phantasmal Killer","Underhanded Strike+1","Deflect"],"picked":"SKIP","floor":28},{"not_picked":["Blade Dance","Finisher+1","Well Laid Plans"],"picked":"SKIP","floor":29}],"player_experience":1400969,"relics_obtained":[{"floor":9,"key":"Bag of Preparation"},{"floor":13,"key":"Bottled Tornado"},{"floor":24,"key":"Incense Burner"},{"floor":26,"key":"Molten Egg 2"},{"floor":29,"key":"MealTicket"}],"event_choices":[{"damage_healed":0,"gold_gain":0,"player_choice":"Entered Light","damage_taken":20,"max_hp_gain":0,"max_hp_loss":0,"event_name":"Shining Light","floor":2,"gold_loss":0,"cards_upgraded":["Defend_G","Defend_G"]},{"cards_removed":["Strike_G"],"damage_healed":0,"gold_gain":0,"player_choice":"Card Removal","damage_taken":0,"max_hp_gain":0,"max_hp_loss":0,"event_name":"The Cleric","floor":3,"gold_loss":75},{"damage_healed":0,"gold_gain":0,"player_choice":"Searched \u00271\u0027 times","damage_taken":0,"relics_obtained":["Regal Pillow"],"max_hp_gain":0,"max_hp_loss":0,"event_name":"Dead Adventurer","floor":10,"gold_loss":0},{"damage_healed":0,"gold_gain":0,"player_choice":"Ignored","damage_taken":0,"max_hp_gain":0,"max_hp_loss":0,"event_name":"Liars Game","floor":11,"gold_loss":0},{"cards_removed":["Strike_G"],"damage_healed":0,"gold_gain":0,"player_choice":"Purged","damage_taken":0,"max_hp_gain":0,"max_hp_loss":0,"event_name":"Purifier","floor":19,"gold_loss":0},{"damage_healed":0,"gold_gain":0,"player_choice":"Inject Mutagens","damage_taken":0,"relics_obtained":["MutagenicStrength"],"max_hp_gain":0,"max_hp_loss":0,"event_name":"Drug Dealer","floor":21,"gold_loss":0},{"damage_healed":30,"gold_gain":0,"player_choice":"Full Heal","damage_taken":0,"max_hp_gain":0,"max_hp_loss":0,"event_name":"Wheel of Change","floor":22,"gold_loss":0}],"is_beta":false,"boss_relics":[{"not_picked":["Coffee Dripper","Fusion Hammer"],"picked":"Philosopher\u0027s Stone"}],"items_purged_floors":[],"is_endless":false,"potions_floor_spawned":[4,5,13,14,20,24,28],"killed_by":"Shelled Parasite and Fungi","ascension_level":19}}