{"host":"bq4pt811tk9yrmjl","time":1611764081,"event":{"mods":["AchievementEnabler","BaseMod","Colored Map","Colored Powertips","Defuse TimeMaze Blight","Hermit","Minty Spire (QoL Compilation)","StSLib","SuperFastMode"],"gold_per_floor":[113,113,113,113,113,113,140,168,168,25,25,25,25,60,60,190,190,190,190,190,190,190,190,190,190,190,190,190,190,190,190,190,190,190,190,190,190,190,190,190,190,190,190,190,190,190,190,190,190],"floor_reached":48,"language":"ENG","playtime":899,"items_purged":[],"score":563,"play_id":"bfbc74de-5383-45a3-b055-1fd5ed905f97","local_time":"20210127141441","is_ascension_mode":true,"campfire_choices":[{"data":"Vigilance","floor":6.0,"key":"SMITH"},{"floor":12.0,"key":"REST"},{"data":"ConjureBlade","floor":15.0,"key":"SMITH"},{"floor":23.0,"key":"REST"},{"data":"Devotion","floor":28.0,"key":"SMITH"},{"floor":32.0,"key":"REST"},{"data":"MasterReality","floor":40.0,"key":"SMITH"},{"floor":42.0,"key":"RECALL"}],"circlet_count":0,"master_deck":["Strike_P+1","Strike_P+1","Strike_P+1","Strike_P+1","Defend_P+1","Defend_P+1","Defend_P+1","Defend_P+1","Eruption+1","Vigilance+1","Prostrate","ConjureBlade+1","Devotion+1","Study+1","Prostrate","Prostrate","MasterReality+1","Prostrate+1","Evaluate+1"],"relics":["PureWater","NeowsBlessing","Juzu Bracelet","Odd Mushroom","ClockworkSouvenir","Bloody Idol","Question Card","Ectoplasm","Torii","Incense Burner","Bottled Lightning","Busted Crown","Smiling Mask","Pen Nib"],"acts_visited":["Exordium","TheCity","TheBeyond"],"potions_floor_usage":[45,45,47],"damage_taken":[{"damage":0.0,"enemies":"Cultist","floor":1.0,"turns":1.0},{"damage":0.0,"enemies":"3 Sentries","floor":7.0,"turns":2.0},{"damage":0.0,"enemies":"The Mushroom Lair","floor":8.0,"turns":2.0},{"damage":18.0,"enemies":"Lagavulin","floor":14.0,"turns":8.0},{"damage":27.0,"enemies":"The Guardian","floor":16.0,"turns":11.0},{"damage":10.0,"enemies":"Chosen","floor":18.0,"turns":2.0},{"damage":33.0,"enemies":"3 Byrds","floor":21.0,"turns":7.0},{"damage":2.0,"enemies":"Shelled Parasite and Fungi","floor":24.0,"turns":5.0},{"damage":13.0,"enemies":"Snake Plant","floor":27.0,"turns":3.0},{"damage":2.0,"enemies":"Cultist and Chosen","floor":29.0,"turns":5.0},{"damage":0.0,"enemies":"Snecko","floor":31.0,"turns":5.0},{"damage":50.0,"enemies":"Collector","floor":33.0,"turns":10.0},{"damage":1.0,"enemies":"3 Darklings","floor":35.0,"turns":4.0},{"damage":6.0,"enemies":"3 Shapes","floor":37.0,"turns":5.0},{"damage":1.0,"enemies":"Spire Growth","floor":41.0,"turns":7.0},{"damage":34,"enemies":"Reptomancer","floor":45,"turns":4},{"damage":15,"enemies":"3 Darklings","floor":46,"turns":6},{"damage":8,"enemies":"Writhing Mass","floor":47,"turns":4},{"damage":0,"enemies":"4 Shapes","floor":48,"turns":5}],"seed_played":"-7473164619000366422","potions_obtained":[{"floor":7.0,"key":"Swift Potion"},{"floor":8.0,"key":"DuplicationPotion"},{"floor":24.0,"key":"Ancient Potion"},{"floor":29.0,"key":"EssenceOfSteel"},{"floor":33.0,"key":"FairyPotion"},{"floor":36.0,"key":"Ambrosia"},{"floor":45,"key":"BlessingOfTheForge"},{"floor":46,"key":"SpeedPotion"}],"is_trial":false,"path_per_floor":["M","$","?","?","?","R","E","?","T","$","?","R","?","E","R","B",null,"M","?","T","M","?","R","M","?","T","M","R","M","?","M","R","B",null,"M","?","M","$","?","R","M","R","T","?","E","M","M","M"],"character_chosen":"WATCHER","items_purchased":["ClockworkSouvenir"],"campfire_rested":3,"item_purchase_floors":[10],"current_hp_per_floor":[72,72,72,72,72,72,72,72,72,72,54,72,77,59,59,32,77,67,67,67,34,34,57,55,55,55,42,42,40,34,34,57,7,77,76,76,70,70,70,70,69,69,69,74,40,25,17,17,17],"gold":190,"neow_bonus":"THREE_ENEMY_KILL","is_daily":false,"chose_seed":false,"campfire_upgraded":4,"win_rate":0.0,"timestamp":1611764081,"path_taken":["M","$","?","?","?","R","E","?","T","$","?","R","?","E","R","BOSS","M","?","?","M","?","R","M","?","T","M","R","M","?","M","R","BOSS","M","?","M","?","?","R","M","R","T","?","E","M","M","M"],"items_purchased_type":["Relic"],"build_version":"2020-12-22","purchased_purges":0,"victory":false,"max_hp_per_floor":[72,72,72,72,72,72,72,72,72,72,72,72,77,77,77,77,77,77,77,77,77,77,77,77,77,77,77,77,77,77,77,77,77,77,77,77,77,77,77,77,77,77,77,77,77,77,77,77,77],"card_choices":[{"not_picked":["ClearTheMind","CrushJoints"],"picked":"FollowUp","floor":1.0},{"not_picked":["Protect","Evaluate"],"picked":"Prostrate","floor":7.0},{"not_picked":["Evaluate","FollowUp"],"picked":"ConjureBlade","floor":14.0},{"not_picked":["DeusExMachina","SpiritShield","LessonLearned"],"picked":"Devotion","floor":16.0},{"not_picked":["EmptyFist","Halt","CutThroughFate","Adaptation"],"picked":"SKIP","floor":18.0},{"not_picked":["Protect","PathToVictory","CrushJoints"],"picked":"Study+1","floor":21.0},{"not_picked":["FlyingSleeves","CutThroughFate","EmptyFist"],"picked":"Prostrate","floor":24.0},{"not_picked":["Collect","Fasting2+1","Perseverance","ReachHeaven+1"],"picked":"SKIP","floor":27.0},{"not_picked":["Adaptation+1","Weave","Pray","Crescendo+1"],"picked":"SKIP","floor":29.0},{"not_picked":["SandsOfTime","Crescendo+1","BowlingBash"],"picked":"Prostrate","floor":31.0},{"not_picked":["Establishment","Alpha","SpiritShield"],"picked":"MasterReality","floor":33.0},{"not_picked":["CarveReality","EmptyFist"],"picked":"SKIP","floor":35.0},{"not_picked":["EmptyBody+1","Consecrate"],"picked":"SKIP","floor":37.0},{"not_picked":["PathToVictory","WindmillStrike+1"],"picked":"SKIP","floor":41.0},{"not_picked":["Establishment"],"picked":"Prostrate+1","floor":45},{"not_picked":["EmptyBody"],"picked":"Evaluate+1","floor":46},{"not_picked":["WheelKick","EmptyBody+1"],"picked":"SKIP","floor":47}],"player_experience":271972,"relics_obtained":[{"floor":7.0,"key":"Juzu Bracelet"},{"floor":8.0,"key":"Odd Mushroom"},{"floor":14.0,"key":"Question Card"},{"floor":20.0,"key":"Torii"},{"floor":26.0,"key":"Bottled Lightning"},{"floor":43.0,"key":"Smiling Mask"},{"floor":45,"key":"Pen Nib"}],"event_choices":[{"damage_healed":0.0,"max_hp_gain":0.0,"max_hp_loss":0.0,"gold_gain":0.0,"event_name":"Shining Light","player_choice":"Ignored","floor":3.0,"gold_loss":0.0,"damage_taken":0.0},{"damage_healed":0.0,"max_hp_gain":0.0,"max_hp_loss":0.0,"gold_gain":0.0,"event_name":"The Cleric","player_choice":"Leave","floor":4.0,"gold_loss":0.0,"damage_taken":0.0},{"damage_healed":0.0,"max_hp_gain":0.0,"max_hp_loss":0.0,"gold_gain":0.0,"event_name":"Living Wall","player_choice":"Grow","floor":5.0,"gold_loss":0.0,"damage_taken":0.0,"cards_upgraded":["Eruption"]},{"damage_healed":0.0,"max_hp_gain":0.0,"max_hp_loss":0.0,"gold_gain":0.0,"event_name":"Mushrooms","player_choice":"Fought Mushrooms","floor":8.0,"gold_loss":0.0,"damage_taken":0.0},{"damage_healed":0.0,"max_hp_gain":0.0,"max_hp_loss":0.0,"gold_gain":0.0,"event_name":"Golden Idol","player_choice":"Take Damage","floor":11.0,"gold_loss":0.0,"damage_taken":18.0,"relics_obtained":["Golden Idol"]},{"damage_healed":0.0,"max_hp_gain":5.0,"max_hp_loss":0.0,"gold_gain":0.0,"event_name":"Big Fish","player_choice":"Donut","floor":13.0,"gold_loss":0.0,"damage_taken":0.0},{"damage_healed":0.0,"max_hp_gain":0.0,"max_hp_loss":0.0,"gold_gain":0.0,"event_name":"Back to Basics","player_choice":"Simplicity","floor":19.0,"gold_loss":0.0,"damage_taken":0.0,"cards_upgraded":["Strike_P","Strike_P","Strike_P","Strike_P","Defend_P","Defend_P","Defend_P","Defend_P"]},{"damage_healed":0.0,"max_hp_gain":0.0,"max_hp_loss":0.0,"gold_gain":0.0,"event_name":"The Mausoleum","player_choice":"Opened","floor":22.0,"gold_loss":0.0,"damage_taken":0.0,"relics_obtained":["Incense Burner"]},{"damage_healed":0.0,"max_hp_gain":0.0,"max_hp_loss":0.0,"gold_gain":0.0,"event_name":"Forgotten Altar","player_choice":"Gave Idol","floor":25.0,"relics_lost":["Golden Idol"],"gold_loss":0.0,"damage_taken":0.0,"relics_obtained":["Bloody Idol"]},{"damage_healed":0.0,"max_hp_gain":0.0,"max_hp_loss":0.0,"gold_gain":0.0,"event_name":"Knowing Skull","player_choice":"","floor":30.0,"potions_obtained":[],"gold_loss":0.0,"damage_taken":6.0,"cards_obtained":[]},{"damage_healed":0.0,"max_hp_gain":0.0,"max_hp_loss":0.0,"gold_gain":0.0,"event_name":"Lab","player_choice":"Got Potions","floor":36.0,"gold_loss":0.0,"damage_taken":0.0},{"damage_healed":0.0,"max_hp_gain":0.0,"max_hp_loss":0.0,"gold_gain":100.0,"event_name":"Golden Shrine","player_choice":"Pray","floor":39.0,"gold_loss":0.0,"damage_taken":0.0},{"cards_removed":["FollowUp"],"damage_healed":5.0,"max_hp_gain":0.0,"max_hp_loss":0.0,"gold_gain":0.0,"event_name":"Bonfire Elementals","player_choice":"Offered Common","floor":44.0,"gold_loss":0.0,"damage_taken":0.0},{"cards_removed":["FollowUp"],"damage_healed":5.0,"max_hp_gain":0.0,"max_hp_loss":0.0,"gold_gain":0.0,"event_name":"Bonfire Elementals","player_choice":"Offered Special","floor":44.0,"gold_loss":0.0,"damage_taken":0.0}],"is_beta":false,"boss_relics":[{"not_picked":["SlaversCollar","Snecko Eye"],"picked":"Ectoplasm"},{"not_picked":["SacredBark","Pandora\u0027s Box"],"picked":"Busted Crown"}],"items_purged_floors":[],"is_endless":false,"potions_floor_spawned":[7,8,24,29,33,37,45,46],"killed_by":"4 Shapes","ascension_level":1}}