{"host":"qrt7o4dq2qslzw13","time":1611724421,"event":{"mods":["BaseMod","Colored Map","Colored Powertips","Minty Spire (QoL Compilation)","Quick Restart","Replay The Spire","Shop Mod","StSLib","SuperFastMode"],"gold_per_floor":[113,288,288,481,493,493,509,509,509,525,544,544,544,544],"floor_reached":13,"language":"ENG","playtime":210,"items_purged":[],"score":94,"play_id":"27ff3452-5483-4948-8e90-5ec196889c59","local_time":"20210127001341","is_ascension_mode":true,"campfire_choices":[{"data":"SandsOfTime","floor":6,"key":"SMITH"},{"floor":8,"key":"REST"}],"circlet_count":0,"master_deck":["Strike_P","Strike_P","Strike_P","Strike_P","Defend_P","Defend_P","Defend_P","Defend_P","Eruption","Defend_R","Strike_R","FlyingSleeves","Doubt","Bash","SandsOfTime+1","Consecrate","Ragnarok","Worship","Perseverance"],"relics":["Replay:M_SmolderingBlood","Darkstone Periapt","Shovel"],"acts_visited":["Exordium"],"potions_floor_usage":[10],"damage_taken":[{"damage":9,"enemies":"2 Louse","floor":1,"turns":3},{"damage":9,"enemies":"Jaw Worm","floor":5,"turns":3},{"damage":7,"enemies":"Small Slimes","floor":7,"turns":3},{"damage":7,"enemies":"Gremlin Gang","floor":10,"turns":3},{"damage":16,"enemies":"3 Louse","floor":11,"turns":3},{"damage":29,"enemies":"Lagavulin","floor":13,"turns":4}],"seed_played":"-8680309659813194918","potions_obtained":[{"floor":7,"key":"Explosive Potion"}],"is_trial":false,"path_per_floor":["M","?","?","?","M","R","M","R","T","M","M","T","E"],"character_chosen":"WATCHER","items_purchased":[],"campfire_rested":1,"item_purchase_floors":[],"current_hp_per_floor":[77,77,77,43,34,34,27,52,52,45,29,29,0,0],"gold":544,"neow_bonus":"TWENTY_PERCENT_HP_BONUS","is_daily":false,"chose_seed":false,"campfire_upgraded":1,"win_rate":0.0,"timestamp":1611724421,"path_taken":["M","?","?","?","M","R","M","R","T","M","M","?","E"],"items_purchased_type":[],"build_version":"2020-12-22","purchased_purges":0,"victory":false,"max_hp_per_floor":[86,86,86,86,86,86,86,86,86,86,86,86,86,86],"card_choices":[{"not_picked":["Halt","Perseverance"],"picked":"FlyingSleeves","floor":1},{"not_picked":["Prostrate","ThirdEye"],"picked":"SandsOfTime","floor":4},{"not_picked":["Study","Perseverance"],"picked":"Consecrate","floor":5},{"not_picked":["FollowUp","Replay:AtTheReady"],"picked":"Ragnarok","floor":7},{"not_picked":["SashWhip","FlurryOfBlows"],"picked":"Worship","floor":10},{"not_picked":["Clash","Crescendo"],"picked":"Perseverance","floor":11}],"player_experience":593691,"relics_obtained":[{"floor":9,"key":"Darkstone Periapt"},{"floor":12,"key":"Shovel"}],"event_choices":[{"damage_healed":0,"gold_gain":175,"player_choice":"AGREE","damage_taken":0,"max_hp_gain":0,"max_hp_loss":0,"event_name":"Liars Game","floor":2,"gold_loss":0,"cards_obtained":["Doubt"]}],"is_beta":false,"boss_relics":[],"items_purged_floors":[],"is_endless":false,"potions_floor_spawned":[7],"killed_by":"Lagavulin","ascension_level":5}}