{"host":"gbsupkmj5cka9iw4","time":1611750078,"event":{"mods":["BaseMod","Better Note","BetterRewards","Minty Spire (QoL Compilation)","Say the Spire","Shop Mod","StSLib"],"gold_per_floor":[111,111,124,143,194,228,242,242,242,26,26,61,74,109,109,185,185,198,214,231,244,257,257,290,310,310,345,345,270,270,297,297,369,369,387,124,142,142,142,142,142],"floor_reached":40,"language":"ENG","playtime":2277,"items_purged":["Strike_R","Strike_R"],"score":1265,"play_id":"51adccd8-bc6d-4750-8437-66d40de2105c","local_time":"20210127212118","is_ascension_mode":true,"campfire_choices":[{"data":"Carnage","floor":8,"key":"SMITH"},{"data":"Double Tap","floor":11,"key":"SMITH"},{"data":"Bash","floor":15,"key":"SMITH"},{"floor":23,"key":"REST"},{"floor":32,"key":"REST"}],"circlet_count":0,"master_deck":["AscendersBane","Defend_R","Defend_R","Defend_R","Bash+1","Havoc","Enlightenment+1","Pommel Strike","Blood for Blood","Shrug It Off","Rampage","Spot Weakness","Carnage+1","Evolve","Double Tap+1","Pommel Strike","Clothesline","Thunderclap","Reaper","Demon Form","Power Through+1","Offering","Second Wind","Shrug It Off+1","Rage","Dual Wield","Twin Strike","Offering","Reaper","Power Through+1"],"relics":["Burning Blood","Vajra","Nunchaku","Shuriken","Pen Nib","Boot","HornCleat","MealTicket","Bronze Scales","Meat on the Bone","Fusion Hammer","Singing Bowl","Girya","InkBottle","Bottled Flame","Mark of Pain","DollysMirror"],"acts_visited":["Exordium","TheCity","TheBeyond"],"potions_floor_usage":[1,6,7,16,21,25,31,40],"damage_taken":[{"damage":0,"enemies":"Jaw Worm","floor":1,"turns":1},{"damage":1,"enemies":"Cultist","floor":3,"turns":3},{"damage":1,"enemies":"2 Louse","floor":4,"turns":3},{"damage":9,"enemies":"Gremlin Nob","floor":6,"turns":3},{"damage":6,"enemies":"Looter","floor":7,"turns":2},{"damage":15,"enemies":"3 Sentries","floor":12,"turns":5},{"damage":10,"enemies":"Large Slime","floor":13,"turns":2},{"damage":0,"enemies":"Gremlin Nob","floor":14,"turns":3},{"damage":57,"enemies":"The Guardian","floor":16,"turns":8},{"damage":0,"enemies":"Spheric Guardian","floor":18,"turns":2},{"damage":3,"enemies":"2 Thieves","floor":19,"turns":2},{"damage":10,"enemies":"Centurion and Healer","floor":20,"turns":5},{"damage":5,"enemies":"Cultist and Chosen","floor":21,"turns":4},{"damage":24,"enemies":"Snake Plant","floor":22,"turns":2},{"damage":32,"enemies":"Slavers","floor":24,"turns":3},{"damage":18,"enemies":"Centurion and Healer","floor":25,"turns":4},{"damage":0,"enemies":"Book of Stabbing","floor":27,"turns":3},{"damage":39,"enemies":"Gremlin Leader","floor":31,"turns":4},{"damage":32,"enemies":"Champ","floor":33,"turns":8},{"damage":42,"enemies":"3 Shapes","floor":35,"turns":10},{"damage":0,"enemies":"Orb Walker","floor":37,"turns":3},{"damage":86,"enemies":"Reptomancer","floor":40,"turns":2}],"seed_played":"3575146428545212136","potions_obtained":[{"floor":3,"key":"DistilledChaos"},{"floor":6,"key":"BloodPotion"},{"floor":14,"key":"Energy Potion"},{"floor":19,"key":"Swift Potion"},{"floor":27,"key":"FearPotion"},{"floor":33,"key":"Dexterity Potion"},{"floor":37,"key":"GamblersBrew"}],"is_trial":false,"path_per_floor":["M","?","M","M","T","E","M","R","T","$","R","E","M","E","R","B",null,"M","M","M","M","M","R","E","M","T","E","?","?","?","E","R","B",null,"M","$","M","?","?","E"],"character_chosen":"IRONCLAD","items_purchased":["Shuriken","Pen Nib","Pommel Strike","DistilledChaos","PowerPotion","Evolve","Double Tap","Pommel Strike","DollysMirror"],"campfire_rested":2,"item_purchase_floors":[0,0,0,0,0,10,10,10,36],"current_hp_per_floor":[34,34,39,44,44,41,56,56,56,71,71,62,58,64,64,44,67,73,75,75,75,57,75,49,75,75,77,55,55,55,49,73,62,77,59,74,84,84,80,0,0],"gold":142,"neow_bonus":"","is_daily":false,"chose_seed":false,"campfire_upgraded":3,"win_rate":0.0,"timestamp":1611750078,"path_taken":["M","?","?","M","?","E","M","R","T","$","R","E","M","E","R","BOSS","M","M","M","M","M","R","E","?","T","E","?","?","?","E","R","BOSS","M","$","M","?","?","E"],"items_purchased_type":["Relic","Relic","Card","Potion","Potion","Card","Card","Card","Relic"],"build_version":"2020-12-22","purchased_purges":2,"victory":false,"max_hp_per_floor":[75,75,75,75,75,75,75,75,75,75,75,75,75,75,75,75,75,75,75,75,75,75,75,75,75,75,77,82,82,82,82,82,82,82,84,84,84,84,80,80,80],"card_choices":[{"not_picked":["Clash","True Grit"],"picked":"Blood for Blood","floor":1},{"not_picked":["Blood for Blood","Armaments"],"picked":"Shrug It Off","floor":3},{"not_picked":["Body Slam","Havoc"],"picked":"Rampage","floor":4},{"not_picked":["Burning Pact","Rage"],"picked":"Spot Weakness","floor":6},{"not_picked":["Clash","Sever Soul"],"picked":"Carnage","floor":7},{"not_picked":["Sentinel","Flame Barrier"],"picked":"Clothesline","floor":12},{"not_picked":["Anger","Clothesline"],"picked":"Thunderclap","floor":13},{"not_picked":["Corruption","Burning Pact"],"picked":"Reaper","floor":14},{"not_picked":["Berserk","Juggernaut"],"picked":"Demon Form","floor":16},{"not_picked":["Body Slam","Second Wind","Dropkick"],"picked":"SKIP","floor":18},{"not_picked":["Twin Strike","Rage"],"picked":"Power Through+1","floor":19},{"not_picked":["Dark Embrace","Anger","Warcry"],"picked":"SKIP","floor":20},{"not_picked":["Headbutt+1","Bloodletting"],"picked":"Offering","floor":21},{"not_picked":["Warcry","Intimidate","Cleave"],"picked":"SKIP","floor":22},{"not_picked":["Feel No Pain","Entrench"],"picked":"Second Wind","floor":24},{"not_picked":["Sever Soul","Warcry"],"picked":"Shrug It Off+1","floor":25},{"not_picked":["Clash+1","Cleave","Havoc"],"picked":"Singing Bowl","floor":27},{"not_picked":["Pommel Strike","Clothesline"],"picked":"Twin Strike","floor":31},{"not_picked":["Exhume","Limit Break"],"picked":"Offering","floor":33},{"not_picked":["Evolve","Twin Strike","Wild Strike"],"picked":"Singing Bowl","floor":35},{"not_picked":["Iron Wave","True Grit"],"picked":"Power Through+1","floor":37}],"player_experience":763306,"relics_obtained":[{"floor":5,"key":"Boot"},{"floor":6,"key":"HornCleat"},{"floor":9,"key":"MealTicket"},{"floor":12,"key":"Bronze Scales"},{"floor":14,"key":"Meat on the Bone"},{"floor":24,"key":"Singing Bowl"},{"floor":26,"key":"Girya"},{"floor":27,"key":"InkBottle"},{"floor":31,"key":"Bottled Flame"}],"event_choices":[{"damage_healed":0,"gold_gain":0,"player_choice":"Upgraded","damage_taken":0,"max_hp_gain":0,"max_hp_loss":0,"event_name":"Upgrade Shrine","floor":2,"gold_loss":0,"cards_upgraded":["Enlightenment"]},{"damage_healed":0,"gold_gain":0,"player_choice":"Shed Blood","damage_taken":27,"max_hp_gain":5,"max_hp_loss":0,"event_name":"Forgotten Altar","floor":28,"gold_loss":0},{"cards_removed":["Strike_R"],"damage_healed":0,"gold_gain":0,"player_choice":"Gave Gold","damage_taken":0,"max_hp_gain":0,"max_hp_loss":0,"event_name":"Beggar","floor":29,"gold_loss":75},{"damage_healed":0,"gold_gain":0,"cards_transformed":["Strike_R","Strike_R"],"player_choice":"Became Test Subject","damage_taken":0,"max_hp_gain":0,"max_hp_loss":0,"event_name":"Drug Dealer","floor":30,"gold_loss":0,"cards_obtained":["Rage","Dual Wield"]},{"cards_removed":["Defend_R"],"damage_healed":0,"gold_gain":0,"player_choice":"Removed Skill","damage_taken":0,"max_hp_gain":0,"max_hp_loss":0,"event_name":"Falling","floor":38,"gold_loss":0},{"damage_healed":0,"gold_gain":0,"player_choice":"Max HP","damage_taken":0,"max_hp_gain":0,"max_hp_loss":4,"event_name":"Winding Halls","floor":39,"gold_loss":0}],"is_beta":false,"boss_relics":[{"not_picked":["SacredBark","Tiny House"],"picked":"Fusion Hammer"},{"not_picked":["Velvet Choker","Sozu"],"picked":"Mark of Pain"}],"items_purged_floors":[0,36],"is_endless":false,"potions_floor_spawned":[3,6,14,19,20,27,33,37],"killed_by":"Reptomancer","ascension_level":18}}