{"host":"vyjryxuuuxkt43k4","time":1611755662,"event":{"mods":["AchievementEnabler","BaseMod","Colored Map","DeckTracker","Keyboard Shortcuts","Minty Spire (QoL Compilation)","Permanent Neow","Quick Restart","Rare Cards Sparkle","StSLib","SuperFastMode","everything is the same but u backflip on backflip"],"gold_per_floor":[18,37,37,56,81,81,10,10,37,37,37,70,70,91,91,215,215,229,247,271,287,197,197,197],"floor_reached":23,"language":"KOR","playtime":894,"items_purged":[],"score":270,"play_id":"640b6cc3-e75f-46ea-b957-680b462cd2b9","local_time":"20210127225422","is_ascension_mode":true,"campfire_choices":[{"floor":6.0,"key":"REST"},{"floor":10.0,"key":"REST"},{"data":"Dualcast","floor":13.0,"key":"SMITH"},{"data":"Coolheaded","floor":15.0,"key":"SMITH"}],"circlet_count":0,"master_deck":["Strike_B","Strike_B","Defend_B","Defend_B","Defend_B","Zap","Dualcast+1","Compile Driver","Defragment+1","Coolheaded+1","Streamline","Self Repair","Conserve Battery+1","Capacitor","Echo Form","Ball Lightning","Conserve Battery+1","Leap+1","Turbo+1"],"relics":["Cracked Core","Golden Idol","DataDisk","Anchor","Toxic Egg 2","Cursed Key"],"acts_visited":["Exordium","TheCity"],"potions_floor_usage":[23],"damage_taken":[{"damage":0.0,"enemies":"2 Louse","floor":1.0,"turns":3.0},{"damage":0.0,"enemies":"Small Slimes","floor":2.0,"turns":3.0},{"damage":9.0,"enemies":"Jaw Worm","floor":4.0,"turns":4.0},{"damage":33.0,"enemies":"Exordium Thugs","floor":5.0,"turns":6.0},{"damage":18.0,"enemies":"Gremlin Nob","floor":12.0,"turns":4.0},{"damage":2.0,"enemies":"Exordium Wildlife","floor":14.0,"turns":6.0},{"damage":4.0,"enemies":"The Guardian","floor":16.0,"turns":12.0},{"damage":11.0,"enemies":"Spheric Guardian","floor":18.0,"turns":4.0},{"damage":15.0,"enemies":"2 Thieves","floor":19.0,"turns":4.0},{"damage":20.0,"enemies":"Snecko","floor":20.0,"turns":5.0},{"damage":30.0,"enemies":"Cultist and Chosen","floor":21.0,"turns":9.0},{"damage":33,"enemies":"Book of Stabbing","floor":23,"turns":5}],"seed_played":"-5417792854239167545","potions_obtained":[{"floor":4.0,"key":"PotionOfCapacity"},{"floor":5.0,"key":"Block Potion"},{"floor":12.0,"key":"Fire Potion"},{"floor":16.0,"key":"SteroidPotion"},{"floor":20.0,"key":"Fruit Juice"}],"is_trial":false,"path_per_floor":["M","M","?","M","M","R","$","?","T","R","$","E","R","M","R","B",null,"M","M","M","M","?","E"],"character_chosen":"DEFECT","items_purchased":["Self Repair"],"campfire_rested":2,"item_purchase_floors":[7],"current_hp_per_floor":[68,68,50,41,8,30,30,18,18,40,40,29,29,34,34,37,66,62,54,53,30,30,0,0],"gold":197,"neow_bonus":"REMOVE_TWO","is_daily":false,"chose_seed":false,"campfire_upgraded":2,"win_rate":0.0,"timestamp":1611755662,"path_taken":["M","M","?","M","M","R","$","?","T","R","$","E","R","M","R","BOSS","M","M","M","M","?","E"],"items_purchased_type":["Card"],"build_version":"2020-12-22","purchased_purges":0,"victory":false,"max_hp_per_floor":[75,75,75,75,75,75,75,75,75,75,75,75,75,75,75,75,75,75,75,80,80,80,80,80],"card_choices":[{"not_picked":["Reinforced Body","Darkness"],"picked":"Compile Driver","floor":1.0},{"not_picked":["Static Discharge","Turbo"],"picked":"Defragment","floor":2.0},{"not_picked":["Cold Snap","Sunder"],"picked":"Coolheaded","floor":4.0},{"not_picked":["Hologram","Reinforced Body"],"picked":"Streamline","floor":5.0},{"not_picked":["Beam Cell","Stack+1"],"picked":"Conserve Battery+1","floor":12.0},{"not_picked":["Heatsinks","Auto Shields+1"],"picked":"Capacitor","floor":14.0},{"not_picked":["Reboot+1","Amplify+1"],"picked":"Echo Form","floor":16.0},{"not_picked":["Barrage","Compile Driver"],"picked":"Ball Lightning","floor":18.0},{"not_picked":["Heatsinks","Rebound+1"],"picked":"Conserve Battery+1","floor":19.0},{"not_picked":["Beam Cell","Streamline"],"picked":"Leap+1","floor":20.0},{"not_picked":["Stack+1","Beam Cell"],"picked":"Turbo+1","floor":21.0}],"player_experience":417637,"relics_obtained":[{"floor":9.0,"key":"Anchor"},{"floor":12.0,"key":"Toxic Egg 2"}],"event_choices":[{"damage_healed":0.0,"max_hp_gain":0.0,"max_hp_loss":0.0,"gold_gain":0.0,"event_name":"Golden Idol","player_choice":"Take Damage","floor":3.0,"gold_loss":0.0,"damage_taken":18.0,"relics_obtained":["Golden Idol"]},{"damage_healed":0.0,"max_hp_gain":0.0,"max_hp_loss":0.0,"gold_gain":0.0,"event_name":"Scrap Ooze","player_choice":"Success","floor":8.0,"gold_loss":0.0,"damage_taken":12.0,"relics_obtained":["DataDisk"]},{"cards_removed":["Strike_B"],"damage_healed":0.0,"max_hp_gain":0.0,"max_hp_loss":0.0,"gold_gain":0.0,"event_name":"Designer","player_choice":"Upgrade and Remove","floor":22.0,"gold_loss":90.0,"damage_taken":0.0,"cards_upgraded":["Defragment"]}],"is_beta":false,"boss_relics":[{"not_picked":["Black Star","Tiny House"],"picked":"Cursed Key"}],"items_purged_floors":[],"is_endless":false,"potions_floor_spawned":[4,5,12,16,20],"killed_by":"Book of Stabbing","ascension_level":8}}