{"host":"Oniwa","time":1611747158,"event":{"mods":["BaseMod","Colored Map","Colored Powertips","Minty Spire (QoL Compilation)","Relic Stats","Slay the Relics Exporter","SpireBot","StSLib","ojb\u0027s Better Paths Mod","ojb\u0027s Info Mod"],"gold_per_floor":[113,113,38,48,64,99,99,126,150,165,230,260,260,277,277,351,351,366,35,51,51,66,95,95,75,75,87,99,132,144,164,164,236,236,247,247,258,273,290,319,333,365,390,280,306,316,341,355,355,355,355,355,355,48,79,79],"floor_reached":57,"language":"JPN","playtime":5066,"items_purged":["Pain","Strike_P+1"],"score":3251,"play_id":"93599987-7fce-43e0-bb1f-c3db83f9b31c","local_time":"20210127203238","is_ascension_mode":true,"campfire_choices":[{"data":"BattleHymn","floor":7,"key":"SMITH"},{"data":"MentalFortress","floor":15,"key":"SMITH"},{"data":"SpiritShield","floor":24,"key":"SMITH"},{"data":"WheelKick","floor":32,"key":"SMITH"},{"floor":49,"key":"RECALL"},{"data":"MentalFortress","floor":53,"key":"SMITH"}],"circlet_count":0,"master_deck":["AscendersBane","Strike_P+1","Defend_P+1","Defend_P+1","Defend_P+1","Defend_P+1","Eruption","Vigilance+1","MentalFortress+1","JustLucky+1","BattleHymn+1","SpiritShield+1","FearNoEvil+1","EmptyBody","Protect","ClearTheMind+1","Vault+1","Tantrum","Conclude+1","Vault+1","WheelKick+1","LessonLearned+1","EmptyFist","InnerPeace+1","DevaForm+1","CutThroughFate+1","Wallop+1","MentalFortress+1","WheelKick+1","Worship"],"relics":["Runic Dome","WarpedTongs","Bronze Scales","Toy Ornithopter","Strawberry","Mango","Gambling Chip","Snecko Eye","Ice Cream","Dream Catcher","Blood Vial","CloakClasp","VioletLotus","War Paint","Mercury Hourglass","Unceasing Top","Art of War","Membership Card","Bag of Preparation","Anchor"],"acts_visited":["Exordium","TheCity","TheBeyond","TheEnding"],"potions_floor_usage":[6,14,16,33,40,56],"damage_taken":[{"damage":1,"enemies":"2 Louse","floor":1,"turns":4},{"damage":0,"enemies":"Cultist","floor":4,"turns":3},{"damage":9,"enemies":"Small Slimes","floor":5,"turns":5},{"damage":22,"enemies":"3 Sentries","floor":6,"turns":6},{"damage":0,"enemies":"Lagavulin","floor":8,"turns":4},{"damage":1,"enemies":"Exordium Thugs","floor":10,"turns":4},{"damage":18,"enemies":"Lagavulin Event","floor":11,"turns":6},{"damage":3,"enemies":"3 Sentries","floor":12,"turns":5},{"damage":0,"enemies":"Gremlin Gang","floor":14,"turns":3},{"damage":30,"enemies":"Slime Boss","floor":16,"turns":5},{"damage":0,"enemies":"Chosen","floor":18,"turns":7},{"damage":0,"enemies":"Shell Parasite","floor":20,"turns":3},{"damage":0,"enemies":"Centurion and Healer","floor":22,"turns":4},{"damage":0,"enemies":"Gremlin Leader","floor":23,"turns":4},{"damage":0,"enemies":"Chosen and Byrds","floor":27,"turns":3},{"damage":7,"enemies":"Snake Plant","floor":28,"turns":3},{"damage":0,"enemies":"Slavers","floor":29,"turns":4},{"damage":0,"enemies":"Cultist and Chosen","floor":30,"turns":4},{"damage":0,"enemies":"Sentry and Sphere","floor":31,"turns":4},{"damage":13,"enemies":"Collector","floor":33,"turns":10},{"damage":0,"enemies":"3 Shapes","floor":35,"turns":7},{"damage":2,"enemies":"Orb Walker","floor":37,"turns":4},{"damage":0,"enemies":"Jaw Worm Horde","floor":38,"turns":4},{"damage":12,"enemies":"Transient","floor":39,"turns":7},{"damage":6,"enemies":"Nemesis","floor":40,"turns":4},{"damage":16,"enemies":"4 Shapes","floor":41,"turns":6},{"damage":0,"enemies":"Reptomancer","floor":42,"turns":6},{"damage":0,"enemies":"Nemesis","floor":45,"turns":7},{"damage":7,"enemies":"Writhing Mass","floor":46,"turns":5},{"damage":0,"enemies":"Reptomancer","floor":47,"turns":6},{"damage":0,"enemies":"Spire Growth","floor":48,"turns":5},{"damage":11,"enemies":"Awakened One","floor":50,"turns":11},{"damage":0,"enemies":"Donu and Deca","floor":51,"turns":7},{"damage":0,"enemies":"Shield and Spear","floor":55,"turns":4},{"damage":15,"enemies":"The Heart","floor":56,"turns":10}],"seed_played":"-2540882252626301437","potions_obtained":[{"floor":1,"key":"Explosive Potion"},{"floor":4,"key":"Regen Potion"},{"floor":8,"key":"Explosive Potion"},{"floor":14,"key":"Fruit Juice"},{"floor":16,"key":"Block Potion"},{"floor":18,"key":"Ambrosia"},{"floor":39,"key":"LiquidMemories"},{"floor":41,"key":"DistilledChaos"},{"floor":42,"key":"SneckoOil"}],"is_trial":false,"path_per_floor":["M","?","$","M","M","E","R","E","T","M","?","E","?","M","R","B",null,"M","$","M","?","M","E","R","?","T","M","M","E","M","M","R","B",null,"M","?","M","M","M","E","M","E","T","?","E","M","E","M","R","B","B",null,"R","$","E","B",null],"character_chosen":"WATCHER","items_purchased":["Ice Cream","Membership Card","Bag of Preparation"],"campfire_rested":0,"item_purchase_floors":[19,54,54],"current_hp_per_floor":[60,60,60,60,51,43,43,43,50,49,45,42,35,40,40,20,76,76,76,76,76,76,76,76,76,76,78,73,75,77,79,79,73,89,91,89,87,89,77,78,64,66,66,66,68,63,65,67,67,58,60,82,82,82,84,76],"gold":79,"neow_bonus":"BOSS_RELIC","is_daily":false,"chose_seed":false,"campfire_upgraded":5,"win_rate":0.0,"timestamp":1611747158,"path_taken":["M","?","$","M","M","E","R","E","T","?","?","E","?","M","R","BOSS","M","$","M","?","?","E","R","?","T","M","M","E","M","M","R","BOSS","M","?","M","M","M","E","M","E","T","?","E","M","E","M","R","BOSS","BOSS","R","$","E","BOSS"],"items_purchased_type":["Relic","Relic","Relic"],"build_version":"2020-12-18","purchased_purges":2,"victory":true,"max_hp_per_floor":[68,68,68,68,68,68,68,68,75,75,89,89,89,89,89,94,94,94,94,94,94,94,94,94,94,94,94,94,94,94,94,94,94,94,94,89,89,89,89,89,89,89,89,89,89,89,89,89,89,89,89,89,89,89,89,89],"relic_stats":{"counters":[35,184],"CloakClasp":[444],"Bag of Preparation":[4],"War Paint":["Vigilance","Defend_P"],"WarpedTongs":[176],"Mercury Hourglass":[198],"Blood Vial":38,"Dream Catcher":0,"Bronze Scales":[356],"Gambling Chip":[109],"Snecko Eye":[296,297,263,276],"VioletLotus":[45],"Art of War":[5],"obtain_stats":[{"Ice Cream":19,"Mango":11,"CloakClasp":29,"Bag of Preparation":54,"War Paint":40,"WarpedTongs":2,"Mercury Hourglass":42,"Blood Vial":26,"Runic Dome":0,"Dream Catcher":23,"Anchor":55,"Bronze Scales":6,"Strawberry":9,"Gambling Chip":12,"Snecko Eye":17,"VioletLotus":34,"Art of War":47,"Membership Card":54,"PureWater":0,"Toy Ornithopter":8,"Unceasing Top":45},{"Ice Cream":11,"Mango":7,"CloakClasp":17,"Bag of Preparation":33,"War Paint":25,"WarpedTongs":1,"Mercury Hourglass":27,"Blood Vial":14,"Runic Dome":0,"Dream Catcher":14,"Anchor":34,"Bronze Scales":4,"Strawberry":5,"Gambling Chip":8,"Snecko Eye":10,"VioletLotus":20,"Art of War":30,"Membership Card":33,"PureWater":0,"Toy Ornithopter":5,"Unceasing Top":28},{"Ice Cream":52,"Mango":32,"CloakClasp":73,"Bag of Preparation":170,"War Paint":117,"WarpedTongs":4,"Mercury Hourglass":129,"Blood Vial":63,"Runic Dome":0,"Dream Catcher":63,"Anchor":174,"Bronze Scales":18,"Strawberry":22,"Gambling Chip":37,"Snecko Eye":45,"VioletLotus":91,"Art of War":147,"Membership Card":170,"PureWater":0,"Toy Ornithopter":22,"Unceasing Top":136}],"Toy Ornithopter":25,"Unceasing Top":[0]},"card_choices":[{"not_picked":["Vengeance","Sanctity"],"picked":"MentalFortress","floor":1},{"not_picked":["Nirvana","Crescendo"],"picked":"JustLucky","floor":4},{"not_picked":["Halt","LikeWater"],"picked":"BattleHymn","floor":5},{"not_picked":["Conclude","FollowUp"],"picked":"SpiritShield","floor":6},{"not_picked":["FollowUp","Weave"],"picked":"FearNoEvil","floor":8},{"not_picked":["WindmillStrike","ReachHeaven","PathToVictory"],"picked":"SKIP","floor":10},{"not_picked":["Perseverance","ThirdEye"],"picked":"EmptyBody","floor":11},{"not_picked":["Prostrate","ConjureBlade"],"picked":"Protect","floor":12},{"not_picked":["JustLucky","PathToVictory"],"picked":"ClearTheMind","floor":14},{"not_picked":["Devotion","DeusExMachina"],"picked":"Vault","floor":16},{"not_picked":["CutThroughFate","Prostrate"],"picked":"Tantrum","floor":18},{"not_picked":["Crescendo","FlyingSleeves"],"picked":"Conclude+1","floor":20},{"not_picked":["Pray+1","FlyingSleeves","Halt"],"picked":"SKIP","floor":22},{"not_picked":["Pray","Consecrate","FlyingSleeves"],"picked":"SKIP","floor":23},{"not_picked":["Pray","Consecrate","FlyingSleeves"],"picked":"SKIP","floor":23},{"not_picked":["Pray","Consecrate","FlyingSleeves"],"picked":"SKIP","floor":23},{"not_picked":["SashWhip","Indignation","Nirvana"],"picked":"SKIP","floor":27},{"not_picked":["FlurryOfBlows","Halt+1"],"picked":"WheelKick","floor":28},{"not_picked":["Judgement","ClearTheMind"],"picked":"LessonLearned","floor":29},{"not_picked":["FlyingSleeves","BattleHymn"],"picked":"EmptyFist","floor":30},{"not_picked":["FollowUp","Tantrum"],"picked":"InnerPeace","floor":31},{"not_picked":["LessonLearned","Blasphemy"],"picked":"DevaForm","floor":33},{"not_picked":["Halt","CrushJoints","Prostrate"],"picked":"SKIP","floor":35},{"not_picked":["FlyingSleeves","Evaluate+1"],"picked":"CutThroughFate+1","floor":37},{"not_picked":["SashWhip","EmptyBody","BowlingBash"],"picked":"SKIP","floor":38},{"not_picked":["Protect","InnerPeace+1"],"picked":"Wallop+1","floor":39},{"not_picked":["ThirdEye","EmptyBody","Alpha"],"picked":"SKIP","floor":40},{"not_picked":["EmptyFist","WreathOfFlame","Collect+1"],"picked":"SKIP","floor":41},{"not_picked":["BattleHymn+1","Vengeance"],"picked":"MentalFortress","floor":42},{"not_picked":["EmptyFist","Conclude"],"picked":"WheelKick+1","floor":45},{"not_picked":["ClearTheMind","BowlingBash","PathToVictory"],"picked":"SKIP","floor":46},{"not_picked":["EmptyFist+1","Prostrate","ForeignInfluence"],"picked":"SKIP","floor":47},{"not_picked":["PathToVictory+1","Crescendo"],"picked":"Worship","floor":48},{"not_picked":["Pray","DeceiveReality","LessonLearned"],"picked":"SKIP","floor":55}],"player_experience":2602026,"relics_obtained":[{"floor":6,"key":"Bronze Scales"},{"floor":8,"key":"Toy Ornithopter"},{"floor":9,"key":"Strawberry"},{"floor":11,"key":"Mango"},{"floor":12,"key":"Gambling Chip"},{"floor":23,"key":"Dream Catcher"},{"floor":26,"key":"Blood Vial"},{"floor":29,"key":"CloakClasp"},{"floor":40,"key":"War Paint"},{"floor":42,"key":"Mercury Hourglass"},{"floor":45,"key":"Unceasing Top"},{"floor":47,"key":"Art of War"},{"floor":55,"key":"Anchor"}],"event_choices":[{"damage_healed":0,"gold_gain":0,"player_choice":"Rummage","damage_taken":0,"relics_obtained":["WarpedTongs"],"max_hp_gain":0,"max_hp_loss":0,"event_name":"Accursed Blacksmith","floor":2,"gold_loss":0,"cards_obtained":["Pain"]},{"damage_healed":0,"gold_gain":0,"player_choice":"Searched \u00271\u0027 times","damage_taken":0,"max_hp_gain":0,"max_hp_loss":0,"event_name":"Dead Adventurer","floor":11,"gold_loss":0},{"cards_removed":["Strike_P"],"damage_healed":0,"gold_gain":0,"player_choice":"Card Removal","damage_taken":7,"max_hp_gain":0,"max_hp_loss":0,"event_name":"Golden Wing","floor":13,"gold_loss":0},{"damage_healed":0,"gold_gain":0,"player_choice":"Copied","damage_taken":0,"max_hp_gain":0,"max_hp_loss":0,"event_name":"Duplicator","floor":21,"gold_loss":0,"cards_obtained":["Vault"]},{"damage_healed":0,"gold_gain":0,"player_choice":"Bought 1 Potion","damage_taken":0,"max_hp_gain":0,"max_hp_loss":0,"event_name":"The Woman in Blue","floor":25,"gold_loss":0},{"damage_healed":0,"gold_gain":0,"player_choice":"Max HP","damage_taken":0,"max_hp_gain":0,"max_hp_loss":5,"event_name":"Winding Halls","floor":36,"gold_loss":0},{"cards_removed":["Strike_P"],"damage_healed":0,"gold_gain":0,"player_choice":"Upgrade and Remove","damage_taken":0,"max_hp_gain":0,"max_hp_loss":0,"event_name":"Designer","floor":44,"gold_loss":110,"cards_upgraded":["FearNoEvil"]}],"is_beta":true,"boss_relics":[{"not_picked":["Sozu","Philosopher\u0027s Stone"],"picked":"Snecko Eye"},{"not_picked":["Runic Pyramid","SlaversCollar"],"picked":"VioletLotus"}],"items_purged_floors":[3,54],"is_endless":false,"potions_floor_spawned":[1,4,5,8,14,16,18,20,23,29,30,31,39,41,42,45,47,48],"ascension_level":20}}