{"host":"v3z2g2b45xdjh78v","time":1611789532,"event":{"mods":["BaseMod","Colored Powertips","Downfall","Minty Spire (QoL Compilation)","Replay The Spire","Shop Mod","StSLib"],"gold_per_floor":[115,115,62,62,79,79,254,281,307,339,356,369,396,396,396,491,591,601,433,445,445,464,495,510,540,618,618,644,656,674,910,910,910,910],"floor_reached":33,"language":"ENG","playtime":1390,"items_purged":[],"score":445,"play_id":"78f5bdac-36c6-4c8a-aed0-f63d7fe7e58f","local_time":"20210128121852","is_ascension_mode":true,"campfire_choices":[{"data":"Dagger Spray","floor":6,"key":"SMITH"},{"floor":15,"key":"REST"},{"floor":27,"key":"REST"},{"floor":32,"key":"REST"}],"circlet_count":0,"master_deck":["Strike_G","Strike_G","Strike_G","Strike_G","Strike_G","Defend_G","Defend_G","Defend_G","Defend_G","Survivor","Neutralize","Poisoned Stab","Atom Bomb+1","Dagger Spray+1","Regret","Prepared","Doubt","Outmaneuver","Crippling Poison","Escape Plan","Replay:Poison Smokescreen","Catalyst","Adrenaline","Dagger Throw","After Image","Infinite Blades","Catalyst+1","downfall:Bewildered","Tactician","Bouncing Flask","Phantasmal Killer","ReplayTheSpireMod:Speed Training+1","ReplayTheSpireMod:Splinters","Setup"],"relics":["Ring of the Snake","NeowsBlessing","Replay:Bottled Flurry","Replay:Rubber Ducky","Bronze Scales","ReplayTheSpireMod:Shallot","Orichalcum","The Courier","Replay:Wanted Poster","sneckomod:BabySnecko","ReplayFunnel","Smiling Mask","Matryoshka","Replay:Mystery Machine","Gremlin Horn"],"acts_visited":["Exordium","TheCity"],"potions_floor_usage":[12,13,16,20,22,22,28,30,33,33],"damage_taken":[{"damage":0,"enemies":"Small Slimes","floor":1,"turns":1},{"damage":0,"enemies":"2 Louse","floor":5,"turns":1},{"damage":0,"enemies":"Gremlin Nob","floor":8,"turns":1},{"damage":21,"enemies":"3 Sentries","floor":10,"turns":5},{"damage":0,"enemies":"Cultist","floor":11,"turns":3},{"damage":6,"enemies":"Gremlin Gang","floor":12,"turns":2},{"damage":16,"enemies":"Gremlin Nob","floor":13,"turns":3},{"damage":5,"enemies":"Hexaghost","floor":16,"turns":7},{"damage":3,"enemies":"Chosen","floor":18,"turns":4},{"damage":0,"enemies":"3 Byrds","floor":20,"turns":2},{"damage":10,"enemies":"Snake Plant","floor":22,"turns":3},{"damage":21,"enemies":"Slavers","floor":23,"turns":4},{"damage":4,"enemies":"Centurion and Healer","floor":24,"turns":3},{"damage":21,"enemies":"Replay:Snechameleon","floor":25,"turns":3},{"damage":3,"enemies":"Gremlin Leader","floor":28,"turns":4},{"damage":20,"enemies":"Shelled Parasite and Fungi","floor":29,"turns":5},{"damage":0,"enemies":"Cultist and Chosen","floor":30,"turns":3},{"damage":30,"enemies":"Pondfish","floor":33,"turns":5}],"seed_played":"7189162476510823712","potions_obtained":[{"floor":5,"key":"hexamod:SoulburnPotion"},{"floor":8,"key":"AttackPotion"},{"floor":11,"key":"Poison Potion"},{"floor":13,"key":"Explosive Potion"},{"floor":16,"key":"Poison Potion"},{"floor":20,"key":"SpeedPotion"},{"floor":25,"key":"DistilledChaos"},{"floor":29,"key":"LifebloodPotion"},{"floor":30,"key":"Fire Potion"},{"floor":31,"key":"Flashbang"}],"is_trial":false,"path_per_floor":["M","?","$","?","M","R","?","E","T","E","M","M","E","?","R","B",null,"M","$","M","?","M","E","M","E","T","R","E","M","M","?","R","B"],"character_chosen":"THE_SILENT","items_purchased":["Dagger Spray","After Image","Infinite Blades"],"campfire_rested":3,"item_purchase_floors":[3,19,19],"current_hp_per_floor":[70,70,70,70,70,70,70,70,70,49,49,43,27,20,41,36,70,67,67,67,67,57,36,32,11,11,32,29,9,9,9,30,0,0],"gold":910,"neow_bonus":"THREE_ENEMY_KILL","is_daily":false,"chose_seed":false,"campfire_upgraded":1,"win_rate":0.0,"timestamp":1611789532,"path_taken":["M","?","$","?","M","R","?","E","T","E","M","M","E","?","R","BOSS","M","$","M","?","M","E","M","E","T","R","E","M","M","?","R","BOSS"],"items_purchased_type":["Card","Card","Card"],"build_version":"2020-12-22","purchased_purges":0,"victory":false,"max_hp_per_floor":[70,70,70,70,70,70,70,70,70,70,70,70,70,70,70,70,70,70,70,70,70,70,70,70,70,70,70,70,70,70,70,70,70,70],"card_choices":[{"not_picked":["Acrobatics","Deadly Poison"],"picked":"Poisoned Stab","floor":1},{"not_picked":["Dash","Eviscerate"],"picked":"Prepared","floor":5},{"not_picked":["Deadly Poison","Bane"],"picked":"Outmaneuver","floor":8},{"not_picked":["Deflect","Bane"],"picked":"Crippling Poison","floor":10},{"not_picked":["Acrobatics","Quick Slash"],"picked":"Escape Plan","floor":11},{"not_picked":["Dodge and Roll","Bane"],"picked":"Replay:Poison Smokescreen","floor":12},{"not_picked":["Corpse Explosion","Distraction"],"picked":"Catalyst","floor":13},{"not_picked":["Glass Knife","Die Die Die"],"picked":"Adrenaline","floor":16},{"not_picked":["Deflect","Concentrate"],"picked":"Dagger Throw","floor":18},{"not_picked":["ReplayTheSpireMod:Speed Training","Slice"],"picked":"Catalyst+1","floor":20},{"not_picked":["Dagger Throw","Blade Dance+1","ReplayTheSpireMod:Exploit Weakness"],"picked":"SKIP","floor":22},{"not_picked":["Dagger Throw","Calculated Gamble","Dash"],"picked":"SKIP","floor":23},{"not_picked":["Underhanded Strike","Slice"],"picked":"Tactician","floor":24},{"not_picked":["Terror","Slice"],"picked":"Bouncing Flask","floor":25},{"not_picked":["Riddle With Holes+1","PiercingWail+1"],"picked":"Phantasmal Killer","floor":28},{"not_picked":["Deflect","Blade Dance"],"picked":"ReplayTheSpireMod:Speed Training+1","floor":29},{"not_picked":["Bane+1","Blur","Well Laid Plans+1"],"picked":"SKIP","floor":30},{"not_picked":["Dash","Terror"],"picked":"Setup","floor":31}],"player_experience":84153,"relics_obtained":[{"floor":8,"key":"Replay:Rubber Ducky"},{"floor":9,"key":"Bronze Scales"},{"floor":10,"key":"ReplayTheSpireMod:Shallot"},{"floor":13,"key":"Orichalcum"},{"floor":23,"key":"ReplayFunnel"},{"floor":25,"key":"Smiling Mask"},{"floor":26,"key":"Matryoshka"},{"floor":28,"key":"Replay:Mystery Machine"},{"floor":31,"key":"Gremlin Horn"}],"event_choices":[{"damage_healed":0,"gold_gain":0,"player_choice":"Box","damage_taken":0,"relics_obtained":["Replay:Bottled Flurry"],"max_hp_gain":0,"max_hp_loss":0,"event_name":"Big Fish","floor":4,"gold_loss":0,"cards_obtained":["Regret"]},{"damage_healed":0,"gold_gain":175,"player_choice":"AGREE","damage_taken":0,"max_hp_gain":0,"max_hp_loss":0,"event_name":"Liars Game","floor":7,"gold_loss":0,"cards_obtained":["Doubt"]},{"damage_healed":0,"gold_gain":0,"player_choice":"Success","damage_taken":7,"relics_obtained":["The Courier"],"max_hp_gain":0,"max_hp_loss":0,"event_name":"Scrap Ooze","floor":14,"gold_loss":0}],"is_beta":false,"boss_relics":[{"not_picked":["Tiny House","Ring of Chaos"],"picked":"Replay:Wanted Poster"}],"items_purged_floors":[],"is_endless":false,"potions_floor_spawned":[5,8,11,13,16,20,25,29,30],"killed_by":"Pondfish","ascension_level":1}}