{"host":"7tqog9fnhs0gxmti","time":1611722322,"event":{"mods":["AchievementEnabler","Act Like it!","Astrologer","BaseMod","Beaked The Cultist","CapriCore","Colored Map","Colored Powertips","Downfall","Hermit","Highlight Path","Koishi","Marisa????????","Minty Spire (QoL Compilation)","Quick Restart","Random Character Button","Rare Cards Sparkle","Robot Space Explorer","Somnambulant","StSLib","The Bug Knight","The Construct","The Cursed","The Disciple","The Gatherer","The Hayseed","The Marked","Wandering Minibosses","everything is the same but u backflip on backflip"],"gold_per_floor":[99,11,22,22,32,94,118,130,149,165,165,199,199,225,239,239,239,239],"floor_reached":16,"language":"ENG","playtime":852,"items_purged":[],"score":112,"play_id":"e8dbf579-6712-4e11-9279-bff68a5d46fc","local_time":"20210127123842","is_ascension_mode":false,"campfire_choices":[{"data":"bronze:Replicate","floor":1,"key":"SMITH"},{"data":"bronze:Repulsor","floor":11,"key":"SMITH"}],"circlet_count":0,"master_deck":["bronze:Strike","bronze:Strike","bronze:Strike","bronze:Strike","bronze:Defend","bronze:Defend","bronze:Defend","bronze:Defend","bronze:Replicate+1","bronze:Goto","bronze:WhirlingStrike+1","bronze:Verify+1","bronze:ChosenStrike","Normality","bronze:Repulsor+1","bronze:CloningBeam","bronze:GetLatest","bronze:Format","bronze:FollowUp","bronze:OilSpill"],"relics":["bronze:BronzeCore","Thread and Needle","PreservedInsect","Boot","Omamori","Bag of Marbles"],"acts_visited":["Exordium"],"potions_floor_usage":[6,6,12],"damage_taken":[{"damage":0,"enemies":"downfall:FleeingMerchant","floor":2,"turns":4},{"damage":5,"enemies":"Cultist","floor":3,"turns":4},{"damage":6,"enemies":"Jaw Worm","floor":5,"turns":5},{"damage":19,"enemies":"Lagavulin Event","floor":6,"turns":5},{"damage":3,"enemies":"2 Louse","floor":8,"turns":2},{"damage":2,"enemies":"Exordium Wildlife","floor":9,"turns":3},{"damage":9,"enemies":"Lots of Slimes","floor":10,"turns":2},{"damage":15,"enemies":"3 Sentries","floor":12,"turns":5},{"damage":6,"enemies":"Gremlin Nob","floor":14,"turns":3},{"damage":0,"enemies":"3 Louse","floor":15,"turns":1},{"damage":42,"enemies":"WA_ARCHETYPE_RETAIN","floor":16,"turns":4}],"seed_played":"2768927580865292812","potions_obtained":[{"floor":3,"key":"bronze:BuildAFunctionPotion"},{"floor":5,"key":"sneckomod:MuddlingPotion"},{"floor":9,"key":"sneckomod:MuddlingPotion"},{"floor":12,"key":"bronze:CleanCodePotion"}],"is_trial":false,"path_per_floor":["R","$","M","?","M","?","T","M","M","M","R","E","T","E","M","B"],"character_chosen":"THE_AUTOMATON","items_purchased":["bronze:Verify"],"campfire_rested":0,"item_purchase_floors":[2],"current_hp_per_floor":[77,77,72,72,66,47,47,44,42,33,33,18,18,12,12,0,0,0],"gold":239,"neow_bonus":"TEN_PERCENT_HP_BONUS","is_daily":false,"chose_seed":false,"campfire_upgraded":2,"win_rate":0.0,"timestamp":1611722322,"path_taken":["R","$","?","?","?","?","T","M","M","M","R","E","?","E","M","BOSS"],"items_purchased_type":["Card"],"build_version":"2020-12-22","purchased_purges":0,"victory":false,"max_hp_per_floor":[77,77,77,77,77,77,77,77,77,77,77,77,77,77,77,77,77,77],"card_choices":[{"not_picked":["bronze:DelayedGuard","bronze:WildBeam"],"picked":"bronze:WhirlingStrike","floor":2},{"not_picked":["bronze:WhirlingStrike","bronze:WildBeam"],"picked":"bronze:ChosenStrike","floor":3},{"not_picked":["bronze:CutThrough","bronze:BugBarrage"],"picked":"bronze:Repulsor","floor":5},{"not_picked":["bronze:CutThrough","bronze:Invalidate"],"picked":"bronze:CloningBeam","floor":6},{"not_picked":["bronze:Overload","bronze:BronzeArmor"],"picked":"bronze:GetLatest","floor":8},{"not_picked":["bronze:Invalidate","bronze:Break","bronze:Turbo"],"picked":"SKIP","floor":9},{"not_picked":["bronze:Safeguard","bronze:Turbo","bronze:Branch"],"picked":"SKIP","floor":10},{"not_picked":["bronze:Shield","bronze:ChosenStrike"],"picked":"bronze:Format","floor":12},{"not_picked":["bronze:DigitalCarnage","bronze:Invalidate"],"picked":"bronze:FollowUp","floor":14},{"not_picked":["bronze:Frontload","bronze:GetLatest"],"picked":"bronze:OilSpill","floor":15}],"player_experience":911379,"relics_obtained":[{"floor":7,"key":"PreservedInsect"},{"floor":12,"key":"Boot"},{"floor":13,"key":"Omamori"},{"floor":14,"key":"Bag of Marbles"}],"event_choices":[],"is_beta":false,"boss_relics":[],"items_purged_floors":[],"is_endless":false,"potions_floor_spawned":[3,5,9,12],"killed_by":"WA_ARCHETYPE_RETAIN","ascension_level":0}}