{"host":"deirlxtsw53uoa9y","time":1611749812,"event":{"mods":["AchievementEnabler","BaseMod","DeckTracker","Lobotomy","Minty Spire (QoL Compilation)","Permanent Neow","Rare Cards Sparkle","StSLib","The Hierophant","everything is the same but u backflip on backflip"],"gold_per_floor":[112,112,107,121,85,85,72,8,8],"floor_reached":8,"language":"KOR","playtime":326,"items_purged":[],"score":73,"play_id":"eaba98e3-d9d2-47fd-8058-e86acc89ad5f","local_time":"20210127211652","is_ascension_mode":false,"campfire_choices":[{"data":"hierophant:Mercenaries","floor":6,"key":"SMITH"}],"circlet_count":0,"master_deck":["hierophant:Strike_Hierophant","hierophant:Strike_Hierophant","hierophant:Strike_Hierophant","hierophant:Strike_Hierophant","hierophant:Punish","hierophant:Defend_Hierophant","hierophant:Defend_Hierophant","hierophant:Defend_Hierophant","hierophant:Defend_Hierophant","hierophant:ChurchCoffers","LaLuna","hierophant:Doubloon","hierophant:Charity","hierophant:Doubloon","hierophant:Bribe","UniverseFragment","hierophant:EyeForCoin","hierophant:Doubloon","hierophant:Mercenaries+1","hierophant:Doubloon","CrumblingArmor","hierophant:Doubloon","hierophant:Doubloon"],"relics":["hierophant:PropheticMaskRelic","CogitoBucket","RabbitCall"],"acts_visited":["Exordium"],"potions_floor_usage":[8],"damage_taken":[{"damage":11,"enemies":"Jaw Worm","floor":1,"turns":3},{"damage":9,"enemies":"Cultist","floor":3,"turns":4},{"damage":0,"enemies":"Small Slimes","floor":4,"turns":3},{"damage":0,"enemies":"Looter","floor":7,"turns":1},{"damage":21,"enemies":"3 Sentries","floor":8,"turns":6}],"seed_played":"6615467835889068671","potions_obtained":[{"floor":7,"key":"DuplicationPotion"}],"is_trial":false,"path_per_floor":["M","?","M","M","$","R","M","E"],"character_chosen":"HIEROPHANT","items_purchased":["hierophant:Mercenaries"],"campfire_rested":0,"item_purchase_floors":[5],"current_hp_per_floor":[64,64,55,55,55,55,55,34,34],"gold":8,"neow_bonus":"","is_daily":false,"chose_seed":false,"campfire_upgraded":1,"win_rate":0.0,"timestamp":1611749812,"path_taken":["M","?","?","M","$","R","M","E"],"items_purchased_type":["Card"],"build_version":"2020-12-22","purchased_purges":0,"victory":false,"max_hp_per_floor":[75,75,75,75,75,75,75,75,75],"card_choices":[{"not_picked":["HeroicMonk","MeatLantern","CherryBlossoms"],"picked":"Singing Bowl","floor":1},{"not_picked":["BeautyBeast","FairyFestival"],"picked":"LaLuna","floor":1},{"not_picked":["hierophant:DisplayOfPower","hierophant:MorningPrayer"],"picked":"hierophant:Charity","floor":1},{"not_picked":["OldLady","Scorched"],"picked":"UniverseFragment","floor":3},{"not_picked":["hierophant:DisplayOfPower","hierophant:Rebuild"],"picked":"hierophant:EyeForCoin","floor":3},{"not_picked":["MHz","BigBadWolf","GreedKing"],"picked":"Singing Bowl","floor":4},{"not_picked":["hierophant:DisplayOfPower","hierophant:OrnateJavelin","hierophant:AuricBeam"],"picked":"SKIP","floor":4},{"not_picked":["OldLady","MHz"],"picked":"CrumblingArmor","floor":7},{"not_picked":["hierophant:OrnateBuckler","hierophant:HammerAndAnvil"],"picked":"hierophant:Doubloon","floor":7}],"player_experience":65395,"relics_obtained":[],"event_choices":[{"damage_healed":0,"gold_gain":0,"player_choice":"2 cards matched","damage_taken":0,"max_hp_gain":0,"max_hp_loss":0,"event_name":"Match and Keep!","floor":2,"gold_loss":0,"cards_obtained":["hierophant:Doubloon","hierophant:Bribe"]}],"is_beta":false,"boss_relics":[],"items_purged_floors":[],"is_endless":false,"potions_floor_spawned":[7],"killed_by":"3 Sentries","ascension_level":0}}