{"host":"9d9dhukr2jywmy0f","time":1611773097,"event":{"mods":["2.2 Compatiblity","Alarm Clock","BaseMod","Bestiary","Block Reminder","Colored Map","Colored Powertips","Curses Come First","DeckTracker","Energized Spire","Highlight Path","Key Reminder","Minty Spire (QoL Compilation)","Quick Restart","Rare Cards Sparkle","Relic Sorter","Relic Stats","Reliquary","Spire Birthday Party","StSLib","SuperFastMode","Synergy Search","Unceasing Turn Reminder","Unknown Chances"],"gold_per_floor":[119,119,139,64,78,78,88,48,48,48,48,58,58,58,58,132,132,151,151,131,51,101,101,112,112,160,175,189,189,202,218,218,295,295,310,1309,1327,135,152,152,180,180,180,180,207,207,236,236,236,236,236,236,236,53,79,79],"floor_reached":57,"language":"ZHS","playtime":4788,"items_purged":["Defend_G","Strike_G","Strike_G","Strike_G"],"score":2735,"play_id":"5e5c7d26-3e81-42c2-ad28-9ef4235f303f","local_time":"20210128024457","is_ascension_mode":true,"campfire_choices":[{"data":"Caltrops","floor":6.0,"key":"SMITH"},{"data":"Neutralize","floor":11.0,"key":"SMITH"},{"data":"Noxious Fumes","floor":15.0,"key":"SMITH"},{"data":"Doppelganger","floor":23.0,"key":"SMITH"},{"data":"Deadly Poison","floor":25.0,"key":"SMITH"},{"floor":29.0,"key":"RECALL"},{"data":"Backflip","floor":32.0,"key":"SMITH"},{"floor":40.0,"key":"REST"},{"floor":42.0,"key":"REST"},{"floor":44.0,"key":"REST"},{"floor":49.0,"key":"REST"},{"floor":53.0,"key":"REST"}],"circlet_count":0,"master_deck":["AscendersBane","Defend_G","Defend_G","Survivor","Neutralize+1","Footwork+1","Backstab+1","Footwork+1","Dodge and Roll","Caltrops+1","Deadly Poison+1","Noxious Fumes+1","Backflip+1","Doppelganger+1","Backflip","Acrobatics","Impatience","Secret Technique","Backflip+1","Purity","Discovery","Secret Weapon","Catalyst+1","Well Laid Plans","Deflect"],"relics":["Astrolabe","The Courier","Omamori","reliquary:Ember","Fusion Hammer","reliquary:KillPill","FossilizedHelix","Chemical X","Blood Vial","Happy Flower","Bottled Tornado","reliquary:PorcupineQuills","reliquary:TatteredRug"],"acts_visited":["Exordium","TheCity","TheBeyond","TheEnding"],"potions_floor_usage":[56],"damage_taken":[{"damage":0.0,"enemies":"2 Louse","floor":1.0,"turns":3.0},{"damage":0.0,"enemies":"Jaw Worm","floor":3.0,"turns":9.0},{"damage":0.0,"enemies":"Cultist","floor":5.0,"turns":5.0},{"damage":0.0,"enemies":"2 Fungi Beasts","floor":7.0,"turns":5.0},{"damage":10.0,"enemies":"Looter","floor":12.0,"turns":4.0},{"damage":21.0,"enemies":"Hexaghost","floor":16.0,"turns":9.0},{"damage":22.0,"enemies":"3 Byrds","floor":18.0,"turns":3.0},{"damage":0.0,"enemies":"2 Thieves","floor":20.0,"turns":4.0},{"damage":0.0,"enemies":"Centurion and Healer","floor":24.0,"turns":8.0},{"damage":2.0,"enemies":"Snake Plant","floor":27.0,"turns":5.0},{"damage":4.0,"enemies":"Sentry and Sphere","floor":28.0,"turns":5.0},{"damage":5.0,"enemies":"Shelled Parasite and Fungi","floor":30.0,"turns":6.0},{"damage":5.0,"enemies":"3 Cultists","floor":31.0,"turns":5.0},{"damage":20.0,"enemies":"Champ","floor":33.0,"turns":12.0},{"damage":20.0,"enemies":"Orb Walker","floor":35.0,"turns":4.0},{"damage":8.0,"enemies":"3 Darklings","floor":37.0,"turns":5.0},{"damage":0.0,"enemies":"Jaw Worm Horde","floor":39.0,"turns":5.0},{"damage":6.0,"enemies":"Giant Head","floor":41.0,"turns":8.0},{"damage":0.0,"enemies":"Nemesis","floor":45.0,"turns":7.0},{"damage":8.0,"enemies":"Giant Head","floor":47.0,"turns":9.0},{"damage":16.0,"enemies":"Donu and Deca","floor":50.0,"turns":10.0},{"damage":22.0,"enemies":"Time Eater","floor":51.0,"turns":10.0},{"damage":0.0,"enemies":"Shield and Spear","floor":55.0,"turns":7.0},{"damage":59,"enemies":"The Heart","floor":56,"turns":9}],"seed_played":"5934644937921694767","potions_obtained":[{"floor":3.0,"key":"FearPotion"},{"floor":7.0,"key":"Explosive Potion"},{"floor":16.0,"key":"Fruit Juice"},{"floor":18.0,"key":"SteroidPotion"},{"floor":20.0,"key":"Dexterity Potion"},{"floor":30.0,"key":"AttackPotion"},{"floor":35.0,"key":"Fire Potion"},{"floor":37.0,"key":"DuplicationPotion"},{"floor":47.0,"key":"DuplicationPotion"},{"floor":55.0,"key":"Fire Potion"}],"is_trial":false,"path_per_floor":["M","?","M","$","M","R","M","$","T","?","R","M","$","T","R","B",null,"M","?","M","$","?","R","M","R","T","M","M","R","M","M","R","B",null,"M","?","M","$","M","R","E","R","T","R","E","?","E","?","R","B","B",null,"R","$","E","B",null],"character_chosen":"THE_SILENT","items_purchased":["Noxious Fumes","reliquary:KillPill","FossilizedHelix","Chemical X","Impatience","Secret Technique","Blood Vial","Happy Flower","Well Laid Plans"],"campfire_rested":5,"item_purchase_floors":[8,38,38,38,38,38,38,38,54],"current_hp_per_floor":[59,64,64,64,64,64,64,64,64,64,64,54,54,54,54,38,67,45,45,45,45,45,45,45,45,45,43,39,39,34,29,29,9,59,39,39,31,31,33,55,51,73,73,76,76,66,60,60,76,60,40,67,76,76,76,17],"gold":79,"neow_bonus":"BOSS_RELIC","is_daily":false,"chose_seed":false,"campfire_upgraded":6,"win_rate":0.0,"timestamp":1611773097,"path_taken":["M","?","M","$","M","R","M","$","T","?","R","M","$","?","R","BOSS","M","?","M","$","?","R","M","R","T","M","M","R","M","M","R","BOSS","M","?","M","$","M","R","E","R","T","R","E","?","E","?","R","BOSS","BOSS","R","$","E","BOSS"],"items_purchased_type":["Card","Relic","Relic","Relic","Card","Card","Relic","Relic","Card"],"build_version":"2020-11-30","purchased_purges":4,"victory":true,"max_hp_per_floor":[66,71,71,71,71,71,71,71,71,71,71,71,71,71,71,76,76,76,76,76,76,76,76,76,76,76,76,76,76,76,76,76,76,76,76,76,76,76,76,76,76,76,76,76,76,76,76,76,76,76,76,76,76,76,76,76],"relic_stats":{"Blood Vial":8,"Happy Flower":[21],"counters":[24,154],"Astrolabe":["Footwork","Backstab","Footwork"],"Chemical X":[10],"obtain_stats":[{"Happy Flower":38,"Astrolabe":0,"The Courier":9,"reliquary:KillPill":38,"reliquary:TatteredRug":47,"Omamori":14,"Bottled Tornado":43,"keyreminder:keyreminder":26,"Blood Vial":38,"reliquary:PorcupineQuills":45,"Fusion Hammer":34,"reliquary:Ember":17,"Chemical X":38,"FossilizedHelix":38,"Ring of the Snake":0},{"Happy Flower":16,"Astrolabe":0,"The Courier":4,"reliquary:KillPill":16,"reliquary:TatteredRug":20,"Omamori":5,"Bottled Tornado":18,"keyreminder:keyreminder":9,"Blood Vial":16,"reliquary:PorcupineQuills":19,"Fusion Hammer":14,"reliquary:Ember":6,"Chemical X":16,"FossilizedHelix":16,"Ring of the Snake":0},{"Happy Flower":92,"Astrolabe":0,"The Courier":22,"reliquary:KillPill":92,"reliquary:TatteredRug":120,"Omamori":26,"Bottled Tornado":104,"keyreminder:keyreminder":50,"Blood Vial":92,"reliquary:PorcupineQuills":111,"Fusion Hammer":83,"reliquary:Ember":35,"Chemical X":92,"FossilizedHelix":92,"Ring of the Snake":0}]},"card_choices":[{"not_picked":["Accuracy","Cloak And Dagger"],"picked":"Dodge and Roll","floor":1.0},{"not_picked":["Cloak And Dagger","PiercingWail"],"picked":"Caltrops","floor":3.0},{"not_picked":["Poisoned Stab","Sucker Punch","Underhanded Strike"],"picked":"SKIP","floor":5.0},{"not_picked":["Quick Slash","After Image"],"picked":"Deadly Poison","floor":7.0},{"not_picked":["Dagger Throw","Heel Hook"],"picked":"Backflip","floor":12.0},{"not_picked":["After Image","Die Die Die"],"picked":"Doppelganger","floor":16.0},{"not_picked":["Prepared","Poisoned Stab","Finisher"],"picked":"SKIP","floor":18.0},{"not_picked":["Prepared","Bane","Backstab"],"picked":"SKIP","floor":20.0},{"not_picked":["Bane","Dodge and Roll","Dash"],"picked":"SKIP","floor":24.0},{"not_picked":["Dodge and Roll","Deflect"],"picked":"Backflip","floor":27.0},{"not_picked":["Prepared","Underhanded Strike","Envenom"],"picked":"SKIP","floor":28.0},{"not_picked":["Deadly Poison","Flying Knee","Deflect"],"picked":"SKIP","floor":30.0},{"not_picked":["Leg Sweep","Dodge and Roll","Flechettes"],"picked":"SKIP","floor":31.0},{"not_picked":["Cloak And Dagger","Poisoned Stab"],"picked":"Acrobatics","floor":35.0},{"not_picked":["Deadly Poison+1","Cloak And Dagger+1","Slice+1"],"picked":"SKIP","floor":37.0},{"not_picked":["Cloak And Dagger","Deadly Poison","Backflip"],"picked":"SKIP","floor":39.0},{"not_picked":["Cloak And Dagger","Dodge and Roll"],"picked":"Backflip+1","floor":41.0},{"not_picked":["Slice","Dagger Throw","Glass Knife"],"picked":"SKIP","floor":45.0},{"not_picked":["Panache","PanicButton"],"picked":"Purity","floor":46.0},{"not_picked":["Transmutation","Dark Shackles"],"picked":"Discovery","floor":46.0},{"not_picked":["Panacea","Finesse"],"picked":"Secret Weapon","floor":46.0},{"not_picked":["Slice+1","Reflex+1"],"picked":"Catalyst+1","floor":47.0},{"not_picked":["Leg Sweep","Concentrate"],"picked":"Deflect","floor":55.0}],"player_experience":868716,"relics_obtained":[{"floor":9.0,"key":"The Courier"},{"floor":14.0,"key":"Omamori"},{"floor":43.0,"key":"Bottled Tornado"},{"floor":45.0,"key":"reliquary:PorcupineQuills"},{"floor":47.0,"key":"reliquary:TatteredRug"}],"event_choices":[{"damage_healed":0.0,"max_hp_gain":5.0,"max_hp_loss":0.0,"gold_gain":0.0,"event_name":"Big Fish","player_choice":"Donut","floor":2.0,"gold_loss":0.0,"damage_taken":0.0},{"damage_healed":0.0,"max_hp_gain":0.0,"max_hp_loss":0.0,"gold_gain":0.0,"event_name":"Dead Adventurer","player_choice":"Searched \u00270\u0027 times","floor":10.0,"gold_loss":0.0,"damage_taken":0.0},{"damage_healed":0.0,"max_hp_gain":0.0,"max_hp_loss":0.0,"gold_gain":0.0,"event_name":"The Mausoleum","player_choice":"Ignored","floor":19.0,"gold_loss":0.0,"damage_taken":0.0},{"damage_healed":0.0,"max_hp_gain":0.0,"max_hp_loss":0.0,"gold_gain":100.0,"event_name":"The Joust","player_choice":"Bet on Murderer","floor":22.0,"gold_loss":50.0,"damage_taken":0.0},{"damage_healed":0.0,"max_hp_gain":0.0,"max_hp_loss":0.0,"gold_gain":999.0,"event_name":"MindBloom","player_choice":"Gold","floor":36.0,"gold_loss":0.0,"damage_taken":0.0,"cards_obtained":["Normality","Normality"]},{"damage_healed":0.0,"max_hp_gain":0.0,"max_hp_loss":0.0,"gold_gain":0.0,"event_name":"SensoryStone","player_choice":"Memory 3","floor":46.0,"gold_loss":0.0,"damage_taken":10.0},{"cards_removed":["Defend_G"],"damage_healed":0.0,"max_hp_gain":0.0,"max_hp_loss":0.0,"gold_gain":0.0,"event_name":"Falling","player_choice":"Removed Skill","floor":48.0,"gold_loss":0.0,"damage_taken":0.0}],"is_beta":false,"boss_relics":[{"not_picked":["Runic Dome","Velvet Choker"],"picked":"reliquary:Ember"},{"not_picked":["Snecko Eye","energizedSpire:PogoStick"],"picked":"Fusion Hammer"}],"items_purged_floors":[4,21,38,54],"is_endless":false,"potions_floor_spawned":[3,7,16,18,20,30,35,37,47,55],"ascension_level":20}}