{"host":"pigfart","time":1611720897,"event":{"mods":["BaseMod","Colored Map","Minty Spire (QoL Compilation)","Relic Stats","StSLib"],"gold_per_floor":[119,119,136,155,155,180,180,180,180],"floor_reached":8,"language":"ENG","playtime":161,"items_purged":[],"score":112,"play_id":"3faa6dc3-dcde-4d69-9bbc-b2c2708138cd","local_time":"20210126221457","is_ascension_mode":true,"campfire_choices":[{"floor":7,"key":"REST"}],"circlet_count":0,"master_deck":["AscendersBane","Strike_G","Strike_G","Strike_G","Strike_G","Strike_G","Defend_G","Defend_G","Defend_G","Defend_G","Defend_G","Survivor","Neutralize","Noxious Fumes","All Out Attack","Riddle With Holes","Regret","Adrenaline"],"relics":["Ring of the Snake","NeowsBlessing","Pen Nib","Juzu Bracelet"],"acts_visited":["Exordium"],"potions_floor_usage":[],"damage_taken":[{"damage":0,"enemies":"Small Slimes","floor":1,"turns":1},{"damage":0,"enemies":"Cultist","floor":3,"turns":1},{"damage":0,"enemies":"2 Louse","floor":4,"turns":1},{"damage":45,"enemies":"Gremlin Nob","floor":6,"turns":5},{"damage":24,"enemies":"3 Sentries","floor":8,"turns":7}],"seed_played":"-5307506040636174365","potions_obtained":[{"floor":1,"key":"Dexterity Potion"},{"floor":6,"key":"Energy Potion"}],"is_trial":false,"path_per_floor":["M","?","M","M","?","E","R","E"],"character_chosen":"THE_SILENT","items_purchased":[],"campfire_rested":1,"item_purchase_floors":[],"current_hp_per_floor":[59,50,50,50,50,5,24,0,0],"gold":180,"neow_bonus":"THREE_ENEMY_KILL","is_daily":false,"chose_seed":false,"campfire_upgraded":0,"win_rate":0.0,"timestamp":1611720897,"path_taken":["M","?","M","?","?","E","R","E"],"items_purchased_type":[],"build_version":"2020-12-18","purchased_purges":0,"victory":false,"max_hp_per_floor":[66,66,66,66,66,66,66,66,66],"relic_stats":{"counters":[5,15],"Pen Nib":[2],"Juzu Bracelet":0,"obtain_stats":[{"NeowsBlessing":0,"Pen Nib":5,"Juzu Bracelet":6,"Ring of the Snake":0},{"NeowsBlessing":0,"Pen Nib":3,"Juzu Bracelet":4,"Ring of the Snake":0},{"NeowsBlessing":0,"Pen Nib":3,"Juzu Bracelet":8,"Ring of the Snake":0}],"Ring of the Snake":[10]},"card_choices":[{"not_picked":["Acrobatics","Backflip"],"picked":"Noxious Fumes","floor":1},{"not_picked":["Outmaneuver","Backflip"],"picked":"All Out Attack","floor":3},{"not_picked":["Reflex","Acrobatics"],"picked":"Riddle With Holes","floor":4},{"not_picked":["Deflect","Endless Agony"],"picked":"Adrenaline","floor":6}],"player_experience":2350882,"relics_obtained":[{"floor":6,"key":"Juzu Bracelet"}],"event_choices":[{"damage_healed":0,"gold_gain":0,"player_choice":"Damaged","damage_taken":9,"max_hp_gain":0,"max_hp_loss":0,"event_name":"Wheel of Change","floor":2,"gold_loss":0},{"damage_healed":0,"gold_gain":0,"player_choice":"Box","damage_taken":0,"relics_obtained":["Pen Nib"],"max_hp_gain":0,"max_hp_loss":0,"event_name":"Big Fish","floor":5,"gold_loss":0,"cards_obtained":["Regret"]}],"is_beta":true,"boss_relics":[],"items_purged_floors":[],"is_endless":false,"potions_floor_spawned":[1,6],"killed_by":"3 Sentries","ascension_level":20}}