{"host":"oeddu058k4r8wzo0","time":1611719956,"event":{"mods":["BaseMod","Better Third Choice","Colored Map","Colored Powertips","Conspire","Evolution","Highlight Path","Hubris","Infinite Spire","Jorbs\u0027s Wanderer Trilogy","Minty Spire (QoL Compilation)","Quick Restart","Relic Filter Mod","Reliquary","Replay The Spire","Reworked Bosses","StSLib","Wandering Minibosses"],"gold_per_floor":[117,128,148,165,165,165,200,200,226,246,246,12,47,47,47,149,149,162,177,177,177],"floor_reached":20,"language":"ENG","playtime":1093,"items_purged":[],"score":278,"play_id":"21356bc8-2a99-4beb-9e22-58d97bf4b7c9","local_time":"20210126195916","is_ascension_mode":true,"campfire_choices":[{"data":"Chill","floor":6,"key":"SMITH"},{"floor":11,"key":"REST"},{"floor":15,"key":"REST"},{"data":"ReplayTheSpireMod:Calculation Training","floor":15,"key":"SMITH"}],"circlet_count":0,"master_deck":["AscendersBane","Strike_B","Strike_B","Defend_B","Defend_B","Defend_B","Defend_B","Zap","Dualcast","Hello World","Genetic Algorithm","Chill+1","conspire:Rain","Expertise+1","ReplayTheSpireMod:Calculation Training+1","ReplayTheSpireMod:System Scan","Defragment","hubris:SpecializedCircuitry","Coolheaded","Storm"],"relics":["Cracked Core","EVO:Axolotl","NeowsBlessing","hubris:TenFootPole","Mercury Hourglass","Akabeko","Membership Card","ReplayTheSpireMod:TigerMarble","infinitespire:Magic Flask","Inserter"],"acts_visited":["Exordium","TheCity"],"potions_floor_usage":[4,7,16],"damage_taken":[{"damage":0,"enemies":"Cultist","floor":1,"turns":1},{"damage":0,"enemies":"Small Slimes","floor":2,"turns":1},{"damage":0,"enemies":"2 Louse","floor":3,"turns":1},{"damage":8,"enemies":"Exordium Wildlife","floor":4,"turns":6},{"damage":37,"enemies":"Gremlin Nob","floor":7,"turns":5},{"damage":0,"enemies":"2 Fungi Beasts","floor":10,"turns":3},{"damage":24,"enemies":"Hexaghost","floor":16,"turns":12},{"damage":35,"enemies":"Spheric Guardian","floor":18,"turns":12},{"damage":16,"enemies":"Shell Parasite","floor":19,"turns":8},{"damage":16,"enemies":"Snake Plant","floor":20,"turns":2}],"seed_played":"-2098697418305124055","potions_obtained":[{"floor":2,"key":"PowerPotion"},{"floor":3,"key":"SteroidPotion"},{"floor":7,"key":"PowerPotion"},{"floor":16,"key":"FearPotion"},{"floor":19,"key":"Doom Potion"}],"is_trial":false,"path_per_floor":["M","M","M","M","?","R","E","?","T","M","R","$","?","?","R","B",null,"M","M","M"],"character_chosen":"DEFECT","items_purchased":["Membership Card","ReplayTheSpireMod:TigerMarble"],"campfire_rested":2,"item_purchase_floors":[12,12],"current_hp_per_floor":[68,68,68,60,47,47,10,7,7,7,29,29,20,20,42,18,61,26,10,0,0],"gold":177,"neow_bonus":"THREE_ENEMY_KILL","is_daily":false,"chose_seed":false,"campfire_upgraded":2,"win_rate":0.0,"timestamp":1611719956,"path_taken":["M","M","M","?","?","R","E","?","T","M","R","?","?","?","R","BOSS","M","M","?"],"items_purchased_type":["Relic","Relic"],"build_version":"2020-12-22","purchased_purges":0,"victory":false,"max_hp_per_floor":[75,75,75,75,75,75,75,75,75,75,75,75,75,75,75,75,75,75,75,75,75],"card_choices":[{"not_picked":["Conserve Battery","Redo"],"picked":"Hello World","floor":1},{"not_picked":["Ball Lightning","BasicCrystalCard"],"picked":"Genetic Algorithm","floor":2},{"not_picked":["Go for the Eyes","Steam Power"],"picked":"Chill","floor":3},{"not_picked":["Stack","hubris:PowerSurge"],"picked":"conspire:Rain","floor":4},{"not_picked":["ReplaySort","Compile Driver"],"picked":"ReplayTheSpireMod:Calculation Training","floor":7},{"not_picked":["Melter","Darkness"],"picked":"ReplayTheSpireMod:System Scan","floor":10},{"not_picked":["Gash","Steam Power"],"picked":"Defragment","floor":13},{"not_picked":["Seek","Fission"],"picked":"hubris:SpecializedCircuitry","floor":16},{"not_picked":["Compile Driver","Steam"],"picked":"Coolheaded","floor":18},{"not_picked":["Redo","Sweeping Beam"],"picked":"Storm","floor":19}],"player_experience":1381255,"relics_obtained":[{"floor":7,"key":"Mercury Hourglass"},{"floor":9,"key":"Akabeko"},{"floor":13,"key":"infinitespire:Magic Flask"}],"event_choices":[{"cards_removed":["Strike_B"],"damage_healed":0,"gold_gain":0,"player_choice":"Card Removal","damage_taken":7,"max_hp_gain":0,"max_hp_loss":0,"event_name":"Golden Wing","floor":8,"gold_loss":0},{"cards_removed":["Strike_B"],"damage_healed":0,"gold_gain":0,"player_choice":"Purged","damage_taken":0,"max_hp_gain":0,"max_hp_loss":0,"event_name":"Purifier","floor":14,"gold_loss":0}],"is_beta":false,"boss_relics":[{"not_picked":["reliquary:Ember","reliquary:KinkedSpring"],"picked":"Inserter"}],"items_purged_floors":[],"is_endless":false,"potions_floor_spawned":[2,3,7,16,19],"killed_by":"Snake Plant","ascension_level":12}}