{"host":"qdfumeom6htv8yxl","time":1611763041,"event":{"mods":["AchievementEnabler","BaseMod","Bestiary","Block Reminder","Minty Spire (QoL Compilation)","Quick Restart","Relic Stats"],"gold_per_floor":[111,36,111,126,150,150,5,5,5,39,89,89,99,115,115,189,189,202,219,229,41,41,41,41],"floor_reached":23,"language":"ENG","playtime":1249,"items_purged":["Blizzard"],"score":421,"play_id":"10a0372f-7163-4f1d-8257-c08d1023948f","local_time":"20210127095721","is_ascension_mode":true,"campfire_choices":[{"data":"Hologram","floor":6.0,"key":"SMITH"},{"data":"Dramatic Entrance","floor":8.0,"key":"SMITH"},{"data":"Gash","floor":12.0,"key":"SMITH"},{"data":"Reinforced Body","floor":15.0,"key":"SMITH"}],"circlet_count":0,"master_deck":["AscendersBane","Zap","Hologram+1","BootSequence","Gash+1","Dramatic Entrance+1","Conserve Battery","Sweeping Beam","Reinforced Body+1","FTL","Sunder","Rebound","Fission","White Noise","Gash","Fusion","Beam Cell","Sweeping Beam","Steam Power","Rebound","Steam"],"relics":["Cracked Core","NeowsBlessing","Potion Belt","Pantograph","Centennial Puzzle","Pandora\u0027s Box"],"acts_visited":["Exordium","TheCity"],"potions_floor_usage":[22,23],"damage_taken":[{"damage":0.0,"enemies":"2 Louse","floor":1.0,"turns":1.0},{"damage":0.0,"enemies":"Jaw Worm","floor":4.0,"turns":1.0},{"damage":0.0,"enemies":"Gremlin Nob","floor":10.0,"turns":1.0},{"damage":0.0,"enemies":"Small Slimes","floor":13.0,"turns":1.0},{"damage":1.0,"enemies":"Exordium Thugs","floor":14.0,"turns":3.0},{"damage":63.0,"enemies":"Slime Boss","floor":16.0,"turns":13.0},{"damage":8.0,"enemies":"Chosen","floor":18.0,"turns":5.0},{"damage":1.0,"enemies":"3 Byrds","floor":19.0,"turns":3.0},{"damage":22.0,"enemies":"Sentry and Sphere","floor":20.0,"turns":4.0},{"damage":0,"enemies":"Snake Plant","floor":22,"turns":2},{"damage":2,"enemies":"Book of Stabbing","floor":23,"turns":2}],"seed_played":"-6529937438214574691","potions_obtained":[{"floor":4.0,"key":"Dexterity Potion"},{"floor":16.0,"key":"Fruit Juice"},{"floor":18.0,"key":"LiquidMemories"},{"floor":20.0,"key":"SmokeBomb"}],"is_trial":false,"path_per_floor":["M","?","?","M","T","R","$","R","T","E","?","R","M","M","R","B",null,"M","M","M","$","M","E"],"character_chosen":"DEFECT","items_purchased":["Gash","Dramatic Entrance","Rebound","Steam"],"campfire_rested":0,"item_purchase_floors":[7,7,21,21],"current_hp_per_floor":[64,64,53,53,53,53,53,53,53,53,53,53,53,52,52,8,55,47,46,24,24,24,22,22],"gold":41,"neow_bonus":"THREE_ENEMY_KILL","is_daily":false,"chose_seed":false,"campfire_upgraded":4,"win_rate":0.0,"timestamp":1611763041,"path_taken":["M","?","?","M","?","R","$","R","T","E","?","R","M","?","R","BOSS","M","?","M","$","M","E"],"items_purchased_type":["Card","Card","Card","Card"],"build_version":"2020-12-22","purchased_purges":1,"victory":false,"max_hp_per_floor":[71,71,71,71,71,71,71,71,71,71,71,71,71,71,71,71,71,71,71,71,71,71,71,71],"relic_stats":{"Centennial Puzzle":[18],"counters":[11,36],"Pantograph":19,"Pandora\u0027s Box":["FTL","Sunder","Rebound","Fission","Blizzard","White Noise","Gash","Fusion"],"obtain_stats":[{"Potion Belt":5,"Centennial Puzzle":10,"NeowsBlessing":0,"Pantograph":9,"Pandora\u0027s Box":17,"Cracked Core":0},{"Potion Belt":2,"Centennial Puzzle":3,"NeowsBlessing":0,"Pantograph":2,"Pandora\u0027s Box":6,"Cracked Core":0},{"Potion Belt":2,"Centennial Puzzle":3,"NeowsBlessing":0,"Pantograph":2,"Pandora\u0027s Box":20,"Cracked Core":0}]},"card_choices":[{"not_picked":["Skim","Steam"],"picked":"Hologram","floor":1.0},{"not_picked":["Redo","Tempest"],"picked":"BootSequence","floor":4.0},{"not_picked":["Coolheaded","Static Discharge"],"picked":"Conserve Battery","floor":10.0},{"not_picked":["Redo","Steam"],"picked":"Sweeping Beam","floor":13.0},{"not_picked":["Melter","Aggregate"],"picked":"Reinforced Body","floor":14.0},{"not_picked":["Turbo","Glacier"],"picked":"Beam Cell","floor":18.0},{"not_picked":["Barrage","Double Energy"],"picked":"Sweeping Beam","floor":19.0},{"not_picked":["Turbo","Machine Learning"],"picked":"Steam Power","floor":20.0}],"player_experience":1874217,"relics_obtained":[{"floor":5.0,"key":"Potion Belt"},{"floor":9.0,"key":"Pantograph"},{"floor":10.0,"key":"Centennial Puzzle"}],"event_choices":[{"cards_removed":["Dualcast"],"damage_healed":0.0,"max_hp_gain":0.0,"max_hp_loss":0.0,"gold_gain":0.0,"event_name":"The Cleric","player_choice":"Card Removal","floor":2.0,"gold_loss":75.0,"damage_taken":0.0},{"damage_healed":0.0,"max_hp_gain":0.0,"max_hp_loss":0.0,"gold_gain":75.0,"event_name":"World of Goop","player_choice":"Gather Gold","floor":3.0,"gold_loss":0.0,"damage_taken":11.0},{"damage_healed":0.0,"max_hp_gain":0.0,"max_hp_loss":0.0,"gold_gain":50.0,"event_name":"Golden Shrine","player_choice":"Pray","floor":11.0,"gold_loss":0.0,"damage_taken":0.0}],"is_beta":false,"boss_relics":[{"not_picked":["SlaversCollar","Inserter"],"picked":"Pandora\u0027s Box"}],"items_purged_floors":[21],"is_endless":false,"potions_floor_spawned":[4,16,18,20],"killed_by":"Book of Stabbing","ascension_level":19}}