{"host":"640uue19m79c7wbt","time":1611705869,"event":{"mods":["BaseMod","Colored Map","Googly Eyes","Highlight Path","Minty Spire (QoL Compilation)","Quick Restart","StSLib"],"gold_per_floor":[116,116,131,56,56,91,91,111,111,31,63,63,63,82,82,155,155,173,191,191,191,204,204,204,204],"floor_reached":24,"language":"ENG","playtime":720,"items_purged":[],"score":424,"play_id":"17b53745-b800-475e-a9b4-e67d4723f0a7","local_time":"20210126190429","is_ascension_mode":true,"campfire_choices":[{"data":"Doppelganger","floor":7.0,"key":"SMITH"},{"data":"Eviscerate","floor":12.0,"key":"SMITH"},{"floor":15.0,"key":"REST"},{"floor":23,"key":"REST"}],"circlet_count":0,"master_deck":["AscendersBane","Defend_G","Defend_G","Defend_G+1","Defend_G","Survivor","Neutralize+1","Eviscerate+1","Dagger Spray","Doppelganger+1","Prepared","Well Laid Plans","Acrobatics","Bullet Time","Backstab+1","Backstab+1","Adrenaline+1","PiercingWail","Shame"],"relics":["Ring of the Snake","NeowsBlessing","Mercury Hourglass","Ancient Tea Set","Pen Nib","Astrolabe","Lizard Tail","Singing Bowl"],"acts_visited":["Exordium","TheCity"],"potions_floor_usage":[16,16,22],"damage_taken":[{"damage":0.0,"enemies":"2 Louse","floor":1.0,"turns":1.0},{"damage":0.0,"enemies":"Cultist","floor":3.0,"turns":1.0},{"damage":0.0,"enemies":"Gremlin Nob","floor":6.0,"turns":1.0},{"damage":3.0,"enemies":"Jaw Worm","floor":8.0,"turns":3.0},{"damage":27.0,"enemies":"3 Sentries","floor":11.0,"turns":5.0},{"damage":0.0,"enemies":"3 Louse","floor":14.0,"turns":2.0},{"damage":5,"enemies":"Slime Boss","floor":16,"turns":5},{"damage":13,"enemies":"Spheric Guardian","floor":18,"turns":4},{"damage":11,"enemies":"Shell Parasite","floor":19,"turns":2},{"damage":13,"enemies":"Centurion and Healer","floor":22,"turns":5},{"damage":66,"enemies":"Gremlin Leader","floor":24,"turns":6}],"seed_played":"8610038493568199648","potions_obtained":[{"floor":3.0,"key":"SpeedPotion"},{"floor":6.0,"key":"Regen Potion"},{"floor":11.0,"key":"Fire Potion"},{"floor":18,"key":"GamblersBrew"}],"is_trial":false,"path_per_floor":["M","?","M","?","?","E","R","M","T","$","E","R","?","M","R","B",null,"M","M","?","T","M","R","E"],"character_chosen":"THE_SILENT","items_purchased":["Well Laid Plans"],"campfire_rested":2,"item_purchase_floors":[10],"current_hp_per_floor":[59,59,59,59,52,52,52,49,49,49,36,36,16,16,35,30,57,44,33,33,33,22,42,19,19],"gold":204,"neow_bonus":"THREE_ENEMY_KILL","is_daily":false,"chose_seed":false,"campfire_upgraded":2,"win_rate":0.0,"timestamp":1611705869,"path_taken":["M","?","?","?","?","E","R","M","T","?","E","R","?","M","R","BOSS","M","M","?","?","?","R","E"],"items_purchased_type":["Card"],"build_version":"2020-12-22","purchased_purges":0,"victory":false,"max_hp_per_floor":[66,66,66,66,66,66,66,66,66,66,66,66,66,66,66,66,66,66,66,66,66,68,68,68,68],"card_choices":[{"not_picked":["Slice","Heel Hook"],"picked":"Eviscerate","floor":1.0},{"not_picked":["Blade Dance","Choke"],"picked":"Dagger Spray","floor":3.0},{"not_picked":["Quick Slash","Dodge and Roll"],"picked":"Doppelganger","floor":6.0},{"not_picked":["PiercingWail","Infinite Blades"],"picked":"Prepared","floor":8.0},{"not_picked":["Well Laid Plans","Quick Slash","Outmaneuver"],"picked":"SKIP","floor":11.0},{"not_picked":["Deflect","Dagger Spray"],"picked":"Acrobatics","floor":14.0},{"not_picked":["Tools of the Trade","Malaise"],"picked":"Bullet Time","floor":16},{"not_picked":["Blade Dance","Dash"],"picked":"PiercingWail","floor":18},{"not_picked":["Catalyst","Deflect","Poisoned Stab"],"picked":"SKIP","floor":19},{"not_picked":["Slice","Setup","Quick Slash"],"picked":"Singing Bowl","floor":22}],"player_experience":637093,"relics_obtained":[{"floor":6.0,"key":"Mercury Hourglass"},{"floor":9.0,"key":"Ancient Tea Set"},{"floor":11.0,"key":"Pen Nib"},{"floor":21,"key":"Singing Bowl"}],"event_choices":[{"cards_removed":["Strike_G"],"damage_healed":0.0,"max_hp_gain":0.0,"max_hp_loss":0.0,"gold_gain":0.0,"event_name":"Purifier","player_choice":"Purged","floor":2.0,"gold_loss":0.0,"damage_taken":0.0},{"cards_removed":["Strike_G"],"damage_healed":0.0,"max_hp_gain":0.0,"max_hp_loss":0.0,"gold_gain":0.0,"event_name":"The Cleric","player_choice":"Card Removal","floor":4.0,"gold_loss":75.0,"damage_taken":0.0},{"cards_removed":["Strike_G"],"damage_healed":0.0,"max_hp_gain":0.0,"max_hp_loss":0.0,"gold_gain":0.0,"event_name":"Golden Wing","player_choice":"Card Removal","floor":5.0,"gold_loss":0.0,"damage_taken":7.0},{"damage_healed":0.0,"max_hp_gain":0.0,"max_hp_loss":0.0,"gold_gain":0.0,"event_name":"Shining Light","player_choice":"Entered Light","floor":13.0,"gold_loss":0.0,"damage_taken":20.0,"cards_upgraded":["Defend_G","Neutralize"]},{"damage_healed":0,"gold_gain":0,"player_choice":"Stole Relic","damage_taken":0,"relics_obtained":["Lizard Tail"],"max_hp_gain":0,"max_hp_loss":0,"event_name":"Addict","floor":20,"gold_loss":0,"cards_obtained":["Shame"]}],"is_beta":false,"boss_relics":[{"not_picked":["SacredBark","SlaversCollar"],"picked":"Astrolabe"}],"items_purged_floors":[],"is_endless":false,"potions_floor_spawned":[3,6,11,18],"killed_by":"Gremlin Leader","ascension_level":17}}