{"host":"u0qetpmu4y58k1tf","time":1611761354,"event":{"mods":["AchievementEnabler","BaseMod","Colored Map","Colored Powertips","Hermit","Marisa£¨Ùöéë¡¡Øª×âÞÞ£©","Minty Spire (QoL Compilation)","Replay The Spire","StSLib","SuperFastMode","The Bug Knight","The Cursed","The Hierophant","The Runesmith"],"gold_per_floor":[217,228,79,79,99,99,110,165,191,191,11,343,343,377,377,478,478,489,506,516,534,534,561,561,561,586,662,709,742,753,450,464,484,484,584,584,600,600,610,610,627,660,660,687,687,687,713,733,761,85,85,85,85,85,85,113,113],"floor_reached":58,"language":"KOR","playtime":3774,"items_purged":["Strike_G","Strike_G","Strike_G","Strike_G"],"score":1742,"play_id":"367cc091-176c-42ca-9b6e-99356875a497","local_time":"20210128002914","is_ascension_mode":true,"campfire_choices":[{"data":"Accuracy","floor":10.0,"key":"SMITH"},{"data":"Blade Dance","floor":15.0,"key":"SMITH"},{"floor":43,"key":"RECALL"},{"data":"Madness","floor":46,"key":"SMITH"},{"data":"Madness","floor":54,"key":"SMITH"}],"circlet_count":0,"master_deck":["Defend_G","Defend_G+1","Defend_G","Defend_G+1","Survivor","Neutralize","Blade Dance","Deflect","Escape Plan","Hidden Blade","Accuracy+1","Heel Hook+1","ReplayTheSpireMod:Scrap Shanks","Quick Slash","Blade Dance+1","A Thousand Cuts","PiercingWail","Quick Slash+1","Hidden Blade+1","Calculated Gamble","Footwork+1","Finisher","Cloak And Dagger","Secret Technique+1","Deep Breath+1","Accuracy+1","Deflect+1","Heel Hook+1","Prepared","Storm of Steel+1","Slice+1","Madness+1","Madness+1","Reflex+1","Calculated Gamble","Blade Dance+1","Phantasmal Killer+1","Escape Plan+1","Infinite Blades+1","Cloak And Dagger+1","Deep Breath+1","Deflect+1","Distraction+1"],"relics":["Ring of the Snake","Iron Hammer","Replay:Ringing Soul","ReplayTheSpireMod:Lightbulb","Old Coin","Happy Flower","Black Star","HollowMod:PaleOreRelic","Omamori","Gremlin Horn","Golden Egg","ReplayFunnel","Replay:Baseball","Ginger","Garlic","BargainBundle","Snecko Scales","Pet Ghost","Frozen Egg 2","Simple Rune","Shuriken","Bird Faced Urn","The Specimen","Centennial Puzzle","Paper Crane","HollowMod:LifeEnderRelic","TheAbacus","Orichalcum","Mango"],"acts_visited":["Exordium","TheCity","TheBeyond","TheEnding"],"potions_floor_usage":[35,35,57,57,57],"damage_taken":[{"damage":0.0,"enemies":"Small Slimes","floor":1.0,"turns":3.0},{"damage":0.0,"enemies":"2 Louse","floor":2.0,"turns":3.0},{"damage":0.0,"enemies":"Jaw Worm","floor":5.0,"turns":5.0},{"damage":0.0,"enemies":"3 Louse","floor":7.0,"turns":3.0},{"damage":5.0,"enemies":"Lagavulin Event","floor":8.0,"turns":3.0},{"damage":5.0,"enemies":"Replay:BlueRogue","floor":12.0,"turns":3.0},{"damage":0.0,"enemies":"Gremlin Nob","floor":14.0,"turns":2.0},{"damage":23.0,"enemies":"The Guardian","floor":16.0,"turns":5.0},{"damage":0.0,"enemies":"Shell Parasite","floor":18.0,"turns":1.0},{"damage":0.0,"enemies":"Chosen","floor":19.0,"turns":3.0},{"damage":7.0,"enemies":"Snecko","floor":20.0,"turns":4.0},{"damage":0.0,"enemies":"Snake Plant","floor":21.0,"turns":3.0},{"damage":0.0,"enemies":"Gremlin Leader","floor":23.0,"turns":4.0},{"damage":2.0,"enemies":"Replay:Snechameleon","floor":26.0,"turns":2.0},{"damage":22.0,"enemies":"Book of Stabbing","floor":29.0,"turns":5.0},{"damage":0.0,"enemies":"3 Cultists","floor":30.0,"turns":3.0},{"damage":13.0,"enemies":"Shelled Parasite and Fungi","floor":32.0,"turns":2.0},{"damage":0,"enemies":"Centurion and Healer","floor":33,"turns":4},{"damage":1,"enemies":"Automaton","floor":35,"turns":4},{"damage":0,"enemies":"3 Darklings","floor":37,"turns":2},{"damage":0,"enemies":"3 Shapes","floor":39,"turns":1},{"damage":0,"enemies":"Sphere and 2 Shapes","floor":41,"turns":1},{"damage":0,"enemies":"Reptomancer","floor":42,"turns":2},{"damage":9,"enemies":"Nemesis","floor":44,"turns":3},{"damage":0,"enemies":"Giant Head","floor":47,"turns":2},{"damage":14,"enemies":"Writhing Mass","floor":48,"turns":3},{"damage":16,"enemies":"Nemesis","floor":49,"turns":3},{"damage":0,"enemies":"Awakened One","floor":52,"turns":3},{"damage":0,"enemies":"Shield and Spear","floor":56,"turns":3},{"damage":56,"enemies":"The Heart","floor":57,"turns":4}],"seed_played":"-2082325229671900957","potions_obtained":[{"floor":2.0,"key":"DuplicationPotion"},{"floor":5.0,"key":"Fire Potion"},{"floor":8.0,"key":"PowerPotion"},{"floor":14.0,"key":"CunningPotion"},{"floor":16.0,"key":"AttackPotion"},{"floor":18.0,"key":"BlessingOfTheForge"},{"floor":26.0,"key":"Ancient Potion"},{"floor":29.0,"key":"SkillPotion"},{"floor":32.0,"key":"Adrenaline Potion"},{"floor":37,"key":"Energy Potion"},{"floor":47,"key":"Block Potion"},{"floor":49,"key":"CultistPotion"}],"is_trial":false,"path_per_floor":["M","M","$","?","M","?","M","?","T","R","$","E","?","E","R","B",null,"M","M","M","M","?","E","PTL","PTL","E","?","T","E","M","$","M","M","R_BF","B",null,"M","?","M","?","M","E","R","E","T","R","E","M","E","$","R_BF","B",null,"R","$","E","B",null],"character_chosen":"THE_SILENT","items_purchased":["Escape Plan","ReplayTheSpireMod:Scrap Shanks","Quick Slash","BargainBundle","Adrenaline Potion","Secret Technique","Deep Breath","Accuracy","Deflect+1","HollowMod:LifeEnderRelic","TheAbacus","Deep Breath","Deflect"],"campfire_rested":0,"item_purchase_floors":[3,11,11,31,31,31,31,31,31,50,50,50,50],"current_hp_per_floor":[70,70,70,63,63,56,56,54,54,54,57,55,55,55,55,35,82,85,88,84,87,87,87,87,87,85,51,51,32,35,38,28,31,68,70,115,118,106,109,112,115,118,118,112,112,112,112,107,102,105,145,145,145,145,145,162,109],"gold":113,"neow_bonus":"HUNDRED_GOLD","is_daily":false,"chose_seed":false,"campfire_upgraded":4,"win_rate":0.0,"timestamp":1611761354,"path_taken":["M","M","$","?","M","?","M","?","T","R","?","E","?","E","R","BOSS","M","?","M","M","?","E","PTL","PTL","E","?","T","E","M","$","M","M","R_BF","BOSS","M","?","M","?","M","E","R","E","T","R","E","M","E","$","R_BF","BOSS","R","$","E","BOSS"],"items_purchased_type":["Card","Card","Card","Relic","Potion","Card","Card","Card","Card","Relic","Relic","Card","Card"],"build_version":"2020-12-22","purchased_purges":4,"victory":true,"max_hp_per_floor":[70,70,70,70,70,70,70,73,73,73,76,79,79,79,79,82,82,85,88,91,94,94,94,94,94,94,97,97,100,103,106,109,112,112,115,115,118,121,124,127,130,133,133,136,136,136,136,139,142,145,145,145,145,145,145,162,162],"card_choices":[{"not_picked":["Backflip","Fluid Movement"],"picked":"Blade Dance","floor":1.0},{"not_picked":["Terror","Deadly Poison"],"picked":"Deflect","floor":2.0},{"not_picked":["PiercingWail","Calculated Gamble"],"picked":"Hidden Blade","floor":5.0},{"not_picked":["Crippling Poison","Dagger Throw"],"picked":"Accuracy","floor":7.0},{"not_picked":["Dagger Spray","Catalyst"],"picked":"Heel Hook","floor":8.0},{"not_picked":["Envenom","Malaise"],"picked":"Blade Dance","floor":12.0},{"not_picked":["Dodge and Roll","Sucker Punch","Bouncing Flask"],"picked":"SKIP","floor":14.0},{"not_picked":["Night Terror","Corpse Explosion"],"picked":"A Thousand Cuts","floor":16.0},{"not_picked":["Catalyst+1","Poisoned Stab"],"picked":"PiercingWail","floor":18.0},{"not_picked":["Flying Knee","All Out Attack+1"],"picked":"Quick Slash+1","floor":19.0},{"not_picked":["ReplayTheSpireMod:Necrosis","Acrobatics"],"picked":"Hidden Blade+1","floor":20.0},{"not_picked":["Dagger Throw","Underhanded Strike"],"picked":"Calculated Gamble","floor":21.0},{"not_picked":["Poisoned Stab","Bane","Deadly Poison"],"picked":"SKIP","floor":23.0},{"not_picked":["Deadly Poison","Riddle With Holes","ReplayTheSpireMod:From All Sides"],"picked":"SKIP","floor":26.0},{"not_picked":["Deadly Poison","Caltrops+1"],"picked":"Footwork+1","floor":27.0},{"not_picked":["Dagger Spray","Well Laid Plans"],"picked":"Finisher","floor":29.0},{"not_picked":["Acrobatics+1","Dagger Spray+1"],"picked":"Cloak And Dagger","floor":30.0},{"not_picked":["Caltrops+1","Deadly Poison"],"picked":"Heel Hook+1","floor":32.0},{"not_picked":["Well Laid Plans","ReplayTheSpireMod:Scrap Shanks"],"picked":"Prepared","floor":33},{"not_picked":["Replay:Bag of Tricks","Venomology"],"picked":"Storm of Steel","floor":35},{"not_picked":["Bane+1","Deadly Poison"],"picked":"Slice+1","floor":37},{"not_picked":["Bouncing Flask","Prepared+1"],"picked":"Reflex+1","floor":39},{"not_picked":["Draining Mist+1","ReplayTheSpireMod:Exploit Weakness"],"picked":"Blade Dance+1","floor":41},{"not_picked":["Bouncing Flask+1","ReplayTheSpireMod:Tripwire+1"],"picked":"Phantasmal Killer","floor":42},{"not_picked":["Sucker Punch+1","PiercingWail+1"],"picked":"Escape Plan+1","floor":44},{"not_picked":["Deadly Poison+1","Blade Dance","Caltrops+1"],"picked":"SKIP","floor":47},{"not_picked":["Deflect","Backflip"],"picked":"Infinite Blades+1","floor":48},{"not_picked":["Caltrops+1","Acrobatics"],"picked":"Cloak And Dagger+1","floor":49},{"not_picked":["Replay:Bag of Tricks","Underhanded Strike+1"],"picked":"Distraction+1","floor":56}],"player_experience":52913,"relics_obtained":[{"floor":8.0,"key":"Replay:Ringing Soul"},{"floor":9.0,"key":"ReplayTheSpireMod:Lightbulb"},{"floor":12.0,"key":"Old Coin"},{"floor":14.0,"key":"Happy Flower"},{"floor":23.0,"key":"HollowMod:PaleOreRelic"},{"floor":23.0,"key":"Omamori"},{"floor":26.0,"key":"Gremlin Horn"},{"floor":26.0,"key":"Golden Egg"},{"floor":27.0,"key":"ReplayFunnel"},{"floor":28.0,"key":"Replay:Baseball"},{"floor":29.0,"key":"Ginger"},{"floor":29.0,"key":"Garlic"},{"floor":42,"key":"Pet Ghost"},{"floor":42,"key":"Frozen Egg 2"},{"floor":44,"key":"Simple Rune"},{"floor":44,"key":"Shuriken"},{"floor":47,"key":"Bird Faced Urn"},{"floor":47,"key":"The Specimen"},{"floor":49,"key":"Centennial Puzzle"},{"floor":49,"key":"Paper Crane"},{"floor":56,"key":"Orichalcum"},{"floor":56,"key":"Mango"}],"event_choices":[{"cards_removed":["Strike_G"],"damage_healed":0.0,"max_hp_gain":0.0,"max_hp_loss":0.0,"gold_gain":0.0,"event_name":"Golden Wing","player_choice":"Card Removal","floor":4.0,"gold_loss":0.0,"damage_taken":7.0},{"damage_healed":0.0,"max_hp_gain":0.0,"max_hp_loss":0.0,"gold_gain":0.0,"event_name":"Scrap Ooze","player_choice":"Success","floor":6.0,"gold_loss":0.0,"damage_taken":7.0,"relics_obtained":["Iron Hammer"]},{"damage_healed":0.0,"max_hp_gain":0.0,"max_hp_loss":0.0,"gold_gain":30.0,"event_name":"Dead Adventurer","player_choice":"Searched \u00272\u0027 times","floor":8.0,"gold_loss":0.0,"damage_taken":0.0},{"cards_removed":["Defend_G"],"damage_healed":0.0,"max_hp_gain":0.0,"max_hp_loss":0.0,"gold_gain":0.0,"event_name":"Bonfire Elementals","player_choice":"Offered Basic","floor":13.0,"gold_loss":0.0,"damage_taken":0.0},{"damage_healed":0.0,"max_hp_gain":0.0,"max_hp_loss":0.0,"gold_gain":0.0,"event_name":"Vampires","player_choice":"Ignored","floor":22.0,"gold_loss":0.0,"damage_taken":0.0},{"damage_healed":37,"gold_gain":0,"player_choice":"Heal","damage_taken":0,"max_hp_gain":0,"max_hp_loss":0,"event_name":"The Library","floor":34,"gold_loss":0},{"damage_healed":0,"gold_gain":0,"player_choice":"Embrace Madness","damage_taken":15,"max_hp_gain":0,"max_hp_loss":0,"event_name":"Winding Halls","floor":38,"gold_loss":0,"cards_obtained":["Madness","Madness"]},{"damage_healed":0,"gold_gain":0,"player_choice":"1 cards matched","damage_taken":0,"max_hp_gain":0,"max_hp_loss":0,"event_name":"Match and Keep!","floor":40,"gold_loss":0,"cards_obtained":["Calculated Gamble"]}],"is_beta":false,"boss_relics":[{"not_picked":["Ectoplasm","Velvet Choker"],"picked":"Black Star"},{"not_picked":["Ring of Chaos","Philosopher\u0027s Stone"],"picked":"Snecko Scales"}],"items_purged_floors":[3,11,31,50],"is_endless":false,"potions_floor_spawned":[2,5,8,14,16,18,26,29,32,33,37,47,48,49],"ascension_level":2}}