{"host":"cjhtzh7tp54jdfyv","time":1611743790,"event":{"mods":["AchievementEnabler","BaseMod","Colored Map","Colored Powertips","Curses Come First","DeckTracker","Minty Spire (QoL Compilation)","RNG Fix","Relic Sorter","Relic Stats","StSLib","UnlockEverythingMod","ojb\u0027s Better Paths Mod","ojb\u0027s Info Mod"],"gold_per_floor":[99,99,99,99,99,99,12,12,12,12,12,12,12,0,0,0,0,0,0,0,0,0,0,0],"floor_reached":23,"language":"ENG","playtime":1498,"items_purged":[],"score":476,"play_id":"237caf23-feca-4b39-861e-41bffa61c2e0","local_time":"20210127053630","is_ascension_mode":true,"campfire_choices":[{"floor":10.0,"key":"REST"},{"data":"Phantasmal Killer","floor":13.0,"key":"SMITH"},{"data":"Blade Dance","floor":15.0,"key":"SMITH"}],"circlet_count":0,"master_deck":["AscendersBane","Survivor","Neutralize","Blade Dance+1","Underhanded Strike","Dagger Throw","Riddle With Holes","Phantasmal Killer+1","Masterful Stab","Dagger Spray","Blade Dance","Finisher","Corpse Explosion","Reflex","Blade Dance","Quick Slash","Storm of Steel","Underhanded Strike","Prepared","Malaise","Crippling Poison","Bullet Time","Deflect","Backflip","Deflect","RitualDagger"],"relics":["Ectoplasm","Shuriken","Unceasing Top","CaptainsWheel","Darkstone Periapt","Pandora\u0027s Box"],"acts_visited":["Exordium","TheCity"],"potions_floor_usage":[23,23],"damage_taken":[{"damage":0.0,"enemies":"2 Louse","floor":1.0,"turns":4.0},{"damage":2.0,"enemies":"Jaw Worm","floor":2.0,"turns":4.0},{"damage":0.0,"enemies":"Cultist","floor":5.0,"turns":2.0},{"damage":0.0,"enemies":"Gremlin Nob","floor":6.0,"turns":3.0},{"damage":20.0,"enemies":"Lagavulin","floor":8.0,"turns":6.0},{"damage":6.0,"enemies":"Large Slime","floor":11.0,"turns":4.0},{"damage":5.0,"enemies":"3 Sentries","floor":12.0,"turns":3.0},{"damage":3.0,"enemies":"Looter","floor":14.0,"turns":2.0},{"damage":7.0,"enemies":"Slime Boss","floor":16.0,"turns":4.0},{"damage":14.0,"enemies":"Shell Parasite","floor":18.0,"turns":3.0},{"damage":0.0,"enemies":"Chosen","floor":19.0,"turns":1.0},{"damage":24.0,"enemies":"Snake Plant","floor":20.0,"turns":3.0},{"damage":0.0,"enemies":"Centurion and Healer","floor":22.0,"turns":3.0},{"damage":15,"enemies":"Book of Stabbing","floor":23,"turns":2}],"seed_played":"-2087234099739625801","potions_obtained":[{"floor":5.0,"key":"FearPotion"},{"floor":12.0,"key":"SteroidPotion"},{"floor":16.0,"key":"CunningPotion"}],"is_trial":false,"path_per_floor":["M","M","?","?","M","E","$","E","T","R","M","E","R","M","R","B",null,"M","M","M","?","M","E"],"character_chosen":"THE_SILENT","items_purchased":["Phantasmal Killer"],"campfire_rested":1,"item_purchase_floors":[7],"current_hp_per_floor":[59,57,57,46,46,46,46,26,26,45,39,34,34,31,31,24,56,42,42,18,12,12,0,0],"gold":0,"neow_bonus":"BOSS_RELIC","is_daily":false,"chose_seed":false,"campfire_upgraded":2,"win_rate":0.0,"timestamp":1611743790,"path_taken":["M","M","?","?","?","E","$","E","T","R","M","E","R","M","R","BOSS","M","M","M","?","M","E"],"items_purchased_type":["Card"],"build_version":"2020-12-22","purchased_purges":0,"victory":false,"max_hp_per_floor":[66,66,66,66,66,66,66,66,66,66,66,66,66,66,66,66,66,66,66,66,66,66,66,66],"relic_stats":{"Darkstone Periapt":0,"counters":[14,44],"Shuriken":[33],"Pandora\u0027s Box":["Reflex","Blade Dance","Quick Slash","Storm of Steel","Underhanded Strike","Prepared","Malaise","Crippling Poison","Bullet Time"],"Ectoplasm":356,"obtain_stats":[{"Darkstone Periapt":12,"CaptainsWheel":8,"Shuriken":4,"Pandora\u0027s Box":17,"Ectoplasm":0,"Unceasing Top":6,"Ring of the Snake":0},{"Darkstone Periapt":7,"CaptainsWheel":5,"Shuriken":2,"Pandora\u0027s Box":9,"Ectoplasm":0,"Unceasing Top":4,"Ring of the Snake":0},{"Darkstone Periapt":26,"CaptainsWheel":19,"Shuriken":8,"Pandora\u0027s Box":32,"Ectoplasm":0,"Unceasing Top":13,"Ring of the Snake":0}],"Unceasing Top":[19]},"card_choices":[{"not_picked":["Cloak And Dagger","Concentrate"],"picked":"Blade Dance","floor":1.0},{"not_picked":["Infinite Blades","Poisoned Stab"],"picked":"Underhanded Strike","floor":2.0},{"not_picked":["Underhanded Strike","Bane"],"picked":"Dagger Throw","floor":5.0},{"not_picked":["PiercingWail","Calculated Gamble"],"picked":"Riddle With Holes","floor":6.0},{"not_picked":["Tactician","Bouncing Flask"],"picked":"Masterful Stab","floor":8.0},{"not_picked":["Quick Slash","Sucker Punch"],"picked":"Dagger Spray","floor":11.0},{"not_picked":["Acrobatics","Bane"],"picked":"Blade Dance","floor":12.0},{"not_picked":["Choke","Tactician"],"picked":"Finisher","floor":14.0},{"not_picked":["A Thousand Cuts","Bullet Time"],"picked":"Corpse Explosion","floor":16.0},{"not_picked":["Bane","Expertise"],"picked":"Deflect","floor":18.0},{"not_picked":["Bane","Dagger Throw"],"picked":"Backflip","floor":19.0},{"not_picked":["Caltrops","Slice"],"picked":"Deflect","floor":20.0},{"not_picked":["Bouncing Flask","Outmaneuver","Distraction"],"picked":"SKIP","floor":22.0}],"player_experience":4551422,"relics_obtained":[{"floor":6.0,"key":"Unceasing Top"},{"floor":8.0,"key":"CaptainsWheel"},{"floor":12.0,"key":"Darkstone Periapt"}],"event_choices":[{"cards_removed":["Defend_G"],"damage_healed":0.0,"max_hp_gain":0.0,"max_hp_loss":0.0,"gold_gain":0.0,"event_name":"Purifier","player_choice":"Purged","floor":3.0,"gold_loss":0.0,"damage_taken":0.0},{"damage_healed":0.0,"max_hp_gain":0.0,"max_hp_loss":0.0,"gold_gain":0.0,"event_name":"Scrap Ooze","player_choice":"Success","floor":4.0,"gold_loss":0.0,"damage_taken":11.0,"relics_obtained":["Shuriken"]},{"damage_healed":0.0,"max_hp_gain":0.0,"max_hp_loss":0.0,"gold_gain":0.0,"event_name":"Nest","player_choice":"Joined the Cult","floor":21.0,"gold_loss":0.0,"damage_taken":6.0,"cards_obtained":["RitualDagger"]}],"is_beta":false,"boss_relics":[{"not_picked":["Snecko Eye","Fusion Hammer"],"picked":"Pandora\u0027s Box"}],"items_purged_floors":[],"is_endless":false,"potions_floor_spawned":[5,12,16,18,19],"killed_by":"Book of Stabbing","ascension_level":20}}