{"host":"rb2nh8tmj630u4aw","time":1611754622,"event":{"mods":["AchievementEnabler","Arknights The Spire","BaseMod","Friendly Minions","Luminous","Minty Spire (QoL Compilation)","Quick Restart","Replay The Spire","Ryuuou龙王","StSLib","Warlord Emblem","noobMod","【功能Mod】聪明的最终Boss","【遗物Mod】简单游戏"],"gold_per_floor":[117,117,129,129,143,173,98,109,109,123,148,148,162,190,190,294,294,312,327,227,241,261,261,287,287,287,304,322,334,365,379,379,484,484,500,550,229,243,243,268,285,302,302,302,321,321,54,54,54,2054],"floor_reached":51,"language":"ZHS","playtime":2494,"items_purged":["WarlordEmblem:Defend_DK","WarlordEmblem:Defend_DK","WarlordEmblem:RuneStrike","WarlordEmblem:RuneDefend"],"score":1068,"play_id":"bf1008da-e8af-472d-a96c-aa35a4f67d91","local_time":"20210127213702","is_ascension_mode":false,"campfire_choices":[{"data":"WarlordEmblem:Potential","floor":12,"key":"SMITH"},{"data":"WarlordEmblem:SwordWave","floor":15,"key":"SMITH"},{"data":"WarlordEmblem:LichkingWraith","floor":23,"key":"SMITH"},{"data":"WarlordEmblem:DeathWither","floor":25,"key":"SMITH"},{"data":"WarlordEmblem:RuneRegen","floor":32,"key":"SMITH"},{"data":"1","floor":44,"key":"LIFT"},{"data":"2","floor":49,"key":"LIFT"}],"circlet_count":0,"master_deck":["WarlordEmblem:RuneStrike+1","WarlordEmblem:RuneStrike+1","WarlordEmblem:Defend_DK+1","WarlordEmblem:RuneHeavyStrike+1","WarlordEmblem:Potential+1","WarlordEmblem:RuneRegen+1","WarlordEmblem:RuneDiffer+1","WarlordEmblem:DeathShake+1","WarlordEmblem:Withstand+1","WarlordEmblem:HeartStrike+1","WarlordEmblem:SwordWave+1","WarlordEmblem:RuneInspire+1","WarlordEmblem:LichkingWraith+1","WarlordEmblem:DeathWither+1","WarlordEmblem:HungeringCold+1","WarlordEmblem:AntiMagicShield+1","WarlordEmblem:BodyStrike+1","WarlordEmblem:BloodSacrifice+1","Ryuuou:NotRegret+1"],"relics":["WarlordEmblem:RuneSword","WarlordEmblem:BloodRealm","ice","EasyRelic","NeowsBlessing","Pet Ghost","Regal Pillow","InkBottle","Nunchaku","WarlordEmblem:IceDragon","MealTicket","HornCleat","Toxic Egg 2","WarlordEmblem:DKHelm","Thread and Needle","Membership Card","Oddly Smooth Stone","Girya","Ice Cream","Bag of Preparation","Strange Spoon","Replay:Wax Seal"],"acts_visited":["Exordium","TheCity","TheBeyond"],"potions_floor_usage":[],"damage_taken":[{"damage":0,"enemies":"2 Louse","floor":1,"turns":2},{"damage":0,"enemies":"Jaw Worm","floor":3,"turns":1},{"damage":0,"enemies":"Cultist","floor":5,"turns":1},{"damage":54,"enemies":"Lagavulin","floor":6,"turns":10},{"damage":8,"enemies":"Lots of Slimes","floor":8,"turns":5},{"damage":0,"enemies":"Looter","floor":10,"turns":3},{"damage":20,"enemies":"3 Sentries","floor":11,"turns":8},{"damage":2,"enemies":"2 Fungi Beasts","floor":13,"turns":4},{"damage":6,"enemies":"Lagavulin","floor":14,"turns":4},{"damage":30,"enemies":"Hexaghost","floor":16,"turns":8},{"damage":21,"enemies":"Shell Parasite","floor":18,"turns":5},{"damage":0,"enemies":"Spheric Guardian","floor":19,"turns":3},{"damage":16,"enemies":"3 Cultists","floor":21,"turns":4},{"damage":30,"enemies":"Snake Plant","floor":22,"turns":5},{"damage":6,"enemies":"Book of Stabbing","floor":24,"turns":6},{"damage":9,"enemies":"Centurion and Healer","floor":27,"turns":5},{"damage":2,"enemies":"Snecko","floor":28,"turns":4},{"damage":14,"enemies":"Cultist and Chosen","floor":29,"turns":5},{"damage":4,"enemies":"Gremlin Leader","floor":30,"turns":4},{"damage":0,"enemies":"Sentry and Sphere","floor":31,"turns":3},{"damage":0,"enemies":"Automaton","floor":33,"turns":5},{"damage":0,"enemies":"3 Shapes","floor":35,"turns":2},{"damage":16,"enemies":"Mind Bloom Boss Battle","floor":36,"turns":4},{"damage":5,"enemies":"3 Darklings","floor":38,"turns":2},{"damage":1,"enemies":"Giant Head","floor":40,"turns":4},{"damage":0,"enemies":"4 Shapes","floor":41,"turns":2},{"damage":5,"enemies":"Jaw Worm Horde","floor":42,"turns":2},{"damage":0,"enemies":"3 Darklings","floor":45,"turns":2},{"damage":0,"enemies":"Donu and Deca","floor":50,"turns":19}],"seed_played":"-7405569722832855773","potions_obtained":[{"floor":5,"key":"Dexterity Potion"},{"floor":6,"key":"Swift Potion"},{"floor":14,"key":"FearPotion"},{"floor":18,"key":"Toxic Potion"},{"floor":45,"key":"BlessingOfTheForge"}],"is_trial":false,"path_per_floor":["M","?","M","?","M","E","$","M","T","M","E","R","M","E","R","B",null,"M","M","$","M","M","R","E","R","T","M","M","M","E","M","R","B",null,"M","?","$","M","?","E","M","M","T","R","M","?","$","?","R","B",null],"character_chosen":"DeathKnight","items_purchased":["Membership Card","WarlordEmblem:BloodSacrifice","Oddly Smooth Stone","Bag of Preparation","Strange Spoon","Replay:Wax Seal"],"campfire_rested":0,"item_purchase_floors":[37,37,37,47,47,47],"current_hp_per_floor":[80,64,64,64,64,10,10,79,79,79,59,59,57,51,51,21,108,87,87,87,71,41,41,35,35,35,26,24,10,156,156,156,156,165,165,149,164,159,159,158,158,153,153,153,153,153,168,179,179,179],"gold":2054,"neow_bonus":"THREE_ENEMY_KILL","is_daily":false,"chose_seed":false,"campfire_upgraded":5,"win_rate":0.0,"timestamp":1611754622,"path_taken":["M","?","M","?","M","E","$","M","T","M","E","R","M","E","R","BOSS","M","?","$","M","M","R","E","R","T","M","M","?","E","M","R","BOSS","M","?","$","M","?","E","M","M","T","R","M","?","$","?","R","BOSS"],"items_purchased_type":["Relic","Card","Relic","Relic","Relic","Relic"],"build_version":"2020-12-22","purchased_purges":4,"victory":true,"max_hp_per_floor":[80,80,80,80,80,80,80,83,83,85,92,92,94,96,96,108,108,114,115,115,120,129,129,144,144,144,147,149,155,159,160,160,165,165,168,175,175,177,168,170,175,178,178,178,179,179,179,179,179,207],"card_choices":[{"not_picked":["WarlordEmblem:VoidDefend","WarlordEmblem:DeathGateway"],"picked":"WarlordEmblem:Potential","floor":1},{"not_picked":["WarlordEmblem:EvilSee","WarlordEmblem:BodyStrike"],"picked":"WarlordEmblem:RuneRegen","floor":3},{"not_picked":["WarlordEmblem:CurseStrike","WarlordEmblem:RuneRegen"],"picked":"WarlordEmblem:RuneDiffer","floor":5},{"not_picked":["WarlordEmblem:RuneRecast","WarlordEmblem:BlackCommand"],"picked":"WarlordEmblem:DeathShake","floor":6},{"not_picked":["WarlordEmblem:DeathContract","WarlordEmblem:FrozenDeath","WarlordEmblem:Annihilation"],"picked":"SKIP","floor":8},{"not_picked":["WarlordEmblem:CurseStrike","WarlordEmblem:SevereWinter"],"picked":"WarlordEmblem:Withstand","floor":10},{"not_picked":["WarlordEmblem:FrozenHeart","WarlordEmblem:Infect"],"picked":"WarlordEmblem:HeartStrike","floor":11},{"not_picked":["WarlordEmblem:RuneRecast","WarlordEmblem:EvilSee"],"picked":"WarlordEmblem:SwordWave","floor":13},{"not_picked":["WarlordEmblem:RuneRecast","WarlordEmblem:VoidDefend"],"picked":"WarlordEmblem:RuneInspire","floor":14},{"not_picked":["WarlordEmblem:HeartOfDeath","WarlordEmblem:GhostStrike"],"picked":"WarlordEmblem:LichkingWraith","floor":16},{"not_picked":["WarlordEmblem:DeathStrike","WarlordEmblem:RuneDiffer+1","WarlordEmblem:Execute"],"picked":"SKIP","floor":18},{"not_picked":["WarlordEmblem:HeartStrike","WarlordEmblem:DeathCoil","WarlordEmblem:RuneInspire"],"picked":"SKIP","floor":19},{"not_picked":["WarlordEmblem:FrostbiteStrike","WarlordEmblem:ForceDeflexion","WarlordEmblem:WinterHorn+1"],"picked":"SKIP","floor":21},{"not_picked":["WarlordEmblem:Execute+1","WarlordEmblem:RuneBlade","WarlordEmblem:RuneMultiplex"],"picked":"SKIP","floor":22},{"not_picked":["WarlordEmblem:ForceDeflexion","WarlordEmblem:CurseStrike"],"picked":"WarlordEmblem:DeathWither","floor":24},{"not_picked":["WarlordEmblem:DeathCoil+1","WarlordEmblem:Execute","WarlordEmblem:Infect+1"],"picked":"SKIP","floor":27},{"not_picked":["WarlordEmblem:EvilWorm","WarlordEmblem:CurseStrike","WarlordEmblem:RuneDiffer+1"],"picked":"SKIP","floor":28},{"not_picked":["WarlordEmblem:RuneRecast","WarlordEmblem:WrathOfSindragosa+1","WarlordEmblem:VoidStrike"],"picked":"SKIP","floor":29},{"not_picked":["WarlordEmblem:DarkSimulation+1","WarlordEmblem:DeathGateway+1","WarlordEmblem:CurseStrike"],"picked":"SKIP","floor":30},{"not_picked":["WarlordEmblem:BloodMask+1","WarlordEmblem:WillOfTheNecropolis+1","WarlordEmblem:DeathGateway+1"],"picked":"SKIP","floor":31},{"not_picked":["WarlordEmblem:LichkingWraith","WarlordEmblem:RuneMultiplex+1"],"picked":"WarlordEmblem:HungeringCold","floor":33},{"not_picked":["WarlordEmblem:RuneRecast+1","WarlordEmblem:RuneDiffer+1"],"picked":"WarlordEmblem:AntiMagicShield+1","floor":35},{"not_picked":["WarlordEmblem:Annihilation+1","WarlordEmblem:RuneMelter+1"],"picked":"WarlordEmblem:BodyStrike","floor":36},{"not_picked":["WarlordEmblem:RuneRecast+1","WarlordEmblem:FrozenDeath+1","WarlordEmblem:RuneInspire"],"picked":"SKIP","floor":38},{"not_picked":["WarlordEmblem:RuneInspire","WarlordEmblem:DeathStrike","WarlordEmblem:HungeringCold"],"picked":"SKIP","floor":40},{"not_picked":["WarlordEmblem:EvilStrike+1","WarlordEmblem:Withstand+1","WarlordEmblem:RuneRegen+1"],"picked":"SKIP","floor":41},{"not_picked":["WarlordEmblem:FrostbiteStrike","WarlordEmblem:RuneBlade+1","WarlordEmblem:CurseStrike+1"],"picked":"SKIP","floor":42},{"not_picked":["WarlordEmblem:RuneMelter+1","WarlordEmblem:FrozenWill+1","WarlordEmblem:CurseStrike"],"picked":"SKIP","floor":45}],"player_experience":50709,"relics_obtained":[{"floor":6,"key":"Pet Ghost"},{"floor":9,"key":"Regal Pillow"},{"floor":11,"key":"InkBottle"},{"floor":14,"key":"Nunchaku"},{"floor":24,"key":"MealTicket"},{"floor":26,"key":"HornCleat"},{"floor":30,"key":"Toxic Egg 2"},{"floor":36,"key":"Thread and Needle"},{"floor":40,"key":"Girya"},{"floor":43,"key":"Ice Cream"}],"event_choices":[{"damage_healed":0,"gold_gain":0,"player_choice":"Entered Light","damage_taken":16,"max_hp_gain":0,"max_hp_loss":0,"event_name":"Shining Light","floor":2,"gold_loss":0,"cards_upgraded":["WarlordEmblem:Defend_DK","WarlordEmblem:Defend_DK"]},{"cards_removed":["WarlordEmblem:RuneStrike"],"damage_healed":0,"gold_gain":0,"player_choice":"Offered Basic","damage_taken":0,"max_hp_gain":0,"max_hp_loss":0,"event_name":"Bonfire Elementals","floor":4,"gold_loss":0},{"damage_healed":0,"gold_gain":0,"player_choice":"Fight","damage_taken":0,"max_hp_gain":0,"max_hp_loss":0,"event_name":"MindBloom","floor":36,"gold_loss":0},{"damage_healed":0,"gold_gain":0,"player_choice":"Max HP","damage_taken":0,"max_hp_gain":0,"max_hp_loss":9,"event_name":"Winding Halls","floor":39,"gold_loss":0},{"cards_removed":["WarlordEmblem:Defend_DK"],"damage_healed":0,"gold_gain":0,"player_choice":"Removed Skill","damage_taken":0,"max_hp_gain":0,"max_hp_loss":0,"event_name":"Falling","floor":46,"gold_loss":0}],"is_beta":false,"boss_relics":[{"not_picked":["Black Star","Replay:Wanted Poster"],"picked":"WarlordEmblem:IceDragon"},{"not_picked":["Philosopher\u0027s Stone","Busted Crown"],"picked":"WarlordEmblem:DKHelm"}],"items_purged_floors":[7,20,37,47],"is_endless":false,"potions_floor_spawned":[5,6,13,14,18,19,27,30,41,45],"ascension_level":0}}