{"host":"iao9zlhzdan4iyha","time":1611758827,"event":{"mods":["BaseMod","BetterRewards","Downfall","Hermit","Ironclad Rager","Minty Spire (QoL Compilation)","Quick Restart","Replay The Spire","Shop Mod","StSLib","The Bug Knight","The Judge","The Runesmith"],"gold_per_floor":[114,27,27,44,59,59,75,75,75,93,93,120,140,140,140,236,236,249,276,294,294,294],"floor_reached":21,"language":"ENG","playtime":2037,"items_purged":[],"score":231,"play_id":"4c9a22e9-a549-46e7-8045-c59f3be5aa14","local_time":"20210127144707","is_ascension_mode":false,"campfire_choices":[{"data":"Apotheosis","floor":6,"key":"SMITH"},{"data":"Runesmith:RunicBlueprint","floor":8,"key":"SMITH"},{"data":"1","floor":15,"key":"LIFT"}],"circlet_count":0,"master_deck":["Runesmith:Strike_RS","Runesmith:Strike_RS","Runesmith:Strike_RS","Runesmith:Strike_RS","Runesmith:Defend_RS","Runesmith:Defend_RS","Runesmith:Defend_RS","Runesmith:Defend_RS","Runesmith:CraftFirestone","Runesmith:Fortify","Apotheosis+1","Runesmith:ChaoticBlast","Replay:Parry","Runesmith:CraftObretio","Runesmith:RunicBlueprint+1","Runesmith:WhiteBalance","Runesmith:PerfectChisel","Regret","Runesmith:BackupBattery","Runesmith:EnergizedChisel","Runesmith:CraftPrismatica","Runesmith:Firewall","Runesmith:HeatedChisel+1"],"relics":["Runesmith:BrokenRuby","Torii","FossilizedHelix","Vajra","Darkstone Periapt","Girya","Philosopher\u0027s Stone","Ancient Tea Set"],"acts_visited":["Exordium","TheCity"],"potions_floor_usage":[12,12,18],"damage_taken":[{"damage":0,"enemies":"Small Slimes","floor":1,"turns":3},{"damage":0,"enemies":"Cultist","floor":4,"turns":3},{"damage":0,"enemies":"2 Louse","floor":5,"turns":2},{"damage":0,"enemies":"Red Slaver","floor":7,"turns":3},{"damage":2,"enemies":"Lots of Slimes","floor":10,"turns":4},{"damage":14,"enemies":"Gremlin Nob","floor":12,"turns":3},{"damage":0,"enemies":"Exordium Wildlife","floor":13,"turns":2},{"damage":0,"enemies":"Fading Forest","floor":16,"turns":11},{"damage":11,"enemies":"Spheric Guardian","floor":18,"turns":3},{"damage":10,"enemies":"Shell Parasite","floor":20,"turns":4},{"damage":75,"enemies":"Cultist and Chosen","floor":21,"turns":6}],"seed_played":"8055141529037251457","potions_obtained":[{"floor":1,"key":"LiquidMemories"},{"floor":7,"key":"Energy Potion"},{"floor":10,"key":"AttackPotion"},{"floor":16,"key":"Fruit Juice"},{"floor":18,"key":"Weak Potion"}],"is_trial":false,"path_per_floor":["M","$","?","M","M","R","M","R","T","M","?","E","M","?","R","B",null,"M","T","M","M"],"character_chosen":"RUNESMITH_CLASS","items_purchased":["Apotheosis","Runesmith:DoubleUp","Replay:Parry"],"campfire_rested":0,"item_purchase_floors":[0,0,2],"current_hp_per_floor":[38,38,70,70,70,70,70,70,70,68,74,60,60,60,60,74,76,70,70,60,0,0],"gold":294,"neow_bonus":"","is_daily":false,"chose_seed":false,"campfire_upgraded":2,"win_rate":0.0,"timestamp":1611758827,"path_taken":["M","$","?","M","?","R","M","R","T","M","?","E","M","?","R","BOSS","M","?","?","M"],"items_purchased_type":["Card","Card","Card"],"build_version":"2020-12-22","purchased_purges":0,"victory":false,"max_hp_per_floor":[70,70,70,70,70,70,70,70,70,70,76,76,76,76,76,76,76,81,81,81,81,81],"card_choices":[{"not_picked":["Runesmith:Attraction","Runesmith:EarthShield"],"picked":"Runesmith:ChaoticBlast","floor":1},{"not_picked":["Runesmith:Retool","Runesmith:Overpower"],"picked":"Runesmith:CraftObretio","floor":4},{"not_picked":["Runesmith:Refine","Runesmith:CraftMagma"],"picked":"Runesmith:RunicBlueprint","floor":5},{"not_picked":["Runesmith:HeatExchange","Runesmith:RuneHurl"],"picked":"Runesmith:WhiteBalance","floor":7},{"not_picked":["Runesmith:Firewall","Runesmith:HammerTime"],"picked":"Runesmith:PerfectChisel","floor":10},{"not_picked":["Runesmith:OneForEveryone","Runesmith:ShiftingStrike"],"picked":"Runesmith:BackupBattery","floor":12},{"not_picked":["Runesmith:GoWithTheFlow","Runesmith:ChaoticBlast"],"picked":"Runesmith:EnergizedChisel","floor":13},{"not_picked":["Runesmith:DuctTape","Runesmith:CraftIndustria"],"picked":"Runesmith:CraftPrismatica","floor":16},{"not_picked":["Runesmith:MakeshiftArmor","Runesmith:RuneHurl"],"picked":"Runesmith:Firewall","floor":18},{"not_picked":["Runesmith:HeatExchange","Runesmith:BackupBattery"],"picked":"Runesmith:HeatedChisel+1","floor":20}],"player_experience":89931,"relics_obtained":[{"floor":9,"key":"Vajra"},{"floor":12,"key":"Girya"},{"floor":19,"key":"Ancient Tea Set"}],"event_choices":[{"cards_removed":["Runesmith:DoubleUp"],"damage_healed":32,"gold_gain":0,"player_choice":"Offered Uncommon","damage_taken":0,"max_hp_gain":0,"max_hp_loss":0,"event_name":"Bonfire Elementals","floor":3,"gold_loss":0},{"damage_healed":0,"gold_gain":0,"player_choice":"Box","damage_taken":0,"relics_obtained":["Darkstone Periapt"],"max_hp_gain":0,"max_hp_loss":0,"event_name":"Big Fish","floor":11,"gold_loss":0,"cards_obtained":["Regret"]},{"damage_healed":0,"gold_gain":0,"player_choice":"Ignored","damage_taken":0,"max_hp_gain":0,"max_hp_loss":0,"event_name":"NoteForYourself","floor":14,"gold_loss":0}],"is_beta":false,"boss_relics":[{"not_picked":["Velvet Choker","Cursed Key"],"picked":"Philosopher\u0027s Stone"}],"items_purged_floors":[],"is_endless":false,"potions_floor_spawned":[1,7,10,16,18],"killed_by":"Cultist and Chosen","ascension_level":0}}