{"host":"uclt3t1usqzz4m5p","time":1611725142,"event":{"mods":["100% Spire Juice","AchievementEnabler","BaseMod","Better Altar","Better Match","Better Sensory Stone","Better Skull","Better Third Choice","Booster Modes","Card Forge","Colored Powertips","Displayed Cursed Tome","Downfall","GifTheSpireLib","Gremlin Skip","Minty Spire (QoL Compilation)","Permanent Neow","Quick Restart","Reliquary","StSLib","SuperFastMode","TheSurvivalist"],"gold_per_floor":[112,129,129,204,251,251,265,265,265,265,282,282,282,296,296,395,395,385,385,385,385,404,404,420,380,380,399,410,422,60,80,80,177,177,189,189,189],"floor_reached":36,"language":"ENG","playtime":7439,"items_purged":[],"score":356,"play_id":"8ff90104-e284-4413-a99c-2f8480d78db6","local_time":"20210126212542","is_ascension_mode":false,"campfire_choices":[{"data":"survmod:VersatileOffense","floor":6.0,"key":"SMITH"},{"data":"survmod:DuckAndFlare","floor":8.0,"key":"SMITH"},{"data":"survmod:FenceTrap","floor":10.0,"key":"SMITH"},{"data":"survmod:MarkedFromAfar","floor":13.0,"key":"SMITH"},{"data":"survmod:GoForFace","floor":15.0,"key":"SMITH"},{"data":"survmod:VersatilePower","floor":23.0,"key":"SMITH"},{"data":"survmod:SkillfulManeuver","floor":32,"key":"SMITH"}],"circlet_count":0,"master_deck":["survmod:Strike","survmod:Strike","survmod:Strike","survmod:Strike+1","survmod:Defend","survmod:Defend","survmod:Defend","survmod:Defend","survmod:VersatileOffense+1","survmod:Sprint+1","survmod:AcidTrap","survmod:FenceTrap+1","survmod:DuckAndFlare+1","survmod:MarkedFromAfar+1","survmod:GoForFace+1","survmod:VersatilePower+1","survmod:SkillfulManeuver+1","survmod:MarkedShot+1","survmod:SkillfulManeuver","survmod:FlashbangTrap+1","survmod:FenceTrap","survmod:HailOfArrows","survmod:SimpleMutation","survmod:LeapingShot","survmod:UnfortunateEscape+1"],"relics":["survmod:AdvancedEvolution","Hammer of Thor","Seething Fire","Anvil of the Gods","reliquary:WeakTea","Ginger","reliquary:BoilingFlask","Nilry\u0027s Codex","Kunai","Slimebound:PreparedRelic","expansioncontent:StudyCardRelic"],"acts_visited":["Exordium","TheCity","TheBeyond"],"potions_floor_usage":[],"damage_taken":[{"damage":1.0,"enemies":"Small Slimes","floor":1.0,"turns":4.0},{"damage":0.0,"enemies":"Jaw Worm","floor":2.0,"turns":4.0},{"damage":0.0,"enemies":"2 Louse","floor":7.0,"turns":2.0},{"damage":2.0,"enemies":"Exordium Thugs","floor":11.0,"turns":8.0},{"damage":0.0,"enemies":"2 Fungi Beasts","floor":14.0,"turns":2.0},{"damage":25.0,"enemies":"The Guardian","floor":16.0,"turns":7.0},{"damage":7.0,"enemies":"2 Thieves","floor":18.0,"turns":5.0},{"damage":7.0,"enemies":"Spheric Guardian","floor":22.0,"turns":7.0},{"damage":10.0,"enemies":"Cultist and Chosen","floor":24.0,"turns":7.0},{"damage":22,"enemies":"3 Cultists","floor":27,"turns":8},{"damage":14,"enemies":"Snake Plant","floor":28,"turns":5},{"damage":0,"enemies":"Chosen and Byrds","floor":29,"turns":6},{"damage":5,"enemies":"Shelled Parasite and Fungi","floor":31,"turns":5},{"damage":3,"enemies":"Champ","floor":33,"turns":8},{"damage":2,"enemies":"3 Darklings","floor":35,"turns":4},{"damage":63,"enemies":"2 Orb Walkers","floor":36,"turns":4}],"seed_played":"4091586799376787687","potions_obtained":[{"floor":1.0,"key":"Regen Potion"},{"floor":2.0,"key":"PowerPotion"},{"floor":14.0,"key":"SpeedPotion"},{"floor":18.0,"key":"DistilledChaos"}],"is_trial":false,"path_per_floor":["M","M","?","?","T","R","M","R","T","R","M","?","R","M","R","B",null,"M","?","?","?","M","R","M","?","T","M","M","M","$","M","R","B",null,"M","?"],"character_chosen":"THE_SURVIVOR","items_purchased":["Slimebound:PreparedRelic","survmod:FenceTrap","survmod:HailOfArrows"],"campfire_rested":0,"item_purchase_floors":[30,30,30],"current_hp_per_floor":[49,49,54,43,43,43,43,43,43,43,41,41,41,41,41,16,55,48,32,32,50,43,43,33,33,33,14,3,6,6,4,4,4,55,53,0,0],"gold":189,"neow_bonus":"UPGRADE_CARD","is_daily":false,"chose_seed":false,"campfire_upgraded":7,"win_rate":0.0,"timestamp":1611725142,"path_taken":["M","M","?","?","?","R","M","R","T","R","M","?","R","M","R","BOSS","M","?","?","?","M","R","?","?","T","M","M","?","$","M","R","BOSS","M","?"],"items_purchased_type":["Relic","Card","Card"],"build_version":"2020-12-22","purchased_purges":0,"victory":false,"max_hp_per_floor":[50,50,55,55,55,55,55,55,55,55,55,55,55,55,55,55,55,55,55,55,55,55,55,55,55,55,55,55,55,55,55,55,55,55,55,55,55],"card_choices":[{"not_picked":["survmod:PenetratingShot","survmod:PoisonTrap"],"picked":"survmod:AcidTrap","floor":1.0},{"not_picked":["survmod:HailOfArrows","survmod:DuckAndFlare"],"picked":"survmod:FenceTrap","floor":2.0},{"not_picked":["survmod:MarkTrap","survmod:MarkedShot"],"picked":"survmod:DuckAndFlare","floor":7.0},{"not_picked":["survmod:MercifulShot","survmod:ComplexMutation"],"picked":"survmod:MarkedFromAfar","floor":11.0},{"not_picked":["survmod:BearTrap","survmod:HailOfArrows"],"picked":"survmod:GoForFace","floor":14.0},{"not_picked":["survmod:DesperateAmbush","survmod:CloseCombat"],"picked":"survmod:VersatilePower","floor":16.0},{"not_picked":["survmod:FocusedFire","survmod:SwiftKick+1"],"picked":"survmod:SkillfulManeuver","floor":18.0},{"not_picked":["survmod:BearTrap","survmod:PenetratingShot"],"picked":"survmod:MarkedShot","floor":22.0},{"not_picked":["survmod:TwinShot","survmod:BearTrap","survmod:NockAnArrow"],"picked":"SKIP","floor":24.0},{"not_picked":["survmod:DuckAndFlare","survmod:SwiftKick"],"picked":"survmod:SkillfulManeuver","floor":27},{"not_picked":["survmod:TacticalManeuver","survmod:QuickDash+1"],"picked":"survmod:FlashbangTrap+1","floor":28},{"not_picked":["survmod:PoisonTrap","survmod:PenetratingShot","survmod:Heartseeker"],"picked":"SKIP","floor":29},{"not_picked":["survmod:MarkTrap+1","survmod:PenetratingShot+1"],"picked":"survmod:SimpleMutation","floor":31},{"not_picked":["survmod:ChokingBow","survmod:DesperateAmbush"],"picked":"survmod:LeapingShot","floor":33},{"not_picked":["survmod:TrickShot+1","survmod:SimpleMutation"],"picked":"survmod:UnfortunateEscape+1","floor":35}],"player_experience":641641,"relics_obtained":[{"floor":5.0,"key":"reliquary:WeakTea"},{"floor":9.0,"key":"Ginger"},{"floor":26.0,"key":"Kunai"}],"event_choices":[{"damage_healed":0.0,"max_hp_gain":5.0,"max_hp_loss":0.0,"gold_gain":0.0,"event_name":"Big Fish","player_choice":"Donut","floor":3.0,"gold_loss":0.0,"damage_taken":0.0},{"damage_healed":0.0,"max_hp_gain":0.0,"max_hp_loss":0.0,"gold_gain":75.0,"event_name":"betterThird:BetterGoop","player_choice":"Gold","floor":4.0,"gold_loss":0.0,"damage_taken":11.0},{"damage_healed":0.0,"max_hp_gain":0.0,"max_hp_loss":0.0,"gold_gain":0.0,"event_name":"WeMeetAgain","player_choice":"Gave Potion","floor":12.0,"gold_loss":0.0,"damage_taken":0.0,"relics_obtained":["reliquary:BoilingFlask"]},{"damage_healed":0.0,"max_hp_gain":0.0,"max_hp_loss":0.0,"gold_gain":0.0,"event_name":"Cursed Tome","player_choice":"Obtained Book","floor":19.0,"gold_loss":0.0,"damage_taken":16.0},{"damage_healed":0.0,"max_hp_gain":0.0,"max_hp_loss":0.0,"gold_gain":0.0,"event_name":"The Mausoleum","player_choice":"Ignored","floor":20.0,"gold_loss":0.0,"damage_taken":0.0},{"damage_healed":18.0,"max_hp_gain":0.0,"max_hp_loss":0.0,"gold_gain":0.0,"event_name":"The Library","player_choice":"Heal","floor":21.0,"gold_loss":0.0,"damage_taken":0.0},{"damage_healed":0.0,"max_hp_gain":0.0,"max_hp_loss":0.0,"gold_gain":0.0,"event_name":"Designer","player_choice":"Upgraded Two","floor":25.0,"gold_loss":40.0,"damage_taken":0.0,"cards_upgraded":["survmod:Strike","survmod:MarkedShot"]},{"damage_healed":0,"gold_gain":0,"player_choice":"Fight","damage_taken":0,"max_hp_gain":0,"max_hp_loss":0,"event_name":"Mysterious Sphere","floor":36,"gold_loss":0}],"is_beta":false,"boss_relics":[{"not_picked":["Calling Bell","Velvet Choker"],"picked":"survmod:AdvancedEvolution"},{"not_picked":["reliquary:KinkedSpring","Tiny House"],"picked":"expansioncontent:StudyCardRelic"}],"items_purged_floors":[],"is_endless":false,"potions_floor_spawned":[1,2,14,18,28],"killed_by":"2 Orb Walkers","ascension_level":0}}