{"host":"h1qktzcccqnez8tx","time":1611778982,"event":{"mods":["AchievementEnabler","BaseMod","Bestiary","Better Note","Block Reminder","Colored Map","Colored Powertips","Curses Come First","Highlight Path","Minty Spire (QoL Compilation)","Permanent Neow","Quick Restart","Relic Stats","StSLib","UnlockEverythingMod"],"gold_per_floor":[115,126,143,75,75,109,109,31,31,45,65,77,93,119,119,223,223,237,252,175,175,175],"floor_reached":21,"language":"ENG","playtime":642,"items_purged":[],"score":518,"play_id":"30c4eae3-bcd6-4ab4-a3f8-e5fcf71d6476","local_time":"20210127212302","daily_mods":["Draft","Hoarder"],"is_ascension_mode":false,"campfire_choices":[{"data":"TalkToTheHand","floor":7,"key":"SMITH"},{"data":"TalkToTheHand","floor":15,"key":"SMITH"}],"circlet_count":0,"master_deck":["FlurryOfBlows","FlurryOfBlows","FlurryOfBlows","BowlingBash","BowlingBash","BowlingBash","PathToVictory","PathToVictory","PathToVictory","ThirdEye","ThirdEye","ThirdEye","EmptyFist","EmptyFist","EmptyFist","FlurryOfBlows","FlurryOfBlows","FlurryOfBlows","Wallop","Wallop","Wallop","PathToVictory","PathToVictory","PathToVictory","BowlingBash","BowlingBash","BowlingBash","CutThroughFate","CutThroughFate","CutThroughFate","Weave","Weave","Weave","JustLucky","JustLucky","JustLucky","CutThroughFate","CutThroughFate","CutThroughFate","Consecrate","Consecrate","Consecrate","Crescendo","Crescendo","Crescendo","TalkToTheHand","TalkToTheHand+1","TalkToTheHand+1","Weave","Weave","Weave","FearNoEvil","FearNoEvil","FearNoEvil","WindmillStrike","WindmillStrike","WindmillStrike","Establishment","Establishment","Establishment","PathToVictory","PathToVictory","PathToVictory","DeusExMachina","DeusExMachina","DeusExMachina","MentalFortress+1","MentalFortress+1","MentalFortress+1","Nirvana","Nirvana","Nirvana"],"relics":["PureWater","Lantern","Eternal Feather","SlaversCollar"],"acts_visited":["Exordium","TheCity"],"potions_floor_usage":[],"damage_taken":[{"damage":0,"enemies":"Cultist","floor":1,"turns":2},{"damage":0,"enemies":"2 Louse","floor":2,"turns":2},{"damage":4,"enemies":"Jaw Worm","floor":3,"turns":2},{"damage":9,"enemies":"3 Sentries","floor":6,"turns":4},{"damage":2,"enemies":"2 Fungi Beasts","floor":10,"turns":2},{"damage":11,"enemies":"Red Slaver","floor":11,"turns":2},{"damage":1,"enemies":"Exordium Wildlife","floor":12,"turns":2},{"damage":8,"enemies":"Looter","floor":13,"turns":2},{"damage":18,"enemies":"Lagavulin","floor":14,"turns":3},{"damage":0,"enemies":"Slime Boss","floor":16,"turns":5},{"damage":18,"enemies":"3 Byrds","floor":18,"turns":3},{"damage":14,"enemies":"Spheric Guardian","floor":19,"turns":4}],"seed_played":"-4412272254823457265","potions_obtained":[{"floor":1,"key":"DuplicationPotion"},{"floor":6,"key":"Fire Potion"},{"floor":12,"key":"ColorlessPotion"}],"is_trial":true,"path_per_floor":["M","M","M","$","?","E","R","$","T","M","M","M","M","E","R","B",null,"M","M","$","?"],"character_chosen":"WATCHER","items_purchased":["TalkToTheHand","Weave","Nirvana"],"campfire_rested":0,"item_purchase_floors":[4,8,20],"current_hp_per_floor":[72,72,68,68,73,64,64,64,64,62,51,50,42,24,60,60,77,59,45,45,45,45],"gold":175,"neow_bonus":"","is_daily":false,"chose_seed":false,"campfire_upgraded":2,"win_rate":0.0,"timestamp":1611778982,"path_taken":["M","M","?","$","?","E","R","$","T","M","M","M","M","E","R","BOSS","M","M","$","?"],"items_purchased_type":["Card","Card","Card"],"build_version":"2020-12-22","purchased_purges":0,"victory":false,"max_hp_per_floor":[72,72,72,72,77,77,77,77,77,77,77,77,77,77,77,77,77,77,77,77,77,77],"relic_stats":{"counters":[12,33],"Eternal Feather":36,"obtain_stats":[{"SlaversCollar":17,"Lantern":9,"Eternal Feather":14,"PureWater":0},{"SlaversCollar":10,"Lantern":4,"Eternal Feather":9,"PureWater":0},{"SlaversCollar":26,"Lantern":10,"Eternal Feather":21,"PureWater":0}]},"card_choices":[{"not_picked":["LikeWater","CutThroughFate"],"picked":"FlurryOfBlows","floor":0},{"not_picked":["Swivel","Fasting2"],"picked":"BowlingBash","floor":0},{"not_picked":["Study","JustLucky"],"picked":"PathToVictory","floor":0},{"not_picked":["Protect","CutThroughFate"],"picked":"ThirdEye","floor":0},{"not_picked":["JustLucky","InnerPeace"],"picked":"EmptyFist","floor":0},{"not_picked":["SandsOfTime","EmptyBody"],"picked":"FlurryOfBlows","floor":0},{"not_picked":["FearNoEvil","FlyingSleeves"],"picked":"Wallop","floor":0},{"not_picked":["Vengeance","EmptyFist"],"picked":"PathToVictory","floor":0},{"not_picked":["Indignation","Swivel"],"picked":"BowlingBash","floor":0},{"not_picked":["Nirvana","EmptyMind"],"picked":"CutThroughFate","floor":0},{"not_picked":["Perseverance","Swivel"],"picked":"Weave","floor":0},{"not_picked":["Nirvana","ClearTheMind"],"picked":"JustLucky","floor":0},{"not_picked":["EmptyFist","Consecrate"],"picked":"CutThroughFate","floor":0},{"not_picked":["Protect","Halt"],"picked":"Consecrate","floor":0},{"not_picked":["Prostrate","ForeignInfluence"],"picked":"Crescendo","floor":0},{"not_picked":["CutThroughFate","Meditate","FlyingSleeves"],"picked":"SKIP","floor":1},{"not_picked":["JustLucky","FearNoEvil","CutThroughFate"],"picked":"SKIP","floor":2},{"not_picked":["FlurryOfBlows","Sanctity","FlyingSleeves"],"picked":"SKIP","floor":3},{"not_picked":["Evaluate","MentalFortress","ClearTheMind"],"picked":"SKIP","floor":6},{"not_picked":["Evaluate","Protect","EmptyFist"],"picked":"SKIP","floor":10},{"not_picked":["JustLucky","Study"],"picked":"FearNoEvil","floor":11},{"not_picked":["Consecrate","FlurryOfBlows"],"picked":"WindmillStrike","floor":12},{"not_picked":["ReachHeaven","Study"],"picked":"Establishment","floor":13},{"not_picked":["LikeWater","FollowUp"],"picked":"PathToVictory","floor":14},{"not_picked":["Judgement","Wish"],"picked":"DeusExMachina","floor":16},{"not_picked":["ClearTheMind","Prostrate"],"picked":"MentalFortress+1","floor":18},{"not_picked":["Worship","SandsOfTime","SashWhip"],"picked":"SKIP","floor":19}],"player_experience":184829,"relics_obtained":[{"floor":9,"key":"Lantern"},{"floor":14,"key":"Eternal Feather"}],"event_choices":[{"damage_healed":0,"gold_gain":0,"player_choice":"Donut","damage_taken":0,"max_hp_gain":5,"max_hp_loss":0,"event_name":"Big Fish","floor":5,"gold_loss":0},{"damage_healed":0,"gold_gain":0,"player_choice":"Ignored","damage_taken":0,"max_hp_gain":0,"max_hp_loss":0,"event_name":"Duplicator","floor":21,"gold_loss":0}],"is_beta":false,"boss_relics":[{"not_picked":["Fusion Hammer","SacredBark"],"picked":"SlaversCollar"}],"items_purged_floors":[],"is_endless":true,"potions_floor_spawned":[1,6,12,14,19],"ascension_level":0}}