{"host":"7nm1ow5v9mg4ehcw","time":1611790145,"event":{"mods":["BaseMod","Minty Spire (QoL Compilation)","Relic Stats","StSLib"],"gold_per_floor":[117,117,117,131,131,166,166,182,182,216,26,45,45,78,78,180,180,191,204,204,109,122,155,165,200,223,133,146,177,177,211,211,312,312,324,324,4,4,49,76,426,457,512,512,546,546,546,121,121,121,121,121,20,52,52],"floor_reached":56,"language":"ENG","playtime":4261,"items_purged":["Strike_P"],"score":1555,"play_id":"5ba2ae61-b104-492e-9f8b-9808b730c063","local_time":"20210128002905","is_ascension_mode":true,"campfire_choices":[{"data":"Eruption","floor":7,"key":"SMITH"},{"data":"Apotheosis","floor":13,"key":"SMITH"},{"floor":15,"key":"RECALL"},{"floor":30,"key":"REST"},{"floor":32,"key":"REST"},{"data":"Establishment","floor":47,"key":"SMITH"},{"data":"TalkToTheHand","floor":49,"key":"SMITH"},{"data":"Nirvana","floor":52,"key":"SMITH"}],"circlet_count":0,"master_deck":["Strike_P+1","Defend_P","Defend_P","Defend_P","Eruption+1","Vigilance","FollowUp","JustLucky","Weave","CutThroughFate","BattleHymn","Apotheosis+1","EmptyBody","JustLucky","Establishment+1","FlyingSleeves","InnerPeace+1","Nirvana","ThirdEye","Nirvana+1","Protect","Adaptation+1","JustLucky+1","LikeWater","ThirdEye","Halt","Blasphemy","CurseOfTheBell","CutThroughFate+1","CutThroughFate+1","Sanctity+1","FlurryOfBlows","TalkToTheHand+1","Nirvana","JustLucky","Protect+1"],"relics":["Runic Pyramid","Ornamental Fan","Shuriken","HornCleat","Blood Vial","Strawberry","Orichalcum","Black Star","PreservedInsect","Bottled Flame","MealTicket","Blue Candle","Oddly Smooth Stone","Pen Nib","Potion Belt","Anchor","Juzu Bracelet","Calling Bell","Regal Pillow","Eternal Feather","Prayer Wheel","Gremlin Horn","Incense Burner","Meat on the Bone","Pantograph","Old Coin","StoneCalendar","Dream Catcher","Damaru","Mercury Hourglass","OrangePellets","Vajra","Mummified Hand","Bag of Marbles"],"acts_visited":["Exordium","TheCity","TheBeyond","TheEnding"],"potions_floor_usage":[6,10,22,25,39,54,55,55,55],"damage_taken":[{"damage":1,"enemies":"2 Louse","floor":1,"turns":3},{"damage":0,"enemies":"Small Slimes","floor":4,"turns":3},{"damage":8,"enemies":"Gremlin Nob","floor":6,"turns":3},{"damage":0,"enemies":"Cultist","floor":8,"turns":2},{"damage":3,"enemies":"Lagavulin","floor":10,"turns":3},{"damage":2,"enemies":"Looter","floor":12,"turns":3},{"damage":5,"enemies":"3 Sentries","floor":14,"turns":4},{"damage":0,"enemies":"Hexaghost","floor":16,"turns":4},{"damage":0,"enemies":"Shell Parasite","floor":18,"turns":3},{"damage":0,"enemies":"Chosen","floor":19,"turns":4},{"damage":1,"enemies":"Shelled Parasite and Fungi","floor":22,"turns":3},{"damage":22,"enemies":"Gremlin Leader","floor":23,"turns":5},{"damage":15,"enemies":"Centurion and Healer","floor":24,"turns":4},{"damage":5,"enemies":"Slavers","floor":25,"turns":4},{"damage":8,"enemies":"3 Cultists","floor":28,"turns":5},{"damage":6,"enemies":"Book of Stabbing","floor":29,"turns":4},{"damage":34,"enemies":"Slavers","floor":31,"turns":5},{"damage":2,"enemies":"Champ","floor":33,"turns":9},{"damage":0,"enemies":"3 Darklings","floor":35,"turns":5},{"damage":4,"enemies":"2 Orb Walkers","floor":39,"turns":5},{"damage":1,"enemies":"Giant Head","floor":40,"turns":6},{"damage":0,"enemies":"Mind Bloom Boss Battle","floor":41,"turns":8},{"damage":5,"enemies":"Nemesis","floor":42,"turns":5},{"damage":0,"enemies":"Reptomancer","floor":45,"turns":4},{"damage":2,"enemies":"Time Eater","floor":50,"turns":7},{"damage":8,"enemies":"Shield and Spear","floor":54,"turns":4},{"damage":24,"enemies":"The Heart","floor":55,"turns":9}],"seed_played":"3560831184088913470","potions_obtained":[{"floor":1,"key":"EssenceOfSteel"},{"floor":4,"key":"GamblersBrew"},{"floor":5,"key":"Weak Potion"},{"floor":5,"key":"Explosive Potion"},{"floor":14,"key":"AttackPotion"},{"floor":18,"key":"StancePotion"},{"floor":28,"key":"AttackPotion"},{"floor":31,"key":"DistilledChaos"},{"floor":33,"key":"AttackPotion"},{"floor":40,"key":"Ancient Potion"},{"floor":41,"key":"SkillPotion"},{"floor":45,"key":"LiquidMemories"},{"floor":54,"key":"Regen Potion"}],"is_trial":false,"path_per_floor":["M","?","?","M","?","E","R","M","T","E","$","M","R","E","R","B",null,"M","M","?","$","M","E","M","E","T","?","M","E","R","E","R","B",null,"M","?","$","?","?","E","?","E","T","?","E","?","R","$","R","B",null,"R","$","E","B",null],"character_chosen":"WATCHER","items_purchased":["Apotheosis","ThirdEye","Nirvana","Gremlin Horn","OrangePellets","Vajra","Nirvana","JustLucky","CultistPotion"],"campfire_rested":2,"item_purchase_floors":[11,21,21,37,48,48,48,48,53],"current_hp_per_floor":[71,64,64,64,64,56,56,56,56,62,62,62,62,59,59,61,79,79,79,79,79,78,57,44,41,41,41,35,31,54,22,45,45,79,79,75,75,75,71,72,75,70,70,70,72,72,75,75,75,73,75,75,75,67,66],"gold":52,"neow_bonus":"BOSS_RELIC","is_daily":false,"chose_seed":false,"campfire_upgraded":5,"win_rate":0.0,"timestamp":1611790145,"path_taken":["M","?","?","?","?","E","R","M","T","E","?","M","R","E","R","BOSS","M","M","?","$","M","E","M","E","T","?","?","E","R","E","R","BOSS","M","?","$","?","?","E","?","E","T","?","E","?","R","?","R","BOSS","R","$","E","BOSS"],"items_purchased_type":["Card","Card","Card","Relic","Relic","Relic","Card","Card","Potion"],"build_version":"2020-12-22","purchased_purges":1,"victory":true,"max_hp_per_floor":[72,72,72,72,72,72,72,72,72,79,79,79,79,79,79,79,79,79,79,79,79,79,79,79,79,79,79,79,79,79,79,79,79,79,79,75,75,75,75,75,75,75,75,75,75,75,75,75,75,75,75,75,75,75,75],"relic_stats":{"Regal Pillow":0,"Gremlin Horn":[6,6],"counters":[27,124],"Blue Candle":[4],"Eternal Feather":3,"StoneCalendar":[52],"PreservedInsect":417,"Pen Nib":[21],"Juzu Bracelet":1,"Orichalcum":[24],"Mercury Hourglass":[63],"Blood Vial":25,"OrangePellets":[0],"Dream Catcher":0,"Ornamental Fan":[352],"Shuriken":[88],"Mummified Hand":[6],"Pantograph":11,"MealTicket":0,"Prayer Wheel":1,"Black Star":8,"obtain_stats":[{"Regal Pillow":34,"Gremlin Horn":37,"Vajra":48,"StoneCalendar":42,"Juzu Bracelet":31,"Incense Burner":39,"Old Coin":41,"Blood Vial":9,"Dream Catcher":42,"HornCleat":6,"Mummified Hand":54,"Strawberry":10,"Pantograph":40,"MealTicket":25,"Prayer Wheel":34,"Runic Pyramid":0,"Potion Belt":29,"Blue Candle":25,"Oddly Smooth Stone":26,"Damaru":45,"Eternal Feather":34,"PreservedInsect":23,"Pen Nib":29,"Orichalcum":14,"Mercury Hourglass":45,"Calling Bell":34,"OrangePellets":48,"Bottled Flame":23,"Anchor":31,"Ornamental Fan":2,"Shuriken":3,"Black Star":17,"Bag of Marbles":54,"PureWater":0,"Meat on the Bone":40},{"Regal Pillow":18,"Gremlin Horn":19,"Vajra":24,"StoneCalendar":23,"Juzu Bracelet":17,"Incense Burner":20,"Old Coin":22,"Blood Vial":4,"Dream Catcher":23,"HornCleat":3,"Mummified Hand":26,"Strawberry":5,"Pantograph":21,"MealTicket":14,"Prayer Wheel":18,"Runic Pyramid":0,"Potion Belt":16,"Blue Candle":14,"Oddly Smooth Stone":14,"Damaru":24,"Eternal Feather":18,"PreservedInsect":12,"Pen Nib":16,"Orichalcum":7,"Mercury Hourglass":24,"Calling Bell":18,"OrangePellets":24,"Bottled Flame":12,"Anchor":17,"Ornamental Fan":1,"Shuriken":1,"Black Star":8,"Bag of Marbles":26,"PureWater":0,"Meat on the Bone":21},{"Regal Pillow":71,"Gremlin Horn":76,"Vajra":104,"StoneCalendar":100,"Juzu Bracelet":62,"Incense Burner":81,"Old Coin":95,"Blood Vial":11,"Dream Catcher":100,"HornCleat":9,"Mummified Hand":115,"Strawberry":14,"Pantograph":87,"MealTicket":48,"Prayer Wheel":71,"Runic Pyramid":0,"Potion Belt":57,"Blue Candle":48,"Oddly Smooth Stone":48,"Damaru":104,"Eternal Feather":71,"PreservedInsect":40,"Pen Nib":57,"Orichalcum":21,"Mercury Hourglass":104,"Calling Bell":71,"OrangePellets":104,"Bottled Flame":40,"Anchor":62,"Ornamental Fan":3,"Shuriken":3,"Black Star":25,"Bag of Marbles":115,"PureWater":0,"Meat on the Bone":87}],"Meat on the Bone":0},"card_choices":[{"not_picked":["WreathOfFlame","PathToVictory"],"picked":"FollowUp","floor":1},{"not_picked":["Indignation","Consecrate"],"picked":"JustLucky","floor":4},{"not_picked":["EmptyBody","FlyingSleeves"],"picked":"Weave","floor":6},{"not_picked":["Meditate","EmptyBody"],"picked":"CutThroughFate","floor":8},{"not_picked":["Evaluate","Crescendo"],"picked":"BattleHymn","floor":10},{"not_picked":["Protect","Omniscience"],"picked":"EmptyBody","floor":12},{"not_picked":["Prostrate","Fasting2"],"picked":"JustLucky","floor":14},{"not_picked":["Blasphemy","Judgement"],"picked":"Establishment","floor":16},{"not_picked":["Vengeance","SashWhip"],"picked":"FlyingSleeves","floor":18},{"not_picked":["Collect+1","CrushJoints"],"picked":"InnerPeace+1","floor":19},{"not_picked":["FollowUp+1","WindmillStrike"],"picked":"Protect","floor":22},{"not_picked":["LessonLearned","Crescendo+1"],"picked":"Adaptation+1","floor":23},{"not_picked":["Evaluate","SashWhip"],"picked":"JustLucky+1","floor":24},{"not_picked":["Fasting2+1","SashWhip+1"],"picked":"LikeWater","floor":25},{"not_picked":["Evaluate","PathToVictory"],"picked":"ThirdEye","floor":28},{"not_picked":["LessonLearned","PathToVictory","ForeignInfluence"],"picked":"SKIP","floor":29},{"not_picked":["MasterReality","Evaluate"],"picked":"Halt","floor":31},{"not_picked":["DevaForm","Vault"],"picked":"Blasphemy","floor":33},{"not_picked":["Evaluate+1","WreathOfFlame"],"picked":"CutThroughFate+1","floor":35},{"not_picked":["ClearTheMind+1","Halt+1","Tantrum+1"],"picked":"SKIP","floor":35},{"not_picked":["SashWhip","Crescendo"],"picked":"CutThroughFate+1","floor":39},{"not_picked":["Study+1","FlyingSleeves+1"],"picked":"Sanctity+1","floor":40},{"not_picked":["BowlingBash","WindmillStrike+1"],"picked":"FlurryOfBlows","floor":41},{"not_picked":["FollowUp","Pray+1","Vengeance"],"picked":"SKIP","floor":42},{"not_picked":["FollowUp+1","CutThroughFate+1"],"picked":"TalkToTheHand","floor":45},{"not_picked":["SignatureMove+1","CrushJoints"],"picked":"Protect+1","floor":54}],"player_experience":355267,"relics_obtained":[{"floor":6,"key":"HornCleat"},{"floor":9,"key":"Blood Vial"},{"floor":10,"key":"Strawberry"},{"floor":14,"key":"Orichalcum"},{"floor":23,"key":"PreservedInsect"},{"floor":23,"key":"Bottled Flame"},{"floor":25,"key":"MealTicket"},{"floor":25,"key":"Blue Candle"},{"floor":26,"key":"Oddly Smooth Stone"},{"floor":29,"key":"Pen Nib"},{"floor":29,"key":"Potion Belt"},{"floor":31,"key":"Anchor"},{"floor":31,"key":"Juzu Bracelet"},{"floor":34,"key":"Regal Pillow"},{"floor":34,"key":"Eternal Feather"},{"floor":34,"key":"Prayer Wheel"},{"floor":39,"key":"Incense Burner"},{"floor":40,"key":"Meat on the Bone"},{"floor":40,"key":"Pantograph"},{"floor":41,"key":"Old Coin"},{"floor":42,"key":"StoneCalendar"},{"floor":42,"key":"Dream Catcher"},{"floor":45,"key":"Damaru"},{"floor":45,"key":"Mercury Hourglass"},{"floor":54,"key":"Mummified Hand"},{"floor":54,"key":"Bag of Marbles"}],"event_choices":[{"damage_healed":0,"gold_gain":0,"player_choice":"Success","damage_taken":7,"relics_obtained":["Ornamental Fan"],"max_hp_gain":0,"max_hp_loss":0,"event_name":"Scrap Ooze","floor":2,"gold_loss":0},{"damage_healed":0,"gold_gain":0,"player_choice":"Gave Potion","damage_taken":0,"relics_obtained":["Shuriken"],"max_hp_gain":0,"max_hp_loss":0,"event_name":"WeMeetAgain","floor":3,"gold_loss":0},{"damage_healed":0,"gold_gain":0,"player_choice":"Got Potions","damage_taken":0,"max_hp_gain":0,"max_hp_loss":0,"event_name":"Lab","floor":5,"gold_loss":0},{"damage_healed":0,"gold_gain":0,"player_choice":"Read","damage_taken":0,"max_hp_gain":0,"max_hp_loss":0,"event_name":"The Library","floor":20,"gold_loss":0,"cards_obtained":["Nirvana"]},{"cards_removed":["Strike_P"],"damage_healed":0,"gold_gain":0,"player_choice":"Upgrade and Remove","damage_taken":0,"max_hp_gain":0,"max_hp_loss":0,"event_name":"Designer","floor":27,"gold_loss":90,"cards_upgraded":["Strike_P"]},{"damage_healed":0,"gold_gain":0,"player_choice":"Max HP","damage_taken":0,"max_hp_gain":0,"max_hp_loss":4,"event_name":"Winding Halls","floor":36,"gold_loss":0},{"cards_removed":["Strike_P"],"damage_healed":0,"gold_gain":0,"player_choice":"Purged","damage_taken":0,"max_hp_gain":0,"max_hp_loss":0,"event_name":"Purifier","floor":38,"gold_loss":0},{"damage_healed":0,"gold_gain":0,"player_choice":"Fight","damage_taken":0,"max_hp_gain":0,"max_hp_loss":0,"event_name":"Mysterious Sphere","floor":39,"gold_loss":0},{"damage_healed":0,"gold_gain":0,"player_choice":"Fight","damage_taken":0,"max_hp_gain":0,"max_hp_loss":0,"event_name":"MindBloom","floor":41,"gold_loss":0},{"damage_healed":0,"gold_gain":0,"player_choice":"Memory 1","damage_taken":0,"max_hp_gain":0,"max_hp_loss":0,"event_name":"SensoryStone","floor":44,"gold_loss":0},{"cards_removed":["Defend_P"],"damage_healed":0,"gold_gain":0,"player_choice":"Removed Skill","damage_taken":0,"max_hp_gain":0,"max_hp_loss":0,"event_name":"Falling","floor":46,"gold_loss":0}],"is_beta":false,"boss_relics":[{"not_picked":["Ectoplasm","Pandora\u0027s Box"],"picked":"Black Star"},{"not_picked":["Velvet Choker","SacredBark"],"picked":"Calling Bell"}],"items_purged_floors":[37],"is_endless":false,"potions_floor_spawned":[1,4,14,18,28,31,33,40,41,45,54],"ascension_level":1}}