{"host":"8oc9cpwu6qpngqn2","time":1611754270,"event":{"mods":["Act Like it!","BaseMod","Colored Powertips","Gensokyo","Minty Spire (QoL Compilation)","Shop Mod","StSLib"],"gold_per_floor":[117,117,127,142,155,180,180,194,194,208,26,52,52,52,52,148,148,161,97,97,347,347,347,20,252,276,276,276,276],"floor_reached":28,"language":"ZHS","playtime":2029,"items_purged":["Strike_B"],"score":254,"play_id":"2ad9b903-c323-4c85-af98-b99f8968cd89","local_time":"20210127213110","is_ascension_mode":true,"campfire_choices":[{"floor":7,"key":"RECALL"},{"data":"Creative AI","floor":15,"key":"SMITH"},{"data":"Echo Form","floor":23,"key":"SMITH"},{"data":"Redo","floor":27,"key":"SMITH"}],"circlet_count":0,"master_deck":["Strike_B","Strike_B","Strike_B","Defend_B","Defend_B","Defend_B","Defend_B","Zap+1","Dualcast","Ball Lightning","Leap","Coolheaded","All For One","Go for the Eyes","Redo+1","Defragment","Creative AI+1","Echo Form+1","Cold Snap","Gensokyo:TarnishedGold","Hologram+1","Redo+1"],"relics":["Cracked Core","NeowsBlessing","Question Card","Medical Kit","Blue Candle","Busted Crown","Gensokyo:ConquerorOfFear","Toxic Egg 2","Darkstone Periapt","Bag of Marbles","Ancient Tea Set"],"acts_visited":["Gensokyo:Gensokyo","Gensokyo:Gensokyoer"],"potions_floor_usage":[16,16,25],"damage_taken":[{"damage":0,"enemies":"Gensokyo:3_Fairies","floor":1,"turns":1},{"damage":0,"enemies":"Gensokyo:Python","floor":3,"turns":1},{"damage":0,"enemies":"Gensokyo:2_Kodama","floor":4,"turns":1},{"damage":1,"enemies":"Gensokyo:Kitsune","floor":5,"turns":3},{"damage":44,"enemies":"Gensokyo:Cirno","floor":6,"turns":7},{"damage":7,"enemies":"Gensokyo:Python_and_Kodama","floor":8,"turns":4},{"damage":0,"enemies":"Gensokyo:5_Fairies","floor":10,"turns":4},{"damage":8,"enemies":"Gensokyo:Mamizou","floor":12,"turns":7},{"damage":21,"enemies":"Gensokyo:Yukari","floor":16,"turns":9},{"damage":25,"enemies":"Gensokyo:2_Gloops","floor":18,"turns":5},{"damage":33,"enemies":"Gensokyo:Reisen","floor":25,"turns":8},{"damage":17,"enemies":"Gensokyo:3_Dogs","floor":28,"turns":4}],"seed_played":"240710364014961700","potions_obtained":[{"floor":1,"key":"ColorlessPotion"},{"floor":5,"key":"Fire Potion"},{"floor":6,"key":"Strength Potion"}],"is_trial":false,"path_per_floor":["M","?","M","M","M","E","R","M","T","M","COS","E","?","$","R","B",null,"M","COS","?","?","?","R","$","E","T","R","M"],"character_chosen":"DEFECT","items_purchased":["Darkstone Periapt"],"campfire_rested":0,"item_purchase_floors":[24],"current_hp_per_floor":[75,75,75,75,74,30,30,23,23,23,23,15,38,38,38,17,75,50,50,50,50,50,50,50,17,17,17,0,0],"gold":276,"neow_bonus":"THREE_ENEMY_KILL","is_daily":false,"chose_seed":false,"campfire_upgraded":3,"win_rate":0.0,"timestamp":1611754270,"path_taken":["M","?","M","?","?","E","R","M","T","M","COS","E","?","$","R","BOSS","M","COS","?","?","?","R","?","E","T","R","M"],"items_purchased_type":["Relic"],"build_version":"2020-12-22","purchased_purges":1,"victory":false,"max_hp_per_floor":[75,75,75,75,75,75,75,75,75,75,75,75,75,75,75,75,75,75,75,75,71,66,66,66,66,66,66,66,66],"card_choices":[{"not_picked":["Rebound","Hologram"],"picked":"Ball Lightning","floor":1},{"not_picked":["Static Discharge","Steam Power"],"picked":"Leap","floor":3},{"not_picked":["Chaos","Tempest"],"picked":"Coolheaded","floor":4},{"not_picked":["Redo","Cold Snap"],"picked":"All For One","floor":5},{"not_picked":["Conserve Battery","Leap"],"picked":"Go for the Eyes","floor":6},{"not_picked":["Conserve Battery","Blizzard","Force Field"],"picked":"Redo","floor":8},{"not_picked":["Beam Cell","Coolheaded","Heatsinks"],"picked":"Defragment","floor":10},{"not_picked":["Skim","Beam Cell","Go for the Eyes"],"picked":"Creative AI","floor":12},{"not_picked":["Thunder Strike","Machine Learning","Buffer"],"picked":"Echo Form","floor":16},{"not_picked":["Barrage"],"picked":"Cold Snap","floor":18},{"not_picked":["Leap+1"],"picked":"Hologram+1","floor":25},{"not_picked":["FTL"],"picked":"Redo+1","floor":25}],"player_experience":63056,"relics_obtained":[{"floor":6,"key":"Question Card"},{"floor":12,"key":"Blue Candle"},{"floor":25,"key":"Gensokyo:ConquerorOfFear"},{"floor":25,"key":"Bag of Marbles"},{"floor":26,"key":"Ancient Tea Set"}],"event_choices":[],"is_beta":false,"boss_relics":[{"not_picked":["Astrolabe","SlaversCollar"],"picked":"Busted Crown"}],"items_purged_floors":[24],"is_endless":false,"potions_floor_spawned":[1,5,6],"killed_by":"Gensokyo:3_Dogs","ascension_level":1}}