{"host":"rzjc4nrqz5d54r3r","time":1611749316,"event":{"mods":["BaseMod","Colored Map","Keyboard Shortcuts","Minty Spire (QoL Compilation)","Quick Restart","StSLib","SuperFastMode","everything is the same but u backflip on backflip"],"gold_per_floor":[127,150,112,137,162,174,210,238,250,293,84,99,124,138,138,233,233,247,247,247,247,257,257,291,148,148,165,165,184,216,232,232,330,330,344,363,363,37,54,54,102,130,130,5,31,31,65,79,79,79,79,79,79,112,112,112],"floor_reached":55,"language":"KOR","playtime":2004,"items_purged":["Strike_B","Strike_B","Defend_B"],"score":918,"play_id":"404ec116-7246-4f2f-bd2f-7030e9104299","local_time":"20210127210836","is_ascension_mode":true,"campfire_choices":[{"data":"Dualcast","floor":6.0,"key":"SMITH"},{"data":"Defragment","floor":15.0,"key":"SMITH"},{"data":"Double Energy","floor":23.0,"key":"SMITH"},{"floor":32.0,"key":"REST"},{"data":"Consume","floor":40.0,"key":"SMITH"},{"floor":49.0,"key":"RECALL"},{"data":"Creative AI","floor":52.0,"key":"SMITH"}],"circlet_count":0,"master_deck":["Defend_B","Defend_B","Zap+1","Dualcast+1","Sweeping Beam","Go for the Eyes","Compile Driver","Cold Snap","Double Energy+1","Beam Cell","Echo Form","Biased Cognition","Coolheaded","Conserve Battery","Defragment+1","Echo Form","Force Field","Capacitor","White Noise+1","Creative AI+1","Glacier","Consume+1","Hologram+1","Master of Strategy","Loop+1","Echo Form"],"relics":["Cracked Core","MawBank","Odd Mushroom","Pear","Orrery","Mummified Hand","Inserter","Red Mask","Peace Pipe","Ornamental Fan","War Paint","Sozu","Lee\u0027s Waffle","Prayer Wheel","Eternal Feather","Blood Vial","Toy Ornithopter","Girya","Calipers"],"acts_visited":["Exordium","TheCity","TheBeyond","TheEnding"],"potions_floor_usage":[55],"damage_taken":[{"damage":0.0,"enemies":"2 Louse","floor":1.0,"turns":1.0},{"damage":2.0,"enemies":"Jaw Worm","floor":2.0,"turns":3.0},{"damage":1.0,"enemies":"Cultist","floor":4.0,"turns":3.0},{"damage":8.0,"enemies":"Blue Slaver","floor":5.0,"turns":3.0},{"damage":13.0,"enemies":"The Mushroom Lair","floor":7.0,"turns":3.0},{"damage":11.0,"enemies":"Large Slime","floor":8.0,"turns":4.0},{"damage":19.0,"enemies":"3 Sentries","floor":10.0,"turns":5.0},{"damage":7.0,"enemies":"3 Louse","floor":12.0,"turns":2.0},{"damage":20.0,"enemies":"Gremlin Nob","floor":13.0,"turns":4.0},{"damage":2.0,"enemies":"2 Fungi Beasts","floor":14.0,"turns":5.0},{"damage":0.0,"enemies":"Hexaghost","floor":16.0,"turns":8.0},{"damage":0.0,"enemies":"Chosen","floor":18.0,"turns":6.0},{"damage":5.0,"enemies":"Shell Parasite","floor":22.0,"turns":4.0},{"damage":17.0,"enemies":"Masked Bandits","floor":24.0,"turns":6.0},{"damage":6.0,"enemies":"Cultist and Chosen","floor":27.0,"turns":6.0},{"damage":7.0,"enemies":"Snake Plant","floor":29.0,"turns":5.0},{"damage":11.0,"enemies":"Book of Stabbing","floor":30.0,"turns":5.0},{"damage":18.0,"enemies":"Centurion and Healer","floor":31.0,"turns":5.0},{"damage":10.0,"enemies":"Champ","floor":33.0,"turns":11.0},{"damage":7.0,"enemies":"Orb Walker","floor":35.0,"turns":4.0},{"damage":24.0,"enemies":"3 Darklings","floor":36.0,"turns":6.0},{"damage":0.0,"enemies":"Maw","floor":39.0,"turns":5.0},{"damage":22.0,"enemies":"2 Orb Walkers","floor":41.0,"turns":4.0},{"damage":10.0,"enemies":"Reptomancer","floor":42.0,"turns":9.0},{"damage":8.0,"enemies":"Giant Head","floor":45.0,"turns":7.0},{"damage":0.0,"enemies":"Reptomancer","floor":47.0,"turns":6.0},{"damage":3.0,"enemies":"Sphere and 2 Shapes","floor":48.0,"turns":6.0},{"damage":6.0,"enemies":"Time Eater","floor":50.0,"turns":11.0},{"damage":60.0,"enemies":"Shield and Spear","floor":54.0,"turns":7.0},{"damage":45,"enemies":"The Heart","floor":55,"turns":2}],"seed_played":"2933504147256047132","potions_obtained":[{"floor":4.0,"key":"Regen Potion"},{"floor":7.0,"key":"ColorlessPotion"},{"floor":10.0,"key":"SneckoOil"},{"floor":12.0,"key":"PowerPotion"},{"floor":13.0,"key":"Dexterity Potion"},{"floor":14.0,"key":"PowerPotion"},{"floor":22.0,"key":"GamblersBrew"},{"floor":24.0,"key":"SteroidPotion"},{"floor":30.0,"key":"FocusPotion"},{"floor":31.0,"key":"ColorlessPotion"}],"is_trial":false,"path_per_floor":["M","M","?","M","M","R","?","M","T","E","$","M","E","M","R","B",null,"M","?","?","?","M","R","?","$","T","M","T","M","E","M","R","B",null,"M","M","?","$","M","R","?","E","T","$","E","?","E","M","R","B",null,"R","$","E","B"],"character_chosen":"DEFECT","items_purchased":["Echo Form","Orrery","Capacitor","Consume","Lee\u0027s Waffle"],"campfire_rested":1,"item_purchase_floors":[11,11,25,38,38],"current_hp_per_floor":[75,73,73,72,64,64,51,40,40,31,31,24,4,16,16,16,85,85,85,85,69,64,64,47,47,47,41,41,34,23,5,32,22,90,83,59,59,97,97,97,75,65,65,65,59,59,61,60,75,71,97,97,97,37,0,0],"gold":112,"neow_bonus":"RANDOM_COMMON_RELIC","is_daily":false,"chose_seed":false,"campfire_upgraded":5,"win_rate":0.0,"timestamp":1611749316,"path_taken":["M","M","?","M","M","R","?","M","T","E","?","M","E","M","R","BOSS","M","?","?","?","M","R","?","$","T","M","?","M","E","M","R","BOSS","M","M","?","$","M","R","?","E","T","?","E","?","E","M","R","BOSS","R","$","E","BOSS"],"items_purchased_type":["Card","Relic","Card","Card","Relic"],"build_version":"2020-12-22","purchased_purges":3,"victory":false,"max_hp_per_floor":[75,75,75,75,75,75,75,75,75,85,85,85,85,85,85,85,85,85,85,85,90,90,90,90,90,90,90,90,90,90,90,90,90,90,90,90,90,97,97,97,97,97,97,97,97,97,97,97,97,97,97,97,97,97,97,97],"card_choices":[{"not_picked":["Leap","Rebound"],"picked":"Sweeping Beam","floor":1.0},{"not_picked":["Sweeping Beam","Hologram"],"picked":"Go for the Eyes","floor":2.0},{"not_picked":["Steam","Reprogram"],"picked":"Compile Driver","floor":4.0},{"not_picked":["Auto Shields","Barrage"],"picked":"Cold Snap","floor":5.0},{"not_picked":["Rip and Tear","Cold Snap"],"picked":"Double Energy","floor":7.0},{"not_picked":["Consume","Streamline"],"picked":"Beam Cell","floor":8.0},{"not_picked":["Beam Cell","Loop","Steam"],"picked":"SKIP","floor":10.0},{"not_picked":["Coolheaded","Lockon"],"picked":"Biased Cognition","floor":11.0},{"not_picked":["Hologram","Streamline"],"picked":"Coolheaded","floor":11.0},{"not_picked":["Aggregate","Sunder"],"picked":"Conserve Battery","floor":11.0},{"not_picked":["Conserve Battery","Stack","Streamline"],"picked":"SKIP","floor":12.0},{"not_picked":["Sweeping Beam","Steam"],"picked":"Defragment","floor":13.0},{"not_picked":["Coolheaded","Stack","Leap"],"picked":"SKIP","floor":14.0},{"not_picked":["Thunder Strike","Biased Cognition"],"picked":"Echo Form","floor":16.0},{"not_picked":["Hologram","Scrape","Sweeping Beam"],"picked":"SKIP","floor":18.0},{"not_picked":["Leap","Barrage"],"picked":"Force Field","floor":22.0},{"not_picked":["Stack","Biased Cognition","Redo+1"],"picked":"SKIP","floor":27.0},{"not_picked":["Blizzard","Sweeping Beam+1"],"picked":"White Noise","floor":29.0},{"not_picked":["Leap+1","Aggregate+1","Darkness"],"picked":"SKIP","floor":30.0},{"not_picked":["Skim","Heatsinks","Rip and Tear"],"picked":"SKIP","floor":31.0},{"not_picked":["Electrodynamics","Meteor Strike"],"picked":"Creative AI","floor":33.0},{"not_picked":["BootSequence","Streamline","Doom and Gloom"],"picked":"SKIP","floor":35.0},{"not_picked":["Undo","Melter+1"],"picked":"Glacier","floor":36.0},{"not_picked":["Consume+1","Streamline","Redo"],"picked":"SKIP","floor":39.0},{"not_picked":["Go for the Eyes+1","Turbo"],"picked":"Hologram+1","floor":41.0},{"not_picked":["Stack","Biased Cognition","Self Repair"],"picked":"SKIP","floor":42.0},{"not_picked":["Reprogram","Beam Cell","Go for the Eyes"],"picked":"SKIP","floor":45.0},{"not_picked":["Purity","Good Instincts"],"picked":"Master of Strategy","floor":46.0},{"not_picked":["Biased Cognition","Auto Shields+1"],"picked":"Loop+1","floor":47.0},{"not_picked":["Steam","Heatsinks+1"],"picked":"Echo Form","floor":48.0},{"not_picked":["Compile Driver","Go for the Eyes+1","Rebound"],"picked":"SKIP","floor":48.0},{"not_picked":["Hologram+1","Chill","Reinforced Body+1"],"picked":"SKIP","floor":54.0}],"player_experience":20722,"relics_obtained":[{"floor":7.0,"key":"Odd Mushroom"},{"floor":10.0,"key":"Pear"},{"floor":13.0,"key":"Mummified Hand"},{"floor":24.0,"key":"Red Mask"},{"floor":26.0,"key":"Peace Pipe"},{"floor":28.0,"key":"Ornamental Fan"},{"floor":30.0,"key":"War Paint"},{"floor":41.0,"key":"Prayer Wheel"},{"floor":42.0,"key":"Eternal Feather"},{"floor":43.0,"key":"Blood Vial"},{"floor":45.0,"key":"Toy Ornithopter"},{"floor":47.0,"key":"Girya"},{"floor":54.0,"key":"Calipers"}],"event_choices":[{"cards_removed":["Strike_B"],"damage_healed":0.0,"max_hp_gain":0.0,"max_hp_loss":0.0,"gold_gain":0.0,"event_name":"The Cleric","player_choice":"Card Removal","floor":3.0,"gold_loss":50.0,"damage_taken":0.0},{"damage_healed":0.0,"max_hp_gain":0.0,"max_hp_loss":0.0,"gold_gain":0.0,"event_name":"Mushrooms","player_choice":"Fought Mushrooms","floor":7.0,"gold_loss":0.0,"damage_taken":0.0},{"cards_removed":["Strike_B"],"damage_healed":0.0,"max_hp_gain":0.0,"max_hp_loss":0.0,"gold_gain":0.0,"event_name":"Back to Basics","player_choice":"Elegance","floor":19.0,"gold_loss":0.0,"damage_taken":0.0},{"damage_healed":0.0,"max_hp_gain":0.0,"max_hp_loss":0.0,"gold_gain":0.0,"event_name":"Ghosts","player_choice":"Ignored","floor":20.0,"gold_loss":0.0,"damage_taken":0.0},{"damage_healed":0.0,"max_hp_gain":5.0,"max_hp_loss":0.0,"gold_gain":0.0,"event_name":"Forgotten Altar","player_choice":"Shed Blood","floor":21.0,"gold_loss":0.0,"damage_taken":21.0},{"damage_healed":0.0,"max_hp_gain":0.0,"max_hp_loss":0.0,"gold_gain":0.0,"event_name":"Masked Bandits","player_choice":"Fought Bandits","floor":24.0,"gold_loss":0.0,"damage_taken":0.0},{"cards_removed":["Defend_B"],"damage_healed":0.0,"max_hp_gain":0.0,"max_hp_loss":0.0,"gold_gain":0.0,"event_name":"Falling","player_choice":"Removed Skill","floor":37.0,"gold_loss":0.0,"damage_taken":0.0},{"damage_healed":0.0,"max_hp_gain":0.0,"max_hp_loss":0.0,"gold_gain":0.0,"event_name":"Mysterious Sphere","player_choice":"Fight","floor":41.0,"gold_loss":0.0,"damage_taken":0.0},{"damage_healed":0.0,"max_hp_gain":0.0,"max_hp_loss":0.0,"gold_gain":0.0,"event_name":"SensoryStone","player_choice":"Memory 1","floor":46.0,"gold_loss":0.0,"damage_taken":0.0}],"is_beta":false,"boss_relics":[{"not_picked":["Astrolabe","FrozenCore"],"picked":"Inserter"},{"not_picked":["Calling Bell","Snecko Eye"],"picked":"Sozu"}],"items_purged_floors":[25,38,44],"is_endless":false,"potions_floor_spawned":[4,7,10,12,13,14,22,24,30,31,36,42,47],"killed_by":"The Heart","ascension_level":2}}