{"host":"8ef2eyqaps3igadt","time":1611765087,"event":{"mods":["AchievementEnabler","Act Like it!","Aspiration","BaseMod","Better Altar","Better Match","Better Skull","Better Third Choice","Better Vampires","BetterRewards","Conspire","Curses Come First","Defuse TimeMaze Blight","Disable Question Mark Monsters","Displayed Cursed Tome","Energized Spire","Fox Events","GifTheSpireLib","Hallownest","Highlight Path","Hubris","Infinite Spire","Marked Mod","Mimic Mod","Minty Spire (QoL Compilation)","Quick Restart","Replay The Spire","Shop Mod","Spicy Shops","Spikes Relics","StS++","StSLib","Stuff the Spire","SuperFastMode","The Marked","Trackpad","Unceasing Turn Reminder","Virulent Crown","Wandering Minibosses"],"gold_per_floor":[112,112,112,187,187,225,273,273,319,319,332,366,389,389,389,514,514,534,534,555,480,505,505,545,545,545,545,583,583,583,583],"floor_reached":30,"language":"ENG","playtime":549,"items_purged":[],"score":305,"play_id":"3f6d52df-243c-4d60-9590-d65cdbb6827c","local_time":"20210127173127","is_ascension_mode":true,"campfire_choices":[{"data":"ReplayTheSpireMod:Muscle Training","floor":10,"key":"SMITH"},{"floor":15,"key":"REST"},{"floor":23,"key":"REST"},{"floor":29,"key":"REST"}],"circlet_count":0,"master_deck":["Strike_R","Strike_R","Strike_R","Strike_R","Defend_R","Defend_R","Defend_R","Defend_R","Bash","ReplayTheSpireMod:Muscle Training+1","Blood for Blood","ReplayTheSpireMod:Limb From Limb","infinitespire:FinalStrike","Cleave","Clash","Bludgeon","Twin Strike+1","Juggernaut","Uppercut","Rupture"],"relics":["Burning Blood","NeowsBlessing","RoseTintedShades","Golden Idol","StuffTheSpire:Rhapsscallions","ReplayTheSpireMod:Lightbulb","conspire:TopHat","trackpad:CultistFigurine","Vajra","Self Forming Clay"],"acts_visited":["Exordium","TheCity"],"potions_floor_usage":[16,16,24,28,30],"damage_taken":[{"damage":0,"enemies":"Small Slimes","floor":1,"turns":1},{"damage":0,"enemies":"Lagavulin","floor":6,"turns":1},{"damage":0,"enemies":"Jaw Worm","floor":7,"turns":2},{"damage":5,"enemies":"Jaw Worm","floor":9,"turns":6},{"damage":7,"enemies":"Jaw Worm","floor":11,"turns":2},{"damage":31,"enemies":"Gremlin Nob","floor":12,"turns":4},{"damage":0,"enemies":"2 Louse","floor":13,"turns":2},{"damage":50,"enemies":"Hexaghost","floor":16,"turns":5},{"damage":34,"enemies":"Shell Parasite","floor":18,"turns":4},{"damage":44,"enemies":"2 Thieves","floor":20,"turns":6},{"damage":10,"enemies":"Sentry and Sphere","floor":22,"turns":4},{"damage":50,"enemies":"Nightmare","floor":24,"turns":8},{"damage":19,"enemies":"Snake Plant","floor":28,"turns":10},{"damage":61,"enemies":"Book of Stabbing","floor":30,"turns":5}],"seed_played":"4076080691723979329","potions_obtained":[{"floor":1,"key":"Regen Potion"},{"floor":12,"key":"AttackPotion"},{"floor":13,"key":"AttackPotion"},{"floor":16,"key":"PowerPotion"},{"floor":20,"key":"ColorlessPotion"}],"is_trial":false,"path_per_floor":["M","?","$","?","?","E","MIM","?","MIM","R","M","E","M","?","R","B",null,"M","?","M","?","M","R","NM","PTL","PTL","?","MIM","R","E"],"character_chosen":"IRONCLAD","items_purchased":[],"campfire_rested":3,"item_purchase_floors":[],"current_hp_per_floor":[80,80,80,69,49,61,67,47,48,48,47,22,28,31,57,13,89,61,61,23,23,19,45,10,10,10,10,34,56,0,0],"gold":583,"neow_bonus":"THREE_ENEMY_KILL","is_daily":false,"chose_seed":false,"campfire_upgraded":1,"win_rate":0.0,"timestamp":1611765087,"path_taken":["M","?","$","?","?","E","?","?","MIM","R","M","E","M","?","R","BOSS","M","?","M","?","M","R","NM","PTL","PTL","?","MIM","R","E"],"items_purchased_type":[],"build_version":"2020-12-22","purchased_purges":0,"victory":false,"max_hp_per_floor":[80,80,80,80,80,86,86,86,86,86,86,86,86,89,89,89,89,89,89,89,89,89,89,89,89,89,75,75,75,75,75],"card_choices":[{"not_picked":["Defy Death","hubris:SharpeningStone"],"picked":"ReplayTheSpireMod:Muscle Training","floor":1},{"not_picked":["Hemokinesis","Iron Wave"],"picked":"Blood for Blood","floor":6},{"not_picked":["hubris:ReadiedAction","Twin Strike"],"picked":"ReplayTheSpireMod:Limb From Limb","floor":7},{"not_picked":["ReplayTheSpireMod:Black Plague","infinitespire:Collect"],"picked":"infinitespire:FinalStrike","floor":8},{"not_picked":["Evolve","StSpp:Betrayal"],"picked":"Cleave","floor":9},{"not_picked":["StSpp:Sprint","ReplayTheSpireMod:Limb From Limb","hubris:ReadiedAction"],"picked":"SKIP","floor":11},{"not_picked":["Wild Strike","Armaments"],"picked":"Clash","floor":12},{"not_picked":["StSpp:TheBiggerTheyAre","Anger","Whirlwind"],"picked":"SKIP","floor":13},{"not_picked":["StuffTheSpire:TitanForm","Hemogenesis"],"picked":"Bludgeon","floor":16},{"not_picked":["Pommel Strike","StuffTheSpire:Slingshot","ReplayTheSpireMod:Strike From Hell"],"picked":"SKIP","floor":18},{"not_picked":["Warcry","Sword Boomerang"],"picked":"Twin Strike+1","floor":20},{"not_picked":["Sword Boomerang","StuffTheSpire:Incineration"],"picked":"Juggernaut","floor":22},{"not_picked":["Clothesline","ReplayTheSpireMod:Strike From Hell+1"],"picked":"Uppercut","floor":24},{"not_picked":["ReplayTheSpireMod:Strike From Hell","infinitespire:OneForAll"],"picked":"Rupture","floor":28}],"player_experience":4885,"relics_obtained":[{"floor":2,"key":"RoseTintedShades"},{"floor":6,"key":"StuffTheSpire:Rhapsscallions"},{"floor":7,"key":"ReplayTheSpireMod:Lightbulb"},{"floor":9,"key":"conspire:TopHat"},{"floor":12,"key":"trackpad:CultistFigurine"},{"floor":24,"key":"Vajra"},{"floor":28,"key":"Self Forming Clay"}],"event_choices":[{"damage_healed":0,"gold_gain":75,"player_choice":"Gold","damage_taken":11,"max_hp_gain":0,"max_hp_loss":0,"event_name":"betterThird:BetterGoop","floor":4,"gold_loss":0},{"damage_healed":0,"gold_gain":0,"player_choice":"Take Damage","damage_taken":20,"relics_obtained":["Golden Idol"],"max_hp_gain":0,"max_hp_loss":0,"event_name":"Golden Idol","floor":5,"gold_loss":0},{"damage_healed":0,"gold_gain":0,"player_choice":"3","damage_taken":0,"max_hp_gain":0,"max_hp_loss":0,"event_name":"betterMatch:BetterMatch","floor":21,"gold_loss":0,"cards_obtained":[]}],"is_beta":false,"boss_relics":[{"not_picked":["aspiration:RitualDagger","Calling Bell","hubris:GrandSneckoEye"]}],"items_purged_floors":[],"is_endless":false,"potions_floor_spawned":[1,6,12,13,16,20],"killed_by":"Book of Stabbing","ascension_level":2}}