{"host":"kydqlojjt9mno5rv","time":1611765683,"event":{"mods":["AchievementEnabler","BaseMod","Colored Powertips","DeckTracker","Minty Spire (QoL Compilation)","Spicy Shops","StSLib","SuperFastMode","Synergy Search","Weighted Paths"],"gold_per_floor":[114,189,189,200,300,300,4,4,4,4,19,52,52,63,63,166,166,148,31,31,44,143,143,170,15,42,42,4,29,104,120,120,120,120],"floor_reached":33,"language":"ENG","playtime":1023,"items_purged":["Regret"],"score":293,"play_id":"27b925a7-8e96-474b-84e9-5752c6c9e4b8","local_time":"20210127114123","is_ascension_mode":true,"campfire_choices":[{"floor":6,"key":"REST"},{"floor":8,"key":"RECALL"},{"data":"Poisoned Stab","floor":10,"key":"SMITH"},{"floor":15,"key":"REST"},{"data":"Wraith Form v2","floor":23,"key":"SMITH"},{"floor":27,"key":"REST"},{"floor":32,"key":"REST"}],"circlet_count":0,"master_deck":["Strike_G","Strike_G","Strike_G","Strike_G","Strike_G","Defend_G","Defend_G","Defend_G","Defend_G","Defend_G","Survivor","Neutralize","Poisoned Stab+1","Poisoned Stab","Bullet Time","Leg Sweep+1","Prepared","Wraith Form v2+1","Bane","Bane"],"relics":["Ring of the Snake","CaptainsWheel","Potion Belt","Membership Card","Lantern","Prayer Wheel","Vajra","Tough Bandages","Philosopher\u0027s Stone","Bag of Marbles","TwistedFunnel","MutagenicStrength","Eternal Feather","Snake Skull","Regal Pillow","Blood Vial","Turnip"],"acts_visited":["Exordium","TheCity"],"potions_floor_usage":[4,16,16,16,33,33,33,33,33,33,33],"damage_taken":[{"damage":3,"enemies":"2 Louse","floor":1,"turns":2},{"damage":0,"enemies":"Small Slimes","floor":4,"turns":2},{"damage":3,"enemies":"Jaw Worm","floor":11,"turns":3},{"damage":13,"enemies":"Gremlin Nob","floor":12,"turns":4},{"damage":11,"enemies":"Lots of Slimes","floor":14,"turns":5},{"damage":36,"enemies":"Slime Boss","floor":16,"turns":15},{"damage":14,"enemies":"2 Thieves","floor":18,"turns":4},{"damage":4,"enemies":"Spheric Guardian","floor":21,"turns":5},{"damage":40,"enemies":"Slavers","floor":24,"turns":8},{"damage":1,"enemies":"Book of Stabbing","floor":29,"turns":5},{"damage":2,"enemies":"Shelled Parasite and Fungi","floor":31,"turns":3},{"damage":116,"enemies":"Collector","floor":33,"turns":7}],"seed_played":"-5497514389060477532","potions_obtained":[{"floor":1,"key":"Explosive Potion"},{"floor":11,"key":"BlessingOfTheForge"},{"floor":12,"key":"DistilledChaos"},{"floor":13,"key":"FearPotion"},{"floor":13,"key":"CunningPotion"},{"floor":13,"key":"SmokeBomb"},{"floor":16,"key":"FearPotion"},{"floor":24,"key":"ColorlessPotion"},{"floor":29,"key":"EntropicBrew"}],"is_trial":false,"path_per_floor":["M","?","?","M","?","R","$","R","T","R","M","E","?","M","R","B",null,"M","$","?","M","?","R","E","$","T","R","$","E","?","M","R","B"],"character_chosen":"THE_SILENT","items_purchased":["Membership Card","Lantern","Prayer Wheel","Bag of Marbles","TwistedFunnel","Snake Skull","Regal Pillow"],"campfire_rested":4,"item_purchase_floors":[7,7,7,19,19,25,25],"current_hp_per_floor":[46,35,32,32,32,53,53,53,53,53,50,37,37,26,47,11,70,56,56,56,52,52,52,12,12,12,60,60,61,54,54,70,0,0],"gold":120,"neow_bonus":"ONE_RARE_RELIC","is_daily":false,"chose_seed":false,"campfire_upgraded":2,"win_rate":0.0,"timestamp":1611765683,"path_taken":["M","?","?","M","?","R","$","R","T","R","?","E","?","M","R","BOSS","M","?","?","M","?","R","E","$","T","R","?","E","?","M","R","BOSS"],"items_purchased_type":["Relic","Relic","Relic","Relic","Relic","Relic","Relic"],"build_version":"2020-12-22","purchased_purges":1,"victory":false,"max_hp_per_floor":[70,70,70,70,70,70,70,70,70,70,70,70,70,70,70,70,70,70,70,70,70,70,70,70,70,70,70,70,70,70,70,70,70,70],"card_choices":[{"not_picked":["Backstab","Underhanded Strike"],"picked":"Poisoned Stab","floor":1},{"not_picked":["Escape Plan","Cloak And Dagger","All Out Attack"],"picked":"SKIP","floor":4},{"not_picked":["PiercingWail","Blade Dance","Underhanded Strike"],"picked":"SKIP","floor":11},{"not_picked":["Cloak And Dagger","PiercingWail","Flechettes"],"picked":"SKIP","floor":11},{"not_picked":["Sucker Punch","Blade Dance","Dagger Throw"],"picked":"SKIP","floor":12},{"not_picked":["Die Die Die","Underhanded Strike"],"picked":"Poisoned Stab","floor":14},{"not_picked":["Quick Slash","PiercingWail","Concentrate"],"picked":"SKIP","floor":14},{"not_picked":["Phantasmal Killer","Die Die Die"],"picked":"Bullet Time","floor":16},{"not_picked":["Slice","Backflip"],"picked":"Leg Sweep+1","floor":18},{"not_picked":["Dodge and Roll","Infinite Blades"],"picked":"Prepared","floor":18},{"not_picked":["Dagger Spray","Quick Slash"],"picked":"Wraith Form v2","floor":21},{"not_picked":["Slice+1","Quick Slash","Cloak And Dagger"],"picked":"SKIP","floor":21},{"not_picked":["Concentrate+1","Terror+1"],"picked":"Bane","floor":24},{"not_picked":["Dagger Spray+1","Leg Sweep","Underhanded Strike"],"picked":"SKIP","floor":29},{"not_picked":["Setup+1","PiercingWail"],"picked":"Bane","floor":31},{"not_picked":["Deflect","Riddle With Holes","Cloak And Dagger"],"picked":"SKIP","floor":31}],"player_experience":135445,"relics_obtained":[{"floor":9,"key":"Vajra"},{"floor":12,"key":"Tough Bandages"},{"floor":24,"key":"Eternal Feather"},{"floor":26,"key":"Blood Vial"},{"floor":29,"key":"Turnip"}],"event_choices":[{"damage_healed":0,"gold_gain":75,"player_choice":"Gather Gold","damage_taken":11,"max_hp_gain":0,"max_hp_loss":0,"event_name":"World of Goop","floor":2,"gold_loss":0},{"damage_healed":0,"gold_gain":0,"player_choice":"Success","damage_taken":3,"relics_obtained":["Potion Belt"],"max_hp_gain":0,"max_hp_loss":0,"event_name":"Scrap Ooze","floor":3,"gold_loss":0},{"damage_healed":0,"gold_gain":100,"player_choice":"Gold","damage_taken":0,"max_hp_gain":0,"max_hp_loss":0,"event_name":"Wheel of Change","floor":5,"gold_loss":0},{"damage_healed":0,"gold_gain":0,"player_choice":"Got Potions","damage_taken":0,"max_hp_gain":0,"max_hp_loss":0,"event_name":"Lab","floor":13,"gold_loss":0},{"damage_healed":0,"gold_gain":0,"player_choice":"Inject Mutagens","damage_taken":0,"relics_obtained":["MutagenicStrength"],"max_hp_gain":0,"max_hp_loss":0,"event_name":"Drug Dealer","floor":20,"gold_loss":0},{"damage_healed":0,"gold_gain":99,"player_choice":"Stole From Cult","damage_taken":0,"max_hp_gain":0,"max_hp_loss":0,"event_name":"Nest","floor":22,"gold_loss":0},{"damage_healed":0,"gold_gain":75,"player_choice":"Touch","damage_taken":7,"max_hp_gain":0,"max_hp_loss":0,"event_name":"FaceTrader","floor":30,"gold_loss":0}],"is_beta":false,"boss_relics":[{"not_picked":["WristBlade","SacredBark"],"picked":"Philosopher\u0027s Stone"}],"items_purged_floors":[28],"is_endless":false,"potions_floor_spawned":[1,11,12,16,24,29],"killed_by":"Collector","ascension_level":1}}