{"host":"v3oldak69fx1zt0p","time":1611786581,"event":{"mods":["BaseMod","Downfall","Hermit","Minty Spire (QoL Compilation)","Quick Restart","StSLib","Waifu the Spire","noobMod"],"gold_per_floor":[99,110,125,125,143,160,186,198,198,209,209,222,222,222,242,342,342,342,360,380,380,22,22,22,22,33,33,33,66,66,51,64,162,162,162,176,259,274,299,324,384,396,421,100,112,136,148,174,200,212],"floor_reached":51,"language":"ENG","playtime":2882,"items_purged":["bronze:Strike"],"score":938,"play_id":"bd0123be-ad56-4dc2-a0f1-706da180b5c5","local_time":"20210127162941","is_ascension_mode":false,"campfire_choices":[{"data":"bronze:Goto","floor":1,"key":"SMITH"},{"floor":11,"key":"REST"},{"data":"bronze:FineTuning","floor":13,"key":"SMITH"},{"data":"bronze:SpaghettiCode","floor":18,"key":"SMITH"},{"floor":23,"key":"REST"},{"floor":30,"key":"REST"},{"data":"bronze:ClassDefault","floor":35,"key":"SMITH"},{"floor":42,"key":"REST"},{"data":"bronze:ChosenStrike","floor":45,"key":"SMITH"},{"data":"bronze:Mutator","floor":47,"key":"SMITH"}],"circlet_count":0,"master_deck":["bronze:Defend","bronze:Defend","bronze:Defend","bronze:Defend","bronze:Replicate+1","bronze:FineTuning+1","bronze:Repair","bronze:Branch","bronze:Repulsor","bronze:RecursiveStrike","bronze:FineTuning","bronze:OilSpill","bronze:CutThrough","bronze:ChosenStrike+1","bronze:SpaghettiCode+1","bronze:Turbo+1","bronze:ClassDefault+1","Pride","bronze:WhirlingStrike","bronze:Iterate","bronze:Format","bronze:Flail","bronze:BitShift","bronze:Frontload","bronze:Mutator+1","bronze:DelayedSlice+1","bronze:Iterate","bronze:HyperBeam","bronze:DelayedSlice+1","bronze:Deprecate+1","bronze:ShipIt+1","bronze:Shield","bronze:ForLoop+1","bronze:ClassDefault","bronze:DelayedSlice+1","bronze:FineTuning+1","bronze:Format","bronze:DelayedSlice+1","bronze:AlphaBuild","bronze:Optimize","Writhe","Writhe","bronze:WhirlingStrike+1","downfall:Haunted","Writhe","bronze:FineTuning","bronze:Mutator","bronze:BuggyMess"],"relics":["bronze:BronzeCore","ice","Lantern","downfall:BrokenWingStatue","Black Star","Centennial Puzzle","Membership Card","Question Card","downfall:ExtraCursedKey","bronze:BottledCode","bronze:SilverBullet","The Courier","Astrolabe","Orichalcum","Ornamental Fan","Orrery","MawBank","Whetstone"],"acts_visited":["Exordium","TheCity","TheBeyond"],"potions_floor_usage":[6,8,16,16,26,29,40,50],"damage_taken":[{"damage":5,"enemies":"2 Louse","floor":2,"turns":3},{"damage":1,"enemies":"Cultist","floor":3,"turns":3},{"damage":11,"enemies":"Jaw Worm","floor":5,"turns":6},{"damage":24,"enemies":"Gremlin Gang","floor":6,"turns":6},{"damage":6,"enemies":"Large Slime","floor":8,"turns":8},{"damage":10,"enemies":"Blue Slaver","floor":10,"turns":3},{"damage":5,"enemies":"3 Louse","floor":12,"turns":3},{"damage":20,"enemies":"Exordium Wildlife","floor":15,"turns":3},{"damage":42,"enemies":"DF_ARCHETYPE_STREAMLINE","floor":16,"turns":9},{"damage":0,"enemies":"Spheric Guardian","floor":19,"turns":3},{"damage":42,"enemies":"Centurion and Healer","floor":20,"turns":5},{"damage":10,"enemies":"downfall:FleeingMerchant","floor":22,"turns":4},{"damage":7,"enemies":"Snecko","floor":26,"turns":3},{"damage":71,"enemies":"Book of Stabbing","floor":29,"turns":8},{"damage":0,"enemies":"downfall:FleeingMerchant","floor":31,"turns":4},{"damage":12,"enemies":"Shelled Parasite and Fungi","floor":32,"turns":2},{"damage":59,"enemies":"IC_MUSHROOM_ARCHETYPE","floor":33,"turns":6},{"damage":0,"enemies":"3 Darklings","floor":36,"turns":1},{"damage":0,"enemies":"downfall:FleeingMerchant","floor":37,"turns":3},{"damage":0,"enemies":"3 Shapes","floor":38,"turns":2},{"damage":0,"enemies":"Spire Growth","floor":40,"turns":2},{"damage":29,"enemies":"Transient","floor":43,"turns":5},{"damage":1,"enemies":"Maw","floor":46,"turns":5},{"damage":13,"enemies":"3 Darklings","floor":48,"turns":2},{"damage":0,"enemies":"Transient","floor":49,"turns":5},{"damage":7,"enemies":"SI_POISON_ARCHETYPE","floor":50,"turns":6}],"seed_played":"-3527314494243998752","potions_obtained":[{"floor":3,"key":"Ancient Potion"},{"floor":5,"key":"ColorlessPotion"},{"floor":12,"key":"EssenceOfSteel"},{"floor":15,"key":"bronze:CleanCodePotion"},{"floor":16,"key":"sneckomod:MuddlingPotion"},{"floor":20,"key":"SpeedPotion"},{"floor":26,"key":"SmokeBomb"},{"floor":33,"key":"DuplicationPotion"},{"floor":36,"key":"champ:CounterPotion"},{"floor":38,"key":"PowerPotion"},{"floor":48,"key":"Swift Potion"}],"is_trial":false,"path_per_floor":["R","M","M","?","M","M","T","M","?","M","R","M","R","?","M","B",null,"R","M","M","?","$","R","T","?","M","?","?","E","R","$","M","B",null,"R","M","$","M","?","M","T","R","M","?","R","M","R","M","M","B",null],"character_chosen":"THE_AUTOMATON","items_purchased":["Membership Card","bronze:Iterate","bronze:Format","bronze:Flail","bronze:BitShift","bronze:ClassDefault","Orichalcum","Ornamental Fan","Orrery"],"campfire_rested":4,"item_purchase_floors":[22,22,22,22,22,37,37,37,37],"current_hp_per_floor":[77,72,71,71,68,51,51,52,52,49,72,67,67,67,47,12,77,77,77,35,35,25,48,48,48,48,48,48,27,50,57,45,84,98,98,98,98,98,98,98,98,103,74,122,122,121,121,115,122,115],"gold":224,"neow_bonus":"TEN_PERCENT_HP_BONUS","is_daily":false,"chose_seed":false,"campfire_upgraded":6,"win_rate":0.0,"timestamp":1611786581,"path_taken":["R","M","M","?","?","M","T","?","?","?","R","M","R","?","M","BOSS","R","M","M","?","$","R","T","?","M","?","?","E","R","$","M","BOSS","R","M","$","M","?","M","T","R","M","?","R","M","R","M","M","BOSS"],"items_purchased_type":["Relic","Card","Card","Card","Card","Card","Relic","Relic","Relic"],"build_version":"2020-12-22","purchased_purges":1,"victory":true,"max_hp_per_floor":[77,77,77,77,77,77,77,77,77,77,77,77,77,77,77,77,77,77,77,77,77,77,77,77,77,77,77,67,78,78,83,86,98,98,98,98,103,103,103,103,103,103,108,122,122,124,124,126,131,135],"card_choices":[{"not_picked":["bronze:Shield","bronze:FollowUp"],"picked":"bronze:FineTuning","floor":2},{"not_picked":["bronze:Turbo","bronze:WildBeam"],"picked":"bronze:Repair","floor":3},{"not_picked":["bronze:Overheat","bronze:BitShift"],"picked":"bronze:Branch","floor":5},{"not_picked":["bronze:Optimize","bronze:OilSpill"],"picked":"bronze:Repulsor","floor":6},{"not_picked":["bronze:Turbo","bronze:BugBarrage"],"picked":"bronze:RecursiveStrike","floor":8},{"not_picked":["bronze:Safeguard","bronze:Deprecate"],"picked":"bronze:OilSpill","floor":10},{"not_picked":["bronze:BitShift","bronze:ForceShield"],"picked":"bronze:CutThrough","floor":12},{"not_picked":["bronze:Frontload","bronze:Safeguard"],"picked":"bronze:ChosenStrike","floor":15},{"not_picked":["bronze:Assembly","bronze:FindAndReplace"],"picked":"bronze:SpaghettiCode","floor":16},{"not_picked":["bronze:BugBarrage","bronze:Shield"],"picked":"bronze:Turbo+1","floor":19},{"not_picked":["bronze:MaxOutput","bronze:BitShift"],"picked":"bronze:ClassDefault","floor":20},{"not_picked":["bronze:Deprecate","bronze:Repair"],"picked":"bronze:WhirlingStrike","floor":22},{"not_picked":["bronze:DarkDash","bronze:Turbo+1","bronze:DelayedGuard"],"picked":"bronze:Frontload","floor":26},{"not_picked":["bronze:Turbo+1","bronze:Shell","bronze:Optimize"],"picked":"bronze:Mutator","floor":29},{"not_picked":["bronze:FollowUp+1","bronze:Turbo","bronze:Flail"],"picked":"bronze:DelayedSlice+1","floor":31},{"not_picked":["bronze:CutThrough+1","bronze:NullPointer+1","bronze:Invalidate"],"picked":"bronze:Iterate","floor":32},{"not_picked":["bronze:CleanCode","bronze:Virus","bronze:Mutator"],"picked":"bronze:HyperBeam","floor":33},{"not_picked":["bronze:WildBeam","bronze:BugBarrage","bronze:FineTuning+1"],"picked":"bronze:Shield","floor":36},{"not_picked":["bronze:DelayedGuard+1","bronze:DarkDash+1","bronze:DigitalCarnage+1"],"picked":"bronze:ForLoop+1","floor":37},{"not_picked":["bronze:BronzeArmor+1","bronze:Overheat","bronze:Turbo+1"],"picked":"bronze:DelayedSlice+1","floor":37},{"not_picked":["bronze:ForceShield","bronze:Flail+1","bronze:Repair"],"picked":"bronze:FineTuning+1","floor":37},{"not_picked":["bronze:Overload","bronze:BugBarrage+1","bronze:BitShift+1"],"picked":"bronze:Format","floor":37},{"not_picked":["bronze:Invalidate+1","bronze:CutThrough","bronze:Branch+1"],"picked":"bronze:DelayedSlice","floor":37},{"not_picked":["bronze:Safeguard","bronze:CutThrough+1","bronze:WhirlingStrike"],"picked":"bronze:AlphaBuild","floor":37},{"not_picked":["bronze:WhirlingStrike","bronze:Branch+1","bronze:BronzeOrb"],"picked":"bronze:Optimize","floor":38},{"not_picked":["bronze:Allocate","bronze:DelayedGuard+1","bronze:DigitalCarnage"],"picked":"bronze:WhirlingStrike+1","floor":40},{"not_picked":["bronze:DelayedSlice","bronze:CutThrough","bronze:Repair+1"],"picked":"bronze:FineTuning","floor":43},{"not_picked":["bronze:Deprecate","bronze:ChosenStrike","bronze:Optimize"],"picked":"bronze:Mutator","floor":46},{"not_picked":["bronze:BronzeArmor+1","bronze:WildBeam","bronze:Overheat+1"],"picked":"bronze:BuggyMess","floor":48},{"not_picked":["bronze:BuggyMess","bronze:Shield","bronze:DelayedGuard+1","bronze:DelayedSlice"],"picked":"SKIP","floor":49}],"player_experience":145214,"relics_obtained":[{"floor":7,"key":"Lantern"},{"floor":24,"key":"Question Card"},{"floor":29,"key":"bronze:SilverBullet"},{"floor":29,"key":"The Courier"},{"floor":39,"key":"MawBank"},{"floor":41,"key":"Whetstone"}],"event_choices":[{"cards_removed":["bronze:Goto"],"damage_healed":0,"gold_gain":0,"player_choice":"Offered Basic","damage_taken":0,"max_hp_gain":0,"max_hp_loss":0,"event_name":"Bonfire Elementals","floor":4,"gold_loss":0},{"damage_healed":0,"gold_gain":0,"player_choice":"Stole Relic","damage_taken":0,"relics_obtained":["Centennial Puzzle"],"max_hp_gain":0,"max_hp_loss":0,"event_name":"Addict","floor":21,"gold_loss":0,"cards_obtained":["Pride"]}],"is_beta":false,"boss_relics":[{"not_picked":["SacredBark","Runic Pyramid"],"picked":"Black Star"},{"not_picked":["Tiny House","Snecko Eye"],"picked":"Astrolabe"}],"items_purged_floors":[22],"is_endless":false,"potions_floor_spawned":[3,5,12,15,16,20,26,33,36,38,48],"ascension_level":0}}