{"host":"8ef2eyqaps3igadt","time":1611767463,"event":{"mods":["AchievementEnabler","Act Like it!","Aspiration","BaseMod","Better Altar","Better Match","Better Skull","Better Third Choice","Better Vampires","BetterRewards","Conspire","Curses Come First","Defuse TimeMaze Blight","Disable Question Mark Monsters","Displayed Cursed Tome","Energized Spire","Fox Events","GifTheSpireLib","Hallownest","Highlight Path","Hubris","Infinite Spire","Marked Mod","Mimic Mod","Minty Spire (QoL Compilation)","Quick Restart","Replay The Spire","Shop Mod","Spicy Shops","Spikes Relics","StS++","StSLib","Stuff the Spire","SuperFastMode","The Marked","Trackpad","Unceasing Turn Reminder","Virulent Crown","Wandering Minibosses"],"gold_per_floor":[111,145,145,164,8,41,41,73,151,170,180,196,57,92,92,92,188,188,205,205,56,56,127,162,162,192,246,246,346,356,385,402,402,500,600,614,491,506,350,350,350,350],"floor_reached":41,"language":"ENG","playtime":1542,"items_purged":[],"score":490,"play_id":"41807989-4e48-4217-980e-133fefd1709c","local_time":"20210127181103","is_ascension_mode":false,"campfire_choices":[{"data":"theMarked:EternalStudent","floor":7.0,"key":"SMITH"},{"floor":16.0,"key":"REST"},{"floor":25.0,"key":"REST"},{"floor":28.0,"key":"REST"},{"floor":33,"key":"REST"}],"circlet_count":0,"master_deck":["theMarked:Strike","theMarked:Strike","theMarked:Strike","theMarked:Strike","theMarked:Strike","theMarked:Defend","theMarked:Defend","theMarked:Defend","theMarked:Defend","theMarked:SoldierOfQuellstein","theMarked:OneWithTheBlade","theMarked:Aftermath","theMarked:EternalStudent+1","theMarked:ElectricStrings","theMarked:Pokerface","theMarked:BanishingStrike","theMarked:Static","theMarked:GodGivenPower","theMarked:WardOff","theMarked:Toughness","StuffTheSpire:Rapture","theMarked:TwofoldDefense","theMarked:MuscleMemory+1","theMarked:HeightenedSenses","theMarked:BanishingWave","theMarked:Vacuum","theMarked:KeepCalmAndFight+1"],"relics":["theMarked:ArtifactOfAir","NeowsBlessing","hubris:Towel","Blood Vial","ReplayFunnel","Quantum Egg","StSpp:Monolith","MerchantsRug","trackpad:CultistFigurine","energizedSpire:SpiderWeb","aspiration:RitualStick","hubris:TenFootPole","Garlic","Replay:Mystery Machine","theMarked:DemonDagger","Nunchaku","BlackRope","Kunai","Vajra","Replay:Wanted Poster","Black Star","Unceasing Top","Ice Cream","Juzu Bracelet"],"acts_visited":["Exordium","TheCity","TheBeyond"],"potions_floor_usage":[41],"damage_taken":[{"damage":0.0,"enemies":"Jaw Worm","floor":1.0,"turns":1.0},{"damage":0.0,"enemies":"conspire:MimicChest","floor":2.0,"turns":1.0},{"damage":0.0,"enemies":"Small Slimes","floor":4.0,"turns":1.0},{"damage":21.0,"enemies":"Lagavulin","floor":6.0,"turns":5.0},{"damage":31.0,"enemies":"Gremlin Nob","floor":8.0,"turns":4.0},{"damage":1.0,"enemies":"2 Louse","floor":10.0,"turns":2.0},{"damage":0.0,"enemies":"2 Fungi Beasts","floor":11.0,"turns":3.0},{"damage":7.0,"enemies":"Blue Slaver","floor":12.0,"turns":3.0},{"damage":11.0,"enemies":"Lagavulin","floor":14.0,"turns":7.0},{"damage":13.0,"enemies":"Hexaghost","floor":17.0,"turns":8.0},{"damage":11.0,"enemies":"3 Byrds","floor":19.0,"turns":6.0},{"damage":29.0,"enemies":"Book of Stabbing","floor":24.0,"turns":5.0},{"damage":32.0,"enemies":"Nightmare","floor":26.0,"turns":10.0},{"damage":0.0,"enemies":"Colosseum Slavers","floor":29.0,"turns":4.0},{"damage":1.0,"enemies":"Colosseum Nobs","floor":29.0,"turns":4.0},{"damage":10,"enemies":"Spheric Guardian","floor":30,"turns":4},{"damage":6,"enemies":"Slavers","floor":31,"turns":7},{"damage":10,"enemies":"Centurion and Healer","floor":32,"turns":6},{"damage":17,"enemies":"conspire:MysteriousRune","floor":34,"turns":9},{"damage":10,"enemies":"3 Shapes","floor":36,"turns":6},{"damage":11,"enemies":"3 Darklings","floor":38,"turns":5},{"damage":69,"enemies":"Nemesis","floor":41,"turns":5}],"seed_played":"6966403708414254247","potions_obtained":[{"floor":6.0,"key":"StSpp:ScatteredWeakPotion"},{"floor":8.0,"key":"Strength Potion"},{"floor":10.0,"key":"Energy Potion"},{"floor":14.0,"key":"Toxic Potion"},{"floor":34,"key":"SkillPotion"},{"floor":38,"key":"Energy Potion"}],"is_trial":false,"path_per_floor":["M","?","?","M","$","E","R","E","T","M","M","M","$","E","E","R","B",null,"M","?","$","?","T","E","R","NM","T","R","?","M","E","M","R","B",null,"M","$","M","$","?","E"],"character_chosen":"THE_DEFAULT","items_purchased":["Blood Vial","MerchantsRug","hubris:TenFootPole","Unceasing Top","Ice Cream","Juzu Bracelet"],"campfire_rested":4,"item_purchase_floors":[5,13,21,37,37,39],"current_hp_per_floor":[70,70,70,70,70,49,49,20,20,21,23,18,18,9,9,30,19,70,59,45,45,38,38,11,32,2,2,23,26,18,14,6,27,12,70,60,60,51,51,54,0,0],"gold":350,"neow_bonus":"THREE_ENEMY_KILL","is_daily":false,"chose_seed":false,"campfire_upgraded":1,"win_rate":0.0,"timestamp":1611767463,"path_taken":["M","?","?","M","$","E","R","E","T","M","M","M","$","E","E","R","BOSS","M","?","$","?","?","E","R","NM","T","R","?","?","E","M","R","BOSS","M","$","M","$","?","E"],"items_purchased_type":["Relic","Relic","Relic","Relic","Relic","Relic"],"build_version":"2020-12-22","purchased_purges":0,"victory":false,"max_hp_per_floor":[70,70,70,70,70,70,70,70,70,70,70,70,70,70,70,70,70,70,70,70,70,70,70,70,70,70,70,70,70,70,70,70,70,70,70,70,70,70,70,73,73,73],"card_choices":[{"not_picked":["theMarked:LightningStrikesTwice","theMarked:Memento"],"picked":"theMarked:OneWithTheBlade","floor":1.0},{"not_picked":["theMarked:BanishingStrike","theMarked:TakeCover"],"picked":"theMarked:Aftermath","floor":2.0},{"not_picked":["theMarked:ElectricStrings","theMarked:HeightenedSenses"],"picked":"theMarked:EternalStudent","floor":4.0},{"not_picked":["theMarked:Frustration","theMarked:TakeCover"],"picked":"theMarked:ElectricStrings","floor":6.0},{"not_picked":["theMarked:Frustration","theMarked:ThrowWeapon"],"picked":"theMarked:Pokerface","floor":8.0},{"not_picked":["theMarked:ThrowWeapon","theMarked:ElectricStrings"],"picked":"theMarked:BanishingStrike","floor":10.0},{"not_picked":["theMarked:ChainLightning","theMarked:Electrify"],"picked":"theMarked:Static","floor":11.0},{"not_picked":["theMarked:ContemptForTheProud","theMarked:Seal"],"picked":"theMarked:GodGivenPower","floor":12.0},{"not_picked":["theMarked:Memento","theMarked:HeightenedSenses"],"picked":"theMarked:WardOff","floor":14.0},{"not_picked":["theMarked:BindingBlade","theMarked:TakeOffHeels"],"picked":"theMarked:Toughness","floor":17.0},{"not_picked":["theMarked:Frustration","theMarked:Parkour","theMarked:Memento+1"],"picked":"SKIP","floor":19.0},{"not_picked":["theMarked:EmpowerWeapon","theMarked:Parry+1"],"picked":"theMarked:TwofoldDefense","floor":24.0},{"not_picked":["theMarked:Polarize+1","theMarked:HeightenedSenses+1"],"picked":"theMarked:MuscleMemory+1","floor":26.0},{"not_picked":["theMarked:GodGivenPower","theMarked:Overthink"],"picked":"theMarked:HeightenedSenses","floor":30},{"not_picked":["theMarked:Frustration+1","theMarked:ShockingTouch","theMarked:Parkour"],"picked":"SKIP","floor":31},{"not_picked":["theMarked:ChainLightning+1","theMarked:TwofoldDefense"],"picked":"theMarked:BanishingWave","floor":32},{"not_picked":["theMarked:Snap","theMarked:SuspiciousRaven"],"picked":"theMarked:Vacuum","floor":34},{"not_picked":["theMarked:ElectricStrings","theMarked:Improvise","theMarked:RepellingDischarge"],"picked":"SKIP","floor":36},{"not_picked":["theMarked:HeightenedSenses+1","theMarked:ResourceFulStrike"],"picked":"theMarked:KeepCalmAndFight+1","floor":38}],"player_experience":7621,"relics_obtained":[{"floor":2.0,"key":"Potion Belt"},{"floor":6.0,"key":"ReplayFunnel"},{"floor":8.0,"key":"Quantum Egg"},{"floor":9.0,"key":"StSpp:Monolith"},{"floor":14.0,"key":"trackpad:CultistFigurine"},{"floor":23.0,"key":"Garlic"},{"floor":24.0,"key":"Replay:Mystery Machine"},{"floor":26.0,"key":"theMarked:DemonDagger"},{"floor":27.0,"key":"Nunchaku"},{"floor":29.0,"key":"BlackRope"},{"floor":29.0,"key":"Kunai"},{"floor":31,"key":"Vajra"}],"event_choices":[{"damage_healed":0.0,"max_hp_gain":0.0,"max_hp_loss":0.0,"gold_gain":0.0,"event_name":"Colosseum","player_choice":"Fight","floor":29.0,"gold_loss":0.0,"damage_taken":0.0},{"damage_healed":0.0,"max_hp_gain":0.0,"max_hp_loss":0.0,"gold_gain":0.0,"event_name":"Colosseum","player_choice":"Fought Nobs","floor":29.0,"gold_loss":0.0,"damage_taken":0.0}],"is_beta":false,"boss_relics":[{"not_picked":["energizedSpire:DeadBattery","hubris:BlackHole"],"picked":"energizedSpire:SpiderWeb"},{"not_picked":["trackpad:Coffee","aspiration:IroncladSkillbook"],"picked":"Replay:Grab Bag"},{"not_picked":["Painkiller Herb","Coffee Dripper"],"picked":"Philosopher\u0027s Stone"},{"not_picked":["ChewingGum","ReplayTheSpireMod:DimensionalGlitch"],"picked":"Replay:Wanted Poster"},{"not_picked":["hubris:HollowSoul","hubris:Backtick"],"picked":"Black Star"}],"items_purged_floors":[],"is_endless":true,"potions_floor_spawned":[6,8,10,14,29,34,38],"killed_by":"Nemesis","ascension_level":0}}