{"host":"n9lc5i44t98l6pio","time":1611730015,"event":{"mods":["BaseMod","Curses Come First","Downfall","Minty Spire (QoL Compilation)","Replay The Spire","Say the Spire","StSLib"],"gold_per_floor":[119,134,134,234,254,280,280,280,280,280,313,327,327,360,360,457,457,477,492,524,524,544,574,574,602,629,629,659,659,80,93,93,192,192,202,202,202,219,51,51,71,100,126,126,126,66,85,112,112,112,112,112,71,96,96],"floor_reached":56,"language":"ENG","playtime":2070,"items_purged":[],"score":1812,"play_id":"52614b8e-d179-41c4-83ca-8fced49b5392","local_time":"20210127074655","is_ascension_mode":true,"campfire_choices":[{"data":"Fire Breathing","floor":7,"key":"SMITH"},{"floor":13,"key":"RECALL"},{"data":"Fire Breathing","floor":15,"key":"SMITH"},{"data":"Barricade","floor":24,"key":"SMITH"},{"data":"Apotheosis","floor":32,"key":"SMITH"},{"floor":40,"key":"REST"},{"floor":44,"key":"REST"}],"circlet_count":0,"master_deck":["Strike_R","Strike_R","Strike_R","Strike_R","Strike_R","Defend_R","Defend_R","Defend_R","Defend_R","Bash","Demonic Infusion","Iron Wave","Regret","downfall:Haunted","downfall:Haunted","Clumsy","Reaper","downfall:Aged","Fire Breathing+1","Fire Breathing+1","Voices","Berserk","Power Through","Evolve","Pummel","Barricade+1","ReplayTheSpireMod:Limb From Limb+1","Entrench","Intimidate+1","Heavy Blade+1","J.A.X.","Seeing Red","downfall:Bewildered","Apotheosis+1","Body Slam+1","Pummel","Demon Form","Shrug It Off","Whirlwind+1","Armaments","Berserk","Pummel","Crow Ritual","PanicButton","Mayhem","Madness","Madness","Heavy Blade","Fire Breathing","Power Through","ReplayTheSpireMod:IOU","ReplayTheSpireMod:IOU","Dual Wield","Iron Wave+1","Metallicize","ReplayTheSpireMod:IOU","Body Slam","Twin Strike","ReplayTheSpireMod:IOU","ReplayTheSpireMod:IOU","ReplayUltimateDefense","Shrug It Off","Fire Breathing+1","ReplayTheSpireMod:IOU","ReplayTheSpireMod:IOU","ReplayTheSpireMod:IOU","ReplayTheSpireMod:IOU","ReplayTheSpireMod:IOU","ReplayTheSpireMod:IOU","ReplayTheSpireMod:IOU","ReplayTheSpireMod:IOU","Inflame","ReplayTheSpireMod:IOU","ReplayTheSpireMod:IOU","ReplayTheSpireMod:IOU","Shrug It Off","Heavy Blade","Dropkick"],"relics":["Burning Blood","HornCleat","Du-Vu Doll","Oddly Smooth Stone","ReplayTheSpireMod:Ring of Exchange","ReplayTheSpireMod:Ring of Collecting","Ring of Misfortune","Meat on the Bone","Replay:Wax Seal","Self Forming Clay","SacredBark","Red Mask","Gremlin Horn","Replay:Kaleidoscope","Ring of Peace","ReplayFunnel","sneckomod:BabySnecko","Orrery","Bottled Lightning","Sling","Paper Frog","InkBottle","ReplayTheSpireMod:Ring of Addiction","MealTicket","Chameleon Ring","Toy Ornithopter","Replay:Rubber Ducky","Replay:Mystery Machine","Mark of Pain","ReplayTheSpireMod:Spearhead","Mummified Hand"],"acts_visited":["Exordium","TheCity","TheBeyond","TheEnding"],"potions_floor_usage":[25,33,42,55],"damage_taken":[{"damage":2,"enemies":"Small Slimes","floor":1,"turns":4},{"damage":5,"enemies":"Cultist","floor":2,"turns":4},{"damage":10,"enemies":"Jaw Worm","floor":5,"turns":4},{"damage":12,"enemies":"3 Sentries","floor":6,"turns":4},{"damage":0,"enemies":"Gremlin Nob","floor":11,"turns":4},{"damage":3,"enemies":"Blue Slaver","floor":12,"turns":2},{"damage":32,"enemies":"Lagavulin","floor":14,"turns":6},{"damage":11,"enemies":"Slime Boss","floor":16,"turns":7},{"damage":10,"enemies":"Chosen","floor":18,"turns":4},{"damage":30,"enemies":"2 Thieves","floor":19,"turns":3},{"damage":10,"enemies":"Masked Bandits","floor":20,"turns":2},{"damage":0,"enemies":"3 Cultists","floor":22,"turns":4},{"damage":7,"enemies":"Slavers","floor":23,"turns":4},{"damage":0,"enemies":"Gremlin Leader","floor":25,"turns":3},{"damage":0,"enemies":"Book of Stabbing","floor":28,"turns":6},{"damage":0,"enemies":"Snake Plant","floor":31,"turns":4},{"damage":3,"enemies":"Pondfish","floor":33,"turns":7},{"damage":0,"enemies":"3 Darklings","floor":35,"turns":5},{"damage":0,"enemies":"Orb Walker","floor":38,"turns":3},{"damage":0,"enemies":"Maw","floor":41,"turns":8},{"damage":34,"enemies":"Giant Head","floor":42,"turns":8},{"damage":0,"enemies":"Sphere and 2 Shapes","floor":47,"turns":4},{"damage":0,"enemies":"Reptomancer","floor":48,"turns":4},{"damage":55,"enemies":"Donu and Deca","floor":50,"turns":6},{"damage":0,"enemies":"Shield and Spear","floor":54,"turns":4},{"damage":0,"enemies":"The Heart","floor":55,"turns":9}],"seed_played":"144560360515185172","potions_obtained":[{"floor":2,"key":"sneckomod:MuddlingPotion"},{"floor":6,"key":"sneckomod:MuddlingPotion"},{"floor":12,"key":"Doom Potion"},{"floor":14,"key":"FairyPotion"},{"floor":23,"key":"ColorlessPotion"},{"floor":31,"key":"champ:CounterPotion"},{"floor":35,"key":"FearPotion"},{"floor":43,"key":"BlessingOfTheForge"},{"floor":43,"key":"Regen Potion"}],"is_trial":false,"path_per_floor":["M","M","?","?","M","E","R","?","T","?","E","M","R","E","R","B",null,"M","M","?","?","M","E","R","E","T","?","E","?","$","M","R","B",null,"M","?","?","M","$","R","M","E","T","R","?","$","M","E","R","B",null,"R","$","E","B",null],"character_chosen":"IRONCLAD","items_purchased":["Apotheosis","Orrery","Bottled Lightning","Fire Breathing","Power Through","Paper Frog","Metallicize","Replay:Rubber Ducky","Body Slam","Twin Strike","ReplayUltimateDefense","Mark of Pain","Inflame","ReplayTheSpireMod:Spearhead","Shrug It Off","Heavy Blade"],"campfire_rested":2,"item_purchase_floors":[30,30,30,39,39,39,46,46,46,46,46,53,53,53,53,53],"current_hp_per_floor":[72,72,72,72,68,62,62,62,62,62,72,72,72,56,56,51,72,68,44,68,68,72,71,71,72,72,72,72,72,72,72,72,72,72,72,62,53,59,59,72,72,44,44,65,65,72,70,70,70,31,68,68,66,66,66],"gold":96,"neow_bonus":"THREE_RARE_CARDS","is_daily":false,"chose_seed":false,"campfire_upgraded":4,"win_rate":0.0,"timestamp":1611730015,"path_taken":["M","M","?","?","M","E","R","?","T","?","E","?","R","E","R","BOSS","M","M","?","?","M","E","R","E","T","?","E","?","$","M","R","BOSS","M","?","?","?","$","R","M","E","T","R","?","$","M","E","R","BOSS","R","$","E","BOSS"],"items_purchased_type":["Card","Relic","Relic","Card","Card","Relic","Card","Relic","Card","Card","Card","Relic","Card","Relic","Card","Card"],"build_version":"2020-12-22","purchased_purges":0,"victory":true,"max_hp_per_floor":[72,72,72,72,72,72,72,72,72,72,72,72,72,72,72,72,72,72,72,72,72,72,72,72,72,72,72,72,72,72,72,72,72,72,72,72,72,72,72,72,72,72,72,72,72,72,70,70,70,68,68,68,66,66,66],"card_choices":[{"not_picked":["Juggernaut","Limit Break"],"picked":"Demonic Infusion","floor":0},{"not_picked":["Run Through","ReplayTheSpireMod:Stacked"],"picked":"Thunderclap","floor":1},{"not_picked":["Warcry","True Grit"],"picked":"Iron Wave","floor":2},{"not_picked":["Sentinel","Clash"],"picked":"Fire Breathing","floor":5},{"not_picked":["Shrug It Off","Perfected Strike"],"picked":"Fire Breathing","floor":6},{"not_picked":["Inflame","Demonic Infusion"],"picked":"Power Through","floor":11},{"not_picked":["Perfected Strike","True Grit"],"picked":"Evolve","floor":12},{"not_picked":["Defy Death","Dropkick"],"picked":"Pummel","floor":14},{"not_picked":["Double Tap","Bludgeon"],"picked":"Barricade","floor":16},{"not_picked":["Run Through","Defy Death","Havoc"],"picked":"SKIP","floor":18},{"not_picked":["Flex","Iron Wave"],"picked":"ReplayTheSpireMod:Limb From Limb+1","floor":19},{"not_picked":["Perfected Strike","Infernal Blade"],"picked":"Intimidate+1","floor":22},{"not_picked":["Run Through","Uppercut"],"picked":"Heavy Blade+1","floor":23},{"not_picked":["Heavy Blade","Thunderclap","Anger"],"picked":"SKIP","floor":25},{"not_picked":["Hemokinesis+1","Thunderclap+1"],"picked":"Seeing Red","floor":28},{"not_picked":["Life Link","Rage+1"],"picked":"Body Slam+1","floor":30},{"not_picked":["Anger","Shrug It Off"],"picked":"Pummel","floor":30},{"not_picked":["Combust","Blood for Blood"],"picked":"Demon Form","floor":30},{"not_picked":["Wild Strike","Perfected Strike"],"picked":"Shrug It Off","floor":30},{"not_picked":["Massacre","Life Link"],"picked":"Whirlwind+1","floor":30},{"not_picked":["Perfected Strike+1","Pommel Strike"],"picked":"Armaments","floor":31},{"not_picked":["Exhume","Barricade"],"picked":"Berserk","floor":33},{"not_picked":["Combust","True Grit+1"],"picked":"Pummel","floor":35},{"not_picked":["Deep Breath","Finesse"],"picked":"Crow Ritual","floor":36},{"not_picked":["Crow Ritual","Dramatic Entrance"],"picked":"PanicButton","floor":36},{"not_picked":["The Bomb","Trip"],"picked":"Mayhem","floor":36},{"not_picked":["Dropkick+1","Anger"],"picked":"Heavy Blade","floor":38},{"not_picked":["Metallicize","Flex+1"],"picked":"Dual Wield","floor":41},{"not_picked":["Replay:Undeath\u0027s Touch","Intimidate"],"picked":"Iron Wave+1","floor":42},{"not_picked":["Heavy Blade","Iron Wave+1"],"picked":"Shrug It Off","floor":47},{"not_picked":["Iron Wave","Thunderclap+1"],"picked":"Fire Breathing+1","floor":48},{"not_picked":["Intimidate","ReplayTheSpireMod:LeadingStrike+1"],"picked":"Dropkick","floor":54}],"player_experience":205886,"relics_obtained":[{"floor":6,"key":"Oddly Smooth Stone"},{"floor":8,"key":"ReplayTheSpireMod:Ring of Exchange"},{"floor":8,"key":"ReplayTheSpireMod:Ring of Collecting"},{"floor":9,"key":"Ring of Misfortune"},{"floor":9,"key":"Meat on the Bone"},{"floor":11,"key":"Replay:Wax Seal"},{"floor":14,"key":"Self Forming Clay"},{"floor":20,"key":"Red Mask"},{"floor":23,"key":"Gremlin Horn"},{"floor":25,"key":"Replay:Kaleidoscope"},{"floor":26,"key":"Ring of Peace"},{"floor":28,"key":"ReplayFunnel"},{"floor":42,"key":"InkBottle"},{"floor":43,"key":"ReplayTheSpireMod:Ring of Addiction"},{"floor":43,"key":"MealTicket"},{"floor":43,"key":"Chameleon Ring"},{"floor":43,"key":"Toy Ornithopter"},{"floor":48,"key":"Replay:Mystery Machine"},{"floor":54,"key":"Mummified Hand"}],"event_choices":[{"damage_healed":0,"gold_gain":0,"player_choice":"Box","damage_taken":0,"relics_obtained":["HornCleat"],"max_hp_gain":0,"max_hp_loss":0,"event_name":"Big Fish","floor":3,"gold_loss":0,"cards_obtained":["Regret"]},{"damage_healed":0,"gold_gain":0,"player_choice":"1 cards matched","damage_taken":0,"max_hp_gain":0,"max_hp_loss":0,"event_name":"Match and Keep!","floor":10,"gold_loss":0,"cards_obtained":["Berserk"]},{"damage_healed":0,"gold_gain":0,"player_choice":"Fought Bandits","damage_taken":0,"max_hp_gain":0,"max_hp_loss":0,"event_name":"Masked Bandits","floor":20,"gold_loss":0},{"damage_healed":0,"gold_gain":0,"player_choice":"Read","damage_taken":0,"max_hp_gain":0,"max_hp_loss":0,"event_name":"The Library","floor":21,"gold_loss":0,"cards_obtained":["Entrench"]},{"damage_healed":0,"gold_gain":0,"player_choice":"Obtain J.A.X.","damage_taken":0,"max_hp_gain":0,"max_hp_loss":0,"event_name":"Drug Dealer","floor":27,"gold_loss":0,"cards_obtained":["J.A.X."]},{"damage_healed":0,"gold_gain":0,"player_choice":"Memory 3","damage_taken":10,"max_hp_gain":0,"max_hp_loss":0,"event_name":"SensoryStone","floor":36,"gold_loss":0},{"damage_healed":0,"gold_gain":0,"player_choice":"Embrace Madness","damage_taken":9,"max_hp_gain":0,"max_hp_loss":0,"event_name":"Winding Halls","floor":37,"gold_loss":0,"cards_obtained":["Madness","Madness"]},{"cards_removed":["Thunderclap"],"damage_healed":0,"gold_gain":0,"player_choice":"Removed Attack","damage_taken":0,"max_hp_gain":0,"max_hp_loss":0,"event_name":"Falling","floor":45,"gold_loss":0}],"is_beta":false,"boss_relics":[{"not_picked":["Ooze Armor","Tiny House"],"picked":"SacredBark"},{"not_picked":["Painkiller Herb","Frozen Eye"],"picked":"Sling"}],"items_purged_floors":[],"is_endless":false,"potions_floor_spawned":[2,6,12,14,20,22,23,31,35,47,48],"ascension_level":1}}