{"host":"52m1o8iwwagurbjs","time":1611787780,"event":{"mods":["AchievementEnabler","BaseMod","Bestiary","Colored Powertips","GifTheSpireLib","Minty Spire (QoL Compilation)","Quick Restart","RNG Fix","Relic Stats","StSLib"],"gold_per_floor":[111,62,73,38,57,57,57,90,117,117,154,154,183,202,202,202,202],"floor_reached":16,"language":"ENG","playtime":378,"items_purged":[],"score":124,"play_id":"b37f75e2-2b0a-42cc-8934-ccf1ccd5b4ab","local_time":"20210127174940","is_ascension_mode":true,"campfire_choices":[{"data":"Ball Lightning","floor":6,"key":"SMITH"},{"data":"Static Discharge","floor":10,"key":"SMITH"},{"floor":15,"key":"REST"}],"circlet_count":0,"master_deck":["Strike_B","Strike_B","Strike_B","Strike_B","Defend_B","Defend_B","Defend_B","Defend_B","Zap","Dualcast","Rebound","Conserve Battery","Ball Lightning+1","Static Discharge+1","Leap","FTL","Steam"],"relics":["Cracked Core","Oddly Smooth Stone","The Courier","CeramicFish","Bottled Lightning","Mummified Hand"],"acts_visited":["Exordium"],"potions_floor_usage":[16],"damage_taken":[{"damage":0,"enemies":"Cultist","floor":1,"turns":3},{"damage":0,"enemies":"2 Louse","floor":3,"turns":2},{"damage":10,"enemies":"Small Slimes","floor":5,"turns":2},{"damage":4,"enemies":"3 Sentries","floor":8,"turns":7},{"damage":24,"enemies":"Gremlin Nob","floor":11,"turns":4},{"damage":14,"enemies":"Lagavulin","floor":13,"turns":5},{"damage":8,"enemies":"Gremlin Gang","floor":14,"turns":4},{"damage":41,"enemies":"Slime Boss","floor":16,"turns":5}],"seed_played":"5153937140808512994","potions_obtained":[{"floor":3,"key":"Swift Potion"},{"floor":5,"key":"Ancient Potion"},{"floor":13,"key":"SteroidPotion"}],"is_trial":false,"path_per_floor":["M","$","M","$","M","R","?","E","T","R","E","?","E","M","R","B"],"character_chosen":"DEFECT","items_purchased":["Conserve Battery","Static Discharge"],"campfire_rested":1,"item_purchase_floors":[2,4],"current_hp_per_floor":[75,75,75,75,65,65,75,71,71,71,47,40,26,18,40,0,0],"gold":202,"neow_bonus":"RANDOM_COMMON_RELIC","is_daily":false,"chose_seed":false,"campfire_upgraded":2,"win_rate":0.0,"timestamp":1611787780,"path_taken":["M","?","M","$","M","R","?","E","T","R","E","?","E","?","R","BOSS"],"items_purchased_type":["Card","Card"],"build_version":"2020-12-22","purchased_purges":0,"victory":false,"max_hp_per_floor":[75,75,75,75,75,75,75,75,75,75,75,75,75,75,75,75,75],"relic_stats":{"counters":[8,32],"Mummified Hand":[2],"CeramicFish":18,"obtain_stats":[{"Mummified Hand":13,"CeramicFish":9,"Oddly Smooth Stone":0,"The Courier":8,"Bottled Lightning":11,"Cracked Core":0},{"Mummified Hand":6,"CeramicFish":4,"Oddly Smooth Stone":0,"The Courier":4,"Bottled Lightning":5,"Cracked Core":0},{"Mummified Hand":23,"CeramicFish":14,"Oddly Smooth Stone":0,"The Courier":14,"Bottled Lightning":18,"Cracked Core":0}]},"card_choices":[{"not_picked":["Aggregate","Streamline"],"picked":"Rebound","floor":1},{"not_picked":["Beam Cell","Go for the Eyes"],"picked":"Ball Lightning","floor":3},{"not_picked":["Lockon","Hologram"],"picked":"Leap","floor":5},{"not_picked":["Blizzard","Beam Cell","Darkness"],"picked":"SKIP","floor":8},{"not_picked":["Go for the Eyes","Sunder"],"picked":"FTL","floor":11},{"not_picked":["Beam Cell","Conserve Battery","Rebound"],"picked":"SKIP","floor":13},{"not_picked":["Rebound","Fusion"],"picked":"Steam","floor":14}],"player_experience":1228238,"relics_obtained":[{"floor":8,"key":"The Courier"},{"floor":9,"key":"CeramicFish"},{"floor":11,"key":"Bottled Lightning"},{"floor":13,"key":"Mummified Hand"}],"event_choices":[{"damage_healed":25,"gold_gain":0,"player_choice":"Banana","damage_taken":0,"max_hp_gain":0,"max_hp_loss":0,"event_name":"Big Fish","floor":7,"gold_loss":0},{"damage_healed":0,"gold_gain":0,"player_choice":"Damaged","damage_taken":7,"max_hp_gain":0,"max_hp_loss":0,"event_name":"Wheel of Change","floor":12,"gold_loss":0}],"is_beta":false,"boss_relics":[],"items_purged_floors":[],"is_endless":false,"potions_floor_spawned":[3,5,13],"killed_by":"Slime Boss","ascension_level":1}}