{"host":"gln8pem4hnwuntpa","time":1611774288,"event":{"mods":["BaseMod","Lobotomy","Minty Spire (QoL Compilation)","Quick Restart","Replay The Spire","StSLib"],"gold_per_floor":[279,290,310,310,310,353,378,411,464,464,507,386,399,432,432,552,552,566,644,668,689,709,709,709],"floor_reached":23,"language":"ZHS","playtime":2774,"items_purged":["Defend_R"],"score":252,"play_id":"6153c6bf-b150-4939-813b-ddd5e1683752","local_time":"20210128030448","is_ascension_mode":true,"campfire_choices":[{"data":"ReplayTheSpireMod:Limb From Limb","floor":10,"key":"SMITH"},{"floor":15,"key":"DIG"}],"circlet_count":0,"master_deck":["Strike_R+1","Strike_R+1","Strike_R","Strike_R","Defend_R","Defend_R","Defend_R","Bash","CrumblingArmor","Headbutt","MeatLantern","Whirlwind","GreedKing","ReplayTheSpireMod:Limb From Limb+1","Clash","Sever Soul","OSAHOGD","Pommel Strike","Thunderclap+1","Woodsman"],"relics":["Burning Blood","CogitoBucket","Golden Idol","Blue Doll","Quantum Egg","Whetstone","ChangeAnything","Replay:Accelerometer","Fusion Hammer","Red Mask","AspirationHeart"],"acts_visited":["Exordium","TheCity"],"potions_floor_usage":[8,11,16,20,22,23],"damage_taken":[{"damage":1,"enemies":"Cultist","floor":1,"turns":3},{"damage":0,"enemies":"Small Slimes","floor":2,"turns":3},{"damage":0,"enemies":"Jaw Worm","floor":3,"turns":5},{"damage":13,"enemies":"Lagavulin","floor":6,"turns":5},{"damage":0,"enemies":"Exordium Wildlife","floor":7,"turns":2},{"damage":0,"enemies":"Gremlin Nob","floor":8,"turns":4},{"damage":13,"enemies":"3 Sentries","floor":11,"turns":6},{"damage":27,"enemies":"Large Slime","floor":13,"turns":3},{"damage":7,"enemies":"Gremlin Gang","floor":14,"turns":3},{"damage":2,"enemies":"Fading Forest","floor":16,"turns":11},{"damage":0,"enemies":"Chosen","floor":18,"turns":4},{"damage":48,"enemies":"Masked Bandits","floor":19,"turns":5},{"damage":30,"enemies":"3 Byrds","floor":20,"turns":4},{"damage":21,"enemies":"Centurion and Healer","floor":21,"turns":5},{"damage":0,"enemies":"Snecko","floor":22,"turns":4},{"damage":25,"enemies":"Snake Plant","floor":23,"turns":4}],"seed_played":"8082563516615817923","potions_obtained":[{"floor":2,"key":"Fire Potion"},{"floor":6,"key":"LifebloodPotion"},{"floor":13,"key":"SkillPotion"},{"floor":14,"key":"Swift Potion"},{"floor":18,"key":"Strength Potion"},{"floor":20,"key":"Dexterity Potion"},{"floor":21,"key":"SpeedPotion"}],"is_trial":false,"path_per_floor":["M","M","M","?","?","E","M","E","T","R","E","$","M","M","R","B",null,"M","?","M","M","M","M"],"character_chosen":"IRONCLAD","items_purchased":["Clash"],"campfire_rested":0,"item_purchase_floors":[12],"current_hp_per_floor":[80,80,80,60,60,53,59,65,65,65,58,58,37,36,36,50,80,80,38,24,9,21,0,0],"gold":709,"neow_bonus":"","is_daily":false,"chose_seed":false,"campfire_upgraded":1,"win_rate":0.0,"timestamp":1611774288,"path_taken":["M","M","M","?","?","E","M","E","T","R","E","$","M","M","R","BOSS","M","?","M","M","M","M"],"items_purchased_type":["Card"],"build_version":"2020-12-22","purchased_purges":1,"victory":false,"max_hp_per_floor":[80,80,80,80,80,80,80,80,80,80,80,80,80,80,80,80,80,80,80,90,90,90,90,90],"card_choices":[{"not_picked":["WallGazer","MeatLantern"],"picked":"CrumblingArmor","floor":1},{"not_picked":["Cleave","Armaments"],"picked":"Headbutt","floor":1},{"not_picked":["Bloodbath","WallGazer"],"picked":"MeatLantern","floor":2},{"not_picked":["Second Wind","Corruption"],"picked":"Whirlwind","floor":2},{"not_picked":["Wild Strike","Clash","Thunderclap"],"picked":"SKIP","floor":3},{"not_picked":["Carnage","Metallicize","Body Slam"],"picked":"SKIP","floor":6},{"not_picked":["Flame Barrier","Run Through","Defy Death"],"picked":"SKIP","floor":7},{"not_picked":["OldLady","Rudolta"],"picked":"GreedKing","floor":8},{"not_picked":["Sever Soul","Dark Embrace"],"picked":"ReplayTheSpireMod:Limb From Limb","floor":8},{"not_picked":["Pommel Strike","Headbutt","Metallicize"],"picked":"SKIP","floor":11},{"not_picked":["Power Through","Clothesline","Clash"],"picked":"SKIP","floor":13},{"not_picked":["Rupture","Clothesline","ReplayTheSpireMod:Limb From Limb"],"picked":"SKIP","floor":14},{"not_picked":["Warcry+1","Dark Embrace"],"picked":"Sever Soul","floor":18},{"not_picked":["Bloodbath","LaLuna"],"picked":"OSAHOGD","floor":19},{"not_picked":["Clothesline","Metallicize"],"picked":"Pommel Strike","floor":19},{"not_picked":["Impervious","Flex+1"],"picked":"Thunderclap+1","floor":20},{"not_picked":["BeautyBeast","UniverseFragment"],"picked":"Woodsman","floor":21},{"not_picked":["Thunderclap+1","Feel No Pain","Dual Wield"],"picked":"SKIP","floor":21},{"not_picked":["Replay:Many Hands","Shrug It Off","Havoc"],"picked":"SKIP","floor":22}],"player_experience":118526,"relics_obtained":[{"floor":6,"key":"Blue Doll"},{"floor":8,"key":"Quantum Egg"},{"floor":11,"key":"Whetstone"},{"floor":15,"key":"Replay:Accelerometer"},{"floor":19,"key":"Red Mask"}],"event_choices":[{"damage_healed":0,"gold_gain":0,"player_choice":"Take Damage","damage_taken":20,"relics_obtained":["Golden Idol"],"max_hp_gain":0,"max_hp_loss":0,"event_name":"Golden Idol","floor":4,"gold_loss":0},{"damage_healed":0,"gold_gain":0,"player_choice":"Fought Bandits","damage_taken":0,"max_hp_gain":0,"max_hp_loss":0,"event_name":"Masked Bandits","floor":19,"gold_loss":0}],"is_beta":false,"boss_relics":[{"not_picked":["Velvet Choker","Ring of Chaos"],"picked":"Fusion Hammer"}],"items_purged_floors":[12],"is_endless":false,"potions_floor_spawned":[2,6,13,14,18,20,21],"killed_by":"Snake Plant","ascension_level":1}}