{"host":"hfxahm4y1ssattqc","time":1611780744,"event":{"mods":["2.2 Compatiblity","Act Like it!","Aspiration","BaseMod","Beaked The Cultist","Better Third Choice","BetterRewards","Colored Map","Colored Powertips","Custom Start","Googly Eyes","Halation","Hallownest","Hermit","Highlight Path","Hubris","Mimic Mod","Minty Spire (QoL Compilation)","Reorder Act Four","Replay The Spire","Shop Mod","Spikes Relics","StSLib","The Bug Knight","The IronCluck","The Jungle","Unknown Chances","slay the spire mod where everything is the same but ironclad has a cowboy hat"],"gold_per_floor":[111,111,111,131,152,152,193,193,279,314,314,314,395,428,428,598,598,634,738,797,797,797,797,863,958,958,958,1011,655,736,772,772,997,997,1036,423,423,462,501,501,611,672,672,765,336,336,364,364,364,414,414,124,124,178,223],"floor_reached":56,"language":"ENG","playtime":3925,"items_purged":[],"score":1305,"play_id":"449fb1b3-62e9-4a99-86c8-0c304e7d31af","local_time":"20210127125224","is_ascension_mode":false,"campfire_choices":[{"data":"Glacier","floor":6.0,"key":"SMITH"},{"data":"BasicCrystalCard","floor":8.0,"key":"SMITH"},{"data":"Capacitor","floor":12.0,"key":"SMITH"},{"floor":15,"key":"REST"},{"floor":23,"key":"RECALL"},{"data":"Loop","floor":27,"key":"SMITH"},{"data":"Consume","floor":32,"key":"SMITH"},{"data":"ReplayUltimateDefense","floor":40,"key":"SMITH"},{"data":"Apotheosis","floor":46,"key":"SMITH"},{"data":"Panic Button","floor":49,"key":"SMITH"},{"data":"hubris:PowerSurge","floor":53,"key":"SMITH"}],"circlet_count":0,"master_deck":["Strike_B","Strike_B","Strike_B","Defend_B+1","Defend_B","Defend_B","Defend_B","Zap+1","Dualcast","Chaos+1","Glacier+1","BasicCrystalCard+1","Capacitor+1","Cold Snap+1","ReplayTheSpireMod:Reroute Power+1","Redo+1","Self Repair+1","Loop+1","hubris:PowerSurge+1","ReplayUltimateDefense+1","hubris:Ukulele","Consume+1","Core Surge","ReplayTheSpireMod:Calculation Training+1","Capacitor","Capacitor","BasicCrystalCard+1","Glacier+1","Apotheosis+1","Panic Button+1","Hyperbeam","hubris:PowerSurge+1"],"relics":["Cracked Core","Golden Idol","Replay:Bandana","ReplayTheSpireMod:TigerMarble","RollingBoulder","Sandwich","Prayer Wheel","GiantMaggot","Boot","aspiration:FrozenJewel","aspiration:BursterCore","hubris:64BitClover","Solar Panel","Prayer Wheel","Prayer Wheel","halation:PrussianBluePaint","Cables","halation:BlackBeret","Potion Belt","ClockworkSouvenir","Strawberry","ReplayTheSpireMod:Lightbulb","Prayer Wheel"],"acts_visited":["Exordium","TheCity","TheBeyond","TheEnding"],"potions_floor_usage":[16,18,33,55],"damage_taken":[{"damage":6.0,"enemies":"Jaw Worm","floor":1.0,"turns":2.0},{"damage":0.0,"enemies":"Cultist","floor":4.0,"turns":4.0},{"damage":0.0,"enemies":"2 Louse","floor":5.0,"turns":3.0},{"damage":6.0,"enemies":"3 Sentries","floor":7.0,"turns":11.0},{"damage":0.0,"enemies":"Exordium Wildlife","floor":9.0,"turns":6.0},{"damage":2.0,"enemies":"Exordium Wildlife","floor":10.0,"turns":4.0},{"damage":12.0,"enemies":"Replay:BlueRogue","floor":13.0,"turns":11.0},{"damage":2,"enemies":"Blue Slaver","floor":14,"turns":4},{"damage":23,"enemies":"Hexaghost","floor":16,"turns":11},{"damage":4,"enemies":"Shell Parasite","floor":18,"turns":4},{"damage":1,"enemies":"Shelled Parasite and Fungi","floor":20,"turns":6},{"damage":4,"enemies":"Centurion and Healer","floor":24,"turns":7},{"damage":0,"enemies":"Replay:Snechameleon","floor":25,"turns":7},{"damage":4,"enemies":"Chosen and Byrds","floor":28,"turns":6},{"damage":17,"enemies":"Book of Stabbing","floor":30,"turns":6},{"damage":7,"enemies":"Sentry and Sphere","floor":31,"turns":4},{"damage":0,"enemies":"Champ","floor":33,"turns":10},{"damage":12,"enemies":"3 Darklings","floor":35,"turns":5},{"damage":1,"enemies":"Orb Walker","floor":38,"turns":4},{"damage":14,"enemies":"Sphere and 2 Shapes","floor":39,"turns":6},{"damage":4,"enemies":"Giant Head","floor":41,"turns":10},{"damage":0,"enemies":"Spire Growth","floor":42,"turns":6},{"damage":21,"enemies":"beaked:SuperParasite","floor":44,"turns":6},{"damage":3,"enemies":"Jaw Worm Horde","floor":47,"turns":4},{"damage":54,"enemies":"Awakened One","floor":50,"turns":11},{"damage":15,"enemies":"Shield and Spear","floor":54,"turns":6},{"damage":35,"enemies":"The Heart","floor":55,"turns":12}],"seed_played":"-3528733491572919549","potions_obtained":[{"floor":1.0,"key":"FocusPotion"},{"floor":4.0,"key":"Adrenaline Potion"},{"floor":13,"key":"LifebloodPotion"},{"floor":24,"key":"EssenceOfDarkness"},{"floor":25,"key":"Swift Potion"},{"floor":39,"key":"FocusPotion"}],"is_trial":false,"path_per_floor":["M","?","?","M","M","R","E","R","MIM","M","?","R","E","M","R","B",null,"M","?","M","?","?","R","M","E","T","R","M","$","E","M","R_BF","B",null,"M","$","?","M","M","R","E","M","T","E","$","R","M","?","R","B",null,"$","R","E","B",null],"character_chosen":"DEFECT","items_purchased":["ReplayUltimateDefense","Boot","hubris:Ukulele","Capacitor","hubris:64BitClover","Solar Panel","Apotheosis","Potion Belt","Ancient Potion","Panic Button","ClockworkSouvenir","Strawberry"],"campfire_rested":1,"item_purchase_floors":[29,29,29,36,36,36,45,45,45,45,52,52],"current_hp_per_floor":[69,69,54,54,54,54,48,48,48,46,46,46,34,32,54,31,75,71,53,52,52,52,52,48,58,58,58,64,64,57,60,60,70,75,73,73,73,75,73,73,75,75,75,58,58,58,67,67,67,27,75,82,82,81,58],"gold":223,"neow_bonus":"UPGRADE_CARD","is_daily":false,"chose_seed":false,"campfire_upgraded":9,"win_rate":0.0,"timestamp":1611780744,"path_taken":["M","?","?","M","M","R","E","R","MIM","M","?","R","E","M","R","BOSS","M","?","M","?","?","R","M","E","T","R","M","$","E","M","R_BF","BOSS","M","$","?","M","M","R","E","?","T","E","?","R","M","?","R","BOSS","$","R","E","BOSS"],"items_purchased_type":["Card","Relic","Card","Card","Relic","Relic","Card","Relic","Potion","Card","Relic","Relic"],"build_version":"2020-12-22","purchased_purges":0,"victory":true,"max_hp_per_floor":[75,75,75,75,75,75,75,75,75,75,75,75,75,75,75,75,75,75,75,75,75,75,75,75,75,75,75,75,75,75,75,75,75,75,75,75,75,75,75,75,75,75,75,75,75,75,75,75,75,75,75,82,82,82,82],"card_choices":[{"not_picked":["Genetic Algorithm","Streamline"],"picked":"Chaos","floor":1.0},{"not_picked":["Sunder","Melter"],"picked":"Glacier","floor":4.0},{"not_picked":["Beam Cell","Recycle","Sweeping Beam"],"picked":"SKIP","floor":5.0},{"not_picked":["Go for the Eyes","Undo"],"picked":"BasicCrystalCard","floor":7.0},{"not_picked":["Lockon","Ball Lightning"],"picked":"Capacitor","floor":10.0},{"not_picked":["hubris:DoWhile","hubris:SpecializedCircuitry","Tempest"],"picked":"SKIP","floor":13},{"not_picked":["Beam Cell","Force Field","Go for the Eyes"],"picked":"SKIP","floor":14},{"not_picked":["BasicCrystalCard","Ball Lightning"],"picked":"Cold Snap+1","floor":18},{"not_picked":["Steam+1","Conserve Battery"],"picked":"ReplayTheSpireMod:Reroute Power+1","floor":19},{"not_picked":["Static Discharge","Panic Button"],"picked":"Redo+1","floor":19},{"not_picked":["Turbo+1","Redo+1","Steam"],"picked":"SKIP","floor":20},{"not_picked":["Hologram","Hyperbeam","ReplayTheSpireMod:Reroute Power"],"picked":"SKIP","floor":20},{"not_picked":["Beam Cell","Go for the Eyes+1"],"picked":"Self Repair+1","floor":24},{"not_picked":["Panic Button","Compile Driver+1","Conserve Battery"],"picked":"SKIP","floor":24},{"not_picked":["Sweeping Beam","Beam Cell"],"picked":"Loop","floor":25},{"not_picked":["Barrage+1","Ball Lightning+1"],"picked":"hubris:PowerSurge","floor":28},{"not_picked":["Gash","Rip and Tear","Coolheaded"],"picked":"SKIP","floor":28},{"not_picked":["BasicCrystalCard","Auto Shields"],"picked":"Consume","floor":30},{"not_picked":["Compile Driver","Beam Cell+1","Meteor Strike"],"picked":"SKIP","floor":31},{"not_picked":["Go for the Eyes","Lockon+1","Stack"],"picked":"SKIP","floor":31},{"not_picked":["Seek","Multi-Cast"],"picked":"Core Surge","floor":33},{"not_picked":["ReplayTheSpireMod:Reroute Power+1","Beam Cell"],"picked":"ReplayTheSpireMod:Calculation Training+1","floor":35},{"not_picked":["Redo+1","Loop","Gash"],"picked":"SKIP","floor":35},{"not_picked":["Steam","Compile Driver+1"],"picked":"Capacitor","floor":38},{"not_picked":["Beam Cell+1","Ball Lightning","Rebound"],"picked":"SKIP","floor":38},{"not_picked":["Streamline+1","FIFO Queue","White Noise"],"picked":"SKIP","floor":39},{"not_picked":["Rebound+1","Turbo","Go for the Eyes+1"],"picked":"SKIP","floor":39},{"not_picked":["BootSequence","Ball Lightning","ReplayTheSpireMod:Fabricate Wheel"],"picked":"SKIP","floor":41},{"not_picked":["Beam Cell","Gash"],"picked":"BasicCrystalCard+1","floor":42},{"not_picked":["Go for the Eyes","Turbo+1","Sweeping Beam"],"picked":"SKIP","floor":42},{"not_picked":["Beam Cell+1","Capacitor","Compile Driver"],"picked":"SKIP","floor":42},{"not_picked":["All For One","Beam Cell","Turbo+1"],"picked":"SKIP","floor":42},{"not_picked":["Redo+1","Stack+1"],"picked":"Glacier+1","floor":44},{"not_picked":["Self Repair+1","Auto Shields","Cold Snap+1"],"picked":"SKIP","floor":47},{"not_picked":["Streamline+1","FIFO Queue","Hologram"],"picked":"SKIP","floor":47},{"not_picked":["Cold Snap","Ball Lightning+1","Steam Power+1"],"picked":"SKIP","floor":47},{"not_picked":["Machine Learning","Redo+1","Go for the Eyes"],"picked":"SKIP","floor":47},{"not_picked":["Chill+1","Self Repair+1"],"picked":"hubris:PowerSurge+1","floor":54}],"player_experience":928048,"relics_obtained":[{"floor":7.0,"key":"Replay:Bandana"},{"floor":9.0,"key":"ReplayTheSpireMod:TigerMarble"},{"floor":13,"key":"RollingBoulder"},{"floor":25,"key":"GiantMaggot"},{"floor":30,"key":"aspiration:FrozenJewel"},{"floor":41,"key":"halation:PrussianBluePaint"},{"floor":43,"key":"Cables"},{"floor":44,"key":"halation:BlackBeret"},{"floor":54,"key":"ReplayTheSpireMod:Lightbulb"}],"event_choices":[{"damage_healed":0.0,"max_hp_gain":0.0,"max_hp_loss":0.0,"gold_gain":0.0,"event_name":"Golden Idol","player_choice":"Take Wound","floor":2.0,"gold_loss":0.0,"damage_taken":0.0,"relics_obtained":["Golden Idol"],"cards_obtained":["Injury"]},{"damage_healed":69.0,"max_hp_gain":0.0,"max_hp_loss":75.0,"gold_gain":0.0,"event_name":"betterThird:BetterShining","player_choice":"Upgrade","floor":3.0,"gold_loss":0.0,"damage_taken":15.0,"cards_upgraded":["Chaos","Defend_B"]},{"cards_removed":["Injury"],"damage_healed":0.0,"max_hp_gain":0.0,"max_hp_loss":0.0,"gold_gain":0.0,"event_name":"Purifier","player_choice":"Purged","floor":11.0,"gold_loss":0.0,"damage_taken":0.0},{"damage_healed":0,"gold_gain":0,"player_choice":"Ignored","damage_taken":0,"max_hp_gain":0,"max_hp_loss":0,"event_name":"Cursed Tome","floor":21,"gold_loss":0},{"damage_healed":0,"gold_gain":0,"player_choice":"Ignored","damage_taken":0,"max_hp_gain":0,"max_hp_loss":0,"event_name":"NoteForYourself","floor":22,"gold_loss":0},{"damage_healed":0,"gold_gain":0,"player_choice":"Ignored","damage_taken":0,"max_hp_gain":0,"max_hp_loss":0,"event_name":"Purifier","floor":37,"gold_loss":0},{"damage_healed":0,"gold_gain":0,"cards_transformed":["Strike_B"],"player_choice":"Transformed","damage_taken":0,"max_hp_gain":0,"max_hp_loss":0,"event_name":"Transmorgrifier","floor":48,"gold_loss":0,"cards_obtained":["Hyperbeam"]}],"is_beta":false,"boss_relics":[{"not_picked":["CosmicIsotope","Tiny House"],"picked":"Sandwich"},{"not_picked":["Replay:Ancient Bell","beaked:MawFillet"],"picked":"aspiration:BursterCore"}],"items_purged_floors":[],"is_endless":false,"potions_floor_spawned":[1,4,13,14,24,25,31,39,41,44],"ascension_level":0}}