{"host":"qxeepl7ydvsgmfdb","time":1611746187,"event":{"mods":["AchievementEnabler","BaseMod","Colored Powertips","Minty Spire (QoL Compilation)","Quick Restart","slay the spire mod where everything is the same but ironclad has a cowboy hat"],"gold_per_floor":[119,194,220,235,247,273,273,307,307,307,61,91,91,123,123,226,276,286,37,37,51,6,34,34,50,50,50,50],"floor_reached":27,"language":"ENG","playtime":1513,"items_purged":[],"score":296,"play_id":"76b2617e-5449-46a5-8363-813b5e3394d9","local_time":"20210127061627","is_ascension_mode":true,"campfire_choices":[{"floor":10,"key":"REST"},{"floor":13,"key":"REST"},{"data":"Zap","floor":15,"key":"SMITH"},{"floor":24,"key":"REST"}],"circlet_count":0,"master_deck":["Strike_B","Strike_B","Strike_B","Strike_B","Defend_B","Defend_B","Defend_B+1","Defend_B","Zap+1","Dualcast","Ball Lightning","Leap","Ball Lightning","Regret","Capacitor","Ball Lightning","Leap","Writhe","Redo","Chaos","Redo+1"],"relics":["Cracked Core","NeowsBlessing","Blood Vial","Regal Pillow","White Beast Statue","Eternal Feather","Matryoshka","Bronze Scales","Odd Mushroom","Mummified Hand","Tiny House","Kunai","Art of War","Omamori","Dream Catcher","TungstenRod"],"acts_visited":["Exordium","TheCity"],"potions_floor_usage":[11,14,18,23,25,25,27],"damage_taken":[{"damage":0,"enemies":"Jaw Worm","floor":1,"turns":1},{"damage":0,"enemies":"Cultist","floor":4,"turns":1},{"damage":0,"enemies":"Small Slimes","floor":5,"turns":1},{"damage":29,"enemies":"Lagavulin","floor":6,"turns":6},{"damage":29,"enemies":"Gremlin Nob","floor":8,"turns":4},{"damage":38,"enemies":"The Mushroom Lair","floor":12,"turns":4},{"damage":25,"enemies":"Lagavulin","floor":14,"turns":6},{"damage":31,"enemies":"The Guardian","floor":16,"turns":8},{"damage":4,"enemies":"Spheric Guardian","floor":18,"turns":3},{"damage":30,"enemies":"Shell Parasite","floor":21,"turns":5},{"damage":51,"enemies":"Book of Stabbing","floor":23,"turns":5},{"damage":7,"enemies":"3 Cultists","floor":25,"turns":5},{"damage":59,"enemies":"Gremlin Leader","floor":27,"turns":6}],"seed_played":"-6465139705694925083","potions_obtained":[{"floor":4,"key":"SteroidPotion"},{"floor":8,"key":"DuplicationPotion"},{"floor":12,"key":"LiquidBronze"},{"floor":14,"key":"DuplicationPotion"},{"floor":16,"key":"EssenceOfDarkness"},{"floor":18,"key":"Ancient Potion"},{"floor":21,"key":"PowerPotion"},{"floor":23,"key":"PowerPotion"},{"floor":25,"key":"DistilledChaos"}],"is_trial":false,"path_per_floor":["M","?","T","M","M","E","?","E","T","R","$","?","R","E","R","B",null,"M","$","?","M","$","E","R","M","T","E"],"character_chosen":"DEFECT","items_purchased":["Bronze Scales","Fruit Juice","Kunai","Redo"],"campfire_rested":3,"item_purchase_floors":[11,11,19,22],"current_hp_per_floor":[75,64,64,66,68,41,41,14,14,60,65,29,77,54,63,34,85,81,81,81,53,53,4,56,51,51,0,0],"gold":50,"neow_bonus":"THREE_ENEMY_KILL","is_daily":false,"chose_seed":false,"campfire_upgraded":1,"win_rate":0.0,"timestamp":1611746187,"path_taken":["M","?","?","?","M","E","?","E","T","R","$","?","R","E","R","BOSS","M","$","?","M","?","E","R","M","T","E"],"items_purchased_type":["Relic","Potion","Relic","Card"],"build_version":"2020-12-22","purchased_purges":0,"victory":false,"max_hp_per_floor":[75,75,75,75,75,75,75,75,75,75,80,80,80,80,80,80,85,85,85,85,85,85,85,85,85,85,85,85],"card_choices":[{"not_picked":["Gash","Heatsinks","Beam Cell"],"picked":"SKIP","floor":1},{"not_picked":["Barrage","Fusion"],"picked":"Ball Lightning","floor":4},{"not_picked":["Stack","Multi-Cast"],"picked":"Leap","floor":5},{"not_picked":["Leap","Stack"],"picked":"Ball Lightning","floor":6},{"not_picked":["Biased Cognition","Redo"],"picked":"Capacitor","floor":8},{"not_picked":["Hyperbeam","Beam Cell"],"picked":"Ball Lightning","floor":14},{"not_picked":["Steam","Gash"],"picked":"Leap","floor":18},{"not_picked":["Blizzard","Streamline","Beam Cell"],"picked":"SKIP","floor":21},{"not_picked":["Melter","Tempest+1"],"picked":"Chaos","floor":23},{"not_picked":["Fusion","Amplify"],"picked":"Redo+1","floor":25}],"player_experience":234806,"relics_obtained":[{"floor":3,"key":"Blood Vial"},{"floor":6,"key":"Regal Pillow"},{"floor":8,"key":"Eternal Feather"},{"floor":9,"key":"Matryoshka"},{"floor":12,"key":"Odd Mushroom"},{"floor":14,"key":"Mummified Hand"},{"floor":23,"key":"Omamori"},{"floor":26,"key":"Dream Catcher"},{"floor":26,"key":"TungstenRod"}],"event_choices":[{"damage_healed":0,"gold_gain":75,"player_choice":"Gather Gold","damage_taken":11,"max_hp_gain":0,"max_hp_loss":0,"event_name":"World of Goop","floor":2,"gold_loss":0},{"damage_healed":0,"gold_gain":0,"player_choice":"Box","damage_taken":0,"relics_obtained":["White Beast Statue"],"max_hp_gain":0,"max_hp_loss":0,"event_name":"Big Fish","floor":7,"gold_loss":0,"cards_obtained":["Regret"]},{"damage_healed":0,"gold_gain":0,"player_choice":"Fought Mushrooms","damage_taken":0,"max_hp_gain":0,"max_hp_loss":0,"event_name":"Mushrooms","floor":12,"gold_loss":0},{"damage_healed":0,"gold_gain":0,"player_choice":"Opened","damage_taken":0,"relics_obtained":["Art of War"],"max_hp_gain":0,"max_hp_loss":0,"event_name":"The Mausoleum","floor":20,"gold_loss":0,"cards_obtained":["Writhe"]}],"is_beta":false,"boss_relics":[{"not_picked":["Ectoplasm","Runic Pyramid"],"picked":"Tiny House"}],"items_purged_floors":[],"is_endless":false,"potions_floor_spawned":[4,8,12,14,16,18,21,23,25],"killed_by":"Gremlin Leader","ascension_level":4}}