{"host":"i9o1vf12cf9bzpty","time":1611761872,"event":{"mods":["Act Like it!","Astrologer","BaseMod","Colored Powertips","DeckTracker","Downfall","Hermit","Jorbs\u0027s Wanderer Trilogy","Marisa????????","Minty Spire (QoL Compilation)","Shop Mod","StSLib","The Cursed","The Disciple","The Hierophant","The Mystic","The Servant 0.9.4"],"gold_per_floor":[112,26,101,115,127,127,138,157,157,167,182,182,199,219,219,318,318,336,353,373,169,179,179,379,280,280,195,207,207,207,207,207,207,207],"floor_reached":33,"language":"ENG","playtime":2022,"items_purged":["astrologer:Strike"],"score":243,"play_id":"e69ed46c-7859-400f-9dbc-ddbcf57a399c","local_time":"20210127163752","is_ascension_mode":false,"campfire_choices":[{"data":"astrologer:NorthStar","floor":6,"key":"SMITH"},{"floor":12,"key":"REST"},{"data":"astrologer:Confirmation","floor":15,"key":"SMITH"},{"floor":23,"key":"REST"},{"data":"astrologer:Fireball","floor":30,"key":"SMITH"},{"data":"astrologer:Prismatic","floor":32,"key":"SMITH"}],"circlet_count":0,"master_deck":["astrologer:Strike+1","astrologer:Strike+1","astrologer:Strike+1","astrologer:Defend+1","astrologer:Defend+1","astrologer:Defend+1","astrologer:Defend+1","astrologer:NorthStar+1","astrologer:TheFool","astrologer:Radiance","astrologer:Opposition","astrologer:Prismatic+1","astrologer:Eclipse","astrologer:Confirmation","astrologer:CrystalBall","astrologer:FrozenStar","astrologer:Sunrise","astrologer:StarOfChange","astrologer:Confirmation+1","astrologer:GlassStar","astrologer:TheSun","astrologer:ShootingStar+1","astrologer:Fireball+1","astrologer:Radiance","astrologer:TheTower","astrologer:Conjunction","astrologer:TheSun","astrologer:Opposition","astrologer:ReadTheStars","astrologer:TheStar+1"],"relics":["astrologer:SkyMirror","Meat on the Bone","Philosopher\u0027s Stone","Pocketwatch","Toxic Egg 2"],"acts_visited":["Exordium","TheCity"],"potions_floor_usage":[16,16,20,33],"damage_taken":[{"damage":2,"enemies":"Small Slimes","floor":1,"turns":3},{"damage":4,"enemies":"Jaw Worm","floor":4,"turns":3},{"damage":1,"enemies":"Cultist","floor":5,"turns":3},{"damage":10,"enemies":"Looter","floor":7,"turns":3},{"damage":0,"enemies":"3 Louse","floor":8,"turns":2},{"damage":6,"enemies":"Large Slime","floor":10,"turns":6},{"damage":19,"enemies":"Blue Slaver","floor":11,"turns":4},{"damage":6,"enemies":"3 Louse","floor":13,"turns":4},{"damage":4,"enemies":"Large Slime","floor":14,"turns":4},{"damage":26,"enemies":"The Guardian","floor":16,"turns":9},{"damage":13,"enemies":"2 Thieves","floor":18,"turns":3},{"damage":10,"enemies":"3 Byrds","floor":19,"turns":3},{"damage":33,"enemies":"Snake Plant","floor":20,"turns":4},{"damage":19,"enemies":"Cultist and Chosen","floor":22,"turns":5},{"damage":0,"enemies":"Chosen and Byrds","floor":28,"turns":4},{"damage":69,"enemies":"Collector","floor":33,"turns":6}],"seed_played":"2573657545492509103","potions_obtained":[{"floor":7,"key":"SmokeBomb"},{"floor":8,"key":"Explosive Potion"},{"floor":13,"key":"Energy Potion"},{"floor":16,"key":"Guardian:BlockOnCardUsePotion"},{"floor":18,"key":"AttackPotion"},{"floor":28,"key":"DistilledChaos"}],"is_trial":false,"path_per_floor":["M","$","?","M","M","R","M","M","T","M","M","R","M","M","R","B",null,"M","M","M","$","M","R","?","$","T","?","M","?","R","?","R","B"],"character_chosen":"ASTROLOGER","items_purchased":["astrologer:Opposition","astrologer:Prismatic","astrologer:TheTower","astrologer:Conjunction","astrologer:Opposition","astrologer:ReadTheStars"],"campfire_rested":2,"item_purchase_floors":[2,2,21,21,25,25],"current_hp_per_floor":[75,75,64,60,59,59,49,49,49,43,36,59,53,49,49,35,77,64,54,33,33,26,49,49,49,49,49,49,49,49,49,49,0,0],"gold":207,"neow_bonus":"TEN_PERCENT_HP_BONUS","is_daily":false,"chose_seed":false,"campfire_upgraded":4,"win_rate":0.0,"timestamp":1611761872,"path_taken":["M","$","?","M","M","R","M","M","T","M","M","R","M","M","R","BOSS","M","M","M","$","M","R","?","?","T","?","M","?","R","?","R","BOSS"],"items_purchased_type":["Card","Card","Card","Card","Card","Card"],"build_version":"2020-12-22","purchased_purges":1,"victory":false,"max_hp_per_floor":[77,77,77,77,77,77,77,77,77,77,77,77,77,77,77,77,77,77,77,77,77,77,77,77,77,77,77,77,77,77,77,77,77,77],"card_choices":[{"not_picked":["astrologer:SolarFlare","astrologer:Sunrise"],"picked":"astrologer:Radiance","floor":1},{"not_picked":["astrologer:TheMoon","astrologer:Still"],"picked":"astrologer:Eclipse","floor":4},{"not_picked":["astrologer:Retelling","astrologer:Justice"],"picked":"astrologer:Confirmation","floor":5},{"not_picked":["astrologer:Still","astrologer:GlassStar"],"picked":"astrologer:CrystalBall","floor":7},{"not_picked":["astrologer:Radiance","astrologer:Opposition"],"picked":"astrologer:FrozenStar","floor":8},{"not_picked":["astrologer:Premeditation","astrologer:Still"],"picked":"astrologer:Sunrise","floor":10},{"not_picked":["astrologer:CometStrike","astrologer:MeteorShower"],"picked":"astrologer:StarOfChange","floor":11},{"not_picked":["astrologer:Conjunction","astrologer:Moonlight"],"picked":"astrologer:Confirmation","floor":13},{"not_picked":["astrologer:CometStrike","astrologer:RejectReality"],"picked":"astrologer:GlassStar","floor":14},{"not_picked":["astrologer:Starfield","astrologer:TheMagician"],"picked":"astrologer:TheSun","floor":16},{"not_picked":["astrologer:StarOfMisfortune","astrologer:FrozenStar"],"picked":"astrologer:ShootingStar+1","floor":18},{"not_picked":["astrologer:SpaceDust","astrologer:TheHierophant"],"picked":"astrologer:Fireball","floor":19},{"not_picked":["astrologer:SpaceDust","astrologer:Prestidigitation"],"picked":"astrologer:Radiance","floor":20},{"not_picked":["astrologer:Conjunction","astrologer:Moonlight"],"picked":"astrologer:TheSun","floor":22},{"not_picked":["astrologer:Opposition","astrologer:Moonlight+1"],"picked":"astrologer:TheStar+1","floor":28}],"player_experience":292860,"relics_obtained":[{"floor":9,"key":"Meat on the Bone"},{"floor":26,"key":"Pocketwatch"}],"event_choices":[{"damage_healed":0,"gold_gain":75,"player_choice":"Gather Gold","damage_taken":11,"max_hp_gain":0,"max_hp_loss":0,"event_name":"World of Goop","floor":3,"gold_loss":0},{"damage_healed":0,"gold_gain":200,"player_choice":"Gold","damage_taken":0,"max_hp_gain":0,"max_hp_loss":0,"event_name":"Wheel of Change","floor":24,"gold_loss":0},{"damage_healed":0,"gold_gain":0,"player_choice":"Obtained Relic","damage_taken":0,"relics_obtained":["Toxic Egg 2"],"max_hp_gain":0,"max_hp_loss":0,"event_name":"Addict","floor":27,"gold_loss":85},{"damage_healed":0,"gold_gain":0,"player_choice":"Simplicity","damage_taken":0,"max_hp_gain":0,"max_hp_loss":0,"event_name":"Back to Basics","floor":29,"gold_loss":0,"cards_upgraded":["astrologer:Strike","astrologer:Strike","astrologer:Strike","astrologer:Defend","astrologer:Defend","astrologer:Defend","astrologer:Defend"]}],"is_beta":false,"boss_relics":[{"not_picked":["Coffee Dripper","Snecko Eye"],"picked":"Philosopher\u0027s Stone"}],"items_purged_floors":[21],"is_endless":false,"potions_floor_spawned":[7,8,13,14,16,18,28],"killed_by":"Collector","ascension_level":0}}