{"host":"mmro3auxcbu5pwad","time":1611764194,"event":{"mods":["Aspiration","BaseMod","Conspire","Energized Spire","Halation","Hubris","Infinite Spire","Minty Spire (QoL Compilation)","Permanent Neow","Replay The Spire","StSLib"],"gold_per_floor":[109,109,124,138,156,156,173,190,214,5,5,5,32,32,32,135,135,155,172,172,205,16,16,16,16,16,26,40,40,40,54,54,155,155,175,188,188,188,200,200,93,110,110,110,210,225,225,225,225,250,250,250],"floor_reached":53,"language":"ENG","playtime":1842,"items_purged":["Strike_P","FollowUp"],"score":737,"play_id":"fc47b825-f09b-44fe-a760-1f0189e9b549","local_time":"20210127171634","is_ascension_mode":false,"campfire_choices":[{"data":"EmptyFist","floor":6,"key":"SMITH"},{"data":"Defend_P","floor":12,"key":"SMITH"},{"floor":15,"key":"REST"},{"floor":23,"key":"REST"},{"floor":25,"key":"REST"},{"data":"Alpha","floor":29,"key":"SMITH"},{"floor":32,"key":"REST"},{"floor":40,"key":"REST"},{"floor":51,"key":"REST"}],"circlet_count":0,"master_deck":["Strike_P","Strike_P","Defend_P","Defend_P","Defend_P","Defend_P+1","Eruption+1","EmptyBody+1","WheelKick","EmptyFist+1","FlurryOfBlows","Prostrate","Panacea","Adaptation","Alpha+1","Prostrate","Conclude+1","Flash of Steel","Protect+1","DeusExMachina","Conclude+1","infinitespire:Punishment"],"relics":["PureWater","Damaru","Replay:Mystery Machine","SlaversCollar","ReplayTheSpireMod:TigerMarble","Replay:Baseball","VioletLotus","hubris:Icosahedron","halation:PeacePiece","hubris:SphereOfDissonance","halation:PrussianBluePaint","hubris:VirtuousBlindfold"],"acts_visited":["Exordium","TheCity","TheBeyond"],"potions_floor_usage":[13,28,28,28,28,36,52,52,52],"damage_taken":[{"damage":4,"enemies":"Jaw Worm","floor":1,"turns":3},{"damage":0,"enemies":"Cultist","floor":3,"turns":2},{"damage":0,"enemies":"Small Slimes","floor":4,"turns":2},{"damage":17,"enemies":"Exordium Wildlife","floor":5,"turns":2},{"damage":0,"enemies":"Large Slime","floor":7,"turns":2},{"damage":8,"enemies":"Red Slaver","floor":8,"turns":3},{"damage":5,"enemies":"3 Sentries","floor":13,"turns":6},{"damage":35,"enemies":"Hexaghost","floor":16,"turns":9},{"damage":20,"enemies":"Shell Parasite","floor":18,"turns":4},{"damage":11,"enemies":"Spheric Guardian","floor":19,"turns":5},{"damage":30,"enemies":"conspire:MimicChest","floor":21,"turns":5},{"damage":3,"enemies":"Centurion and Healer","floor":27,"turns":4},{"damage":13,"enemies":"3 Cultists","floor":28,"turns":4},{"damage":22,"enemies":"Chosen and Byrds","floor":31,"turns":5},{"damage":16,"enemies":"conspire:MysteriousRune","floor":33,"turns":9},{"damage":14,"enemies":"3 Darklings","floor":35,"turns":3},{"damage":19,"enemies":"Orb Walker","floor":36,"turns":4},{"damage":5,"enemies":"Jaw Worm Horde","floor":39,"turns":4},{"damage":9,"enemies":"4 Shapes","floor":42,"turns":6},{"damage":0,"enemies":"Transient","floor":46,"turns":5},{"damage":22,"enemies":"Giant Head","floor":50,"turns":8},{"damage":38,"enemies":"Donu and Deca","floor":52,"turns":8}],"seed_played":"-8666715036668633265","potions_obtained":[{"floor":8,"key":"Block Potion"},{"floor":13,"key":"Energy Potion"},{"floor":19,"key":"Elixir"},{"floor":21,"key":"EntropicBrew"},{"floor":28,"key":"Strength Potion"},{"floor":33,"key":"DistilledChaos"},{"floor":39,"key":"BlessingOfTheForge"},{"floor":42,"key":"Elixir"}],"is_trial":false,"path_per_floor":["M","?","M","M","M","R","M","M","T","$","?","R","E","?","R","B",null,"M","M","?","?","$","R","?","R","T","M","M","R","$","M","R","B",null,"M","M","?","?","M","R","$","M","T","$","?","M","AVR","PTL","PTL","E","R","B",null],"character_chosen":"WATCHER","items_purchased":["Prostrate","Panacea","Flash of Steel","halation:PeacePiece"],"campfire_rested":6,"item_purchase_floors":[10,10,22,41],"current_hp_per_floor":[68,68,68,68,51,51,51,43,43,43,43,43,38,38,59,24,72,52,41,41,11,11,32,32,53,53,50,37,37,37,15,36,20,72,58,39,39,39,34,55,55,46,46,46,46,46,46,46,46,24,45,7],"gold":250,"neow_bonus":"UPGRADE_CARD","is_daily":false,"chose_seed":false,"campfire_upgraded":3,"win_rate":0.0,"timestamp":1611764194,"path_taken":["M","?","?","M","M","R","M","M","T","$","?","R","E","?","R","BOSS","M","M","?","?","$","R","?","R","T","M","?","R","?","M","R","BOSS","M","M","?","?","?","R","?","M","T","$","?","?","AVR","PTL","PTL","E","R","BOSS"],"items_purchased_type":["Card","Card","Card","Relic"],"build_version":"2020-12-22","purchased_purges":2,"victory":true,"max_hp_per_floor":[72,72,72,72,72,72,72,72,72,72,72,72,72,72,72,72,72,72,72,72,72,72,72,72,72,72,72,72,72,72,72,72,72,72,72,72,72,72,72,72,72,72,72,72,72,72,72,72,72,72,72,72],"card_choices":[{"not_picked":["Protect","Fasting2"],"picked":"FollowUp","floor":1},{"not_picked":["Adaptation","Protect"],"picked":"EmptyBody","floor":3},{"not_picked":["ThirdEye","Worship"],"picked":"WheelKick","floor":4},{"not_picked":["CutThroughFate","BowlingBash"],"picked":"EmptyFist","floor":5},{"not_picked":["CutThroughFate","CrushJoints","PathToVictory"],"picked":"SKIP","floor":7},{"not_picked":["ForeignInfluence","Consecrate"],"picked":"FlurryOfBlows","floor":8},{"not_picked":["WheelKick","MentalFortress"],"picked":"Adaptation","floor":13},{"not_picked":["Blasphemy","Establishment"],"picked":"Alpha","floor":16},{"not_picked":["ClearTheMind+1","FlyingSleeves"],"picked":"Prostrate","floor":18},{"not_picked":["Consecrate","Replay:ManipulateFuture+1","Evaluate"],"picked":"SKIP","floor":19},{"not_picked":["ThirdEye","SignatureMove"],"picked":"Conclude+1","floor":21},{"not_picked":["DevaForm","JustLucky+1","Replay:Cycle"],"picked":"SKIP","floor":27},{"not_picked":["FlurryOfBlows+1","Replay:DivineShield","Replay:AtTheReady"],"picked":"SKIP","floor":28},{"not_picked":["FollowUp","Replay:BluntJabs+1"],"picked":"Protect+1","floor":31},{"not_picked":["Alpha","Blasphemy"],"picked":"DeusExMachina","floor":33},{"not_picked":["WaveOfTheHand+1","Wallop","TalkToTheHand"],"picked":"SKIP","floor":35},{"not_picked":["SignatureMove","Crescendo+1"],"picked":"Conclude+1","floor":36},{"not_picked":["Replay:AtTheReady+1","Meditate+1","Halt+1"],"picked":"SKIP","floor":39},{"not_picked":["Replay:ManipulateFuture+1","JustLucky","Adaptation+1"],"picked":"SKIP","floor":42},{"not_picked":["JustLucky","BowlingBash+1","Brilliance"],"picked":"SKIP","floor":46},{"not_picked":["JustLucky","BowlingBash+1","Brilliance"],"picked":"SKIP","floor":46},{"not_picked":["EmptyBody","Replay:Hum","WaveOfTheHand"],"picked":"SKIP","floor":50}],"player_experience":55442,"relics_obtained":[{"floor":9,"key":"Damaru"},{"floor":13,"key":"Replay:Mystery Machine"},{"floor":21,"key":"ReplayTheSpireMod:TigerMarble"},{"floor":26,"key":"Replay:Baseball"},{"floor":43,"key":"hubris:SphereOfDissonance"}],"event_choices":[{"cards_removed":["Vigilance"],"damage_healed":0,"gold_gain":0,"player_choice":"Offered Basic","damage_taken":0,"max_hp_gain":0,"max_hp_loss":0,"event_name":"Bonfire Elementals","floor":2,"gold_loss":0},{"damage_healed":0,"gold_gain":0,"player_choice":"Grow","damage_taken":0,"max_hp_gain":0,"max_hp_loss":0,"event_name":"Living Wall","floor":11,"gold_loss":0,"cards_upgraded":["EmptyBody"]},{"damage_healed":0,"gold_gain":0,"player_choice":"Leave","damage_taken":0,"max_hp_gain":0,"max_hp_loss":0,"event_name":"conspire:Investor","floor":20,"gold_loss":0},{"damage_healed":0,"gold_gain":0,"player_choice":"Ignored","damage_taken":0,"max_hp_gain":0,"max_hp_loss":0,"event_name":"Vampires","floor":24,"gold_loss":0},{"cards_removed":["Strike_P"],"damage_healed":0,"gold_gain":0,"player_choice":"Purged","damage_taken":0,"max_hp_gain":0,"max_hp_loss":0,"event_name":"Purifier","floor":38,"gold_loss":0},{"damage_healed":0,"gold_gain":100,"player_choice":"Pray","damage_taken":0,"max_hp_gain":0,"max_hp_loss":0,"event_name":"Golden Shrine","floor":45,"gold_loss":0}],"is_beta":false,"boss_relics":[{"not_picked":["halation:SmartPhone","hubris:TerracottaHorce"],"picked":"SlaversCollar"},{"not_picked":["Honey Jar","halation:CatFaceCupcake"],"picked":"VioletLotus"}],"items_purged_floors":[10,22],"is_endless":false,"potions_floor_spawned":[8,13,19,21,28,33,39,42],"ascension_level":0}}