{"host":"wbdly04l9mkn9nrc","time":1611720515,"event":{"mods":["AchievementEnabler","BaseMod","BetterRewards","Minty Spire (QoL Compilation)","Replay The Spire","StSLib","[IsaacMod]ÒÔÈö¼âËþ"],"gold_per_floor":[117,117,117,67,67,67,111,111,166,166,200,200,200,216,216,336,336,352,352,277,290,290,329,329,362,362,362,382,417,146,180,180,284,284,302,239,239,239],"floor_reached":39,"language":"ZHS","playtime":1594,"items_purged":["Replay:Hysterical Blindness","Pain","Defend_B"],"score":1435,"play_id":"df43a231-6554-41a4-af5b-cf35f76c46f1","local_time":"20210127120835","is_ascension_mode":true,"campfire_choices":[{"floor":6.0,"key":"REST"},{"data":"Bash","floor":13.0,"key":"SMITH"},{"data":"Amnesia","floor":15.0,"key":"PURGE"},{"data":"Limit Break","floor":27.0,"key":"SMITH"},{"data":"Static Discharge","floor":32.0,"key":"SMITH"}],"circlet_count":0,"master_deck":["Strike_B+1","Strike_B+1","Strike_B+1","Strike_B+1","Defend_B","Defend_B","Defend_B","Zap","Rip and Tear","Rebound","Streamline","Ball Lightning+1","Sweeping Beam+1","Hologram+1","Bash+1","Skim","Limit Break+1","Static Discharge+1","Melter"],"relics":["HushsDoor","BookOfRevelations","BelialBook","Pen Nib","Replay:Bottled Eggs","Habit","ReplayTheSpireMod:CursedCoin","Thread and Needle","Bag of Marbles","Juzu Bracelet","Void","Bloody Idol","Iron Core","Letter Opener","Gremlin Food","Solar Panel","Darkstone Periapt","Ring of Peace","ReplayTheSpireMod:Ring of Exchange","Membership Card","SatanicBible","Chaos","WarpedTongs","Meat on the Bone","ForgetMeNow","TheBible","Ring of the Snake","Whetstone","Divine Protection","YumHeart","Incense Burner","SatanicBible"],"acts_visited":["Exordium","TheCity","TheBeyond"],"potions_floor_usage":[],"damage_taken":[{"damage":0.0,"enemies":"Small Slimes","floor":1.0,"turns":2.0},{"damage":0.0,"enemies":"Lagavulin","floor":7.0,"turns":2.0},{"damage":0.0,"enemies":"Gremlin Nob","floor":11.0,"turns":3.0},{"damage":0.0,"enemies":"Jaw Worm","floor":14.0,"turns":1.0},{"damage":0.0,"enemies":"Slime Boss","floor":16.0,"turns":5.0},{"damage":0.0,"enemies":"3 Byrds","floor":18.0,"turns":4.0},{"damage":0.0,"enemies":"Shell Parasite","floor":21.0,"turns":2.0},{"damage":0.0,"enemies":"Book of Stabbing","floor":23.0,"turns":2.0},{"damage":0.0,"enemies":"Replay:Snechameleon","floor":25.0,"turns":3.0},{"damage":0.0,"enemies":"Cultist and Chosen","floor":28.0,"turns":4.0},{"damage":0.0,"enemies":"Gremlin Leader","floor":29.0,"turns":4.0},{"damage":0.0,"enemies":"Slavers","floor":31.0,"turns":4.0},{"damage":0.0,"enemies":"Automaton","floor":33.0,"turns":6.0},{"damage":0.0,"enemies":"3 Shapes","floor":35.0,"turns":4.0},{"damage":19,"enemies":"Replay:Hell Engine","floor":38,"turns":5}],"seed_played":"-6842473651454326896","potions_obtained":[{"floor":1.0,"key":"GamblersBrew"},{"floor":16.0,"key":"Explosive Potion"},{"floor":18.0,"key":"Swift Potion"}],"is_trial":false,"path_per_floor":["M","?","?","$","?","R","E","?","T","T","E","?","R","M","R","B",null,"M","?","$","M","?","E","?","E","T","R","M","E","$","E","R","B",null,"M","$","?","B",null],"character_chosen":"DEFECT","items_purchased":["BelialBook","Pen Nib","Rip and Tear","Replay:Bottled Eggs","Habit","Rebound","ReplayTheSpireMod:CursedCoin","Streamline","Thread and Needle","Bag of Marbles","Juzu Bracelet","Ball Lightning","Block Potion","AttackPotion","Hologram","SatanicBible","Chaos","Whetstone","Melter","Divine Protection","SatanicBible"],"campfire_rested":1,"item_purchase_floors":[0,0,0,0,0,0,0,0,0,0,0,0,0,0,4,17,20,30,30,30,34],"current_hp_per_floor":[20,20,20,20,20,42,42,42,42,42,44,50,50,50,50,52,66,70,70,70,70,76,76,76,77,77,77,77,77,77,77,77,77,67,67,67,67,52],"gold":239,"neow_bonus":"","is_daily":false,"chose_seed":false,"campfire_upgraded":3,"win_rate":0.0,"timestamp":1611720515,"path_taken":["M","?","?","$","?","R","E","?","T","?","E","?","R","M","R","BOSS","M","?","$","M","?","E","?","E","T","R","M","E","$","E","R","BOSS","M","$","?","BOSS"],"items_purchased_type":["Relic","Relic","Card","Relic","Relic","Card","Relic","Card","Relic","Relic","Relic","Card","Potion","Potion","Card","Relic","Card","Relic","Card","Relic","Relic"],"build_version":"2020-12-22","purchased_purges":3,"victory":true,"max_hp_per_floor":[75,75,75,75,75,75,75,75,75,75,75,81,81,81,81,81,71,71,71,71,71,77,77,77,77,77,77,77,77,77,77,77,77,67,67,67,67,67],"card_choices":[{"not_picked":[],"picked":"ChaosCard","floor":0.0},{"not_picked":["Cold Snap","Bomb"],"picked":"Sweeping Beam","floor":1.0},{"not_picked":["ReplayTheSpireMod:GoodbyeWorld","Darkness","Barricade"],"picked":"SKIP","floor":7.0},{"not_picked":["Flex","Scorching Beam","Sunder"],"picked":"SKIP","floor":11.0},{"not_picked":["Ball Lightning","Warcry"],"picked":"Skim","floor":14.0},{"not_picked":["Fission","Barricade"],"picked":"Limit Break","floor":16.0},{"not_picked":["Darkness","Panic Button","Self Repair"],"picked":"SKIP","floor":18.0},{"not_picked":["ReplayTheSpireMod:Reroute Power","Fan","ReplayGash+1"],"picked":"SKIP","floor":21.0},{"not_picked":["Darkness","Streamline","Gash+1"],"picked":"SKIP","floor":23.0},{"not_picked":["Defragment+1","Scrape","Hologram"],"picked":"SKIP","floor":25.0},{"not_picked":["Compile Driver","Fusion","Conserve Battery"],"picked":"SKIP","floor":28.0},{"not_picked":["Fan","Coolheaded"],"picked":"Static Discharge","floor":29.0},{"not_picked":["Steam","Ball Lightning","ReplayTheSpireMod:System Scan+1"],"picked":"SKIP","floor":31.0},{"not_picked":["Sweeping Beam+1","Genetic Algorithm+1","Warcry"],"picked":"SKIP","floor":35.0}],"player_experience":270387,"relics_obtained":[{"floor":7.0,"key":"Letter Opener"},{"floor":9.0,"key":"Gremlin Food"},{"floor":10.0,"key":"Solar Panel"},{"floor":11.0,"key":"Darkstone Periapt"},{"floor":12.0,"key":"Ring of Peace"},{"floor":12.0,"key":"ReplayTheSpireMod:Ring of Exchange"},{"floor":23.0,"key":"Meat on the Bone"},{"floor":25.0,"key":"ForgetMeNow"},{"floor":26.0,"key":"TheBible"},{"floor":29.0,"key":"Ring of the Snake"},{"floor":31.0,"key":"YumHeart"}],"event_choices":[{"damage_healed":0.0,"max_hp_gain":0.0,"max_hp_loss":0.0,"gold_gain":0.0,"event_name":"Golden Idol","player_choice":"Take Wound","floor":2.0,"gold_loss":0.0,"damage_taken":0.0,"relics_obtained":["Golden Idol"],"cards_obtained":["Injury"]},{"cards_removed":["Injury"],"damage_healed":0.0,"max_hp_gain":0.0,"max_hp_loss":0.0,"gold_gain":0.0,"event_name":"Purifier","player_choice":"Purged","floor":3.0,"gold_loss":0.0,"damage_taken":0.0},{"damage_healed":0.0,"max_hp_gain":0.0,"max_hp_loss":0.0,"gold_gain":0.0,"event_name":"Living Wall","player_choice":"Grow","floor":8.0,"gold_loss":0.0,"damage_taken":0.0,"cards_upgraded":["Hologram"]},{"damage_healed":0.0,"max_hp_gain":0.0,"max_hp_loss":0.0,"gold_gain":0.0,"event_name":"Ghosts","player_choice":"Ignored","floor":19.0,"gold_loss":0.0,"damage_taken":0.0},{"damage_healed":0.0,"max_hp_gain":0.0,"max_hp_loss":0.0,"gold_gain":0.0,"event_name":"Accursed Blacksmith","player_choice":"Rummage","floor":22.0,"gold_loss":0.0,"damage_taken":0.0,"relics_obtained":["WarpedTongs"],"cards_obtained":["Pain"]},{"damage_healed":0.0,"max_hp_gain":0.0,"max_hp_loss":0.0,"gold_gain":0.0,"event_name":"Forgotten Altar","player_choice":"Gave Idol","floor":24.0,"relics_lost":["Golden Idol"],"gold_loss":0.0,"damage_taken":0.0,"relics_obtained":["Bloody Idol"]},{"damage_healed":0,"gold_gain":0,"player_choice":"Took Portal","damage_taken":0,"max_hp_gain":0,"max_hp_loss":0,"event_name":"SecretPortal","floor":37,"gold_loss":0}],"is_beta":false,"boss_relics":[{"not_picked":["SlaversCollar","Ring of Chaos"],"picked":"Membership Card"},{"not_picked":[]},{"not_picked":["Smiling Mask","Snecko Eye"],"picked":"Incense Burner"},{"not_picked":[]}],"items_purged_floors":[0,30,36],"is_endless":false,"potions_floor_spawned":[1,7,16,18,23,25],"ascension_level":8}}