{"host":"g2yp6paluzgljz05","time":1611761098,"event":{"mods":["BaseMod","Bestiary","Colored Powertips","DeckTracker","Highlight Path","Minty Spire (QoL Compilation)","Quick Restart"],"gold_per_floor":[111,111,186,206,206,237,237,20,20,64,64,29,48,48,48,178,178,118,118,118,18,18,18,18,18,18,18,18,18,18,18,18,18,18,18,18,18,18,18,18,18,18,18,18,18,18,18,18,18,18],"floor_reached":51,"language":"ENG","playtime":3233,"items_purged":["Strike_R","Strike_R"],"score":1228,"play_id":"cd7beb2f-8a33-4cb5-8303-2b22c5ed6fb4","local_time":"20210128022458","is_ascension_mode":true,"campfire_choices":[{"data":"Berserk","floor":7,"key":"SMITH"},{"data":"Body Slam","floor":11,"key":"SMITH"},{"data":"True Grit","floor":15,"key":"SMITH"},{"data":"Juggernaut","floor":23,"key":"SMITH"},{"data":"Flame Barrier","floor":25,"key":"SMITH"},{"data":"Body Slam","floor":29,"key":"SMITH"},{"data":"Demon Form","floor":32,"key":"SMITH"},{"floor":41,"key":"REST"},{"floor":47,"key":"REST"},{"data":"Limit Break","floor":49,"key":"SMITH"}],"circlet_count":0,"master_deck":["Defend_R+1","Defend_R","Defend_R","Defend_R","Bash","Body Slam+1","Armaments","Berserk+1","Finesse","True Grit+1","Juggernaut+1","Flame Barrier+1","Battle Trance","Demon Form+1","Body Slam+1","Warcry","Limit Break+1","Second Wind+1","Entrench+1","Warcry+1","Flame Barrier+1","Shockwave+1","Offering","Shrug It Off+1"],"relics":["Burning Blood","NeowsBlessing","Golden Idol","Gremlin Horn","Matryoshka","Bag of Preparation","Boot","Vajra","Ectoplasm","Pear","Bottled Flame","Pen Nib","Meat on the Bone","Astrolabe","Calipers","Singing Bowl","Regal Pillow","Self Forming Clay","Potion Belt"],"acts_visited":["Exordium","TheCity","TheBeyond"],"potions_floor_usage":[13,16,31,33,50,50,50,50],"damage_taken":[{"damage":0,"enemies":"2 Louse","floor":1,"turns":1},{"damage":0,"enemies":"Small Slimes","floor":4,"turns":2},{"damage":0,"enemies":"3 Sentries","floor":6,"turns":1},{"damage":60,"enemies":"Gremlin Nob","floor":10,"turns":5},{"damage":4,"enemies":"Jaw Worm","floor":13,"turns":4},{"damage":48,"enemies":"The Guardian","floor":16,"turns":15},{"damage":17,"enemies":"2 Thieves","floor":18,"turns":4},{"damage":7,"enemies":"Spheric Guardian","floor":22,"turns":4},{"damage":58,"enemies":"Slavers","floor":24,"turns":6},{"damage":0,"enemies":"Gremlin Leader","floor":27,"turns":4},{"damage":10,"enemies":"Snecko","floor":28,"turns":4},{"damage":0,"enemies":"Shelled Parasite and Fungi","floor":31,"turns":4},{"damage":71,"enemies":"Collector","floor":33,"turns":8},{"damage":0,"enemies":"3 Shapes","floor":35,"turns":4},{"damage":0,"enemies":"Orb Walker","floor":37,"turns":1},{"damage":0,"enemies":"Mind Bloom Boss Battle","floor":38,"turns":5},{"damage":55,"enemies":"Reptomancer","floor":40,"turns":4},{"damage":6,"enemies":"Giant Head","floor":42,"turns":7},{"damage":6,"enemies":"Maw","floor":44,"turns":6},{"damage":20,"enemies":"Jaw Worm Horde","floor":45,"turns":4},{"damage":35,"enemies":"Sphere and 2 Shapes","floor":46,"turns":6},{"damage":6,"enemies":"Reptomancer","floor":48,"turns":5},{"damage":30,"enemies":"Donu and Deca","floor":50,"turns":6}],"seed_played":"-4960401272893572724","potions_obtained":[{"floor":6,"key":"FairyPotion"},{"floor":10,"key":"Fruit Juice"},{"floor":13,"key":"ColorlessPotion"},{"floor":22,"key":"LiquidMemories"},{"floor":24,"key":"Swift Potion"},{"floor":27,"key":"Ancient Potion"},{"floor":40,"key":"Block Potion"},{"floor":42,"key":"EssenceOfSteel"},{"floor":48,"key":"PowerPotion"}],"is_trial":false,"path_per_floor":["M","?","?","M","?","E","R","$","T","E","R","?","M","T","R","B",null,"M","?","?","$","M","R","E","R","T","E","M","R","?","M","R","B",null,"M","?","M","?","?","E","R","E","T","M","M","M","R","E","R","B",null],"character_chosen":"IRONCLAD","items_purchased":["Finesse","True Grit"],"campfire_rested":2,"item_purchase_floors":[8,8],"current_hp_per_floor":[78,58,47,53,37,43,43,43,43,30,30,50,57,57,57,15,68,57,57,95,95,94,94,52,52,52,58,66,66,66,72,72,19,84,90,90,96,100,100,63,93,95,95,97,85,70,108,110,110,86],"gold":18,"neow_bonus":"THREE_ENEMY_KILL","is_daily":false,"chose_seed":false,"campfire_upgraded":8,"win_rate":0.0,"timestamp":1611761098,"path_taken":["M","?","?","M","?","E","R","?","T","E","R","?","M","?","R","BOSS","M","?","?","$","?","R","E","R","T","E","M","R","?","M","R","BOSS","M","?","M","?","?","E","R","E","T","M","M","M","R","E","R","BOSS"],"items_purchased_type":["Card","Card"],"build_version":"2020-12-22","purchased_purges":2,"victory":true,"max_hp_per_floor":[80,80,80,80,80,80,80,80,80,80,80,80,85,85,85,85,85,85,85,95,95,95,95,105,105,105,105,105,105,105,105,105,105,105,105,100,100,100,100,100,100,102,102,104,106,108,108,110,110,110],"card_choices":[{"not_picked":["Evolve","Flex"],"picked":"Body Slam","floor":1},{"not_picked":["Pommel Strike","Intimidate"],"picked":"Armaments","floor":4},{"not_picked":["Inflame","Sword Boomerang"],"picked":"Berserk","floor":6},{"not_picked":["Spot Weakness","Clothesline","Thunderclap"],"picked":"SKIP","floor":10},{"not_picked":["Combust","Spot Weakness","Dual Wield"],"picked":"SKIP","floor":13},{"not_picked":["Bludgeon","Limit Break"],"picked":"Feed","floor":16},{"not_picked":["Perfected Strike+1","Havoc","Armaments+1"],"picked":"SKIP","floor":18},{"not_picked":["Twin Strike","Armaments+1"],"picked":"Flame Barrier","floor":22},{"not_picked":["Havoc+1","Rampage"],"picked":"Battle Trance","floor":24},{"not_picked":["Power Through+1","Sword Boomerang"],"picked":"Demon Form","floor":27},{"not_picked":["Havoc+1","Dropkick"],"picked":"Body Slam","floor":28},{"not_picked":["Perfected Strike","Sword Boomerang"],"picked":"Warcry","floor":31},{"not_picked":["Exhume","Feed"],"picked":"Limit Break","floor":33},{"not_picked":["Armaments+1","Disarm+1"],"picked":"Flame Barrier+1","floor":35},{"not_picked":["True Grit+1","Flex+1"],"picked":"Shockwave+1","floor":37},{"not_picked":["Clothesline","Clash"],"picked":"Offering","floor":38},{"not_picked":["Perfected Strike","Dropkick"],"picked":"Shrug It Off+1","floor":40},{"not_picked":["Uppercut+1","Flex+1","Searing Blow"],"picked":"Singing Bowl","floor":42},{"not_picked":["Rage","Warcry","Anger"],"picked":"Singing Bowl","floor":44},{"not_picked":["Warcry","Bloodletting+1","Thunderclap"],"picked":"Singing Bowl","floor":45},{"not_picked":["Entrench","Heavy Blade+1","Clothesline"],"picked":"Singing Bowl","floor":46},{"not_picked":["Fire Breathing","Dropkick","Bludgeon"],"picked":"Singing Bowl","floor":48}],"player_experience":279337,"relics_obtained":[{"floor":6,"key":"Gremlin Horn"},{"floor":9,"key":"Matryoshka"},{"floor":10,"key":"Bag of Preparation"},{"floor":14,"key":"Boot"},{"floor":14,"key":"Vajra"},{"floor":24,"key":"Pear"},{"floor":26,"key":"Bottled Flame"},{"floor":26,"key":"Pen Nib"},{"floor":27,"key":"Meat on the Bone"},{"floor":38,"key":"Calipers"},{"floor":40,"key":"Singing Bowl"},{"floor":42,"key":"Regal Pillow"},{"floor":43,"key":"Self Forming Clay"},{"floor":48,"key":"Potion Belt"}],"event_choices":[{"damage_healed":0,"gold_gain":0,"player_choice":"Take Damage","damage_taken":20,"relics_obtained":["Golden Idol"],"max_hp_gain":0,"max_hp_loss":0,"event_name":"Golden Idol","floor":2,"gold_loss":0},{"damage_healed":0,"gold_gain":75,"player_choice":"Gather Gold","damage_taken":11,"max_hp_gain":0,"max_hp_loss":0,"event_name":"World of Goop","floor":3,"gold_loss":0},{"damage_healed":0,"gold_gain":0,"player_choice":"Entered Light","damage_taken":16,"max_hp_gain":0,"max_hp_loss":0,"event_name":"Shining Light","floor":5,"gold_loss":0,"cards_upgraded":["Strike_R","Defend_R"]},{"damage_healed":20,"gold_gain":0,"player_choice":"Healed","damage_taken":0,"max_hp_gain":0,"max_hp_loss":0,"event_name":"The Cleric","floor":12,"gold_loss":35},{"damage_healed":0,"gold_gain":0,"player_choice":"Read","damage_taken":0,"max_hp_gain":0,"max_hp_loss":0,"event_name":"The Library","floor":19,"gold_loss":0,"cards_obtained":["Juggernaut"]},{"cards_removed":["Feed"],"damage_healed":28,"gold_gain":0,"player_choice":"Offered Rare","damage_taken":0,"max_hp_gain":10,"max_hp_loss":0,"event_name":"Bonfire Elementals","floor":20,"gold_loss":0},{"damage_healed":0,"gold_gain":99,"player_choice":"Stole From Cult","damage_taken":0,"max_hp_gain":0,"max_hp_loss":0,"event_name":"Nest","floor":30,"gold_loss":0},{"damage_healed":0,"gold_gain":0,"player_choice":"Max HP","damage_taken":0,"max_hp_gain":0,"max_hp_loss":5,"event_name":"Winding Halls","floor":36,"gold_loss":0},{"damage_healed":0,"gold_gain":0,"player_choice":"Fight","damage_taken":0,"max_hp_gain":0,"max_hp_loss":0,"event_name":"MindBloom","floor":38,"gold_loss":0},{"damage_healed":0,"gold_gain":0,"player_choice":"Ignored","damage_taken":0,"max_hp_gain":0,"max_hp_loss":0,"event_name":"The Moai Head","floor":39,"gold_loss":0}],"is_beta":false,"boss_relics":[{"not_picked":["Tiny House","Runic Cube"],"picked":"Ectoplasm"},{"not_picked":["Snecko Eye","Empty Cage"],"picked":"Astrolabe"}],"items_purged_floors":[8,21],"is_endless":false,"potions_floor_spawned":[6,10,13,22,24,27,40,42,45,46,48],"ascension_level":7}}