{"host":"9l1knhxfturzliqa","time":1611713671,"event":{"mods":["BaseMod","Colored Map","Colored Powertips","DeckTracker","Highlight Path","Keyboard Shortcuts","Minty Spire (QoL Compilation)","Random Character Button"],"gold_per_floor":[109,129,204,379,6,6,6,6,6,21,21,39,56,6,6,107,107,125,141,141,155,155,155,185,200,200,233,245,262,262,291,291,393,393,410,56,70,87,87,116,116,145,145,162,178,194,226,276,276,276],"floor_reached":51,"language":"KOR","playtime":2937,"items_purged":["Regret","Strike_P"],"score":1177,"play_id":"c6bd5ef7-1c06-4eb0-96ed-2c8f96e69fc6","local_time":"20210127111431","is_ascension_mode":true,"campfire_choices":[{"data":"Eruption","floor":6.0,"key":"SMITH"},{"data":"Master of Strategy","floor":8.0,"key":"SMITH"},{"data":"TalkToTheHand","floor":11.0,"key":"SMITH"},{"data":"EmptyFist","floor":15.0,"key":"SMITH"},{"data":"Tantrum","floor":23.0,"key":"SMITH"},{"floor":30.0,"key":"REST"},{"data":"Vault","floor":32.0,"key":"SMITH"},{"data":"Defend_P","floor":49.0,"key":"PURGE"}],"circlet_count":0,"master_deck":["Strike_P","Strike_P","Defend_P","Defend_P","Eruption+1","Vigilance","Master of Strategy+1","EmptyFist+1","TalkToTheHand+1","Study+1","MasterReality+1","BowlingBash+1","Tantrum+1","Necronomicurse","FearNoEvil","Adaptation+1","Adaptation+1","Halt","Vault+1","Omniscience","WheelKick+1","Wallop","WaveOfTheHand+1","Indignation+1"],"relics":["PureWater","Bag of Preparation","Frozen Egg 2","Cursed Key","Necronomicon","Nunchaku","Peace Pipe","Letter Opener","Sozu","InkBottle","GoldenEye","Shovel","Oddly Smooth Stone","Gambling Chip"],"acts_visited":["Exordium","TheCity","TheBeyond"],"potions_floor_usage":[50,50],"damage_taken":[{"damage":4.0,"enemies":"Jaw Worm","floor":1.0,"turns":3.0},{"damage":0.0,"enemies":"2 Louse","floor":2.0,"turns":2.0},{"damage":4.0,"enemies":"Small Slimes","floor":10.0,"turns":2.0},{"damage":0.0,"enemies":"Exordium Wildlife","floor":12.0,"turns":2.0},{"damage":3.0,"enemies":"Large Slime","floor":13.0,"turns":6.0},{"damage":29.0,"enemies":"Slime Boss","floor":16.0,"turns":12.0},{"damage":17.0,"enemies":"2 Thieves","floor":18.0,"turns":4.0},{"damage":0.0,"enemies":"3 Byrds","floor":19.0,"turns":3.0},{"damage":8.0,"enemies":"Snecko","floor":21.0,"turns":3.0},{"damage":0.0,"enemies":"Gremlin Leader","floor":24.0,"turns":5.0},{"damage":9.0,"enemies":"Centurion and Healer","floor":25.0,"turns":3.0},{"damage":0.0,"enemies":"Book of Stabbing","floor":27.0,"turns":4.0},{"damage":14.0,"enemies":"Snake Plant","floor":28.0,"turns":2.0},{"damage":0.0,"enemies":"Snecko","floor":29.0,"turns":2.0},{"damage":12.0,"enemies":"Slavers","floor":31.0,"turns":4.0},{"damage":0.0,"enemies":"Collector","floor":33.0,"turns":4.0},{"damage":0.0,"enemies":"Orb Walker","floor":35.0,"turns":2.0},{"damage":0.0,"enemies":"3 Shapes","floor":37.0,"turns":2.0},{"damage":0.0,"enemies":"Maw","floor":38.0,"turns":4.0},{"damage":0.0,"enemies":"Nemesis","floor":40.0,"turns":2.0},{"damage":0.0,"enemies":"Reptomancer","floor":42.0,"turns":3.0},{"damage":0.0,"enemies":"Sphere and 2 Shapes","floor":44.0,"turns":2.0},{"damage":27.0,"enemies":"4 Shapes","floor":45.0,"turns":7.0},{"damage":0.0,"enemies":"Writhing Mass","floor":46.0,"turns":5.0},{"damage":0.0,"enemies":"Giant Head","floor":47.0,"turns":3.0},{"damage":0.0,"enemies":"Mind Bloom Boss Battle","floor":48.0,"turns":3.0},{"damage":32,"enemies":"Time Eater","floor":50,"turns":5}],"seed_played":"1684006514080320877","potions_obtained":[{"floor":2.0,"key":"Swift Potion"},{"floor":12.0,"key":"ColorlessPotion"},{"floor":13.0,"key":"Regen Potion"},{"floor":16.0,"key":"FearPotion"},{"floor":18.0,"key":"LiquidBronze"},{"floor":24.0,"key":"Explosive Potion"},{"floor":27.0,"key":"Explosive Potion"},{"floor":29.0,"key":"FearPotion"},{"floor":31.0,"key":"ColorlessPotion"},{"floor":33.0,"key":"SpeedPotion"}],"is_trial":false,"path_per_floor":["M","M","?","?","$","R","?","R","T","M","R","M","M","?","R","B",null,"M","M","?","M","?","R","E","M","T","E","M","M","R","E","R","B",null,"M","$","M","M","?","E","$","E","T","M","M","M","E","?","R","B",null],"character_chosen":"WATCHER","items_purchased":["TalkToTheHand","Bag of Preparation","Regen Potion","InkBottle"],"campfire_rested":1,"item_purchase_floors":[5,5,5,36],"current_hp_per_floor":[68,68,57,57,57,57,57,57,57,53,53,53,50,50,50,21,72,55,55,39,31,31,31,45,36,36,36,22,22,43,31,31,31,72,72,72,72,72,72,72,72,72,72,72,45,45,45,45,45,13],"gold":276,"neow_bonus":"RANDOM_COLORLESS_2","is_daily":false,"chose_seed":false,"campfire_upgraded":6,"win_rate":0.0,"timestamp":1611713671,"path_taken":["M","M","?","?","$","R","?","R","T","M","R","M","M","?","R","BOSS","M","M","?","M","?","R","E","M","T","E","M","M","R","E","R","BOSS","M","$","M","M","?","E","$","E","T","?","M","M","E","?","R","BOSS"],"items_purchased_type":["Card","Relic","Potion","Relic"],"build_version":"2020-12-22","purchased_purges":2,"victory":true,"max_hp_per_floor":[72,72,72,72,72,72,72,72,72,72,72,72,72,72,72,72,72,72,72,72,72,72,72,72,72,72,72,72,72,72,72,72,72,72,72,72,72,72,72,72,72,72,72,72,72,72,72,72,72,72],"card_choices":[{"not_picked":["Thinking Ahead","The Bomb"],"picked":"Master of Strategy","floor":0.0},{"not_picked":["EmptyMind","CutThroughFate"],"picked":"EmptyFist","floor":1.0},{"not_picked":["Pray","Collect","Wallop"],"picked":"SKIP","floor":2.0},{"not_picked":["ForeignInfluence","EmptyBody","ThirdEye"],"picked":"SKIP","floor":10.0},{"not_picked":["Evaluate","Conclude","WreathOfFlame"],"picked":"SKIP","floor":12.0},{"not_picked":["Swivel","CrushJoints"],"picked":"Study+1","floor":13.0},{"not_picked":["DevaForm+1","Blasphemy"],"picked":"MasterReality+1","floor":16.0},{"not_picked":["Worship","Evaluate+1"],"picked":"BowlingBash+1","floor":18.0},{"not_picked":["WindmillStrike","Collect+1"],"picked":"Tantrum","floor":19.0},{"not_picked":["DeceiveReality","Conclude","EmptyFist"],"picked":"SKIP","floor":21.0},{"not_picked":["TalkToTheHand","Consecrate+1","BattleHymn+1"],"picked":"SKIP","floor":24.0},{"not_picked":["JustLucky","ReachHeaven","Wallop"],"picked":"SKIP","floor":25.0},{"not_picked":["FearNoEvil","ReachHeaven+1"],"picked":"Adaptation+1","floor":27.0},{"not_picked":["SandsOfTime","DeceiveReality"],"picked":"Adaptation+1","floor":28.0},{"not_picked":["SashWhip+1","ThirdEye"],"picked":"Halt","floor":29.0},{"not_picked":["FlurryOfBlows","TalkToTheHand"],"picked":"Vault","floor":31.0},{"not_picked":["Vault","Judgement"],"picked":"Omniscience","floor":33.0},{"not_picked":["ThirdEye+1","FollowUp+1","JustLucky+1"],"picked":"SKIP","floor":35.0},{"not_picked":["SandsOfTime","Evaluate+1"],"picked":"WheelKick+1","floor":37.0},{"not_picked":["Indignation","FollowUp+1"],"picked":"Wallop","floor":38.0},{"not_picked":["FearNoEvil","LessonLearned","Establishment+1"],"picked":"SKIP","floor":40.0},{"not_picked":["BowlingBash","FollowUp+1","Halt"],"picked":"SKIP","floor":42.0},{"not_picked":["Evaluate","CutThroughFate+1","Wireheading+1"],"picked":"SKIP","floor":44.0},{"not_picked":["BattleHymn+1","JustLucky+1","FlurryOfBlows"],"picked":"SKIP","floor":45.0},{"not_picked":["ThirdEye+1","InnerPeace","Blasphemy"],"picked":"SKIP","floor":46.0},{"not_picked":["InnerPeace","PathToVictory+1"],"picked":"WaveOfTheHand+1","floor":47.0},{"not_picked":["EmptyBody","SashWhip"],"picked":"Indignation+1","floor":48.0}],"player_experience":520255,"relics_obtained":[{"floor":9.0,"key":"Frozen Egg 2"},{"floor":20.0,"key":"Necronomicon"},{"floor":24.0,"key":"Nunchaku"},{"floor":27.0,"key":"Peace Pipe"},{"floor":31.0,"key":"Letter Opener"},{"floor":40.0,"key":"GoldenEye"},{"floor":42.0,"key":"Shovel"},{"floor":47.0,"key":"Oddly Smooth Stone"},{"floor":48.0,"key":"Gambling Chip"}],"event_choices":[{"damage_healed":0.0,"max_hp_gain":0.0,"max_hp_loss":0.0,"gold_gain":75.0,"event_name":"World of Goop","player_choice":"Gather Gold","floor":3.0,"gold_loss":0.0,"damage_taken":11.0},{"damage_healed":0.0,"max_hp_gain":0.0,"max_hp_loss":0.0,"gold_gain":175.0,"event_name":"Liars Game","player_choice":"AGREE","floor":4.0,"gold_loss":0.0,"damage_taken":0.0,"cards_obtained":["Doubt"]},{"cards_removed":["Doubt"],"damage_healed":0.0,"max_hp_gain":0.0,"max_hp_loss":0.0,"gold_gain":0.0,"event_name":"Living Wall","player_choice":"Forget","floor":7.0,"gold_loss":0.0,"damage_taken":0.0},{"cards_removed":["Strike_P"],"damage_healed":0.0,"max_hp_gain":0.0,"max_hp_loss":0.0,"gold_gain":0.0,"event_name":"The Cleric","player_choice":"Card Removal","floor":14.0,"gold_loss":50.0,"damage_taken":0.0},{"damage_healed":0.0,"max_hp_gain":0.0,"max_hp_loss":0.0,"gold_gain":0.0,"event_name":"Cursed Tome","player_choice":"Obtained Book","floor":20.0,"gold_loss":0.0,"damage_taken":16.0},{"damage_healed":0.0,"max_hp_gain":0.0,"max_hp_loss":0.0,"gold_gain":0.0,"event_name":"The Library","player_choice":"Read","floor":22.0,"gold_loss":0.0,"damage_taken":0.0,"cards_obtained":["FearNoEvil"]},{"cards_removed":["Defend_P"],"damage_healed":0.0,"max_hp_gain":0.0,"max_hp_loss":0.0,"gold_gain":0.0,"event_name":"Purifier","player_choice":"Purged","floor":39.0,"gold_loss":0.0,"damage_taken":0.0},{"damage_healed":0.0,"max_hp_gain":0.0,"max_hp_loss":0.0,"gold_gain":0.0,"event_name":"MindBloom","player_choice":"Fight","floor":48.0,"gold_loss":0.0,"damage_taken":0.0}],"is_beta":false,"boss_relics":[{"not_picked":["Tiny House","Fusion Hammer"],"picked":"Cursed Key"},{"not_picked":["Runic Dome","Coffee Dripper"],"picked":"Sozu"}],"items_purged_floors":[5,36],"is_endless":false,"potions_floor_spawned":[2,12,13,16,18,24,27,29,31,33,35,42,45,48],"ascension_level":4}}