{"host":"2wp95sdfrgw3k439","time":1611782317,"event":{"mods":["BaseMod","Better Altar","Better Skull","Better Third Choice","Curses Come First","Minty Spire (QoL Compilation)","Permanent Neow","Reliquary","StSLib"],"gold_per_floor":[110,120,120,120,139,139,172,172,199,223,236,16,52,52,52,180,180,199,220,135,159,159,159,159],"floor_reached":23,"language":"ENG","playtime":904,"items_purged":["Strike_R"],"score":316,"play_id":"894eedfd-164a-4481-a05c-a77d35fd195e","local_time":"20210127141837","is_ascension_mode":true,"campfire_choices":[{"floor":6,"key":"REST"},{"data":"Berserk","floor":8,"key":"SMITH"},{"floor":15,"key":"REST"}],"circlet_count":0,"master_deck":["Strike_R","Strike_R","Strike_R","Defend_R","Defend_R","Defend_R","Defend_R","Bash","Discovery+1","Spot Weakness","Heavy Blade","Berserk+1","Thunderclap","Rage","Intimidate","Shrug It Off","Feed","Inflame+1","Heavy Blade+1","Pommel Strike"],"relics":["Burning Blood","Golden Idol","MealTicket","Ancient Tea Set","Tiny Chest","Brimstone","Lizard Tail","Snecko Eye","Akabeko","Self Forming Clay"],"acts_visited":["Exordium","TheCity"],"potions_floor_usage":[7,10,18,23,23],"damage_taken":[{"damage":1,"enemies":"Cultist","floor":1,"turns":4},{"damage":4,"enemies":"2 Louse","floor":2,"turns":3},{"damage":2,"enemies":"Jaw Worm","floor":5,"turns":3},{"damage":10,"enemies":"Lagavulin","floor":7,"turns":6},{"damage":34,"enemies":"Gremlin Gang","floor":10,"turns":4},{"damage":12,"enemies":"2 Fungi Beasts","floor":11,"turns":3},{"damage":28,"enemies":"3 Sentries","floor":13,"turns":5},{"damage":41,"enemies":"Hexaghost","floor":16,"turns":7},{"damage":37,"enemies":"Shell Parasite","floor":18,"turns":4},{"damage":17,"enemies":"2 Thieves","floor":19,"turns":3},{"damage":27,"enemies":"3 Cultists","floor":21,"turns":4},{"damage":12,"enemies":"Slavers","floor":23,"turns":3}],"seed_played":"4857930273506916282","potions_obtained":[{"floor":1,"key":"SkillPotion"},{"floor":2,"key":"LiquidBronze"},{"floor":16,"key":"Swift Potion"},{"floor":19,"key":"Energy Potion"},{"floor":21,"key":"Fire Potion"}],"is_trial":false,"path_per_floor":["M","M","?","?","M","R","E","R","T","M","M","$","E","?","R","B",null,"M","M","?","M","T","E"],"character_chosen":"IRONCLAD","items_purchased":["Brimstone"],"campfire_rested":2,"item_purchase_floors":[12],"current_hp_per_floor":[77,79,59,27,31,55,51,51,51,23,17,32,10,10,34,43,71,40,29,29,11,11,0,0],"gold":159,"neow_bonus":"RANDOM_COLORLESS","is_daily":false,"chose_seed":false,"campfire_upgraded":1,"win_rate":0.0,"timestamp":1611782317,"path_taken":["M","?","?","?","?","R","E","R","T","M","M","$","E","?","R","BOSS","M","?","?","M","?","E"],"items_purchased_type":["Relic"],"build_version":"2020-12-22","purchased_purges":1,"victory":false,"max_hp_per_floor":[80,80,80,80,80,80,80,80,80,80,80,80,80,80,80,80,80,80,80,80,83,83,83,83],"card_choices":[{"not_picked":["Impatience","Dark Shackles"],"picked":"Discovery","floor":0},{"not_picked":["Cleave","Inflame"],"picked":"Spot Weakness","floor":1},{"not_picked":["Wild Strike","Perfected Strike"],"picked":"Heavy Blade","floor":2},{"not_picked":["Pommel Strike","Twin Strike"],"picked":"Berserk","floor":5},{"not_picked":["Searing Blow","Rupture"],"picked":"Thunderclap","floor":7},{"not_picked":["Clothesline","Combust"],"picked":"Rage","floor":10},{"not_picked":["Armaments","Thunderclap"],"picked":"Intimidate","floor":11},{"not_picked":["Battle Trance","Warcry"],"picked":"Shrug It Off","floor":13},{"not_picked":["Double Tap","Corruption"],"picked":"Feed","floor":16},{"not_picked":["Twin Strike","Headbutt+1"],"picked":"Inflame+1","floor":18},{"not_picked":["Anger","Clothesline"],"picked":"Heavy Blade+1","floor":19},{"not_picked":["Seeing Red","Warcry"],"picked":"Pommel Strike","floor":21}],"player_experience":483087,"relics_obtained":[{"floor":7,"key":"Ancient Tea Set"},{"floor":9,"key":"Tiny Chest"},{"floor":13,"key":"Lizard Tail"},{"floor":22,"key":"Self Forming Clay"}],"event_choices":[{"damage_healed":0,"gold_gain":0,"player_choice":"Take Damage","damage_taken":20,"relics_obtained":["Golden Idol"],"max_hp_gain":0,"max_hp_loss":0,"event_name":"Golden Idol","floor":3,"gold_loss":0},{"damage_healed":0,"gold_gain":0,"player_choice":"RE UP ","damage_taken":36,"relics_obtained":["MealTicket"],"max_hp_gain":0,"max_hp_loss":0,"event_name":"betterSkull:BetterSkull","floor":4,"gold_loss":0,"cards_upgraded":["Discovery"]},{"cards_removed":["Strike_R"],"damage_healed":0,"gold_gain":0,"player_choice":"Purged","damage_taken":0,"max_hp_gain":0,"max_hp_loss":0,"event_name":"Purifier","floor":14,"gold_loss":0},{"damage_healed":0,"gold_gain":0,"player_choice":"Obtained Relic","damage_taken":0,"relics_obtained":["Akabeko"],"max_hp_gain":0,"max_hp_loss":0,"event_name":"Addict","floor":20,"gold_loss":85}],"is_beta":false,"boss_relics":[{"not_picked":["Runic Cube","Coffee Dripper"],"picked":"Snecko Eye"}],"items_purged_floors":[12],"is_endless":false,"potions_floor_spawned":[1,2,16,19,21],"killed_by":"Slavers","ascension_level":8}}