{"host":"kydqlojjt9mno5rv","time":1611725877,"event":{"mods":["AchievementEnabler","BaseMod","Colored Powertips","Minty Spire (QoL Compilation)","Spire Arcade","SuperFastMode","Weighted Paths"],"gold_per_floor":[111,111,124,143,156,156,176,207,234,234,234,260,284,54,54,185,185,208,228,246,23,122,122,47,47,71,109,109,109,109],"floor_reached":29,"language":"ENG","playtime":1435,"items_purged":["Defend_B"],"score":243,"play_id":"31e29a79-bdf2-457e-9e80-0eca5c8a3dab","local_time":"20210127003757","is_ascension_mode":false,"campfire_choices":[{"data":"Defragment","floor":6,"key":"SMITH"},{"floor":10,"key":"REST"},{"floor":15,"key":"REST"},{"floor":23,"key":"REST"},{"floor":25,"key":"REST"}],"circlet_count":0,"master_deck":["Strike_B+1","Strike_B","Strike_B","Strike_B","Defend_B","Defend_B","Zap","Dualcast+1","Conserve Battery+1","Undo","Defragment+1","Steam","Stack","Rip and Tear","Injury","Ball Lightning+1","Ball Lightning","Electrodynamics","Tempest","Reboot","Static Discharge","Loop","Sunder+1","Consume"],"relics":["Cracked Core","NeowsBlessing","Ornamental Fan","War Paint","Boot","Golden Idol","Odd Mushroom","Snecko Eye","Whetstone","Potion Belt","Omamori"],"acts_visited":["Exordium","TheCity"],"potions_floor_usage":[],"damage_taken":[{"damage":0,"enemies":"Jaw Worm","floor":1,"turns":1},{"damage":0,"enemies":"Small Slimes","floor":3,"turns":1},{"damage":0,"enemies":"2 Louse","floor":4,"turns":1},{"damage":10,"enemies":"2 Fungi Beasts","floor":5,"turns":4},{"damage":0,"enemies":"Red Slaver","floor":7,"turns":4},{"damage":7,"enemies":"Lagavulin","floor":8,"turns":8},{"damage":29,"enemies":"The Mushroom Lair","floor":12,"turns":4},{"damage":10,"enemies":"3 Louse","floor":13,"turns":4},{"damage":5,"enemies":"Slime Boss","floor":16,"turns":6},{"damage":20,"enemies":"2 Thieves","floor":18,"turns":3},{"damage":19,"enemies":"3 Byrds","floor":19,"turns":3},{"damage":20,"enemies":"Sentry and Sphere","floor":20,"turns":4},{"damage":35,"enemies":"Gremlin Leader","floor":27,"turns":5},{"damage":25,"enemies":"Centurion and Healer","floor":29,"turns":3}],"seed_played":"-6718324302772054381","potions_obtained":[{"floor":7,"key":"Fire Potion"},{"floor":8,"key":"Swift Potion"},{"floor":13,"key":"Swift Potion"},{"floor":16,"key":"PotionOfCapacity"}],"is_trial":false,"path_per_floor":["M","?","M","M","M","R","M","E","T","R","?","?","M","$","R","B",null,"M","M","M","$","?","R","?","R","T","E","?","M"],"character_chosen":"DEFECT","items_purchased":["Electrodynamics","Tempest","Whetstone"],"campfire_rested":4,"item_purchase_floors":[14,14,21],"current_hp_per_floor":[75,75,75,75,65,65,65,58,58,75,75,46,36,36,58,53,75,55,36,16,16,16,38,38,60,60,25,25,0,0],"gold":109,"neow_bonus":"THREE_ENEMY_KILL","is_daily":false,"chose_seed":false,"campfire_upgraded":1,"win_rate":0.0,"timestamp":1611725877,"path_taken":["M","?","M","M","M","R","M","E","T","R","?","?","M","?","R","BOSS","M","M","M","$","?","R","?","R","T","E","?","M"],"items_purchased_type":["Card","Card","Relic"],"build_version":"2020-12-22","purchased_purges":1,"victory":false,"max_hp_per_floor":[75,75,75,75,75,75,75,75,75,75,75,75,75,75,75,75,75,75,75,75,75,75,75,75,75,75,75,75,75,75],"card_choices":[{"not_picked":["Hologram","Stack"],"picked":"Conserve Battery","floor":1},{"not_picked":["Coolheaded","All For One"],"picked":"Undo","floor":3},{"not_picked":["Force Field","Streamline"],"picked":"Defragment","floor":4},{"not_picked":["Turbo","Hologram"],"picked":"Steam","floor":5},{"not_picked":["Go for the Eyes","Blizzard"],"picked":"Stack","floor":7},{"not_picked":["Beam Cell","Go for the Eyes"],"picked":"Rip and Tear","floor":8},{"not_picked":["Compile Driver","Go for the Eyes"],"picked":"Ball Lightning","floor":12},{"not_picked":["Barrage","Steam"],"picked":"Ball Lightning","floor":13},{"not_picked":["Core Surge","Buffer"],"picked":"Reboot","floor":16},{"not_picked":["Sweeping Beam","Beam Cell+1"],"picked":"Static Discharge","floor":18},{"not_picked":["Cold Snap","Hologram+1"],"picked":"Loop","floor":19},{"not_picked":["Rebound+1","Streamline"],"picked":"Sunder+1","floor":20},{"not_picked":["BootSequence","Rainbow"],"picked":"Consume","floor":27}],"player_experience":121260,"relics_obtained":[{"floor":8,"key":"War Paint"},{"floor":9,"key":"Boot"},{"floor":12,"key":"Odd Mushroom"},{"floor":26,"key":"Potion Belt"},{"floor":27,"key":"Omamori"}],"event_choices":[{"damage_healed":0,"gold_gain":0,"player_choice":"Take Wound","damage_taken":0,"relics_obtained":["Golden Idol"],"max_hp_gain":0,"max_hp_loss":0,"event_name":"Golden Idol","floor":11,"gold_loss":0,"cards_obtained":["Injury"]},{"damage_healed":0,"gold_gain":0,"player_choice":"Fought Mushrooms","damage_taken":0,"max_hp_gain":0,"max_hp_loss":0,"event_name":"Mushrooms","floor":12,"gold_loss":0},{"damage_healed":0,"gold_gain":99,"player_choice":"Stole From Cult","damage_taken":0,"max_hp_gain":0,"max_hp_loss":0,"event_name":"Nest","floor":22,"gold_loss":0},{"cards_removed":["Defend_B"],"damage_healed":0,"gold_gain":0,"player_choice":"Gave Gold","damage_taken":0,"max_hp_gain":0,"max_hp_loss":0,"event_name":"Beggar","floor":24,"gold_loss":75},{"damage_healed":0,"gold_gain":0,"player_choice":"Bought 0 Potions","damage_taken":0,"max_hp_gain":0,"max_hp_loss":0,"event_name":"The Woman in Blue","floor":28,"gold_loss":0}],"is_beta":false,"boss_relics":[{"not_picked":["Sozu","Velvet Choker"],"picked":"Snecko Eye"}],"items_purged_floors":[21],"is_endless":false,"potions_floor_spawned":[7,8,13,16,19],"killed_by":"Centurion and Healer","ascension_level":0}}