{"host":"6a9c3xws62y7efyw","time":1611775558,"event":{"mods":["BaseMod","Colored Map","Minty Spire (QoL Compilation)","Relic Stats","StSLib"],"gold_per_floor":[119,119,132,145,155,155,181,195,247,281,12,12,12,27,27,100,100,110,122,133,146,164,164,178,206,206,206,206,206,259,259,259,332,332,345,1344,1361,1379,1393,1393,1427,1440,1486,1486,1486],"floor_reached":44,"language":"ENG","playtime":1958,"items_purged":["Strike_G"],"score":1123,"play_id":"ed5e8eb2-a725-4d2d-b7fa-c17b52005e96","local_time":"20210127112558","is_ascension_mode":true,"campfire_choices":[{"data":"Glass Knife","floor":6.0,"key":"SMITH"},{"data":"Adrenaline","floor":13.0,"key":"SMITH"},{"data":"Catalyst","floor":15.0,"key":"SMITH"},{"data":"Night Terror","floor":23.0,"key":"SMITH"},{"data":"Noxious Fumes","floor":29.0,"key":"SMITH"},{"floor":32.0,"key":"REST"},{"floor":40.0,"key":"REST"}],"circlet_count":0,"master_deck":["AscendersBane","Strike_G+1","Defend_G","Defend_G","Defend_G","Defend_G","Defend_G","Survivor","Neutralize","Glass Knife+1","Quick Slash","Adrenaline+1","Dagger Spray","All Out Attack","Poisoned Stab","Venomology","Bouncing Flask","Catalyst+1","Night Terror+1","Blade Dance","Noxious Fumes+1","Malaise","Dodge and Roll","Ghostly","Ghostly","Ghostly","Envenom","Noxious Fumes+1","Normality","Normality","Caltrops","Escape Plan","Parasite","Backflip"],"relics":["Ring of the Snake","Strawberry","Whetstone","Blue Candle","TwistedFunnel","White Beast Statue","Empty Cage","Oddly Smooth Stone","Ninja Scroll","Bag of Preparation","Busted Crown","Regal Pillow"],"acts_visited":["Exordium","TheCity","TheBeyond"],"potions_floor_usage":[44],"damage_taken":[{"damage":0.0,"enemies":"Jaw Worm","floor":1.0,"turns":4.0},{"damage":0.0,"enemies":"Cultist","floor":3.0,"turns":3.0},{"damage":0.0,"enemies":"Small Slimes","floor":4.0,"turns":2.0},{"damage":5.0,"enemies":"Exordium Wildlife","floor":5.0,"turns":3.0},{"damage":9.0,"enemies":"3 Sentries","floor":7.0,"turns":5.0},{"damage":0.0,"enemies":"Blue Slaver","floor":8.0,"turns":1.0},{"damage":3.0,"enemies":"Gremlin Nob","floor":10.0,"turns":3.0},{"damage":0.0,"enemies":"Large Slime","floor":14.0,"turns":3.0},{"damage":0.0,"enemies":"Slime Boss","floor":16.0,"turns":5.0},{"damage":7.0,"enemies":"2 Thieves","floor":18.0,"turns":2.0},{"damage":2.0,"enemies":"Chosen","floor":19.0,"turns":3.0},{"damage":0.0,"enemies":"Snecko","floor":20.0,"turns":2.0},{"damage":0.0,"enemies":"Sentry and Sphere","floor":21.0,"turns":3.0},{"damage":1.0,"enemies":"Centurion and Healer","floor":22.0,"turns":6.0},{"damage":2.0,"enemies":"3 Cultists","floor":24.0,"turns":4.0},{"damage":39.0,"enemies":"Slavers","floor":25.0,"turns":6.0},{"damage":7.0,"enemies":"Collector","floor":33.0,"turns":6.0},{"damage":23.0,"enemies":"3 Darklings","floor":35.0,"turns":5.0},{"damage":0.0,"enemies":"Orb Walker","floor":37.0,"turns":3.0},{"damage":4.0,"enemies":"Sphere and 2 Shapes","floor":38.0,"turns":5.0},{"damage":7.0,"enemies":"Spire Growth","floor":39.0,"turns":5.0},{"damage":6.0,"enemies":"Reptomancer","floor":41.0,"turns":5.0},{"damage":9.0,"enemies":"Writhing Mass","floor":42.0,"turns":7.0},{"damage":37,"enemies":"Giant Head","floor":44,"turns":5}],"seed_played":"-8249470735138365955","potions_obtained":[{"floor":3.0,"key":"LiquidBronze"},{"floor":4.0,"key":"AttackPotion"},{"floor":7.0,"key":"Block Potion"},{"floor":8.0,"key":"DuplicationPotion"},{"floor":18.0,"key":"SpeedPotion"},{"floor":21.0,"key":"Weak Potion"},{"floor":22.0,"key":"Weak Potion"},{"floor":24.0,"key":"SkillPotion"},{"floor":25.0,"key":"Dexterity Potion"},{"floor":33.0,"key":"Regen Potion"},{"floor":35.0,"key":"Block Potion"},{"floor":39.0,"key":"Swift Potion"},{"floor":41.0,"key":"Dexterity Potion"},{"floor":42.0,"key":"Block Potion"}],"is_trial":false,"path_per_floor":["M","?","M","M","M","R","E","M","T","E","$","T","R","M","R","B",null,"M","M","M","M","M","R","M","E","T","?","?","R","T","?","R","B",null,"M","?","M","M","M","R","E","M","T","E"],"character_chosen":"THE_SILENT","items_purchased":["TwistedFunnel","Bouncing Flask"],"campfire_rested":2,"item_purchase_floors":[11,11],"current_hp_per_floor":[44,44,44,44,39,39,37,37,37,34,34,34,34,34,34,34,63,56,54,54,54,53,53,51,12,12,12,12,12,12,12,22,15,31,20,20,20,16,9,19,13,4,4,0,0],"gold":1486,"neow_bonus":"THREE_RARE_CARDS","is_daily":false,"chose_seed":false,"campfire_upgraded":5,"win_rate":0.0,"timestamp":1611775558,"path_taken":["M","?","?","M","M","R","E","M","T","E","$","?","R","M","R","BOSS","M","M","M","M","M","R","M","E","T","?","?","R","?","?","R","BOSS","M","?","M","M","M","R","E","M","T","E"],"items_purchased_type":["Relic","Card"],"build_version":"2020-12-22","purchased_purges":1,"victory":false,"max_hp_per_floor":[66,66,66,66,66,66,73,73,73,73,73,73,73,73,73,73,73,73,73,73,73,73,73,73,73,73,73,36,36,36,36,36,36,36,36,36,36,36,36,36,36,36,36,36,36],"relic_stats":{"Regal Pillow":0,"Busted Crown":12,"counters":[24,96],"Blue Candle":[10],"Bag of Preparation":[0],"Whetstone":["Strike_G","Strike_G"],"obtain_stats":[{"TwistedFunnel":11,"Regal Pillow":41,"Busted Crown":34,"Ninja Scroll":26,"Strawberry":7,"Blue Candle":10,"Oddly Smooth Stone":25,"Bag of Preparation":30,"Whetstone":9,"Empty Cage":17,"White Beast Statue":12,"Ring of the Snake":0},{"TwistedFunnel":7,"Regal Pillow":22,"Busted Crown":17,"Ninja Scroll":16,"Strawberry":5,"Blue Candle":7,"Oddly Smooth Stone":16,"Bag of Preparation":16,"Whetstone":6,"Empty Cage":9,"White Beast Statue":7,"Ring of the Snake":0},{"TwistedFunnel":21,"Regal Pillow":84,"Busted Crown":61,"Ninja Scroll":55,"Strawberry":17,"Blue Candle":21,"Oddly Smooth Stone":55,"Bag of Preparation":55,"Whetstone":18,"Empty Cage":29,"White Beast Statue":21,"Ring of the Snake":0}],"Ring of the Snake":[48]},"card_choices":[{"not_picked":["A Thousand Cuts","After Image"],"picked":"Glass Knife","floor":0.0},{"not_picked":["Backflip","Bane"],"picked":"Quick Slash","floor":1.0},{"not_picked":["Reflex","Cloak And Dagger"],"picked":"Adrenaline","floor":3.0},{"not_picked":["Flechettes","Dagger Throw"],"picked":"Dagger Spray","floor":4.0},{"not_picked":["Deadly Poison","Flying Knee"],"picked":"All Out Attack","floor":5.0},{"not_picked":["Choke","Deadly Poison"],"picked":"Poisoned Stab","floor":7.0},{"not_picked":["Flying Knee","Dagger Throw","Prepared"],"picked":"SKIP","floor":8.0},{"not_picked":["Sucker Punch","PiercingWail"],"picked":"Venomology","floor":10.0},{"not_picked":["Caltrops","Sucker Punch"],"picked":"Catalyst","floor":14.0},{"not_picked":["After Image","Tools of the Trade"],"picked":"Night Terror","floor":16.0},{"not_picked":["Tactician","Underhanded Strike","Dodge and Roll"],"picked":"SKIP","floor":18.0},{"not_picked":["Slice","Prepared"],"picked":"Blade Dance","floor":19.0},{"not_picked":["Bane","Deflect","Sucker Punch"],"picked":"SKIP","floor":20.0},{"not_picked":["Bane","Deflect","Sucker Punch"],"picked":"SKIP","floor":20.0},{"not_picked":["Caltrops","Dagger Throw"],"picked":"Noxious Fumes","floor":21.0},{"not_picked":["Accuracy","Eviscerate+1","Bane"],"picked":"SKIP","floor":22.0},{"not_picked":["Predator","Underhanded Strike"],"picked":"Malaise","floor":24.0},{"not_picked":["Reflex","Expertise"],"picked":"Dodge and Roll","floor":25.0},{"not_picked":["Glass Knife","A Thousand Cuts"],"picked":"Envenom","floor":33.0},{"not_picked":[],"picked":"Noxious Fumes+1","floor":35.0},{"not_picked":[],"picked":"Caltrops","floor":37.0},{"not_picked":[],"picked":"Escape Plan","floor":38.0},{"not_picked":["Poisoned Stab+1"],"picked":"SKIP","floor":39.0},{"not_picked":["Heel Hook"],"picked":"SKIP","floor":41.0},{"not_picked":[],"picked":"Backflip","floor":42.0}],"player_experience":1425124,"relics_obtained":[{"floor":7.0,"key":"Strawberry"},{"floor":9.0,"key":"Whetstone"},{"floor":10.0,"key":"Blue Candle"},{"floor":12.0,"key":"White Beast Statue"},{"floor":25.0,"key":"Oddly Smooth Stone"},{"floor":26.0,"key":"Ninja Scroll"},{"floor":30.0,"key":"Bag of Preparation"},{"floor":41.0,"key":"Regal Pillow"}],"event_choices":[{"cards_removed":["Strike_G"],"damage_healed":0.0,"max_hp_gain":0.0,"max_hp_loss":0.0,"gold_gain":0.0,"event_name":"Bonfire Elementals","player_choice":"Offered Basic","floor":2.0,"gold_loss":0.0,"damage_taken":0.0},{"damage_healed":0.0,"max_hp_gain":0.0,"max_hp_loss":0.0,"gold_gain":0.0,"event_name":"The Mausoleum","player_choice":"Ignored","floor":27.0,"gold_loss":0.0,"damage_taken":0.0},{"damage_healed":0.0,"max_hp_gain":0.0,"max_hp_loss":37.0,"gold_gain":0.0,"event_name":"Ghosts","player_choice":"Became a Ghost","floor":28.0,"gold_loss":0.0,"damage_taken":0.0,"cards_obtained":["Ghostly","Ghostly","Ghostly"]},{"damage_healed":0.0,"max_hp_gain":0.0,"max_hp_loss":0.0,"gold_gain":0.0,"event_name":"Vampires","player_choice":"Ignored","floor":31.0,"gold_loss":0.0,"damage_taken":0.0},{"damage_healed":0.0,"max_hp_gain":0.0,"max_hp_loss":0.0,"gold_gain":999.0,"event_name":"MindBloom","player_choice":"Gold","floor":36.0,"gold_loss":0.0,"damage_taken":0.0,"cards_obtained":["Normality","Normality"]}],"is_beta":false,"boss_relics":[{"not_picked":["Sozu","WristBlade"],"picked":"Empty Cage"},{"not_picked":["SlaversCollar","Ring of the Serpent"],"picked":"Busted Crown"}],"items_purged_floors":[11],"is_endless":false,"potions_floor_spawned":[3,4,7,8,14,16,18,19,20,21,22,24,25,33,35,37,38,39,41,42],"killed_by":"Giant Head","ascension_level":20}}