{"host":"ojezjkpqju62j8xy","time":1611751439,"event":{"mods":["ATMod(°¢èªMod)","Act Like it!","Aspiration","BaseMod","Conspire","Minty Spire (QoL Compilation)","Pale of the Ancients","Replay The Spire","Spicy Shops","StSLib","[GremlinLeader]The Maniac","¡¾ÒÅÎï¿¨ÅÆ¡¿REMEMod"],"gold_per_floor":[111,128,203,213,230,264,264,294,342,342,342],"floor_reached":10,"language":"ZHS","playtime":356,"items_purged":[],"score":121,"play_id":"89e5d5c7-cb27-494d-b69e-a89ab8439f5d","local_time":"20210127204359","is_ascension_mode":true,"campfire_choices":[{"floor":7,"key":"REST"}],"circlet_count":0,"master_deck":["AscendersBane","Strike_B","Strike_B+1","Strike_B","Strike_B+1","Defend_B","Defend_B","Defend_B","Defend_B","Zap","Dualcast","AT_ChampionKick","Choke","Leap","FIFO Queue","Sweeping Beam","Ball Lightning","Hologram","Redo","Steam Power"],"relics":["Cracked Core","AT_ATBox","REME_ComplimentaryCards","Whetstone","Regal Pillow","Shuriken"],"acts_visited":["Exordium"],"potions_floor_usage":[5,6,6],"damage_taken":[{"damage":0,"enemies":"Small Slimes","floor":1,"turns":3},{"damage":0,"enemies":"Cultist","floor":2,"turns":3},{"damage":7,"enemies":"Jaw Worm","floor":4,"turns":3},{"damage":1,"enemies":"Gremlin Gang","floor":5,"turns":3},{"damage":25,"enemies":"Gremlin Nob","floor":6,"turns":4},{"damage":30,"enemies":"Lagavulin","floor":8,"turns":5},{"damage":32,"enemies":"Gremlin Nob","floor":10,"turns":3}],"seed_played":"-4468660564085758433","potions_obtained":[{"floor":1,"key":"Energy Potion"},{"floor":3,"key":"LiquidMemories"},{"floor":5,"key":"FocusPotion"}],"is_trial":false,"path_per_floor":["M","M","?","M","M","E","R","E","T","E"],"character_chosen":"DEFECT","items_purchased":[],"campfire_rested":1,"item_purchase_floors":[],"current_hp_per_floor":[75,75,43,36,35,10,49,19,19,0,0],"gold":342,"neow_bonus":"TEN_PERCENT_HP_BONUS","is_daily":false,"chose_seed":false,"campfire_upgraded":0,"win_rate":0.0,"timestamp":1611751439,"path_taken":["M","M","?","M","M","E","R","E","T","E"],"items_purchased_type":[],"build_version":"2020-12-22","purchased_purges":0,"victory":false,"max_hp_per_floor":[82,82,82,82,82,82,82,82,82,82,82],"card_choices":[{"not_picked":["Rebound","Panic Button"],"picked":"Leap","floor":1},{"not_picked":["Melter","Turbo"],"picked":"FIFO Queue","floor":2},{"not_picked":["conspire:SharedLibrary","conspire:Rain"],"picked":"Sweeping Beam","floor":3},{"not_picked":["Tempest","BasicCrystalCard"],"picked":"Ball Lightning","floor":4},{"not_picked":["BasicCrystalCard","Streamline"],"picked":"Hologram","floor":5},{"not_picked":["Rip and Tear","Darkness"],"picked":"Redo","floor":6},{"not_picked":["Compile Driver","ReplaySort"],"picked":"Steam Power","floor":8}],"player_experience":1394898,"relics_obtained":[{"floor":3,"key":"Whetstone"},{"floor":6,"key":"Regal Pillow"},{"floor":8,"key":"Shuriken"}],"event_choices":[],"is_beta":false,"boss_relics":[],"items_purged_floors":[],"is_endless":false,"potions_floor_spawned":[1,5],"killed_by":"Gremlin Nob","ascension_level":11}}