{"host":"0ricjaa7rfq9v76t","time":1611739977,"event":{"mods":["AchievementEnabler","Aspiration","BaseMod","Better Vampires","BetterRewards","Colored Powertips","Downfall","Highlight Path","Hubris","Infinite Spire","Minty Spire (QoL Compilation)","Quick Restart","Rare Cards Sparkle","Relic Sorter","Reliquary","Replay The Spire","StSLib","SuperFastMode","Synergy Search","The Cursed","The Disciple","The Jungle","The Marked","Uncapped"],"gold_per_floor":[119,119,119,139,139,139,64,64,64,64,87,103,121,138,155,172,172,268,268,283,283,283,296,311,311,339,339,339,339,339,68,84,84,84,104,104,207,207,218,218,218,233,244,244,260,260,560,595,595,595],"floor_reached":49,"language":"ENG","playtime":1988,"items_purged":["Strike_B"],"score":502,"play_id":"07fbdde8-842c-4cb7-a81f-4005882c7950","local_time":"20210127173257","is_ascension_mode":false,"campfire_choices":[{"data":"Genetic Algorithm","floor":6,"key":"SMITH"},{"data":"Zap","floor":10,"key":"SMITH"},{"floor":17,"key":"REST"},{"floor":25,"key":"REST"},{"floor":27,"key":"REST"},{"data":"Static Discharge","floor":36,"key":"SMITH"},{"floor":44,"key":"REST"},{"data":"Buffer","floor":46,"key":"SMITH"}],"circlet_count":0,"master_deck":["Strike_B","Strike_B+1","Defend_B","Defend_B","Defend_B","Defend_B","Zap+1","Dualcast","Genetic Algorithm+1","Ball Lightning+1","hubris:Ukulele","Static Discharge+1","Seek","Scrape","hubris:Rewind+1","Self Repair+1","Gash","Gash","Buffer+1","infinitespire:Starlight","Storm+1","Conserve Battery","Heatsinks"],"relics":["Cracked Core","Mummified Hand","infinitespire:SolderingIron","Whetstone","Philosopher\u0027s Stone","Ice Cream","hubris:Towel","infinitespire:Satchel","Shovel","infinitespire:EmpoweringShard","Old Coin","Replay:Wax Seal"],"acts_visited":["Exordium","TheCity","TheBeyond"],"potions_floor_usage":[18,26,37,45,49,49],"damage_taken":[{"damage":3,"enemies":"Small Slimes","floor":1,"turns":3},{"damage":4,"enemies":"Cultist","floor":4,"turns":4},{"damage":1,"enemies":"2 Louse","floor":12,"turns":2},{"damage":8,"enemies":"Lots of Slimes","floor":13,"turns":4},{"damage":2,"enemies":"Blue Slaver","floor":14,"turns":2},{"damage":0,"enemies":"Large Slime","floor":15,"turns":4},{"damage":5,"enemies":"Looter","floor":16,"turns":3},{"damage":9,"enemies":"Slime Boss","floor":18,"turns":5},{"damage":0,"enemies":"Chosen","floor":20,"turns":3},{"damage":9,"enemies":"Shell Parasite","floor":23,"turns":3},{"damage":21,"enemies":"Shelled Parasite and Fungi","floor":24,"turns":4},{"damage":44,"enemies":"Slavers","floor":26,"turns":5},{"damage":17,"enemies":"Chosen and Byrds","floor":32,"turns":3},{"damage":0,"enemies":"Snake Plant","floor":35,"turns":3},{"damage":29,"enemies":"hubris:MusketHawk","floor":37,"turns":6},{"damage":41,"enemies":"3 Darklings","floor":39,"turns":4},{"damage":10,"enemies":"3 Shapes","floor":42,"turns":5},{"damage":51,"enemies":"Spire Growth","floor":43,"turns":4},{"damage":18,"enemies":"Transient","floor":45,"turns":5},{"damage":26,"enemies":"Giant Head","floor":48,"turns":7},{"damage":61,"enemies":"2 Orb Walkers","floor":49,"turns":4}],"seed_played":"-9040607682669185207","potions_obtained":[{"floor":13,"key":"Fire Potion"},{"floor":20,"key":"SkillPotion"},{"floor":26,"key":"Elixir"},{"floor":35,"key":"Toxic Potion"},{"floor":43,"key":"AttackPotion"},{"floor":48,"key":"PotionOfCapacity"}],"is_trial":false,"path_per_floor":["M","?","?","M","?","R","$","PTL","PTL","R","T","M","M","M","M","M","R","B",null,"M","AVR","?","M","M","R","E","R","PTL","PTL","T","$","M","?","?","M","R","B",null,"M","?","?","M","M","R","M","R","T","E","?"],"character_chosen":"DEFECT","items_purchased":["Mummified Hand","infinitespire:EmpoweringShard","Gash"],"campfire_rested":4,"item_purchase_floors":[0,31,31],"current_hp_per_floor":[64,61,54,50,50,50,50,50,50,50,50,49,41,39,39,34,56,47,75,75,75,75,66,45,67,33,55,55,55,55,55,58,58,58,68,68,59,75,44,25,33,63,32,54,56,56,56,50,0,0],"gold":595,"neow_bonus":"","is_daily":false,"chose_seed":false,"campfire_upgraded":4,"win_rate":0.0,"timestamp":1611739977,"path_taken":["M","?","?","?","?","R","$","PTL","PTL","R","T","?","M","M","M","M","R","BOSS","M","AVR","?","M","M","R","E","R","PTL","PTL","T","$","M","?","?","M","R","BOSS","M","?","?","M","?","R","M","R","T","E","?"],"items_purchased_type":["Relic","Relic","Card"],"build_version":"2020-12-22","purchased_purges":1,"victory":false,"max_hp_per_floor":[75,75,75,75,75,75,75,75,75,75,75,75,75,75,75,75,75,75,75,75,75,75,75,75,75,75,75,75,75,75,75,75,75,75,75,75,75,75,75,75,75,75,75,75,75,75,75,75,75,75],"card_choices":[{"not_picked":["Rebound","Coolheaded"],"picked":"Genetic Algorithm","floor":1},{"not_picked":["Streamline","Beam Cell"],"picked":"Ball Lightning","floor":4},{"not_picked":["ReplayTheSpireMod:Reroute Power","Leap","ReplaySolidLightProjector"],"picked":"SKIP","floor":12},{"not_picked":["hubris:Prefetch","Scrape"],"picked":"hubris:Ukulele","floor":13},{"not_picked":["Redo","ReplayTheSpireMod:Calculation Training","Cold Snap"],"picked":"SKIP","floor":14},{"not_picked":["Lockon","ReplaySort","Steam"],"picked":"SKIP","floor":15},{"not_picked":["Steam","Barrage"],"picked":"Static Discharge","floor":16},{"not_picked":["Rainbow","Amplify"],"picked":"Seek","floor":18},{"not_picked":["Rebound+1","Fusion+1"],"picked":"Scrape","floor":20},{"not_picked":["Melter","Darkness+1","Capacitor"],"picked":"SKIP","floor":23},{"not_picked":["Stack","Sweeping Beam+1"],"picked":"Self Repair+1","floor":24},{"not_picked":["Crystallizer+1","BasicCrystalCard+1","Barrage"],"picked":"SKIP","floor":26},{"not_picked":["BasicCrystalCard","Redo"],"picked":"Gash","floor":32},{"not_picked":["Recycle+1","ReplaySolidLightProjector","Steam+1"],"picked":"SKIP","floor":35},{"not_picked":["Biased Cognition","Multi-Cast"],"picked":"Buffer","floor":37},{"not_picked":["Hello World","Redo+1","Fusion"],"picked":"SKIP","floor":39},{"not_picked":["infinitespire:FinalStrike","Replay:Fractal Strike"],"picked":"infinitespire:Starlight","floor":40},{"not_picked":["Turbo+1","Glacier"],"picked":"Storm+1","floor":42},{"not_picked":["Beam Cell","Coolheaded+1"],"picked":"Conserve Battery","floor":43},{"not_picked":["Double Energy+1","Lockon+1"],"picked":"Heatsinks","floor":45},{"not_picked":["Fusion","Force Field+1","Stack"],"picked":"SKIP","floor":48}],"player_experience":217518,"relics_obtained":[{"floor":11,"key":"Whetstone"},{"floor":26,"key":"infinitespire:Satchel"},{"floor":30,"key":"Shovel"},{"floor":47,"key":"Old Coin"},{"floor":48,"key":"Replay:Wax Seal"}],"event_choices":[{"damage_healed":0,"gold_gain":0,"player_choice":"Success","damage_taken":3,"relics_obtained":["infinitespire:SolderingIron"],"max_hp_gain":0,"max_hp_loss":0,"event_name":"Scrap Ooze","floor":2,"gold_loss":0},{"damage_healed":0,"gold_gain":0,"player_choice":"Damaged","damage_taken":7,"max_hp_gain":0,"max_hp_loss":0,"event_name":"Wheel of Change","floor":3,"gold_loss":0},{"cards_removed":["Strike_B"],"damage_healed":0,"gold_gain":0,"player_choice":"Purged","damage_taken":0,"max_hp_gain":0,"max_hp_loss":0,"event_name":"Purifier","floor":5,"gold_loss":0},{"damage_healed":0,"gold_gain":0,"player_choice":"Ignored","damage_taken":0,"max_hp_gain":0,"max_hp_loss":0,"event_name":"Ghosts","floor":33,"gold_loss":0},{"damage_healed":0,"gold_gain":0,"player_choice":"Fight","damage_taken":0,"max_hp_gain":0,"max_hp_loss":0,"event_name":"Mysterious Sphere","floor":49,"gold_loss":0}],"is_beta":false,"boss_relics":[{"not_picked":["aspiration:RunicSpoon","Astrolabe"],"picked":"Philosopher\u0027s Stone"},{"not_picked":["hubris:TerracottaHorce","Runic Dome","aspiration:FutureDiary"]}],"items_purged_floors":[7],"is_endless":false,"potions_floor_spawned":[13,20,26,35,43,48],"killed_by":"2 Orb Walkers","ascension_level":0}}