{"host":"8a72fthmlk1o8pdb","time":1611732086,"event":{"mods":["AchievementEnabler","Aspiration","Astrologer","Bard","BaseMod","Beaked The Cultist","Better Third Choice","Colored Map","Colored Powertips","Downfall","Friendly Minions","GifTheSpireLib","Googly Eyes","Gremlin Mod","Hermit","Jorbs\u0027s Wanderer Trilogy","Marisa????????","Minty Spire (QoL Compilation)","Permanent Neow","Rare Cards Sparkle","Robot Space Explorer","Shop Mod","StSLib","The Animator","The Construct","The Cursed","The Disciple","The Hierophant","The Necromancer","The Poker Player","The Runesmith"],"gold_per_floor":[111,111,131,131,146,181,181,213,213,232,232,232,242,8,8,108,108,108,108,108],"floor_reached":18,"language":"ENG","playtime":1602,"items_purged":[],"score":170,"play_id":"07355ee5-6e67-4589-a98f-9800aa575973","local_time":"20210126232126","is_ascension_mode":false,"metric_token":2002,"campfire_choices":[{"floor":11,"key":"REST"},{"floor":15,"key":"RECALL"}],"circlet_count":0,"master_deck":["PokerPlayerMod:Diamond1","PokerPlayerMod:Diamond2","PokerPlayerMod:Diamond3","PokerPlayerMod:Diamond4","PokerPlayerMod:Diamond5","PokerPlayerMod:Spade1","PokerPlayerMod:Spade2","PokerPlayerMod:Spade3","PokerPlayerMod:Spade4","PokerPlayerMod:Club1","PokerPlayerMod:Club2","PokerPlayerMod:Heart2","PokerPlayerMod:TrumpStrike","PokerPlayerMod:BadJoker","PokerPlayerMod:Mulligan+1","PokerPlayerMod:Heart3","PokerPlayerMod:HiddenCard","PokerPlayerMod:Heart1","PokerPlayerMod:Raise+1","PokerPlayerMod:Raise","PokerPlayerMod:Diamond3","PokerPlayerMod:Spade8","PokerPlayerMod:WasteCollection"],"relics":["PokerPlayerMod:DeckCase","Bag of Marbles","Vajra","Matryoshka","War Paint","PokerPlayerMod:CoolBox","TheAbacus","SlaversCollar"],"acts_visited":["Exordium","TheCity"],"potions_floor_usage":[],"damage_taken":[{"damage":0,"enemies":"Small Slimes","floor":1,"turns":2},{"damage":3,"enemies":"Cultist","floor":3,"turns":3},{"damage":0,"enemies":"2 Louse","floor":5,"turns":2},{"damage":12,"enemies":"Gremlin Nob","floor":6,"turns":4},{"damage":23,"enemies":"Lagavulin","floor":8,"turns":4},{"damage":5,"enemies":"Red Slaver","floor":10,"turns":3},{"damage":0,"enemies":"Looter","floor":13,"turns":2},{"damage":20,"enemies":"The Guardian","floor":16,"turns":9},{"damage":8,"enemies":"Spheric Guardian","floor":18,"turns":3}],"seed_played":"-6489312092245276142","potions_obtained":[{"floor":1,"key":"Strength Potion"},{"floor":6,"key":"bronze:BurnAndBuffPotion"},{"floor":7,"key":"Energy Potion"},{"floor":7,"key":"Fire Potion"},{"floor":10,"key":"FairyPotion"}],"is_trial":false,"path_per_floor":["M","?","M","?","M","E","?","E","T","M","R","?","M","$","R","B",null,"M"],"character_chosen":"THE_POKER_PLAYER","items_purchased":["TheAbacus","PokerPlayerMod:Diamond3","PokerPlayerMod:Spade8"],"campfire_rested":1,"item_purchase_floors":[14,14,14],"current_hp_per_floor":[52,62,59,41,45,45,45,33,33,34,52,52,61,61,61,52,62,54,54,54],"gold":108,"neow_bonus":"ONE_RANDOM_RARE_CARD","is_daily":false,"chose_seed":false,"campfire_upgraded":0,"win_rate":0.0,"timestamp":1611732086,"path_taken":["M","?","?","?","M","E","?","E","T","?","R","?","M","$","R","BOSS","M"],"items_purchased_type":["Relic","Card","Card"],"build_version":"2020-12-22","purchased_purges":0,"victory":false,"max_hp_per_floor":[52,62,62,62,62,62,62,62,62,62,62,62,62,62,62,62,62,62,62,62],"card_choices":[{"not_picked":["PokerPlayerMod:ClubStrike","PokerPlayerMod:Manipulation","PokerPlayerMod:DartThrow"],"picked":"SKIP","floor":1},{"not_picked":["PokerPlayerMod:ClubShade","PokerPlayerMod:Manipulation"],"picked":"PokerPlayerMod:Heart3","floor":3},{"not_picked":["PokerPlayerMod:Diamond1","PokerPlayerMod:Sharpen"],"picked":"PokerPlayerMod:HiddenCard","floor":5},{"not_picked":["PokerPlayerMod:HeartStrike","PokerPlayerMod:Club3"],"picked":"PokerPlayerMod:Heart1","floor":6},{"not_picked":["PokerPlayerMod:Promotion","PokerPlayerMod:CloakAndDiamond"],"picked":"PokerPlayerMod:Raise","floor":8},{"not_picked":["PokerPlayerMod:Club5","PokerPlayerMod:DiamondStrike"],"picked":"PokerPlayerMod:Raise","floor":10},{"not_picked":["PokerPlayerMod:CloakAndDiamond","PokerPlayerMod:Trickery","PokerPlayerMod:Diamond5"],"picked":"SKIP","floor":13},{"not_picked":["PokerPlayerMod:ChangeRules","PokerPlayerMod:Club7"],"picked":"PokerPlayerMod:WasteCollection","floor":16}],"player_experience":38262,"relics_obtained":[{"floor":6,"key":"Vajra"},{"floor":8,"key":"Matryoshka"},{"floor":9,"key":"War Paint"},{"floor":9,"key":"PokerPlayerMod:CoolBox"}],"event_choices":[{"cards_removed":["PokerPlayerMod:TheDieIsCast"],"damage_healed":0,"gold_gain":0,"player_choice":"Offered Rare","damage_taken":0,"max_hp_gain":10,"max_hp_loss":0,"event_name":"Bonfire Elementals","floor":2,"gold_loss":0},{"damage_healed":0,"gold_gain":0,"player_choice":"Relic ","damage_taken":18,"max_hp_gain":0,"max_hp_loss":0,"event_name":"betterThird:BetterScrap","floor":4,"gold_loss":0,"cards_obtained":["Fusion"]},{"damage_healed":0,"gold_gain":0,"player_choice":"Got Potions","damage_taken":0,"max_hp_gain":0,"max_hp_loss":0,"event_name":"Lab","floor":7,"gold_loss":0},{"damage_healed":0,"gold_gain":0,"player_choice":"Ignored","damage_taken":0,"max_hp_gain":0,"max_hp_loss":0,"event_name":"Golden Idol","floor":12,"gold_loss":0}],"is_beta":false,"boss_relics":[{"not_picked":["SacredBark","Calling Bell"],"picked":"SlaversCollar"}],"items_purged_floors":[],"is_endless":false,"potions_floor_spawned":[1,6,10,16],"killed_by":"Spheric Guardian","ascension_level":0}}