{"host":"sian7qp8a9pc9xwd","time":1611754100,"event":{"mods":["BaseMod","Minty Spire (QoL Compilation)","StSLib","SuperFastMode"],"gold_per_floor":[13,29,29,29,47,47,82,4,4,22,22,42,57,68,68,147,147,158,158,158,174,23,23,54,71,95,95,112,138,138,155,155,231,231,251,251,21,75,0,25,25,25,25,25,51,51,62,76,76,76,76,76,76,111,111,111],"floor_reached":55,"language":"ENG","playtime":2936,"items_purged":["Strike_G+1"],"score":1355,"play_id":"de57c135-7ab7-49eb-95ec-dcdbdca712cc","local_time":"20210127082820","is_ascension_mode":true,"campfire_choices":[{"data":"Neutralize","floor":6.0,"key":"SMITH"},{"data":"Backflip","floor":11.0,"key":"SMITH"},{"data":"Cloak And Dagger","floor":15.0,"key":"SMITH"},{"data":"Burst","floor":23.0,"key":"SMITH"},{"floor":27.0,"key":"REST"},{"floor":32.0,"key":"REST"},{"data":"Finisher","floor":42.0,"key":"SMITH"},{"data":"Accuracy","floor":46.0,"key":"SMITH"},{"floor":49.0,"key":"RECALL"},{"data":"Adrenaline","floor":52.0,"key":"SMITH"}],"circlet_count":0,"master_deck":["AscendersBane","Strike_G+1","Defend_G+1","Defend_G","Defend_G+1","Neutralize+1","Blade Dance+1","Deflect","Backflip+1","Backflip","Cloak And Dagger+1","Finisher+1","Burst+1","Blade Dance+1","Slice","Cloak And Dagger","Adrenaline+1","Leg Sweep+1","Well Laid Plans+1","Accuracy+1"],"relics":["Ring of the Snake","Sundial","Blue Candle","Pantograph","Busted Crown","Whetstone","Orichalcum","War Paint","Pen Nib","Empty Cage","Happy Flower","StoneCalendar","Red Mask","CaptainsWheel","Bottled Flame","Boot"],"acts_visited":["Exordium","TheCity","TheBeyond","TheEnding"],"potions_floor_usage":[55,55],"damage_taken":[{"damage":5.0,"enemies":"Cultist","floor":1.0,"turns":5.0},{"damage":6.0,"enemies":"2 Louse","floor":2.0,"turns":4.0},{"damage":2.0,"enemies":"Jaw Worm","floor":5.0,"turns":3.0},{"damage":12.0,"enemies":"Lagavulin","floor":7.0,"turns":8.0},{"damage":1.0,"enemies":"2 Fungi Beasts","floor":10.0,"turns":3.0},{"damage":7.0,"enemies":"Exordium Wildlife","floor":12.0,"turns":6.0},{"damage":0.0,"enemies":"3 Louse","floor":13.0,"turns":4.0},{"damage":0.0,"enemies":"Looter","floor":14.0,"turns":4.0},{"damage":0.0,"enemies":"Slime Boss","floor":16.0,"turns":6.0},{"damage":1.0,"enemies":"3 Byrds","floor":18.0,"turns":8.0},{"damage":4.0,"enemies":"Shell Parasite","floor":21.0,"turns":5.0},{"damage":20.0,"enemies":"Slavers","floor":24.0,"turns":7.0},{"damage":6.0,"enemies":"Chosen and Byrds","floor":25.0,"turns":6.0},{"damage":0.0,"enemies":"3 Cultists","floor":28.0,"turns":3.0},{"damage":18.0,"enemies":"Gremlin Leader","floor":29.0,"turns":4.0},{"damage":1.0,"enemies":"Centurion and Healer","floor":31.0,"turns":3.0},{"damage":45.0,"enemies":"Collector","floor":33.0,"turns":12.0},{"damage":2.0,"enemies":"3 Shapes","floor":35.0,"turns":7.0},{"damage":8.0,"enemies":"2 Orb Walkers","floor":38.0,"turns":5.0},{"damage":0.0,"enemies":"Mind Bloom Boss Battle","floor":40.0,"turns":6.0},{"damage":9.0,"enemies":"Reptomancer","floor":45.0,"turns":7.0},{"damage":0.0,"enemies":"Orb Walker","floor":47.0,"turns":2.0},{"damage":0.0,"enemies":"Maw","floor":48.0,"turns":4.0},{"damage":43.0,"enemies":"Awakened One","floor":50.0,"turns":10.0},{"damage":10.0,"enemies":"Shield and Spear","floor":54.0,"turns":5.0},{"damage":2,"enemies":"The Heart","floor":55,"turns":2}],"seed_played":"-7962157737723625070","potions_obtained":[{"floor":2.0,"key":"Weak Potion"},{"floor":5.0,"key":"LiquidBronze"},{"floor":12.0,"key":"LiquidBronze"},{"floor":13.0,"key":"CunningPotion"},{"floor":14.0,"key":"SpeedPotion"},{"floor":16.0,"key":"Fire Potion"},{"floor":18.0,"key":"DistilledChaos"},{"floor":24.0,"key":"Strength Potion"},{"floor":28.0,"key":"DistilledChaos"},{"floor":31.0,"key":"Poison Potion"},{"floor":38.0,"key":"SkillPotion"},{"floor":45.0,"key":"SteroidPotion"},{"floor":47.0,"key":"GhostInAJar"},{"floor":54.0,"key":"CultistPotion"}],"is_trial":false,"path_per_floor":["M","M","?","?","M","R","E","?","T","M","R","M","M","M","R","B",null,"M","?","?","M","$","R","E","M","T","R","M","E","?","M","R","B",null,"M","?","$","?","?","?","?","R","T","$","E","R","M","M","R","B",null,"R","$","E","B"],"character_chosen":"THE_SILENT","items_purchased":["Whetstone","Happy Flower"],"campfire_rested":2,"item_purchase_floors":[22,37],"current_hp_per_floor":[54,48,28,28,26,26,14,14,14,13,13,6,6,6,6,31,57,56,56,38,34,34,34,14,8,8,29,29,11,11,10,31,11,56,54,54,54,46,46,67,67,67,67,67,58,58,58,58,58,24,56,56,56,46,65,65],"gold":111,"neow_bonus":"REMOVE_TWO","is_daily":false,"chose_seed":false,"campfire_upgraded":7,"win_rate":0.0,"timestamp":1611754100,"path_taken":["M","?","?","?","M","R","E","?","T","M","R","M","M","?","R","BOSS","M","?","?","M","?","R","E","M","T","R","M","E","?","M","R","BOSS","M","?","$","?","?","?","?","R","T","?","E","R","M","M","R","BOSS","R","$","E","BOSS"],"items_purchased_type":["Relic","Relic"],"build_version":"2020-12-22","purchased_purges":1,"victory":false,"max_hp_per_floor":[66,66,66,66,66,66,66,66,66,66,66,66,66,66,66,66,66,66,66,71,71,71,71,71,71,71,71,71,71,71,71,71,71,71,71,67,67,67,67,67,67,67,67,67,67,67,67,67,67,67,67,67,67,67,67,67],"card_choices":[{"not_picked":["Sucker Punch","Underhanded Strike","Riddle With Holes"],"picked":"SKIP","floor":1.0},{"not_picked":["Cloak And Dagger","Expertise"],"picked":"Blade Dance","floor":2.0},{"not_picked":["Bouncing Flask","Flying Knee"],"picked":"Deflect","floor":5.0},{"not_picked":["Bane","Deadly Poison"],"picked":"Backflip","floor":7.0},{"not_picked":["Poisoned Stab","Dagger Spray"],"picked":"Backflip","floor":10.0},{"not_picked":["Setup","Dodge and Roll"],"picked":"Cloak And Dagger","floor":12.0},{"not_picked":["Bouncing Flask","PiercingWail","Outmaneuver"],"picked":"SKIP","floor":13.0},{"not_picked":["Riddle With Holes","Unload"],"picked":"Finisher","floor":14.0},{"not_picked":["Die Die Die","Venomology"],"picked":"Burst","floor":16.0},{"not_picked":["Calculated Gamble"],"picked":"SKIP","floor":18.0},{"not_picked":["Quick Slash"],"picked":"SKIP","floor":21.0},{"not_picked":[],"picked":"Blade Dance+1","floor":24.0},{"not_picked":[],"picked":"Slice","floor":25.0},{"not_picked":["Poisoned Stab"],"picked":"SKIP","floor":28.0},{"not_picked":[],"picked":"Cloak And Dagger","floor":29.0},{"not_picked":["Tactician"],"picked":"SKIP","floor":31.0},{"not_picked":[],"picked":"Adrenaline","floor":33.0},{"not_picked":["Caltrops"],"picked":"SKIP","floor":35.0},{"not_picked":[],"picked":"Leg Sweep+1","floor":38.0},{"not_picked":[],"picked":"Well Laid Plans+1","floor":40.0},{"not_picked":[],"picked":"Accuracy","floor":45.0},{"not_picked":["Concentrate"],"picked":"SKIP","floor":47.0},{"not_picked":["Riddle With Holes"],"picked":"SKIP","floor":48.0},{"not_picked":["Terror+1"],"picked":"SKIP","floor":54.0}],"player_experience":798019,"relics_obtained":[{"floor":7.0,"key":"Sundial"},{"floor":9.0,"key":"Pantograph"},{"floor":24.0,"key":"Orichalcum"},{"floor":26.0,"key":"War Paint"},{"floor":29.0,"key":"Pen Nib"},{"floor":38.0,"key":"StoneCalendar"},{"floor":40.0,"key":"CaptainsWheel"},{"floor":45.0,"key":"Bottled Flame"},{"floor":54.0,"key":"Boot"}],"event_choices":[{"damage_healed":0.0,"max_hp_gain":0.0,"max_hp_loss":0.0,"gold_gain":0.0,"event_name":"Shining Light","player_choice":"Entered Light","floor":3.0,"gold_loss":0.0,"damage_taken":20.0,"cards_upgraded":["Strike_G","Defend_G"]},{"damage_healed":0.0,"max_hp_gain":0.0,"max_hp_loss":0.0,"gold_gain":0.0,"event_name":"Living Wall","player_choice":"Grow","floor":4.0,"gold_loss":0.0,"damage_taken":0.0,"cards_upgraded":["Blade Dance"]},{"damage_healed":0.0,"max_hp_gain":0.0,"max_hp_loss":0.0,"gold_gain":0.0,"event_name":"WeMeetAgain","player_choice":"Paid Gold","floor":8.0,"gold_loss":78.0,"damage_taken":0.0,"relics_obtained":["Blue Candle"]},{"damage_healed":0.0,"max_hp_gain":0.0,"max_hp_loss":0.0,"gold_gain":0.0,"event_name":"Ghosts","player_choice":"Ignored","floor":19.0,"gold_loss":0.0,"damage_taken":0.0},{"damage_healed":0.0,"max_hp_gain":5.0,"max_hp_loss":0.0,"gold_gain":0.0,"event_name":"Forgotten Altar","player_choice":"Shed Blood","floor":20.0,"gold_loss":0.0,"damage_taken":23.0},{"cards_removed":["Strike_G"],"damage_healed":0.0,"max_hp_gain":0.0,"max_hp_loss":0.0,"gold_gain":0.0,"event_name":"Back to Basics","player_choice":"Elegance","floor":30.0,"gold_loss":0.0,"damage_taken":0.0},{"damage_healed":0.0,"max_hp_gain":0.0,"max_hp_loss":4.0,"gold_gain":0.0,"event_name":"Winding Halls","player_choice":"Max HP","floor":36.0,"gold_loss":0.0,"damage_taken":0.0},{"damage_healed":0.0,"max_hp_gain":0.0,"max_hp_loss":0.0,"gold_gain":0.0,"event_name":"Mysterious Sphere","player_choice":"Fight","floor":38.0,"gold_loss":0.0,"damage_taken":0.0},{"damage_healed":0.0,"max_hp_gain":0.0,"max_hp_loss":0.0,"gold_gain":0.0,"event_name":"Tomb of Lord Red Mask","player_choice":"Paid","floor":39.0,"gold_loss":75.0,"damage_taken":0.0,"relics_obtained":["Red Mask"]},{"damage_healed":0.0,"max_hp_gain":0.0,"max_hp_loss":0.0,"gold_gain":0.0,"event_name":"MindBloom","player_choice":"Fight","floor":40.0,"gold_loss":0.0,"damage_taken":0.0},{"cards_removed":["Survivor"],"damage_healed":0.0,"max_hp_gain":0.0,"max_hp_loss":0.0,"gold_gain":0.0,"event_name":"Falling","player_choice":"Removed Skill","floor":41.0,"gold_loss":0.0,"damage_taken":0.0}],"is_beta":false,"boss_relics":[{"not_picked":["Tiny House","Fusion Hammer"],"picked":"Busted Crown"},{"not_picked":["Black Star","Calling Bell"],"picked":"Empty Cage"}],"items_purged_floors":[37],"is_endless":false,"potions_floor_spawned":[2,5,12,13,14,16,18,24,28,31,38,45,47,54],"killed_by":"The Heart","ascension_level":15}}