{"host":"640uue19m79c7wbt","time":1611715726,"event":{"mods":["BaseMod","Colored Map","Googly Eyes","Highlight Path","Minty Spire (QoL Compilation)","Quick Restart","StSLib"],"gold_per_floor":[115,95,109,109,20,53,64,78,78,111,111,129,129,149,149,149,149],"floor_reached":16,"language":"ENG","playtime":402,"items_purged":[],"score":253,"play_id":"3a5a7b33-e8d7-4c8c-ac62-26547dc57e46","local_time":"20210126214846","is_ascension_mode":true,"campfire_choices":[{"floor":11,"key":"REST"},{"floor":13,"key":"REST"},{"floor":15,"key":"REST"}],"circlet_count":0,"master_deck":["AscendersBane","Strike_G","Strike_G","Strike_G","Strike_G","Strike_G","Defend_G","Defend_G","Defend_G","Defend_G","Defend_G","Survivor","Neutralize","Well Laid Plans","Dash+1","Footwork","Phantasmal Killer","Footwork","Crippling Poison","Leg Sweep","Skewer","Accuracy"],"relics":["Ring of the Snake","NeowsBlessing","Boot","Gremlin Horn","StoneCalendar"],"acts_visited":["Exordium"],"potions_floor_usage":[8,8,14],"damage_taken":[{"damage":0,"enemies":"Small Slimes","floor":1,"turns":1},{"damage":0,"enemies":"Cultist","floor":3,"turns":1},{"damage":0,"enemies":"3 Sentries","floor":6,"turns":1},{"damage":2,"enemies":"2 Louse","floor":7,"turns":3},{"damage":19,"enemies":"Lots of Slimes","floor":8,"turns":5},{"damage":24,"enemies":"Lagavulin","floor":10,"turns":8},{"damage":3,"enemies":"2 Fungi Beasts","floor":12,"turns":4},{"damage":15,"enemies":"Blue Slaver","floor":14,"turns":6},{"damage":8,"enemies":"Slime Boss","floor":16,"turns":5}],"seed_played":"244441741713288577","potions_obtained":[{"floor":1,"key":"Strength Potion"},{"floor":2,"key":"EssenceOfSteel"},{"floor":10,"key":"Swift Potion"},{"floor":14,"key":"Weak Potion"}],"is_trial":false,"path_per_floor":["M","?","M","?","$","E","M","M","T","E","R","M","R","M","R","B"],"character_chosen":"THE_SILENT","items_purchased":["Footwork"],"campfire_rested":3,"item_purchase_floors":[5],"current_hp_per_floor":[59,59,59,59,59,59,57,38,38,14,33,30,49,34,53,45,45],"gold":149,"neow_bonus":"THREE_ENEMY_KILL","is_daily":false,"chose_seed":false,"campfire_upgraded":0,"win_rate":0.0,"timestamp":1611715726,"path_taken":["M","?","?","?","$","E","?","M","T","E","R","M","R","M","R","BOSS"],"items_purchased_type":["Card"],"build_version":"2020-12-22","purchased_purges":0,"victory":false,"max_hp_per_floor":[66,66,66,66,66,66,66,66,66,66,66,66,66,66,66,66,66],"card_choices":[{"not_picked":["Outmaneuver","Dagger Throw"],"picked":"Well Laid Plans","floor":1},{"not_picked":["Riddle With Holes","Catalyst"],"picked":"Dash","floor":3},{"not_picked":["Flying Knee","Prepared"],"picked":"Phantasmal Killer","floor":6},{"not_picked":["Finisher","Flechettes"],"picked":"Footwork","floor":7},{"not_picked":["Endless Agony","Bane"],"picked":"Crippling Poison","floor":8},{"not_picked":["Slice","Dodge and Roll"],"picked":"Leg Sweep","floor":10},{"not_picked":["Underhanded Strike","Outmaneuver"],"picked":"Skewer","floor":12},{"not_picked":["Dagger Throw","Riddle With Holes"],"picked":"Accuracy","floor":14}],"player_experience":639198,"relics_obtained":[{"floor":6,"key":"Boot"},{"floor":9,"key":"Gremlin Horn"},{"floor":10,"key":"StoneCalendar"}],"event_choices":[{"damage_healed":0,"gold_gain":0,"player_choice":"Bought 1 Potion","damage_taken":0,"max_hp_gain":0,"max_hp_loss":0,"event_name":"The Woman in Blue","floor":2,"gold_loss":0},{"damage_healed":0,"gold_gain":0,"player_choice":"Upgraded","damage_taken":0,"max_hp_gain":0,"max_hp_loss":0,"event_name":"Upgrade Shrine","floor":4,"gold_loss":0,"cards_upgraded":["Dash"]}],"is_beta":false,"boss_relics":[],"items_purged_floors":[],"is_endless":false,"potions_floor_spawned":[1,7,10,14],"killed_by":"Slime Boss","ascension_level":17}}