{"host":"qbjtml023iza03hb","time":1611780592,"event":{"mods":["AchievementEnabler","BaseMod","Hermit","Minty Spire (QoL Compilation)","StSLib","The Animator","The Cursed"],"gold_per_floor":[117,137,137,154,169,169,197,197,197,197,197,241,241,282,294,306,306],"floor_reached":16,"language":"FRA","playtime":927,"items_purged":[],"score":118,"play_id":"2026cbd3-d768-492b-90f8-2cab3ff6f192","local_time":"20210127214952","is_ascension_mode":false,"campfire_choices":[{"data":"Heavy Blade","floor":6,"key":"SMITH"},{"data":"Spot Weakness","floor":8,"key":"SMITH"},{"data":"Spot Weakness","floor":10,"key":"SMITH"},{"data":"Dual Wield","floor":15,"key":"SMITH"}],"circlet_count":0,"master_deck":["Strike_R","Strike_R","Strike_R","Strike_R","Defend_R","Defend_R","Defend_R","Bash","Spot Weakness+1","Heavy Blade+1","Headbutt","Spot Weakness+1","Dual Wield+1","Disarm","Cleave"],"relics":["Burning Blood","The Courier","Golden Idol","Oddly Smooth Stone","GremlinMask","MawBank"],"acts_visited":["Exordium"],"potions_floor_usage":[12,14,16,16],"damage_taken":[{"damage":7,"enemies":"Small Slimes","floor":1,"turns":3},{"damage":5,"enemies":"Cultist","floor":2,"turns":4},{"damage":0,"enemies":"2 Louse","floor":4,"turns":3},{"damage":5,"enemies":"Looter","floor":5,"turns":3},{"damage":8,"enemies":"Gremlin Nob","floor":7,"turns":3},{"damage":20,"enemies":"3 Sentries","floor":12,"turns":6},{"damage":16,"enemies":"Lagavulin","floor":14,"turns":5},{"damage":51,"enemies":"Slime Boss","floor":16,"turns":7}],"seed_played":"-2669596078687000279","potions_obtained":[{"floor":1,"key":"BlessingOfTheForge"},{"floor":7,"key":"AttackPotion"},{"floor":12,"key":"Fire Potion"},{"floor":14,"key":"FearPotion"}],"is_trial":false,"path_per_floor":["M","M","?","M","M","R","E","R","T","R","?","E","?","E","R","B"],"character_chosen":"IRONCLAD","items_purchased":[],"campfire_rested":0,"item_purchase_floors":[],"current_hp_per_floor":[79,80,80,80,80,80,78,78,78,78,74,60,60,50,50,0,0],"gold":306,"neow_bonus":"REMOVE_CARD","is_daily":false,"chose_seed":false,"campfire_upgraded":4,"win_rate":0.0,"timestamp":1611780592,"path_taken":["M","M","?","M","?","R","E","R","T","R","?","E","?","E","R","BOSS"],"items_purchased_type":[],"build_version":"2020-12-22","purchased_purges":0,"victory":false,"max_hp_per_floor":[80,80,80,80,80,80,80,80,80,80,74,74,74,74,74,74,74],"card_choices":[{"not_picked":["Pommel Strike","Sword Boomerang"],"picked":"Spot Weakness","floor":1},{"not_picked":["Warcry","Sword Boomerang"],"picked":"Heavy Blade","floor":2},{"not_picked":["Havoc","Wild Strike"],"picked":"Headbutt","floor":4},{"not_picked":["Perfected Strike","Rage"],"picked":"Spot Weakness","floor":5},{"not_picked":["Uppercut","Sword Boomerang"],"picked":"Dual Wield","floor":7},{"not_picked":["Infernal Blade","Fire Breathing"],"picked":"Disarm","floor":12},{"not_picked":["Armaments","Exhume"],"picked":"Cleave","floor":14}],"player_experience":468990,"relics_obtained":[{"floor":7,"key":"The Courier"},{"floor":12,"key":"Oddly Smooth Stone"},{"floor":14,"key":"MawBank"}],"event_choices":[{"cards_removed":["Strike_R"],"damage_healed":0,"gold_gain":0,"player_choice":"Purged","damage_taken":0,"max_hp_gain":0,"max_hp_loss":0,"event_name":"Purifier","floor":3,"gold_loss":0},{"damage_healed":0,"gold_gain":0,"player_choice":"Lose Max HP","damage_taken":0,"relics_obtained":["Golden Idol"],"max_hp_gain":0,"max_hp_loss":6,"event_name":"Golden Idol","floor":11,"gold_loss":0},{"damage_healed":0,"gold_gain":0,"player_choice":"Trade","damage_taken":0,"relics_obtained":["GremlinMask"],"max_hp_gain":0,"max_hp_loss":0,"event_name":"FaceTrader","floor":13,"gold_loss":0}],"is_beta":false,"boss_relics":[],"items_purged_floors":[],"is_endless":false,"potions_floor_spawned":[1,7,12,14],"killed_by":"Slime Boss","ascension_level":0}}