{"host":"e1pm3b7xpcm97e5w","time":1611777202,"event":{"mods":["BaseMod","Better Skull","Googly Eyes","Minty Spire (QoL Compilation)","Relic Stats","Shop Mod","Spicy Shops","StSLib"],"gold_per_floor":[114,114,134,152,172,201,201,233,233,233,71,71,84,41,41,116,116,128,22,22,22,0,0,0,0,0,18,18,32,32,32,32,106,106,117,117,137,137,137,137,137,137],"floor_reached":41,"language":"ENG","playtime":1358,"items_purged":[],"score":776,"play_id":"e3b834a4-aad4-4127-b10e-64e02975bf55","local_time":"20210127145322","is_ascension_mode":true,"campfire_choices":[{"data":"Noxious Fumes","floor":7,"key":"SMITH"},{"floor":12,"key":"REST"},{"floor":15,"key":"REST"},{"data":"Noxious Fumes","floor":23,"key":"SMITH"},{"data":"Footwork","floor":25,"key":"SMITH"},{"data":"Envenom","floor":28,"key":"SMITH"},{"data":"Flechettes","floor":32,"key":"SMITH"},{"data":"Crippling Poison","floor":40,"key":"SMITH"}],"circlet_count":0,"master_deck":["AscendersBane","Defend_G","Defend_G","Defend_G","Defend_G","Survivor","Neutralize","Glass Knife+1","Backflip","Cloak And Dagger","Noxious Fumes+1","Noxious Fumes+1","Deflect","Dodge and Roll","Wraith Form v2","Crippling Poison+1","Well Laid Plans","Envenom+1","Footwork+1","Backflip","Bite","Bite","Bite","Bite","Bite","Flechettes+1","Outmaneuver","Malaise","Crippling Poison"],"relics":["Ring of the Serpent","Gremlin Horn","Bottled Tornado","The Specimen","Coffee Dripper","Singing Bowl"],"acts_visited":["Exordium","TheCity","TheBeyond"],"potions_floor_usage":[8,41],"damage_taken":[{"damage":0,"enemies":"Small Slimes","floor":1,"turns":2},{"damage":0,"enemies":"Cultist","floor":3,"turns":3},{"damage":0,"enemies":"Jaw Worm","floor":4,"turns":2},{"damage":0,"enemies":"Exordium Wildlife","floor":5,"turns":5},{"damage":5,"enemies":"3 Sentries","floor":6,"turns":7},{"damage":34,"enemies":"Gremlin Nob","floor":8,"turns":4},{"damage":5,"enemies":"Blue Slaver","floor":13,"turns":2},{"damage":8,"enemies":"Hexaghost","floor":16,"turns":10},{"damage":13,"enemies":"Shell Parasite","floor":18,"turns":6},{"damage":15,"enemies":"2 Thieves","floor":27,"turns":4},{"damage":17,"enemies":"Cultist and Chosen","floor":29,"turns":6},{"damage":25,"enemies":"Collector","floor":33,"turns":9},{"damage":6,"enemies":"Orb Walker","floor":35,"turns":5},{"damage":7,"enemies":"3 Shapes","floor":37,"turns":4},{"damage":27,"enemies":"Giant Head","floor":41,"turns":10}],"seed_played":"8039453690746254142","potions_obtained":[{"floor":3,"key":"ColorlessPotion"},{"floor":8,"key":"GhostInAJar"},{"floor":16,"key":"SteroidPotion"},{"floor":35,"key":"Strength Potion"}],"is_trial":false,"path_per_floor":["M","?","M","M","M","E","R","E","T","?","$","R","M","$","R","B",null,"M","$","?","$","?","R","?","R","T","M","R","M","?","$","R","B",null,"M","?","M","?","?","R","E"],"character_chosen":"THE_SILENT","items_purchased":["Wraith Form v2","Well Laid Plans","Footwork","Backflip"],"campfire_rested":2,"item_purchase_floors":[11,14,19,19],"current_hp_per_floor":[59,59,59,59,59,54,54,20,20,13,13,31,26,26,44,36,54,41,41,41,41,41,41,41,41,41,33,33,28,28,28,28,21,38,38,38,37,37,37,37,30,30],"gold":137,"neow_bonus":"TRANSFORM_TWO_CARDS","is_daily":false,"chose_seed":false,"campfire_upgraded":6,"win_rate":0.0,"timestamp":1611777202,"path_taken":["M","?","?","M","M","E","R","E","T","?","$","R","M","?","R","BOSS","M","$","?","$","?","R","?","R","T","?","R","M","?","?","R","BOSS","M","?","M","?","?","R","E"],"items_purchased_type":["Card","Card","Card","Card"],"build_version":"2020-12-22","purchased_purges":0,"victory":false,"max_hp_per_floor":[60,60,60,60,60,60,60,60,60,60,60,60,60,60,60,60,60,60,60,60,60,60,60,42,42,42,42,42,44,44,44,44,44,44,46,46,46,46,44,44,44,44],"relic_stats":{"Gremlin Horn":[7,7],"Singing Bowl":4,"counters":[15,79],"obtain_stats":[{"Gremlin Horn":6,"The Specimen":9,"Singing Bowl":26,"Coffee Dripper":17,"Bottled Tornado":8,"Ring of the Serpent":34,"Ring of the Snake":0},{"Gremlin Horn":5,"The Specimen":6,"Singing Bowl":9,"Coffee Dripper":8,"Bottled Tornado":6,"Ring of the Serpent":12,"Ring of the Snake":0},{"Gremlin Horn":19,"The Specimen":23,"Singing Bowl":41,"Coffee Dripper":35,"Bottled Tornado":23,"Ring of the Serpent":60,"Ring of the Snake":0}]},"card_choices":[{"not_picked":["Predator","Dagger Spray"],"picked":"Backflip","floor":1},{"not_picked":["Dodge and Roll","Flying Knee"],"picked":"Cloak And Dagger","floor":3},{"not_picked":["Sucker Punch","Cloak And Dagger"],"picked":"Noxious Fumes","floor":4},{"not_picked":["Terror","Bane"],"picked":"Noxious Fumes","floor":5},{"not_picked":["Prepared","Terror"],"picked":"Deflect","floor":6},{"not_picked":["Quick Slash","Flying Knee"],"picked":"Dodge and Roll","floor":8},{"not_picked":["Deadly Poison","Envenom"],"picked":"Crippling Poison","floor":13},{"not_picked":["Storm of Steel","Grand Finale"],"picked":"Envenom","floor":16},{"not_picked":["Dagger Throw","Dagger Spray","Flying Knee+1"],"picked":"SKIP","floor":18},{"not_picked":["Outmaneuver","Backflip"],"picked":"Flechettes","floor":27},{"not_picked":["Poisoned Stab","Finisher","Dagger Spray"],"picked":"Singing Bowl","floor":29},{"not_picked":["Venomology","Adrenaline"],"picked":"Malaise","floor":33},{"not_picked":["Riddle With Holes+1","Choke","Skewer"],"picked":"Singing Bowl","floor":35},{"not_picked":["All Out Attack","Dagger Spray"],"picked":"Crippling Poison","floor":37}],"player_experience":599015,"relics_obtained":[{"floor":6,"key":"Gremlin Horn"},{"floor":8,"key":"Bottled Tornado"},{"floor":9,"key":"The Specimen"},{"floor":26,"key":"Singing Bowl"}],"event_choices":[{"damage_healed":0,"gold_gain":0,"player_choice":"Forge","damage_taken":0,"max_hp_gain":0,"max_hp_loss":0,"event_name":"Accursed Blacksmith","floor":2,"gold_loss":0,"cards_upgraded":["Glass Knife"]},{"cards_removed":["Strike_G"],"damage_healed":0,"gold_gain":0,"player_choice":"Card Removal","damage_taken":7,"max_hp_gain":0,"max_hp_loss":0,"event_name":"Golden Wing","floor":10,"gold_loss":0},{"damage_healed":0,"gold_gain":0,"player_choice":"Paid Fearfully","damage_taken":0,"max_hp_gain":0,"max_hp_loss":0,"event_name":"Masked Bandits","floor":22,"gold_loss":22},{"damage_healed":0,"gold_gain":0,"player_choice":"Became a vampire","damage_taken":0,"max_hp_gain":0,"max_hp_loss":18,"event_name":"Vampires","floor":24,"gold_loss":0,"cards_obtained":["Bite","Bite","Bite","Bite","Bite"]},{"damage_healed":0,"gold_gain":0,"cards_transformed":["Masterful Stab"],"player_choice":"Transformed","damage_taken":0,"max_hp_gain":0,"max_hp_loss":0,"event_name":"Transmorgrifier","floor":30,"gold_loss":0,"cards_obtained":["Outmaneuver"]},{"damage_healed":0,"gold_gain":0,"player_choice":"Ignored","damage_taken":0,"max_hp_gain":0,"max_hp_loss":0,"event_name":"Tomb of Lord Red Mask","floor":36,"gold_loss":0},{"cards_removed":["Defend_G"],"damage_healed":0,"gold_gain":0,"player_choice":"Removed Skill","damage_taken":0,"max_hp_gain":0,"max_hp_loss":0,"event_name":"Falling","floor":38,"gold_loss":0},{"damage_healed":0,"gold_gain":0,"player_choice":"Max HP","damage_taken":0,"max_hp_gain":0,"max_hp_loss":2,"event_name":"Winding Halls","floor":39,"gold_loss":0}],"is_beta":false,"boss_relics":[{"not_picked":["SacredBark","Busted Crown"],"picked":"Coffee Dripper"},{"not_picked":["Tiny House","Philosopher\u0027s Stone"],"picked":"Ring of the Serpent"}],"items_purged_floors":[],"is_endless":false,"potions_floor_spawned":[3,8,16,27,35],"killed_by":"Giant Head","ascension_level":18}}