{"host":"vex7walpoxzv48nx","time":1611791900,"event":{"mods":["AchievementEnabler","BaseMod","Bestiary","Minty Spire (QoL Compilation)","Permanent Neow","Quick Restart","Relic Stats","UnlockEverythingMod"],"gold_per_floor":[110,31,31,31,43,76,91,91,91,101,151,151,177,194,194,271,271,290,302,149,164,164,164],"floor_reached":22,"language":"ENG","playtime":1957,"items_purged":[],"score":343,"play_id":"a665596a-aa3d-4af9-aae7-5330b2bea888","local_time":"20210128005820","is_ascension_mode":true,"campfire_choices":[{"floor":8.0,"key":"REST"},{"data":"Terror","floor":12.0,"key":"SMITH"},{"floor":15,"key":"REST"}],"circlet_count":0,"master_deck":["AscendersBane","Strike_G","Strike_G+1","Defend_G","Defend_G","Defend_G","Defend_G","Survivor","Neutralize+1","Noxious Fumes+1","Crippling Poison","Blade Dance","Predator+1","Acrobatics","Terror+1","Blade Dance","Deadly Poison","PiercingWail","A Thousand Cuts","Dagger Throw+1","Adrenaline+1","Tactician+1","Blade Dance","Escape Plan","Heel Hook","Dagger Spray","Concentrate","Dash","Corpse Explosion","Bane"],"relics":["Ring of the Snake","StrikeDummy","Whetstone","Dream Catcher","Astrolabe","Orrery"],"acts_visited":["Exordium","TheCity"],"potions_floor_usage":[16,16],"damage_taken":[{"damage":0.0,"enemies":"Small Slimes","floor":1.0,"turns":4.0},{"damage":2.0,"enemies":"Cultist","floor":5.0,"turns":5.0},{"damage":30.0,"enemies":"Lagavulin","floor":6.0,"turns":7.0},{"damage":6.0,"enemies":"2 Louse","floor":7.0,"turns":2.0},{"damage":0.0,"enemies":"Red Slaver","floor":10.0,"turns":3.0},{"damage":10.0,"enemies":"3 Sentries","floor":13.0,"turns":5.0},{"damage":12,"enemies":"Gremlin Gang","floor":14,"turns":3},{"damage":9,"enemies":"The Guardian","floor":16,"turns":8},{"damage":1,"enemies":"3 Byrds","floor":18,"turns":4},{"damage":33,"enemies":"Shell Parasite","floor":19,"turns":4},{"damage":10,"enemies":"Chosen and Byrds","floor":21,"turns":6},{"damage":15,"enemies":"Snake Plant","floor":22,"turns":2}],"seed_played":"-1500987786169263303","potions_obtained":[{"floor":5.0,"key":"SteroidPotion"},{"floor":7.0,"key":"Block Potion"},{"floor":13.0,"key":"Strength Potion"},{"floor":14,"key":"SpeedPotion"},{"floor":19,"key":"LiquidBronze"}],"is_trial":false,"path_per_floor":["M","$","?","?","M","E","M","R","T","M","?","R","E","M","R","B",null,"M","M","$","M","M"],"character_chosen":"THE_SILENT","items_purchased":["Crippling Poison","Orrery"],"campfire_rested":2,"item_purchase_floors":[2,20],"current_hp_per_floor":[59,59,52,52,50,20,14,33,33,33,33,33,23,11,30,21,55,54,21,21,11,0,0],"gold":164,"neow_bonus":"UPGRADE_CARD","is_daily":false,"chose_seed":false,"campfire_upgraded":1,"win_rate":0.0,"timestamp":1611791900,"path_taken":["M","$","?","?","M","E","M","R","T","M","?","R","E","M","R","BOSS","M","M","$","?","M"],"items_purchased_type":["Card","Relic"],"build_version":"2020-12-22","purchased_purges":0,"victory":false,"max_hp_per_floor":[66,66,66,66,66,66,66,66,66,66,66,66,66,66,66,66,66,66,66,66,66,66,66],"relic_stats":{"Dream Catcher":1,"counters":[12,53],"Astrolabe":["Dagger Throw","Adrenaline","Tactician"],"Whetstone":["Predator","Strike_G"],"obtain_stats":[{"Dream Catcher":13,"Astrolabe":17,"Orrery":20,"Whetstone":9,"StrikeDummy":6,"Ring of the Snake":0},{"Dream Catcher":6,"Astrolabe":8,"Orrery":10,"Whetstone":4,"StrikeDummy":3,"Ring of the Snake":0},{"Dream Catcher":26,"Astrolabe":37,"Orrery":45,"Whetstone":18,"StrikeDummy":16,"Ring of the Snake":0}],"Ring of the Snake":[24]},"card_choices":[{"not_picked":["Prepared","Choke"],"picked":"Noxious Fumes","floor":1.0},{"not_picked":["Setup","Finisher"],"picked":"Blade Dance","floor":5.0},{"not_picked":["Riddle With Holes","Poisoned Stab"],"picked":"Predator","floor":6.0},{"not_picked":["Outmaneuver","Underhanded Strike"],"picked":"Acrobatics","floor":7.0},{"not_picked":["Concentrate","Dodge and Roll"],"picked":"Terror","floor":10.0},{"not_picked":["Well Laid Plans","Setup"],"picked":"Blade Dance","floor":13.0},{"not_picked":["Reflex","Masterful Stab"],"picked":"Deadly Poison","floor":14},{"not_picked":["Deflect","Underhanded Strike"],"picked":"PiercingWail","floor":15},{"not_picked":["Venomology","Wraith Form v2"],"picked":"A Thousand Cuts","floor":16},{"not_picked":["Endless Agony","Flechettes"],"picked":"Blade Dance","floor":18},{"not_picked":["Outmaneuver","Blade Dance"],"picked":"Escape Plan","floor":19},{"not_picked":["Blade Dance","Night Terror"],"picked":"Heel Hook","floor":20},{"not_picked":["Dagger Throw+1","Deadly Poison+1"],"picked":"Dagger Spray","floor":20},{"not_picked":["Poisoned Stab","Caltrops"],"picked":"Concentrate","floor":20},{"not_picked":["Outmaneuver+1","Bane"],"picked":"Dash","floor":20},{"not_picked":["Acrobatics","Blade Dance"],"picked":"Corpse Explosion","floor":20},{"not_picked":["Flying Knee","Dagger Spray"],"picked":"Bane","floor":21}],"player_experience":219243,"relics_obtained":[{"floor":6.0,"key":"StrikeDummy"},{"floor":9.0,"key":"Whetstone"},{"floor":13.0,"key":"Dream Catcher"}],"event_choices":[{"cards_removed":["Strike_G"],"damage_healed":0.0,"max_hp_gain":0.0,"max_hp_loss":0.0,"gold_gain":0.0,"event_name":"Golden Wing","player_choice":"Card Removal","floor":3.0,"gold_loss":0.0,"damage_taken":7.0},{"damage_healed":0.0,"max_hp_gain":0.0,"max_hp_loss":0.0,"gold_gain":0.0,"event_name":"Living Wall","player_choice":"Grow","floor":4.0,"gold_loss":0.0,"damage_taken":0.0,"cards_upgraded":["Noxious Fumes"]},{"damage_healed":0.0,"max_hp_gain":0.0,"max_hp_loss":0.0,"gold_gain":50.0,"event_name":"Golden Shrine","player_choice":"Pray","floor":11.0,"gold_loss":0.0,"damage_taken":0.0}],"is_beta":false,"boss_relics":[{"not_picked":["Ectoplasm","Black Star"],"picked":"Astrolabe"}],"items_purged_floors":[],"is_endless":false,"potions_floor_spawned":[5,7,13,14,19],"killed_by":"Snake Plant","ascension_level":15}}