{"host":"lcnwkjlokfwcnxxu","time":1611735994,"event":{"mods":["BaseMod","Colored Map","Downfall","GifTheSpireLib","Infinite Spire","Koishi","Marisa（霧雨　魔理沙）","Minty Spire (QoL Compilation)","Quick Restart","Replay The Spire","StSLib","The Disciple","The Hierophant","The Servant 0.9.4"],"gold_per_floor":[114,133,151,171,22,51,1,66,66,66,66,84,84,113,113,213,213,229,179,79,98,0,11,11,40,52,78,107,119,6,22,22,121,121,148,174,174,202,235,235,267,298,298,148,148,174,204,0,0,0],"floor_reached":51,"language":"ENG","playtime":3240,"items_purged":["Defend_S","Strike_S","Strike_S","Strike_S"],"score":906,"play_id":"ca80ed7f-b101-45ca-8e7c-8047b67c984c","local_time":"20210127002634","is_ascension_mode":false,"campfire_choices":[{"floor":10,"key":"REST"},{"floor":15,"key":"REST"},{"data":"Comet","floor":24,"key":"SMITH"},{"data":"Potential","floor":29,"key":"SMITH"},{"data":"TimeWarp","floor":32,"key":"SMITH"},{"data":"FloweringNight","floor":40,"key":"SMITH"},{"data":"Luminosity","floor":45,"key":"SMITH"},{"data":"Potential","floor":49,"key":"SMITH"}],"circlet_count":0,"master_deck":["Defend_S","Defend_S","KidneyShot","Exchange","ShatteredReality","BottledTime","Comet+1","Potential+1","Potential+1","Revamp+1","Defy+1","TimeWarp+1","Luminosity+1","BottledTime+1","Dilation+1","FloweringNight+1","Advance+1","Contraction+1"],"relics":["Uniform","Replay:Accelerometer","Snack Pack","Toxic Egg 2","infinitespire:WardingShard","Sozu","MawBank","Mango","infinitespire:EvilPickle","Anchor","infinitespire:Joker Card","Red Mask"],"acts_visited":["Exordium","TheCity","TheBeyond"],"potions_floor_usage":[4,6,8,14],"damage_taken":[{"damage":5,"enemies":"Small Slimes","floor":1,"turns":4},{"damage":1,"enemies":"Jaw Worm","floor":2,"turns":3},{"damage":4,"enemies":"2 Louse","floor":3,"turns":3},{"damage":29,"enemies":"Gremlin Gang","floor":4,"turns":6},{"damage":10,"enemies":"Gremlin Nob","floor":6,"turns":4},{"damage":13,"enemies":"Lagavulin Event","floor":8,"turns":6},{"damage":2,"enemies":"Looter","floor":12,"turns":2},{"damage":38,"enemies":"Replay:BlueRogue","floor":14,"turns":5},{"damage":34,"enemies":"Hexaghost","floor":16,"turns":10},{"damage":13,"enemies":"Shell Parasite","floor":18,"turns":4},{"damage":0,"enemies":"3 Byrds","floor":21,"turns":4},{"damage":31,"enemies":"Snake Plant","floor":23,"turns":6},{"damage":30,"enemies":"Replay:Snechameleon","floor":25,"turns":8},{"damage":6,"enemies":"Cultist and Chosen","floor":27,"turns":3},{"damage":0,"enemies":"Centurion and Healer","floor":28,"turns":5},{"damage":0,"enemies":"Sentry and Sphere","floor":31,"turns":3},{"damage":13,"enemies":"Pondfish","floor":33,"turns":15},{"damage":0,"enemies":"Orb Walker","floor":35,"turns":2},{"damage":0,"enemies":"3 Darklings","floor":38,"turns":3},{"damage":1,"enemies":"4 Shapes","floor":39,"turns":3},{"damage":0,"enemies":"Sphere and 2 Shapes","floor":41,"turns":2},{"damage":0,"enemies":"3 Darklings","floor":42,"turns":2},{"damage":7,"enemies":"Writhing Mass","floor":46,"turns":4},{"damage":0,"enemies":"Maw","floor":47,"turns":5},{"damage":0,"enemies":"Awakened One","floor":50,"turns":7}],"seed_played":"7140322539757710932","potions_obtained":[{"floor":2,"key":"Regen Potion"},{"floor":8,"key":"LiquidMemories"},{"floor":16,"key":"SpeedPotion"}],"is_trial":false,"path_per_floor":["M","M","M","M","$","E","$","?","T","R","?","M","?","E","R","B",null,"M","?","$","M","?","M","R","E","T","M","M","R","$","M","R","B",null,"M","T","?","M","M","R","M","M","T","$","R","M","M","?","R","B",null],"character_chosen":"THE_SERVANT","items_purchased":["Potential","PowerPotion","PowerPotion"],"campfire_rested":2,"item_purchase_floors":[5,5,7],"current_hp_per_floor":[60,59,55,41,41,31,31,18,18,37,37,39,39,9,28,8,65,56,56,56,62,62,42,42,16,30,30,38,38,38,44,44,49,79,79,79,79,79,79,79,79,79,79,79,79,78,79,79,79,79],"gold":0,"neow_bonus":"REMOVE_CARD","is_daily":false,"chose_seed":false,"campfire_upgraded":6,"win_rate":0.0,"timestamp":1611735994,"path_taken":["M","M","M","M","$","E","$","?","T","R","?","M","?","E","R","BOSS","M","?","$","?","?","M","R","E","T","M","M","R","?","M","R","BOSS","M","?","?","M","M","R","M","M","T","$","R","M","M","?","R","BOSS"],"items_purchased_type":["Card","Potion","Potion"],"build_version":"2020-12-22","purchased_purges":4,"victory":true,"max_hp_per_floor":[65,65,65,65,65,65,65,65,65,65,65,65,65,65,65,65,65,65,65,65,65,65,65,65,65,79,79,79,79,79,79,79,79,79,79,79,79,79,79,79,79,79,79,79,79,79,79,79,79,79],"card_choices":[{"not_picked":["DualDimension","Spin"],"picked":"ShatteredReality","floor":1},{"not_picked":["FastForward","Sabotage","Contraction"],"picked":"SKIP","floor":2},{"not_picked":["Replace","Foresight"],"picked":"BottledTime","floor":3},{"not_picked":["Desolation","DoubleEdge"],"picked":"Comet","floor":4},{"not_picked":["Rearm","Duplication","Defy"],"picked":"SKIP","floor":6},{"not_picked":["Ricochet","Potential","Rewind+1"],"picked":"SKIP","floor":12},{"not_picked":["Ricochet","Rewind+1"],"picked":"Potential","floor":12},{"not_picked":["RealityMarble","TrueSight","MoonPhase"],"picked":"SKIP","floor":14},{"not_picked":["DoubleEdge","Shuttle+1"],"picked":"Defy+1","floor":18},{"not_picked":["Revamp+1","Hightail+1"],"picked":"TimeWarp","floor":21},{"not_picked":["Moonlight","Spin"],"picked":"Luminosity","floor":23},{"not_picked":["Potential","FastForward+1"],"picked":"BottledTime+1","floor":25},{"not_picked":["Foresight","MoonPhase","Potential+1"],"picked":"SKIP","floor":27},{"not_picked":["TimeWarp","Luminosity","ShatteredReality"],"picked":"SKIP","floor":28},{"not_picked":["Ricochet","FastForward+1"],"picked":"Dilation+1","floor":31},{"not_picked":["MurderousAura","Sunlight"],"picked":"FloweringNight","floor":33},{"not_picked":["ShatteredReality","Barrier+1","Shuttle+1"],"picked":"SKIP","floor":35},{"not_picked":["Moonlight+1","FastForward+1","Replace+1"],"picked":"SKIP","floor":38},{"not_picked":["GearUp+1","TimeTheft+1","Alleviate+1"],"picked":"SKIP","floor":39},{"not_picked":["Ricochet+1","FastForward+1"],"picked":"Advance+1","floor":41},{"not_picked":["Unruled+1","Potential+1","Starlight+1"],"picked":"SKIP","floor":42},{"not_picked":["SilverBlades","ShatteredReality"],"picked":"Contraction+1","floor":46},{"not_picked":["Defy+1","Ricochet","StarChef"],"picked":"SKIP","floor":47}],"player_experience":97820,"relics_obtained":[{"floor":6,"key":"Replay:Accelerometer"},{"floor":8,"key":"Snack Pack"},{"floor":9,"key":"Toxic Egg 2"},{"floor":14,"key":"infinitespire:WardingShard"},{"floor":25,"key":"MawBank"},{"floor":26,"key":"Mango"},{"floor":36,"key":"Anchor"},{"floor":43,"key":"infinitespire:Joker Card"}],"event_choices":[{"damage_healed":0,"gold_gain":0,"player_choice":"Searched \u00272\u0027 times","damage_taken":0,"max_hp_gain":0,"max_hp_loss":0,"event_name":"Dead Adventurer","floor":8,"gold_loss":0},{"damage_healed":0,"gold_gain":0,"player_choice":"Ignored","damage_taken":0,"max_hp_gain":0,"max_hp_loss":0,"event_name":"Liars Game","floor":11,"gold_loss":0},{"damage_healed":0,"gold_gain":0,"player_choice":"Bet on Owner","damage_taken":0,"max_hp_gain":0,"max_hp_loss":0,"event_name":"The Joust","floor":19,"gold_loss":50},{"damage_healed":0,"gold_gain":0,"player_choice":"Paid Fearfully","damage_taken":0,"max_hp_gain":0,"max_hp_loss":0,"event_name":"Masked Bandits","floor":22,"gold_loss":98},{"damage_healed":0,"gold_gain":0,"player_choice":"Paid","damage_taken":0,"relics_obtained":["Red Mask"],"max_hp_gain":0,"max_hp_loss":0,"event_name":"Tomb of Lord Red Mask","floor":48,"gold_loss":204}],"is_beta":false,"boss_relics":[{"not_picked":["Calling Bell","Replay:Bronze Core"],"picked":"Sozu"},{"not_picked":["Replay:Drink Me","Pandora\u0027s Box","Kintsugi"]}],"items_purged_floors":[5,20,30,44],"is_endless":false,"potions_floor_spawned":[2,8,16,18,21,25,33,38,42,46],"ascension_level":0}}