{"host":"6p0attdrtjqaih7v","time":1611734357,"event":{"mods":["2.2 Compatiblity","AchievementEnabler","Bard","BaseMod","Better Skull","Better Third Choice","Colored Powertips","Hermit","Highlight Path","Jorbs\u0027s Wanderer Trilogy","Key Reminder","Minty Spire (QoL Compilation)","Permanent Neow","Quick Restart","Random Character Button","Relic Stats","Replay The Spire","Robot Space Explorer","StSLib"],"gold_per_floor":[116,126,188,22,44,44,82,116,140,140,140,185,185,185,185,321,321,342,342,20,43,78,78,122,122,122,148,189,204,43,66,66,159,159,182,182,206,206,206,206,206,206,206,206,237,278,278,44,44,44,44],"floor_reached":50,"language":"ENG","playtime":2690,"items_purged":["stsjorbsmod:Strike_Wanderer"],"score":940,"play_id":"798849e4-a449-4f02-92cc-cdb139896008","local_time":"20210127025917","is_ascension_mode":true,"campfire_choices":[{"data":"stsjorbsmod:Hurt","floor":6,"key":"SMITH"},{"data":"stsjorbsmod:ColorSpray","floor":10,"key":"SMITH"},{"data":"stsjorbsmod:Hurt","floor":15,"key":"SMITH"},{"data":"stsjorbsmod:Channel","floor":23,"key":"SMITH"},{"data":"stsjorbsmod:Fireball","floor":25,"key":"SMITH"},{"floor":32,"key":"REST"},{"floor":40,"key":"REST"},{"floor":42,"key":"REST"},{"floor":44,"key":"REST"},{"floor":47,"key":"REST"},{"floor":49,"key":"REST"}],"circlet_count":0,"master_deck":["AscendersBane","stsjorbsmod:ForbiddenGrimoire+1","stsjorbsmod:Strike_Wanderer+1","stsjorbsmod:Strike_Wanderer+1","stsjorbsmod:Strike_Wanderer","stsjorbsmod:Defend_Wanderer+1","stsjorbsmod:Defend_Wanderer","stsjorbsmod:Defend_Wanderer","stsjorbsmod:Defend_Wanderer+1","stsjorbsmod:FreshAdventure","stsjorbsmod:EyeOfTheStorm","Dramatic Entrance","stsjorbsmod:ColorSpray+1","stsjorbsmod:LocateObject+1","stsjorbsmod:Hurt+1","stsjorbsmod:Materialize","stsjorbsmod:Message","stsjorbsmod:Hurt+1","Echo Form","stsjorbsmod:Fireball+1","stsjorbsmod:Channel+1","stsjorbsmod:SiphonEnergy+1","stsjorbsmod:Mania+1","stsjorbsmod:BookOfTongues","stsjorbsmod:Prestidigitation+1","stsjorbsmod:Index","stsjorbsmod:Entangle+1","stsjorbsmod:BlackTentacles+1","stsjorbsmod:FreshAdventure","stsjorbsmod:FindFamiliar+1","stsjorbsmod:Index","stsjorbsmod:TrueStrike+1","stsjorbsmod:Rediscovery"],"relics":["stsjorbsmod:GrimoireRelic","Pen Nib","Blue Doll","Juzu Bracelet","Golden Idol","Replay:Baseball","Cursed Key","Oddly Smooth Stone","Gremlin Food","Honey Jar"],"acts_visited":["Exordium","TheCity","TheBeyond"],"potions_floor_usage":[12,16,28,28,31,31,50],"damage_taken":[{"damage":0,"enemies":"Cultist","floor":1,"turns":4},{"damage":6,"enemies":"Jaw Worm","floor":2,"turns":3},{"damage":4,"enemies":"2 Louse","floor":5,"turns":3},{"damage":10,"enemies":"Gremlin Nob","floor":7,"turns":3},{"damage":0,"enemies":"2 Fungi Beasts","floor":8,"turns":3},{"damage":14,"enemies":"Replay:BlueRogue","floor":12,"turns":6},{"damage":23,"enemies":"Slime Boss","floor":16,"turns":7},{"damage":6,"enemies":"3 Byrds","floor":18,"turns":2},{"damage":4,"enemies":"Spheric Guardian","floor":21,"turns":4},{"damage":5,"enemies":"Centurion and Healer","floor":22,"turns":6},{"damage":13,"enemies":"Chosen and Byrds","floor":24,"turns":6},{"damage":15,"enemies":"Cultist and Chosen","floor":27,"turns":6},{"damage":29,"enemies":"Book of Stabbing","floor":28,"turns":5},{"damage":0,"enemies":"Snecko","floor":29,"turns":3},{"damage":0,"enemies":"Snake Plant","floor":31,"turns":4},{"damage":12,"enemies":"Champ","floor":33,"turns":9},{"damage":5,"enemies":"Orb Walker","floor":35,"turns":4},{"damage":37,"enemies":"3 Darklings","floor":37,"turns":3},{"damage":41,"enemies":"Maw","floor":45,"turns":6},{"damage":14,"enemies":"Jaw Worm Horde","floor":46,"turns":3},{"damage":55,"enemies":"Donu and Deca","floor":50,"turns":5}],"seed_played":"-3564258756779998357","potions_obtained":[{"floor":1,"key":"Fire Potion"},{"floor":7,"key":"Doom Potion"},{"floor":8,"key":"stsjorbsmod:BurningPotion"},{"floor":27,"key":"FearPotion"},{"floor":28,"key":"Swift Potion"},{"floor":29,"key":"FearPotion"},{"floor":46,"key":"Reflective Coating"}],"is_trial":false,"path_per_floor":["M","M","?","$","M","R","E","M","T","R","?","E","?","?","R","B",null,"M","?","$","M","M","R","M","R","T","M","E","M","$","M","R","B",null,"M","?","M","?","T","R","?","R","T","R","M","M","R","$","R","B"],"character_chosen":"WANDERER","items_purchased":["Pen Nib","stsjorbsmod:SiphonEnergy+1","Oddly Smooth Stone","Strength Potion","SkillPotion","stsjorbsmod:Prestidigitation+1","stsjorbsmod:Rediscovery","SpeedPotion"],"campfire_rested":6,"item_purchase_floors":[4,20,20,20,30,30,48,48],"current_hp_per_floor":[60,56,56,56,54,54,45,45,45,45,45,33,30,49,49,38,59,53,53,53,51,50,50,43,43,43,30,2,3,3,5,25,13,54,52,52,18,8,8,28,28,47,47,65,30,17,36,36,55,0,0],"gold":44,"neow_bonus":"RANDOM_COLORLESS","is_daily":false,"chose_seed":false,"campfire_upgraded":5,"win_rate":0.0,"timestamp":1611734357,"path_taken":["M","M","?","$","M","R","E","M","T","R","?","E","?","?","R","BOSS","M","?","$","M","M","R","M","R","T","M","E","M","$","M","R","BOSS","M","?","M","?","?","R","?","R","T","R","M","M","R","$","R","BOSS"],"items_purchased_type":["Relic","Card","Relic","Potion","Potion","Card","Card","Potion"],"build_version":"2020-12-22","purchased_purges":1,"victory":false,"max_hp_per_floor":[64,64,64,64,64,64,64,64,64,64,58,58,58,58,58,66,66,66,66,66,66,66,66,68,68,68,68,68,68,68,68,68,68,68,68,68,68,68,68,68,65,65,65,65,65,65,65,65,65,65,65],"relic_stats":{"counters":[21,95],"Golden Idol":91,"Pen Nib":[16],"Juzu Bracelet":1,"Cursed Key":0,"obtain_stats":[{"Gremlin Food":28,"Replay:Baseball":12,"Golden Idol":11,"Oddly Smooth Stone":20,"Honey Jar":34,"stsjorbsmod:GrimoireRelic":0,"Blue Doll":7,"Pen Nib":4,"Juzu Bracelet":9,"Cursed Key":17},{"Gremlin Food":13,"Replay:Baseball":6,"Golden Idol":5,"Oddly Smooth Stone":8,"Honey Jar":16,"stsjorbsmod:GrimoireRelic":0,"Blue Doll":4,"Pen Nib":2,"Juzu Bracelet":5,"Cursed Key":7},{"Gremlin Food":58,"Replay:Baseball":22,"Golden Idol":16,"Oddly Smooth Stone":31,"Honey Jar":74,"stsjorbsmod:GrimoireRelic":0,"Blue Doll":13,"Pen Nib":7,"Juzu Bracelet":16,"Cursed Key":29}]},"card_choices":[{"not_picked":["Panacea","Good Instincts"],"picked":"Dramatic Entrance","floor":0},{"not_picked":["stsjorbsmod:RefuseToForget","stsjorbsmod:OldPocket"],"picked":"stsjorbsmod:ColorSpray","floor":1},{"not_picked":["stsjorbsmod:ArcaneWeapon","stsjorbsmod:Prestidigitation"],"picked":"stsjorbsmod:LocateObject","floor":2},{"not_picked":["stsjorbsmod:DoubleCheck","stsjorbsmod:ScorchingRay"],"picked":"stsjorbsmod:Hurt","floor":5},{"not_picked":["stsjorbsmod:FlameWard","stsjorbsmod:Hibernate"],"picked":"stsjorbsmod:Materialize","floor":7},{"not_picked":["stsjorbsmod:ChainLightning","stsjorbsmod:UnseenServant"],"picked":"stsjorbsmod:Message","floor":8},{"not_picked":["stsjorbsmod:Feast","stsjorbsmod:ColorSpray"],"picked":"stsjorbsmod:Hurt","floor":12},{"not_picked":["stsjorbsmod:GatherPower","stsjorbsmod:IvoryTower"],"picked":"stsjorbsmod:Fireball","floor":16},{"not_picked":["stsjorbsmod:DisguiseSelf","stsjorbsmod:Patron"],"picked":"stsjorbsmod:Channel","floor":18},{"not_picked":["stsjorbsmod:DisguiseSelf","stsjorbsmod:Firebolt","stsjorbsmod:ChainLightning"],"picked":"SKIP","floor":21},{"not_picked":["stsjorbsmod:DisguiseSelf","stsjorbsmod:Firebolt","stsjorbsmod:ChainLightning"],"picked":"SKIP","floor":21},{"not_picked":["stsjorbsmod:Fear","stsjorbsmod:Hibernate","stsjorbsmod:AnimateObjects"],"picked":"SKIP","floor":22},{"not_picked":["stsjorbsmod:UnseenServant+1","stsjorbsmod:Hurt","stsjorbsmod:OldPocket"],"picked":"SKIP","floor":24},{"not_picked":["stsjorbsmod:HedgeWizard","stsjorbsmod:ScorchingRay"],"picked":"stsjorbsmod:Mania","floor":27},{"not_picked":["stsjorbsmod:Counterspell","stsjorbsmod:Stalwart+1"],"picked":"stsjorbsmod:BookOfTongues","floor":28},{"not_picked":["stsjorbsmod:Introspection","stsjorbsmod:Thorns","stsjorbsmod:UnseenServant"],"picked":"SKIP","floor":29},{"not_picked":["stsjorbsmod:ParryingBlow","stsjorbsmod:TinyHut"],"picked":"stsjorbsmod:Index","floor":31},{"not_picked":["stsjorbsmod:Banish","stsjorbsmod:GatherPower"],"picked":"stsjorbsmod:Entangle","floor":33},{"not_picked":["stsjorbsmod:Will","stsjorbsmod:Channel"],"picked":"stsjorbsmod:BlackTentacles+1","floor":35},{"not_picked":["stsjorbsmod:Hibernate","stsjorbsmod:ChatteringStrike"],"picked":"stsjorbsmod:Index","floor":37},{"not_picked":["stsjorbsmod:DisguiseSelf","stsjorbsmod:WanderingMind"],"picked":"stsjorbsmod:TrueStrike+1","floor":45}],"player_experience":964999,"relics_obtained":[{"floor":7,"key":"Blue Doll"},{"floor":9,"key":"Juzu Bracelet"},{"floor":12,"key":"Replay:Baseball"},{"floor":28,"key":"Gremlin Food"}],"event_choices":[{"damage_healed":0,"gold_gain":62,"player_choice":"Gained Gold","damage_taken":0,"max_hp_gain":0,"max_hp_loss":0,"event_name":"Golden Wing","floor":3,"gold_loss":0},{"damage_healed":0,"gold_gain":0,"player_choice":"Lose Max HP","damage_taken":0,"relics_obtained":["Golden Idol"],"max_hp_gain":0,"max_hp_loss":6,"event_name":"Golden Idol","floor":11,"gold_loss":0},{"damage_healed":0,"gold_gain":0,"player_choice":"Card ","damage_taken":3,"max_hp_gain":0,"max_hp_loss":0,"event_name":"betterThird:BetterScrap","floor":13,"gold_loss":0,"cards_obtained":["Echo Form"]},{"damage_healed":19,"gold_gain":0,"player_choice":"Banana","damage_taken":0,"max_hp_gain":0,"max_hp_loss":0,"event_name":"Big Fish","floor":14,"gold_loss":0},{"damage_healed":0,"gold_gain":0,"player_choice":"2 cards matched","damage_taken":0,"max_hp_gain":0,"max_hp_loss":0,"event_name":"Match and Keep!","floor":36,"gold_loss":0,"cards_obtained":["stsjorbsmod:FreshAdventure","stsjorbsmod:FindFamiliar"]},{"damage_healed":0,"gold_gain":0,"player_choice":"Damaged","damage_taken":10,"max_hp_gain":0,"max_hp_loss":0,"event_name":"Wheel of Change","floor":38,"gold_loss":0},{"damage_healed":0,"gold_gain":0,"player_choice":"Max HP","damage_taken":0,"max_hp_gain":0,"max_hp_loss":3,"event_name":"Winding Halls","floor":41,"gold_loss":0}],"is_beta":false,"boss_relics":[{"not_picked":["Kintsugi","Replay:Grab Bag"],"picked":"Cursed Key"},{"not_picked":["Sozu","Philosopher\u0027s Stone"],"picked":"Honey Jar"}],"items_purged_floors":[30],"is_endless":false,"potions_floor_spawned":[1,7,8,27,28,29,46],"killed_by":"Donu and Deca","ascension_level":20}}