{"host":"kg61lsvem4dxoat8","time":1611726281,"event":{"mods":["BaseMod","Colored Powertips","Minty Spire (QoL Compilation)","Quick Restart","Rare Cards Sparkle","Relic Stats","slay the spire mod where everything is the same but ironclad has a cowboy hat"],"gold_per_floor":[111,111,111,130,130,160,160,160,160],"floor_reached":8,"language":"ENG","playtime":50,"items_purged":[],"score":111,"play_id":"0f8a7b4a-10da-4db7-9ac8-ca6e697b4ae6","local_time":"20210127134441","is_ascension_mode":true,"campfire_choices":[{"data":"Shrug It Off","floor":7,"key":"SMITH"}],"circlet_count":0,"master_deck":["Strike_R","Strike_R","Strike_R","Strike_R","Strike_R","Defend_R","Defend_R","Defend_R","Defend_R","Bash","Shrug It Off+1"],"relics":["Burning Blood","NeowsBlessing","Torii"],"acts_visited":["Exordium"],"potions_floor_usage":[],"damage_taken":[{"damage":0,"enemies":"Jaw Worm","floor":1,"turns":1},{"damage":0,"enemies":"Cultist","floor":4,"turns":1},{"damage":0,"enemies":"3 Sentries","floor":6,"turns":1},{"damage":0,"enemies":"Gremlin Nob","floor":8,"turns":1}],"seed_played":"-4491352383956123477","potions_obtained":[{"floor":2,"key":"SmokeBomb"},{"floor":2,"key":"CultistPotion"},{"floor":2,"key":"AttackPotion"}],"is_trial":false,"path_per_floor":["M","?","$","M","?","E","R","E"],"character_chosen":"IRONCLAD","items_purchased":[],"campfire_rested":0,"item_purchase_floors":[],"current_hp_per_floor":[78,78,78,80,85,85,85,85,85],"gold":160,"neow_bonus":"THREE_ENEMY_KILL","is_daily":false,"chose_seed":false,"campfire_upgraded":1,"win_rate":0.0,"timestamp":1611726281,"path_taken":["M","?","$","?","?","E","R","E"],"items_purchased_type":[],"build_version":"2020-12-22","purchased_purges":0,"victory":false,"max_hp_per_floor":[80,80,80,80,85,85,85,85,85],"relic_stats":{"Torii":0,"counters":[4,4],"obtain_stats":[{"NeowsBlessing":0,"Torii":6,"Burning Blood":0},{"NeowsBlessing":0,"Torii":3,"Burning Blood":0},{"NeowsBlessing":0,"Torii":3,"Burning Blood":0}],"Burning Blood":8},"card_choices":[{"not_picked":["Body Slam","Headbutt"],"picked":"Shrug It Off","floor":1},{"not_picked":["Clash","Thunderclap","Anger"],"picked":"SKIP","floor":4},{"not_picked":["Intimidate","Clothesline","Body Slam"],"picked":"SKIP","floor":6}],"player_experience":1403068,"relics_obtained":[{"floor":6,"key":"Torii"}],"event_choices":[{"damage_healed":0,"gold_gain":0,"player_choice":"Got Potions","damage_taken":0,"max_hp_gain":0,"max_hp_loss":0,"event_name":"Lab","floor":2,"gold_loss":0},{"damage_healed":0,"gold_gain":0,"player_choice":"Donut","damage_taken":0,"max_hp_gain":5,"max_hp_loss":0,"event_name":"Big Fish","floor":5,"gold_loss":0}],"is_beta":false,"boss_relics":[],"items_purged_floors":[],"is_endless":false,"potions_floor_spawned":[6],"killed_by":"Gremlin Nob","ascension_level":8}}