{"host":"l2onoeb0kdqo1a9y","time":1611733025,"event":{"mods":["AchievementEnabler","BaseMod","Colored Powertips","Highlight Path","Minty Spire (QoL Compilation)","Quick Restart"],"gold_per_floor":[117,117,97,110,124,124,148,148,148,73,98,131,146,160,160,289,289,313,334,347,347,371,407,407,428,428,428,453,453,478,478,478,478,478],"floor_reached":33,"language":"ZHS","playtime":821,"items_purged":[],"score":343,"play_id":"b6b77a92-735d-4221-8ce5-8366315ebdb5","local_time":"20210127153705","is_ascension_mode":false,"campfire_choices":[{"floor":6.0,"key":"RECALL"},{"floor":15,"key":"REST"},{"data":"Armaments","floor":24,"key":"SMITH"},{"data":"Battle Trance","floor":27,"key":"SMITH"},{"floor":32,"key":"REST"}],"circlet_count":0,"master_deck":["Strike_R","Strike_R","Strike_R","Strike_R","Defend_R","Defend_R","Defend_R","Defend_R","Bash","Clash","Clash","Whirlwind","Hemokinesis","Rampage+1","Clash+1","Clothesline+1","Cleave+1","Headbutt+1","Demon Form","Armaments+1","Battle Trance+1","Rupture"],"relics":["Burning Blood","NeowsBlessing","Golden Idol","Molten Egg 2","Letter Opener","Sozu","Vajra","White Beast Statue","Sundial"],"acts_visited":["Exordium","TheCity"],"potions_floor_usage":[12,16,29],"damage_taken":[{"damage":0.0,"enemies":"2 Louse","floor":1.0,"turns":1.0},{"damage":0.0,"enemies":"Cultist","floor":4.0,"turns":1.0},{"damage":0.0,"enemies":"Small Slimes","floor":5.0,"turns":1.0},{"damage":2.0,"enemies":"Blue Slaver","floor":7.0,"turns":2.0},{"damage":25,"enemies":"Gremlin Gang","floor":11,"turns":3},{"damage":2,"enemies":"Gremlin Nob","floor":12,"turns":2},{"damage":26,"enemies":"Exordium Thugs","floor":13,"turns":3},{"damage":7,"enemies":"Blue Slaver","floor":14,"turns":2},{"damage":47,"enemies":"The Guardian","floor":16,"turns":7},{"damage":20,"enemies":"3 Byrds","floor":18,"turns":4},{"damage":11,"enemies":"Shell Parasite","floor":19,"turns":3},{"damage":23,"enemies":"Snecko","floor":20,"turns":4},{"damage":3,"enemies":"Centurion and Healer","floor":22,"turns":4},{"damage":2,"enemies":"Gremlin Leader","floor":23,"turns":5},{"damage":7,"enemies":"3 Cultists","floor":25,"turns":3},{"damage":23,"enemies":"Snake Plant","floor":28,"turns":3},{"damage":0,"enemies":"Slavers","floor":29,"turns":1},{"damage":7,"enemies":"Cultist and Chosen","floor":30,"turns":5},{"damage":65,"enemies":"Automaton","floor":33,"turns":6}],"seed_played":"-1667551808192280455","potions_obtained":[{"floor":3.0,"key":"FearPotion"},{"floor":5.0,"key":"Ancient Potion"},{"floor":7.0,"key":"SkillPotion"},{"floor":13,"key":"SmokeBomb"}],"is_trial":false,"path_per_floor":["M","?","?","M","M","R","M","?","T","$","M","E","M","M","R","B",null,"M","M","M","T","M","E","R","M","T","R","M","E","M","T","R","B"],"character_chosen":"IRONCLAD","items_purchased":["Rampage+1"],"campfire_rested":2,"item_purchase_floors":[10],"current_hp_per_floor":[80,74,74,74,74,74,74,74,74,74,55,59,39,38,60,19,74,60,55,38,38,41,45,45,44,44,44,27,33,32,32,54,0,0],"gold":478,"neow_bonus":"THREE_ENEMY_KILL","is_daily":false,"chose_seed":false,"campfire_upgraded":2,"win_rate":0.0,"timestamp":1611733025,"path_taken":["M","?","?","M","M","R","?","?","T","$","M","E","M","M","R","BOSS","M","M","M","?","?","E","R","M","T","R","M","E","M","?","R","BOSS"],"items_purchased_type":["Card"],"build_version":"2020-12-22","purchased_purges":0,"victory":false,"max_hp_per_floor":[80,74,74,74,74,74,74,74,74,74,74,74,74,74,74,74,74,74,74,74,74,74,74,74,74,74,74,74,74,74,74,74,74,74],"card_choices":[{"not_picked":["Anger","Havoc"],"picked":"Clash","floor":1.0},{"not_picked":["Intimidate","Power Through","Dual Wield"],"picked":"SKIP","floor":4.0},{"not_picked":["Iron Wave","Shrug It Off"],"picked":"Clash","floor":5.0},{"not_picked":["Pommel Strike","Heavy Blade"],"picked":"Whirlwind","floor":7.0},{"not_picked":["Combust","Wild Strike+1"],"picked":"Clash+1","floor":11},{"not_picked":["Exhume","True Grit"],"picked":"Clothesline+1","floor":12},{"not_picked":["Sword Boomerang+1","Bloodletting"],"picked":"Cleave+1","floor":13},{"not_picked":["Body Slam+1","Flame Barrier"],"picked":"Headbutt+1","floor":14},{"not_picked":["Immolate+1","Barricade"],"picked":"Demon Form","floor":16},{"not_picked":["Flex","Reckless Charge+1"],"picked":"Armaments","floor":18},{"not_picked":["Dark Embrace","Sword Boomerang+1","Evolve"],"picked":"SKIP","floor":19},{"not_picked":["Clash+1","Demon Form"],"picked":"Battle Trance","floor":20},{"not_picked":["Pommel Strike+1","Flame Barrier"],"picked":"Rupture","floor":22},{"not_picked":["Havoc","Thunderclap+1","Dual Wield+1"],"picked":"SKIP","floor":23},{"not_picked":["Fire Breathing+1","Pommel Strike+1","Reckless Charge+1"],"picked":"SKIP","floor":25},{"not_picked":["True Grit+1","Uppercut+1","Body Slam+1"],"picked":"SKIP","floor":28},{"not_picked":["Metallicize","Sword Boomerang+1","Sentinel"],"picked":"SKIP","floor":30}],"player_experience":125578,"relics_obtained":[{"floor":9.0,"key":"Molten Egg 2"},{"floor":12,"key":"Letter Opener"},{"floor":23,"key":"Vajra"},{"floor":26,"key":"White Beast Statue"},{"floor":31,"key":"Sundial"}],"event_choices":[{"damage_healed":0.0,"max_hp_gain":0.0,"max_hp_loss":6.0,"gold_gain":0.0,"event_name":"Golden Idol","player_choice":"Lose Max HP","floor":2.0,"gold_loss":0.0,"damage_taken":0.0,"relics_obtained":["Golden Idol"]},{"damage_healed":0.0,"max_hp_gain":0.0,"max_hp_loss":0.0,"gold_gain":0.0,"event_name":"The Woman in Blue","player_choice":"Bought 1 Potion","floor":3.0,"gold_loss":0.0,"damage_taken":0.0},{"damage_healed":0.0,"max_hp_gain":0.0,"max_hp_loss":0.0,"gold_gain":0.0,"cards_transformed":["Strike_R"],"event_name":"Transmorgrifier","player_choice":"Transformed","floor":8.0,"gold_loss":0.0,"damage_taken":0.0,"cards_obtained":["Hemokinesis"]}],"is_beta":false,"boss_relics":[{"not_picked":["Black Blood","Cursed Key"],"picked":"Sozu"}],"items_purged_floors":[],"is_endless":false,"potions_floor_spawned":[5,7,11,13,20,22,25,28,29,30],"killed_by":"Automaton","ascension_level":0}}