{"host":"o6j8h35axmoodbwy","time":1611749500,"event":{"mods":["2.2 Compatiblity","Act Like it!","BaseMod","Colored Map","Colored Powertips","Gensokyo","Marisa（霧雨　魔理沙）","Minty Spire (QoL Compilation)","Prisma Mod","Quick Restart","Remilia（蕾米莉?）","Shop Mod","StSLib","SuperFastMode","Td1madao Mod"],"gold_per_floor":[113,113,113,131,141,141,153,188,213,213,138,158,9,9,21,110,122,147,74,86,112,149,161,186,198,235,275,297,334,50,63,63,137,137,156,7,7,229,243,243,243,253,253,253,269,269,286,303,303,303,303],"floor_reached":50,"language":"JPN","playtime":2382,"items_purged":["Strike_R","Strike_R"],"score":829,"play_id":"63aced86-5c2a-4bdc-8d91-daac82c31c46","local_time":"20210127211140","is_ascension_mode":true,"campfire_choices":[{"data":"Bash","floor":6.0,"key":"SMITH"},{"data":"Sword Boomerang","floor":10.0,"key":"SMITH"},{"data":"Immolate","floor":15.0,"key":"SMITH"},{"data":"Limit Break","floor":23.0,"key":"SMITH"},{"floor":25.0,"key":"REST"},{"floor":32.0,"key":"REST"},{"data":"Heavy Blade","floor":40.0,"key":"SMITH"},{"data":"True Grit","floor":44.0,"key":"SMITH"},{"data":"Pommel Strike","floor":46.0,"key":"SMITH"},{"floor":49.0,"key":"REST"}],"circlet_count":0,"master_deck":["AscendersBane","Strike_R","Strike_R","Strike_R","Defend_R","Defend_R","Defend_R","Defend_R","Bash+1","Madness","Sword Boomerang+1","Pommel Strike+1","Ghostly Armor","Inflame","Bloodletting","Battle Trance","Immolate+1","Limit Break+1","Infernal Blade+1","Heavy Blade+1","Feel No Pain","Spot Weakness","Body Slam+1","True Grit+1","Dark Shackles","Second Wind+1","Juggernaut","Headbutt","Blood for Blood+1","Disarm","Rage+1"],"relics":["Black Blood","Tiny Chest","Red Skull","MawBank","Velvet Choker","Omamori","Red Mask","Nunchaku","Sundial","Potion Belt","Vajra","Lantern","Molten Egg 2"],"acts_visited":["Exordium","TheCity","TheBeyond"],"potions_floor_usage":[50],"damage_taken":[{"damage":3.0,"enemies":"2 Louse","floor":1.0,"turns":3.0},{"damage":3.0,"enemies":"Small Slimes","floor":4.0,"turns":4.0},{"damage":6.0,"enemies":"Cultist","floor":5.0,"turns":4.0},{"damage":9.0,"enemies":"3 Louse","floor":7.0,"turns":4.0},{"damage":8.0,"enemies":"Gremlin Nob","floor":8.0,"turns":3.0},{"damage":7.0,"enemies":"Looter","floor":12.0,"turns":3.0},{"damage":23.0,"enemies":"Slime Boss","floor":16.0,"turns":9.0},{"damage":22.0,"enemies":"3 Byrds","floor":18.0,"turns":4.0},{"damage":18.0,"enemies":"2 Thieves","floor":21.0,"turns":3.0},{"damage":3.0,"enemies":"Masked Bandits","floor":22.0,"turns":2.0},{"damage":43.0,"enemies":"Shelled Parasite and Fungi","floor":24.0,"turns":6.0},{"damage":13.0,"enemies":"Book of Stabbing","floor":27.0,"turns":3.0},{"damage":3.0,"enemies":"Chosen and Byrds","floor":28.0,"turns":4.0},{"damage":4.0,"enemies":"3 Cultists","floor":31.0,"turns":4.0},{"damage":28.0,"enemies":"Collector","floor":33.0,"turns":7.0},{"damage":33.0,"enemies":"Orb Walker","floor":35.0,"turns":4.0},{"damage":15.0,"enemies":"3 Darklings","floor":39.0,"turns":3.0},{"damage":8.0,"enemies":"4 Shapes","floor":42.0,"turns":6.0},{"damage":23.0,"enemies":"Writhing Mass","floor":45.0,"turns":6.0},{"damage":32.0,"enemies":"Spire Growth","floor":47.0,"turns":4.0},{"damage":13.0,"enemies":"Transient","floor":48.0,"turns":5.0},{"damage":58,"enemies":"Time Eater","floor":50,"turns":6}],"seed_played":"5307426245653883856","potions_obtained":[{"floor":4.0,"key":"SkillPotion"},{"floor":5.0,"key":"Block Potion"},{"floor":21.0,"key":"Strength Potion"},{"floor":28.0,"key":"FearPotion"},{"floor":33.0,"key":"Explosive Potion"},{"floor":35.0,"key":"BloodPotion"},{"floor":42.0,"key":"Swift Potion"},{"floor":47.0,"key":"Explosive Potion"},{"floor":48.0,"key":"GamblersBrew"}],"is_trial":false,"path_per_floor":["M","?","?","M","M","R","M","E","T","R","$","M","$","?","R","B",null,"M","?","$","M","?","R","M","R","T","E","M","T","$","M","R","B",null,"M","$","?","?","M","R","T","M","T","R","M","R","M","M","R","B"],"character_chosen":"IRONCLAD","items_purchased":["Immolate","True Grit","Dark Shackles","PowerPotion","Vajra"],"campfire_rested":3,"item_purchase_floors":[13,30,30,30,36],"current_hp_per_floor":[75,75,75,78,78,78,75,73,73,73,73,72,72,65,65,48,72,56,56,56,44,47,47,10,34,34,27,30,30,30,32,56,34,69,48,48,48,48,45,45,45,49,49,49,38,38,18,33,57,0,0],"gold":303,"neow_bonus":"RANDOM_COLORLESS","is_daily":false,"chose_seed":false,"campfire_upgraded":7,"win_rate":0.0,"timestamp":1611749500,"path_taken":["M","?","?","?","M","R","M","E","T","R","$","M","$","?","R","BOSS","M","?","$","M","?","R","M","R","T","E","M","?","?","M","R","BOSS","M","$","?","?","M","R","?","M","T","R","M","R","M","M","R","BOSS"],"items_purchased_type":["Card","Card","Card","Potion","Relic"],"build_version":"2020-12-22","purchased_purges":2,"victory":false,"max_hp_per_floor":[80,80,80,80,80,80,80,80,80,80,80,80,80,80,80,80,80,80,80,80,80,80,80,80,80,80,80,80,80,80,80,80,80,80,80,80,80,80,80,80,80,80,80,80,80,80,80,80,80,80,80],"card_choices":[{"not_picked":["Bandage Up","Purity"],"picked":"Madness","floor":0.0},{"not_picked":["Clash","Bloodletting"],"picked":"Sword Boomerang","floor":1.0},{"not_picked":["Dual Wield","Sword Boomerang"],"picked":"Pommel Strike","floor":4.0},{"not_picked":["Reckless Charge","Havoc"],"picked":"Ghostly Armor","floor":5.0},{"not_picked":["Infernal Blade","Headbutt"],"picked":"Inflame","floor":7.0},{"not_picked":["Thunderclap","Dual Wield"],"picked":"Bloodletting","floor":8.0},{"not_picked":["Iron Wave","Headbutt"],"picked":"Battle Trance","floor":12.0},{"not_picked":["Exhume","Feed"],"picked":"Limit Break","floor":16.0},{"not_picked":["Flex","Body Slam"],"picked":"Infernal Blade+1","floor":18.0},{"not_picked":["Iron Wave","Blood for Blood"],"picked":"Heavy Blade","floor":21.0},{"not_picked":["Combust","Body Slam"],"picked":"Feel No Pain","floor":24.0},{"not_picked":["Warcry","Bludgeon"],"picked":"Spot Weakness","floor":27.0},{"not_picked":["Heavy Blade","Pummel"],"picked":"Body Slam+1","floor":28.0},{"not_picked":["Armaments+1","Headbutt"],"picked":"Second Wind+1","floor":31.0},{"not_picked":["Exhume","Immolate"],"picked":"Juggernaut","floor":33.0},{"not_picked":["Thunderclap","Warcry","Clash"],"picked":"SKIP","floor":35.0},{"not_picked":["Rampage+1","Havoc","Thunderclap"],"picked":"SKIP","floor":39.0},{"not_picked":["Armaments","Anger"],"picked":"Headbutt","floor":42.0},{"not_picked":["Carnage+1","Havoc"],"picked":"Blood for Blood+1","floor":45.0},{"not_picked":["Fire Breathing+1","Sever Soul+1"],"picked":"Disarm","floor":47.0},{"not_picked":["Armaments","Heavy Blade+1"],"picked":"Rage+1","floor":48.0}],"player_experience":589560,"relics_obtained":[{"floor":8.0,"key":"Tiny Chest"},{"floor":9.0,"key":"Red Skull"},{"floor":22.0,"key":"Red Mask"},{"floor":26.0,"key":"Nunchaku"},{"floor":27.0,"key":"Sundial"},{"floor":29.0,"key":"Potion Belt"},{"floor":41.0,"key":"Lantern"},{"floor":43.0,"key":"Molten Egg 2"}],"event_choices":[{"damage_healed":0.0,"max_hp_gain":0.0,"max_hp_loss":0.0,"gold_gain":0.0,"event_name":"Liars Game","player_choice":"Ignored","floor":2.0,"gold_loss":0.0,"damage_taken":0.0},{"damage_healed":0.0,"max_hp_gain":0.0,"max_hp_loss":0.0,"gold_gain":0.0,"event_name":"The Woman in Blue","player_choice":"Bought 0 Potions","floor":3.0,"gold_loss":0.0,"damage_taken":0.0},{"damage_healed":0.0,"max_hp_gain":0.0,"max_hp_loss":0.0,"gold_gain":0.0,"event_name":"Scrap Ooze","player_choice":"Success","floor":14.0,"gold_loss":0.0,"damage_taken":7.0,"relics_obtained":["MawBank"]},{"damage_healed":0.0,"max_hp_gain":0.0,"max_hp_loss":0.0,"gold_gain":0.0,"event_name":"Addict","player_choice":"Obtained Relic","floor":19.0,"gold_loss":85.0,"damage_taken":0.0,"relics_obtained":["Omamori"]},{"damage_healed":0.0,"max_hp_gain":0.0,"max_hp_loss":0.0,"gold_gain":0.0,"event_name":"Masked Bandits","player_choice":"Fought Bandits","floor":22.0,"gold_loss":0.0,"damage_taken":0.0},{"damage_healed":0.0,"max_hp_gain":0.0,"max_hp_loss":0.0,"gold_gain":0.0,"event_name":"OrinTheCat","player_choice":"Ignored","floor":37.0,"gold_loss":0.0,"damage_taken":0.0},{"damage_healed":0.0,"max_hp_gain":0.0,"max_hp_loss":0.0,"gold_gain":222.0,"event_name":"Tomb of Lord Red Mask","player_choice":"Wore Mask","floor":38.0,"gold_loss":0.0,"damage_taken":0.0}],"is_beta":false,"boss_relics":[{"not_picked":["Runic Pyramid","Calling Bell"],"picked":"Velvet Choker"},{"not_picked":["Tiny House","Fusion Hammer"],"picked":"Black Blood"}],"items_purged_floors":[11,30],"is_endless":false,"potions_floor_spawned":[4,5,7,8,21,28,33,35,42,47,48],"killed_by":"Time Eater","ascension_level":13}}