{"host":"meib18gsulage5jw","time":1611752882,"event":{"mods":["AchievementEnabler","Aspiration","BaseMod","BetterRewards","Clockwork Mod","Colored Map","Colored Powertips","Conspire","Defuse TimeMaze Blight","Energized Spire","Halation","Highlight Path","Hubris","Infinite Spire","Minty Spire (QoL Compilation)","Permanent Neow","Quick Restart","Relic Sorter","Reliquary","Replay The Spire","Spikes Relics","StSLib","The Blue Laboratory","The Jungle","Uncapped"],"gold_per_floor":[113,125,125,135,155,155,155,155],"floor_reached":7,"language":"ENG","playtime":503,"items_purged":[],"score":43,"play_id":"f3ced084-3e56-4b22-ac57-ee4182587e1a","local_time":"20210127230802","is_ascension_mode":false,"campfire_choices":[{"floor":6,"key":"REST"}],"circlet_count":0,"master_deck":["Clockwork:Strike","Clockwork:Strike","Clockwork:Strike","Clockwork:Strike","Clockwork:Shield","Clockwork:Shield","Clockwork:Shield","Clockwork:Shield","Clockwork:Tinker+1","Clockwork:WarmUp","Clockwork:ChargingBlade","Clockwork:CogBarrier"],"relics":["Clockwork:MomentumEngine","hubris:Towel"],"acts_visited":["Exordium"],"potions_floor_usage":[5,7],"damage_taken":[{"damage":0,"enemies":"Small Slimes","floor":1,"turns":8},{"damage":0,"enemies":"Jaw Worm","floor":2,"turns":8},{"damage":29,"enemies":"Cultist","floor":4,"turns":9},{"damage":50,"enemies":"Gremlin Gang","floor":5,"turns":10},{"damage":30,"enemies":"Gremlin Nob","floor":7,"turns":5}],"seed_played":"1376020517372557268","potions_obtained":[{"floor":4,"key":"Weak Potion"},{"floor":5,"key":"Block Potion"}],"is_trial":false,"path_per_floor":["M","M","?","M","M","R","E"],"character_chosen":"CLOCKWORK","items_purchased":[],"campfire_rested":1,"item_purchase_floors":[],"current_hp_per_floor":[85,85,85,56,6,31,1,1],"gold":155,"neow_bonus":"UPGRADE_CARD","is_daily":false,"chose_seed":false,"campfire_upgraded":0,"win_rate":0.0,"timestamp":1611752882,"path_taken":["M","M","?","M","M","R","E"],"items_purchased_type":[],"build_version":"2020-12-22","purchased_purges":0,"victory":false,"max_hp_per_floor":[85,85,85,85,85,85,85,85],"card_choices":[{"not_picked":["Clockwork:Improve","Clockwork:AssemblyLine"],"picked":"Clockwork:ChargingBlade","floor":1},{"not_picked":["Clockwork:SnapKeep","Clockwork:AssemblyLine"],"picked":"Clockwork:CogBarrier","floor":2},{"not_picked":["Clockwork:SystemHardening","Clockwork:Inspiration","Clockwork:FalseStart"],"picked":"SKIP","floor":4},{"not_picked":["Clockwork:AdaptiveCannon","Clockwork:Roundhouse","Clockwork:ForgeStrike"],"picked":"SKIP","floor":5}],"player_experience":335574,"relics_obtained":[],"event_choices":[],"is_beta":false,"boss_relics":[],"items_purged_floors":[],"is_endless":false,"potions_floor_spawned":[4,5],"killed_by":"Gremlin Nob","ascension_level":0}}