{"host":"oigynbtg272c19pw","time":1611790487,"event":{"mods":["BaseMod","Colored Map","Minty Spire (QoL Compilation)","Relic Stats","Slay the Relics Exporter","StSLib"],"gold_per_floor":[117,192,292,312,612,641,641,656,656,656,682,682,692,705,705,778,778,796,828,11,11,11,11,11,37,37,69,69,84,99,117,117,117,117],"floor_reached":33,"playtime":2194,"items_purged":["Regret"],"score":636,"play_id":"deabbc98-6ba6-43a8-adf0-f00dc63566b2","local_time":"20210128003447","is_ascension_mode":true,"campfire_choices":[{"data":"Predator","floor":7.0,"key":"SMITH"},{"data":"Footwork","floor":10.0,"key":"SMITH"},{"floor":12,"key":"REST"},{"data":"Noxious Fumes","floor":15,"key":"SMITH"},{"floor":23,"key":"REST"},{"data":"Sadistic Nature","floor":28,"key":"SMITH"},{"data":"Ghostly","floor":32,"key":"SMITH"}],"circlet_count":0,"master_deck":["AscendersBane","Strike_G","Strike_G","Strike_G","Strike_G","Strike_G","Defend_G","Defend_G","Defend_G","Defend_G","Defend_G","Survivor","Neutralize","Predator+1","Footwork+1","Venomology","PiercingWail","Deflect","Noxious Fumes+1","Malaise","Prepared","Dash","Sadistic Nature+1","After Image","Leg Sweep","Ghostly+1","Ghostly","Ghostly","Blade Dance","Terror","Poisoned Stab+1","Heel Hook+1","Prepared"],"relics":["Ring of the Snake","NeowsBlessing","Old Coin","Blood Vial","Ornamental Fan","Akabeko","Runic Pyramid","Red Mask","Mummified Hand","Bottled Lightning","Gremlin Horn","Ancient Tea Set"],"acts_visited":["Exordium","TheCity"],"potions_floor_usage":[11,11,11,13,14,16,16,19,19,25,25,27,29,30,31,33,33],"damage_taken":[{"damage":0.0,"enemies":"Jaw Worm","floor":1.0,"turns":1.0},{"damage":0.0,"enemies":"Small Slimes","floor":4.0,"turns":1.0},{"damage":0.0,"enemies":"3 Sentries","floor":6.0,"turns":1.0},{"damage":0.0,"enemies":"Cultist","floor":8.0,"turns":5.0},{"damage":33,"enemies":"Lagavulin","floor":11,"turns":9},{"damage":0,"enemies":"3 Louse","floor":13,"turns":5},{"damage":13,"enemies":"Exordium Wildlife","floor":14,"turns":3},{"damage":17,"enemies":"The Guardian","floor":16,"turns":12},{"damage":7,"enemies":"Chosen","floor":18,"turns":7},{"damage":34,"enemies":"Masked Bandits","floor":19,"turns":8},{"damage":4,"enemies":"Slavers","floor":25,"turns":8},{"damage":3,"enemies":"Gremlin Leader","floor":27,"turns":8},{"damage":0,"enemies":"Shell Parasite","floor":29,"turns":5},{"damage":0,"enemies":"Centurion and Healer","floor":30,"turns":4},{"damage":0,"enemies":"Snake Plant","floor":31,"turns":6},{"damage":31,"enemies":"Champ","floor":33,"turns":17}],"seed_played":"830965299068244433","potions_obtained":[{"floor":1.0,"key":"SneckoOil"},{"floor":6.0,"key":"SpeedPotion"},{"floor":19,"key":"GhostInAJar"},{"floor":30,"key":"Dexterity Potion"},{"floor":31,"key":"LiquidMemories"}],"is_trial":false,"path_per_floor":["M","?","?","M","?","E","R","M","T","R","E","R","M","M","R","B",null,"M","?","$","?","?","R","$","E","T","E","R","M","M","M","R","B"],"character_chosen":"THE_SILENT","items_purchased":["Mummified Hand","Sadistic Nature","After Image","Leg Sweep"],"campfire_rested":2,"item_purchase_floors":[20,20,20,20],"current_hp_per_floor":[59,48,48,48,48,48,48,50,50,50,19,38,40,29,29,14,53,48,16,16,16,16,25,25,23,23,22,22,24,26,28,28,0,0],"gold":117,"neow_bonus":"THREE_ENEMY_KILL","is_daily":false,"chose_seed":false,"campfire_upgraded":5,"win_rate":0.0,"timestamp":1611790487,"path_taken":["M","?","?","?","?","E","R","M","T","R","E","R","M","M","R","BOSS","M","?","$","?","?","R","?","E","T","E","R","M","M","M","R","BOSS"],"items_purchased_type":["Relic","Card","Card","Card"],"build_version":"2020-12-13","purchased_purges":1,"victory":false,"max_hp_per_floor":[66,66,66,66,66,66,66,66,66,66,66,66,66,66,66,66,66,66,66,66,33,33,33,33,33,33,33,33,33,33,33,33,33,33],"relic_stats":{"Blood Vial":26,"Gremlin Horn":[7,7],"counters":[16,100],"Ornamental Fan":[56],"Mummified Hand":[27],"obtain_stats":[{"Blood Vial":6,"NeowsBlessing":0,"Gremlin Horn":26,"Ornamental Fan":9,"Mummified Hand":20,"Red Mask":19,"Bottled Lightning":25,"Ancient Tea Set":27,"Akabeko":11,"Ring of the Snake":0,"Old Coin":5,"Runic Pyramid":17},{"Blood Vial":3,"NeowsBlessing":0,"Gremlin Horn":11,"Ornamental Fan":4,"Mummified Hand":10,"Red Mask":10,"Bottled Lightning":11,"Ancient Tea Set":12,"Akabeko":5,"Ring of the Snake":0,"Old Coin":2,"Runic Pyramid":8},{"Blood Vial":3,"NeowsBlessing":0,"Gremlin Horn":60,"Ornamental Fan":8,"Mummified Hand":52,"Red Mask":52,"Bottled Lightning":60,"Ancient Tea Set":68,"Akabeko":17,"Ring of the Snake":0,"Old Coin":2,"Runic Pyramid":37}],"Ring of the Snake":[32]},"card_choices":[{"not_picked":["Flying Knee","Infinite Blades"],"picked":"Predator","floor":1.0},{"not_picked":["Calculated Gamble","Deadly Poison"],"picked":"Footwork","floor":4.0},{"not_picked":["Storm of Steel","Dagger Spray"],"picked":"Venomology","floor":6.0},{"not_picked":["Bane","Dodge and Roll"],"picked":"PiercingWail","floor":8.0},{"not_picked":["Dagger Throw","Tactician"],"picked":"Deflect","floor":11},{"not_picked":["Quick Slash","Cloak And Dagger","Poisoned Stab"],"picked":"SKIP","floor":13},{"not_picked":["Cloak And Dagger","Dagger Throw"],"picked":"Noxious Fumes","floor":14},{"not_picked":["Glass Knife","Envenom"],"picked":"Malaise","floor":16},{"not_picked":["Quick Slash","Bane"],"picked":"Prepared","floor":18},{"not_picked":["Dagger Spray","Flying Knee"],"picked":"Dash","floor":19},{"not_picked":["Dagger Throw","Flying Knee"],"picked":"Blade Dance","floor":25},{"not_picked":["Acrobatics","Slice"],"picked":"Terror","floor":27},{"not_picked":["Riddle With Holes","Cloak And Dagger"],"picked":"Poisoned Stab+1","floor":29},{"not_picked":["Flying Knee","Bullet Time"],"picked":"Heel Hook+1","floor":30},{"not_picked":["Underhanded Strike","Flying Knee"],"picked":"Prepared","floor":31}],"player_experience":1496252,"relics_obtained":[{"floor":6.0,"key":"Blood Vial"},{"floor":9.0,"key":"Ornamental Fan"},{"floor":11,"key":"Akabeko"},{"floor":19,"key":"Red Mask"},{"floor":25,"key":"Bottled Lightning"},{"floor":26,"key":"Gremlin Horn"},{"floor":27,"key":"Ancient Tea Set"}],"event_choices":[{"damage_healed":0.0,"max_hp_gain":0.0,"max_hp_loss":0.0,"gold_gain":75.0,"event_name":"World of Goop","player_choice":"Gather Gold","floor":2.0,"gold_loss":0.0,"damage_taken":11.0},{"damage_healed":0.0,"max_hp_gain":0.0,"max_hp_loss":0.0,"gold_gain":100.0,"event_name":"Wheel of Change","player_choice":"Gold","floor":3.0,"gold_loss":0.0,"damage_taken":0.0},{"damage_healed":0.0,"max_hp_gain":0.0,"max_hp_loss":0.0,"gold_gain":0.0,"event_name":"Big Fish","player_choice":"Box","floor":5.0,"gold_loss":0.0,"damage_taken":0.0,"relics_obtained":["Old Coin"],"cards_obtained":["Regret"]},{"damage_healed":0,"gold_gain":0,"player_choice":"Fought Bandits","damage_taken":0,"max_hp_gain":0,"max_hp_loss":0,"event_name":"Masked Bandits","floor":19,"gold_loss":0},{"damage_healed":0,"gold_gain":0,"player_choice":"Became a Ghost","damage_taken":0,"max_hp_gain":0,"max_hp_loss":33,"event_name":"Ghosts","floor":21,"gold_loss":0,"cards_obtained":["Ghostly","Ghostly","Ghostly"]},{"damage_healed":0,"gold_gain":0,"player_choice":"Ignored","damage_taken":0,"max_hp_gain":0,"max_hp_loss":0,"event_name":"Cursed Tome","floor":22,"gold_loss":0}],"is_beta":false,"boss_relics":[{"not_picked":["Coffee Dripper","Busted Crown"],"picked":"Runic Pyramid"}],"items_purged_floors":[20],"is_endless":false,"potions_floor_spawned":[1,6,14,19,30,31],"killed_by":"Champ","ascension_level":20}}