{"host":"lq2h7q9ca6uwu60x","time":1611729384,"event":{"mods":["BaseMod","KinomotoSakuraMod(Ä¾Ö®±¾Ó£)","Koishi","Marisa£¨ìFÓê¡¡Ä§ÀíÉ³£©","Minty Spire (QoL Compilation)","StSLib"],"gold_per_floor":[213,213,138,213,225,225,239,271,349,349,349,359,359,359],"floor_reached":13,"language":"ZHS","playtime":379,"items_purged":["Koishi:BasicStrike"],"score":100,"play_id":"61ad4e16-4b26-49ca-be86-ba15b4d74488","local_time":"20210127143624","is_ascension_mode":true,"campfire_choices":[{"data":"Koishi:TraumaticStroke","floor":6.0,"key":"SMITH"},{"data":"Koishi:MentalBreakdown","floor":11.0,"key":"SMITH"}],"circlet_count":0,"master_deck":["Koishi:BasicStrike","Koishi:BasicStrike","Koishi:BasicStrike","Koishi:BasicDefend","Koishi:BasicDefend","Koishi:BasicDefend","Koishi:BasicDefend+1","Koishi:Provoke","Koishi:HauntingSlash","Koishi:Untouchable+1","Koishi:TraumaticStroke+1","Koishi:MentalBreakdown+1","Koishi:JumpScare"],"relics":["Koishi:ImaginaryFriend","Nunchaku"],"acts_visited":["Exordium"],"potions_floor_usage":[13,13],"damage_taken":[{"damage":0.0,"enemies":"Small Slimes","floor":1.0,"turns":3.0},{"damage":0.0,"enemies":"Jaw Worm","floor":5.0,"turns":7.0},{"damage":0.0,"enemies":"2 Louse","floor":7.0,"turns":2.0},{"damage":17.0,"enemies":"Gremlin Nob","floor":8.0,"turns":7.0},{"damage":19,"enemies":"Large Slime","floor":12,"turns":5},{"damage":4,"enemies":"3 Sentries","floor":13,"turns":3}],"seed_played":"2066669712981436825","potions_obtained":[{"floor":5.0,"key":"CultistPotion"},{"floor":12,"key":"BlessingOfTheForge"}],"is_trial":false,"path_per_floor":["M","?","$","?","M","R","M","E","T","?","R","M","E"],"character_chosen":"KOISHI","items_purchased":[],"campfire_rested":0,"item_purchase_floors":[],"current_hp_per_floor":[60,48,48,37,40,40,41,28,28,33,33,15,11,11],"gold":359,"neow_bonus":"HUNDRED_GOLD","is_daily":false,"chose_seed":false,"campfire_upgraded":2,"win_rate":0.0,"timestamp":1611729384,"path_taken":["M","?","$","?","M","R","M","E","T","?","R","?","E"],"items_purchased_type":[],"build_version":"2020-12-22","purchased_purges":1,"victory":false,"max_hp_per_floor":[60,60,60,60,60,60,60,60,60,65,65,65,65,65],"card_choices":[{"not_picked":["Koishi:RacingHeart","Koishi:CatchAndRose"],"picked":"Koishi:Untouchable","floor":1.0},{"not_picked":["Koishi:EmbryosDream","Koishi:Catatonia"],"picked":"Koishi:TraumaticStroke","floor":5.0},{"not_picked":["Koishi:SubconsciousSweep","Koishi:BramblyRoseGarden","Koishi:FidgetySnatcher"],"picked":"SKIP","floor":7.0},{"not_picked":["Koishi:Whimsy","Koishi:SubterraneanRose"],"picked":"Koishi:MentalBreakdown","floor":8.0},{"not_picked":["Koishi:RacingHeart","Koishi:LastRemote"],"picked":"Koishi:JumpScare","floor":12}],"player_experience":1017507,"relics_obtained":[{"floor":8.0,"key":"Nunchaku"}],"event_choices":[{"damage_healed":0.0,"max_hp_gain":0.0,"max_hp_loss":0.0,"gold_gain":0.0,"event_name":"Shining Light","player_choice":"Entered Light","floor":2.0,"gold_loss":0.0,"damage_taken":12.0,"cards_upgraded":["Koishi:BasicDefend","Koishi:Untouchable"]},{"damage_healed":0.0,"max_hp_gain":0.0,"max_hp_loss":0.0,"gold_gain":75.0,"event_name":"World of Goop","player_choice":"Gather Gold","floor":4.0,"gold_loss":0.0,"damage_taken":11.0},{"damage_healed":0.0,"max_hp_gain":5.0,"max_hp_loss":0.0,"gold_gain":0.0,"event_name":"Big Fish","player_choice":"Donut","floor":10.0,"gold_loss":0.0,"damage_taken":0.0}],"is_beta":false,"boss_relics":[],"items_purged_floors":[3],"is_endless":false,"potions_floor_spawned":[5,12],"killed_by":"3 Sentries","ascension_level":4}}