{"host":"uv5ws9rdk87e8i5k","time":1611776305,"event":{"mods":["AchievementEnabler","BaseMod","Colored Map","Minty Spire (QoL Compilation)","Permanent Neow","Quick Restart","StSLib","SuperFastMode","The Animator","The Cursed","The Hierophant","The Necromancer"],"gold_per_floor":[17,17,36,49,49,65,94,94,118,136,136,211,246,262,262,262,262],"floor_reached":16,"language":"ENG","playtime":314,"items_purged":[],"score":162,"play_id":"0e4757b1-8b6d-439c-bdcd-a03b974b836a","local_time":"20210127133825","is_ascension_mode":true,"campfire_choices":[{"data":"Bludgeon","floor":8.0,"key":"SMITH"},{"data":"Offering","floor":11.0,"key":"SMITH"},{"floor":15,"key":"REST"}],"circlet_count":0,"master_deck":["Strike_R","Strike_R","Strike_R","Strike_R","Defend_R","Defend_R","Defend_R","Defend_R","Bash","Bludgeon+1","Shrug It Off","Warcry","Dropkick","Offering+1","Pommel Strike"],"relics":["Burning Blood","Ancient Tea Set","Blood Vial","Dream Catcher"],"acts_visited":["Exordium"],"potions_floor_usage":[14],"damage_taken":[{"damage":6.0,"enemies":"2 Louse","floor":1.0,"turns":3.0},{"damage":6.0,"enemies":"Cultist","floor":3.0,"turns":3.0},{"damage":4.0,"enemies":"Jaw Worm","floor":4.0,"turns":2.0},{"damage":12.0,"enemies":"Large Slime","floor":6.0,"turns":7.0},{"damage":22.0,"enemies":"Lagavulin","floor":7.0,"turns":6.0},{"damage":6.0,"enemies":"Looter","floor":10.0,"turns":3.0},{"damage":19.0,"enemies":"Gremlin Nob","floor":13.0,"turns":3.0},{"damage":25,"enemies":"Gremlin Gang","floor":14,"turns":3},{"damage":43,"enemies":"The Guardian","floor":16,"turns":5}],"seed_played":"-8359617881652453469","potions_obtained":[{"floor":1.0,"key":"PowerPotion"},{"floor":4.0,"key":"Weak Potion"},{"floor":6.0,"key":"FairyPotion"},{"floor":7.0,"key":"PowerPotion"}],"is_trial":false,"path_per_floor":["M","?","M","M","?","M","E","R","T","M","R","?","E","M","R","B"],"character_chosen":"IRONCLAD","items_purchased":[],"campfire_rested":1,"item_purchase_floors":[],"current_hp_per_floor":[72,72,72,74,74,68,52,52,52,54,54,43,32,15,39,24,24],"gold":262,"neow_bonus":"THREE_RARE_CARDS","is_daily":false,"chose_seed":false,"campfire_upgraded":2,"win_rate":0.0,"timestamp":1611776305,"path_taken":["M","?","M","?","?","M","E","R","T","M","R","?","E","M","R","BOSS"],"items_purchased_type":[],"build_version":"2020-12-22","purchased_purges":0,"victory":false,"max_hp_per_floor":[80,80,80,80,80,80,80,80,80,80,80,80,80,80,80,80,80],"card_choices":[{"not_picked":["Impervious","Barricade"],"picked":"Bludgeon","floor":0.0},{"not_picked":["Flame Barrier","Disarm"],"picked":"Shrug It Off","floor":1.0},{"not_picked":["Armaments","Bloodletting"],"picked":"Warcry","floor":3.0},{"not_picked":["Heavy Blade","Armaments","Clothesline"],"picked":"SKIP","floor":4.0},{"not_picked":["Uppercut","Rage"],"picked":"Dropkick","floor":6.0},{"not_picked":["Flex","Dark Embrace","Clothesline"],"picked":"SKIP","floor":7.0},{"not_picked":["Dark Embrace","Armaments"],"picked":"Offering","floor":10.0},{"not_picked":["Flex","Clothesline","Twin Strike"],"picked":"SKIP","floor":13.0},{"not_picked":["Perfected Strike","Power Through","Iron Wave"],"picked":"SKIP","floor":14},{"not_picked":["Iron Wave","Intimidate"],"picked":"Pommel Strike","floor":15}],"player_experience":305179,"relics_obtained":[{"floor":7.0,"key":"Ancient Tea Set"},{"floor":9.0,"key":"Blood Vial"},{"floor":13.0,"key":"Dream Catcher"}],"event_choices":[{"cards_removed":["Strike_R"],"damage_healed":0.0,"max_hp_gain":0.0,"max_hp_loss":0.0,"gold_gain":0.0,"event_name":"Purifier","player_choice":"Purged","floor":2.0,"gold_loss":0.0,"damage_taken":0.0},{"damage_healed":0.0,"max_hp_gain":0.0,"max_hp_loss":0.0,"gold_gain":0.0,"event_name":"The Cleric","player_choice":"Leave","floor":5.0,"gold_loss":0.0,"damage_taken":0.0},{"damage_healed":0.0,"max_hp_gain":0.0,"max_hp_loss":0.0,"gold_gain":75.0,"event_name":"World of Goop","player_choice":"Gather Gold","floor":12.0,"gold_loss":0.0,"damage_taken":11.0}],"is_beta":false,"boss_relics":[],"items_purged_floors":[],"is_endless":false,"potions_floor_spawned":[1,4,6,7],"killed_by":"The Guardian","ascension_level":9}}