{"host":"pe7ycb8t2t906so2","time":1611707822,"event":{"mods":["BaseMod","Colored Map","Highlight Path","Minty Spire (QoL Compilation)"],"gold_per_floor":[110,125,125,125,142,142,184,184,238,238,257,33,58,77,77,77,77],"floor_reached":16,"language":"FRA","playtime":798,"items_purged":["Strike_R"],"score":173,"play_id":"fb5c5b12-597a-404d-847e-bb0697e067b1","local_time":"20210126193702","is_ascension_mode":true,"campfire_choices":[{"data":"Bash","floor":6,"key":"SMITH"},{"data":"Spot Weakness","floor":8,"key":"SMITH"},{"floor":10,"key":"REST"},{"floor":15,"key":"REST"}],"circlet_count":0,"master_deck":["AscendersBane","Strike_R","Strike_R","Strike_R","Defend_R","Defend_R","Defend_R","Defend_R","Bash+1","Shrug It Off","Spot Weakness+1","Burning Pact","Twin Strike","Shrug It Off","Battle Trance"],"relics":["Burning Blood","NeowsBlessing","Art of War","CeramicFish","Omamori","Sling"],"acts_visited":["Exordium"],"potions_floor_usage":[7,14,16],"damage_taken":[{"damage":0,"enemies":"Jaw Worm","floor":1,"turns":1},{"damage":0,"enemies":"2 Louse","floor":2,"turns":1},{"damage":0,"enemies":"Small Slimes","floor":5,"turns":2},{"damage":41,"enemies":"3 Sentries","floor":7,"turns":9},{"damage":9,"enemies":"3 Louse","floor":11,"turns":3},{"damage":17,"enemies":"Gremlin Gang","floor":13,"turns":5},{"damage":13,"enemies":"Lots of Slimes","floor":14,"turns":7},{"damage":37,"enemies":"Slime Boss","floor":16,"turns":9}],"seed_played":"-4296103737633016636","potions_obtained":[{"floor":1,"key":"Ancient Potion"},{"floor":5,"key":"GamblersBrew"},{"floor":11,"key":"EssenceOfSteel"}],"is_trial":false,"path_per_floor":["M","M","?","?","M","R","E","R","T","R","M","$","M","M","R","B"],"character_chosen":"IRONCLAD","items_purchased":["Sling"],"campfire_rested":2,"item_purchase_floors":[12],"current_hp_per_floor":[74,75,68,50,56,56,21,21,21,43,40,40,29,22,44,7,7],"gold":77,"neow_bonus":"THREE_ENEMY_KILL","is_daily":false,"chose_seed":false,"campfire_upgraded":2,"win_rate":0.0,"timestamp":1611707822,"path_taken":["M","M","?","?","M","R","E","R","T","R","M","$","M","M","R","BOSS"],"items_purchased_type":["Relic"],"build_version":"2020-12-22","purchased_purges":1,"victory":false,"max_hp_per_floor":[75,75,75,75,75,75,75,75,75,75,75,75,75,75,75,75,75],"card_choices":[{"not_picked":["Clash","Carnage"],"picked":"Shrug It Off","floor":1},{"not_picked":["Entrench","Second Wind"],"picked":"Spot Weakness","floor":2},{"not_picked":["Power Through","Wild Strike"],"picked":"Burning Pact","floor":5},{"not_picked":["Thunderclap","Infernal Blade"],"picked":"Twin Strike","floor":7},{"not_picked":["Cleave","Twin Strike"],"picked":"Shrug It Off","floor":11},{"not_picked":["Whirlwind","Headbutt"],"picked":"Battle Trance","floor":13},{"not_picked":["Thunderclap","Sever Soul","Infernal Blade"],"picked":"SKIP","floor":14}],"player_experience":950262,"relics_obtained":[{"floor":7,"key":"CeramicFish"},{"floor":9,"key":"Omamori"}],"event_choices":[{"cards_removed":["Strike_R"],"damage_healed":0,"gold_gain":0,"player_choice":"Card Removal","damage_taken":7,"max_hp_gain":0,"max_hp_loss":0,"event_name":"Golden Wing","floor":3,"gold_loss":0},{"damage_healed":0,"gold_gain":0,"player_choice":"Success","damage_taken":18,"relics_obtained":["Art of War"],"max_hp_gain":0,"max_hp_loss":0,"event_name":"Scrap Ooze","floor":4,"gold_loss":0}],"is_beta":false,"boss_relics":[],"items_purged_floors":[12],"is_endless":false,"potions_floor_spawned":[1,5,11],"killed_by":"Slime Boss","ascension_level":14}}