{"host":"huzih8coe6eib4hq","time":1611729207,"event":{"mods":["AchievementEnabler","BaseMod","Bestiary","Highlight Path","Minty Spire (QoL Compilation)","Relic Stats"],"gold_per_floor":[113,127,77,149,149,149,149,74,97,116,116,116,129,172,172,296,296,316,276,155,174,174,205,205,221,221,70,109,109,109,127,127,253,253,272,81,81,7,30,65,80,121,121,135,135,135,23,46,46,46],"floor_reached":51,"language":"ENG","playtime":10803,"items_purged":["Defend_G"],"score":1174,"play_id":"69d551ed-ed78-4fca-a501-b73d58cc0b5e","local_time":"20210127013327","is_ascension_mode":true,"campfire_choices":[{"data":"Deadly Poison","floor":6,"key":"SMITH"},{"floor":12,"key":"REST"},{"data":"Setup","floor":15,"key":"SMITH"},{"floor":24,"key":"REST"},{"data":"Neutralize","floor":30,"key":"SMITH"},{"floor":32,"key":"REST"},{"floor":45,"key":"REST"},{"data":"Catalyst","floor":49,"key":"SMITH"}],"circlet_count":0,"master_deck":["AscendersBane","Defend_G","Defend_G+1","Defend_G","Survivor+1","Neutralize+1","Sucker Punch+1","Setup+1","Heel Hook+1","Deadly Poison+1","Footwork","Footwork","Poisoned Stab","After Image+1","Slice+1","Dagger Spray+1","Flying Knee+1","Backflip","Dash","Footwork","Blade Dance+1","Blur","After Image","Backflip","Caltrops+1","Catalyst","Calculated Gamble+1","Deadly Poison","PiercingWail+1","Catalyst+1","Footwork+1"],"relics":["Ring of the Snake","Mummified Hand","Tiny Chest","Golden Idol","Bag of Preparation","Astrolabe","CaptainsWheel","Omamori","Mercury Hourglass","Boot","Enchiridion","SlaversCollar","Whetstone","Art of War","Letter Opener","Sundial","Frozen Egg 2"],"acts_visited":["Exordium","TheCity","TheBeyond"],"potions_floor_usage":[14,16,23,42,50],"damage_taken":[{"damage":0,"enemies":"2 Louse","floor":1,"turns":2},{"damage":1,"enemies":"Jaw Worm","floor":2,"turns":5},{"damage":0,"enemies":"Cultist","floor":10,"turns":3},{"damage":0,"enemies":"2 Fungi Beasts","floor":13,"turns":4},{"damage":3,"enemies":"3 Sentries","floor":14,"turns":8},{"damage":45,"enemies":"Slime Boss","floor":16,"turns":22},{"damage":0,"enemies":"Chosen","floor":18,"turns":4},{"damage":0,"enemies":"3 Byrds","floor":21,"turns":5},{"damage":17,"enemies":"Gremlin Leader","floor":23,"turns":8},{"damage":1,"enemies":"Snake Plant","floor":25,"turns":6},{"damage":1,"enemies":"Book of Stabbing","floor":28,"turns":5},{"damage":0,"enemies":"3 Cultists","floor":31,"turns":4},{"damage":0,"enemies":"Automaton","floor":33,"turns":11},{"damage":0,"enemies":"Orb Walker","floor":35,"turns":4},{"damage":0,"enemies":"3 Darklings","floor":39,"turns":5},{"damage":16,"enemies":"Giant Head","floor":40,"turns":10},{"damage":0,"enemies":"4 Shapes","floor":41,"turns":7},{"damage":15,"enemies":"Reptomancer","floor":42,"turns":7},{"damage":0,"enemies":"Transient","floor":44,"turns":5},{"damage":0,"enemies":"Writhing Mass","floor":48,"turns":7},{"damage":7,"enemies":"Time Eater","floor":50,"turns":13}],"seed_played":"-8822056187619737197","potions_obtained":[{"floor":10,"key":"DistilledChaos"},{"floor":13,"key":"AttackPotion"},{"floor":21,"key":"Explosive Potion"},{"floor":25,"key":"Fire Potion"},{"floor":41,"key":"PowerPotion"},{"floor":48,"key":"Regen Potion"}],"is_trial":false,"path_per_floor":["M","M","?","T","?","R","$","$","T","M","?","R","M","E","R","B",null,"M","?","$","M","T","E","R","M","T","$","E","?","R","M","R","B",null,"M","$","?","$","M","E","M","E","T","M","R","T","$","M","R","B",null],"character_chosen":"THE_SILENT","items_purchased":["Footwork","Backflip","Dash","GamblersBrew","Caltrops","Whetstone","Catalyst","Catalyst","Footwork+1"],"campfire_rested":4,"item_purchase_floors":[8,20,20,27,36,36,38,47,47],"current_hp_per_floor":[63,62,62,62,49,49,49,49,49,49,34,52,52,49,49,4,48,48,48,48,48,48,31,49,48,48,48,47,31,31,31,49,49,60,60,60,60,60,60,44,44,29,29,29,47,47,47,47,47,40],"gold":46,"neow_bonus":"TRANSFORM_TWO_CARDS","is_daily":false,"chose_seed":false,"campfire_upgraded":4,"win_rate":0.0,"timestamp":1611729207,"path_taken":["M","M","?","?","?","R","?","$","T","?","?","R","M","E","R","BOSS","M","?","$","M","?","E","R","M","T","$","E","?","R","M","R","BOSS","M","$","?","?","M","E","M","E","T","M","R","?","$","M","R","BOSS"],"items_purchased_type":["Card","Card","Card","Potion","Card","Relic","Card","Card","Card"],"build_version":"2020-12-22","purchased_purges":1,"victory":true,"max_hp_per_floor":[63,63,63,63,63,63,63,63,63,63,63,63,63,63,63,63,63,63,63,63,63,63,63,63,63,63,63,63,63,63,63,63,63,63,63,63,63,63,63,63,63,63,63,63,63,63,63,63,63,63],"relic_stats":{"counters":[21,145],"Golden Idol":152,"Astrolabe":["Slice","Dagger Spray","Flying Knee"],"Bag of Preparation":[32],"Whetstone":["Heel Hook","Sucker Punch"],"Letter Opener":[29],"Boot":[73],"Mercury Hourglass":[322],"Mummified Hand":[93],"Sundial":[4],"Tiny Chest":2,"Art of War":[2],"obtain_stats":[{"Golden Idol":11,"Astrolabe":17,"Enchiridion":29,"Bag of Preparation":14,"Omamori":23,"Whetstone":36,"Letter Opener":42,"Frozen Egg 2":46,"Boot":28,"Mercury Hourglass":26,"SlaversCollar":34,"CaptainsWheel":22,"Mummified Hand":4,"Sundial":43,"Tiny Chest":9,"Art of War":40,"Ring of the Snake":0},{"Golden Idol":3,"Astrolabe":6,"Enchiridion":11,"Bag of Preparation":5,"Omamori":9,"Whetstone":14,"Letter Opener":18,"Frozen Egg 2":19,"Boot":11,"Mercury Hourglass":10,"SlaversCollar":13,"CaptainsWheel":8,"Mummified Hand":2,"Sundial":18,"Tiny Chest":2,"Art of War":16,"Ring of the Snake":0},{"Golden Idol":10,"Astrolabe":44,"Enchiridion":72,"Bag of Preparation":22,"Omamori":61,"Whetstone":91,"Letter Opener":120,"Frozen Egg 2":125,"Boot":72,"Mercury Hourglass":67,"SlaversCollar":87,"CaptainsWheel":53,"Mummified Hand":7,"Sundial":120,"Tiny Chest":7,"Art of War":106,"Ring of the Snake":0}],"Ring of the Snake":[42]},"card_choices":[{"not_picked":["PiercingWail","Outmaneuver"],"picked":"Heel Hook","floor":1},{"not_picked":["Heel Hook","Deflect"],"picked":"Deadly Poison","floor":2},{"not_picked":["Deflect","Night Terror"],"picked":"Footwork","floor":10},{"not_picked":["Dodge and Roll","Dagger Throw"],"picked":"Poisoned Stab","floor":13},{"not_picked":["Poisoned Stab","Prepared","Endless Agony"],"picked":"SKIP","floor":14},{"not_picked":["Phantasmal Killer","Night Terror"],"picked":"After Image","floor":16},{"not_picked":["Flechettes","Underhanded Strike","Quick Slash"],"picked":"SKIP","floor":18},{"not_picked":["Prepared","Masterful Stab","Expertise"],"picked":"SKIP","floor":21},{"not_picked":["Outmaneuver","Underhanded Strike+1"],"picked":"Footwork","floor":23},{"not_picked":["Caltrops","Flying Knee"],"picked":"Blade Dance+1","floor":25},{"not_picked":["Cloak And Dagger","Bane","Dodge and Roll"],"picked":"SKIP","floor":28},{"not_picked":["PiercingWail+1","Bane"],"picked":"Blur","floor":31},{"not_picked":["Venomology","Malaise"],"picked":"After Image","floor":33},{"not_picked":["Riddle With Holes","Escape Plan"],"picked":"Backflip","floor":35},{"not_picked":["Riddle With Holes+1","PiercingWail","Underhanded Strike"],"picked":"SKIP","floor":39},{"not_picked":["Leg Sweep+1","Endless Agony"],"picked":"Calculated Gamble+1","floor":40},{"not_picked":["Prepared+1","Cloak And Dagger+1"],"picked":"Deadly Poison","floor":41},{"not_picked":["Bullet Time","Endless Agony","Setup+1"],"picked":"SKIP","floor":42},{"not_picked":["Dodge and Roll","Outmaneuver+1"],"picked":"PiercingWail+1","floor":44},{"not_picked":["Doppelganger","Outmaneuver","Sucker Punch"],"picked":"SKIP","floor":48}],"player_experience":848402,"relics_obtained":[{"floor":4,"key":"Mummified Hand"},{"floor":9,"key":"Tiny Chest"},{"floor":14,"key":"Bag of Preparation"},{"floor":22,"key":"CaptainsWheel"},{"floor":23,"key":"Omamori"},{"floor":26,"key":"Mercury Hourglass"},{"floor":28,"key":"Boot"},{"floor":29,"key":"Enchiridion"},{"floor":40,"key":"Art of War"},{"floor":42,"key":"Letter Opener"},{"floor":43,"key":"Sundial"},{"floor":46,"key":"Frozen Egg 2"}],"event_choices":[{"cards_removed":["Strike_G"],"damage_healed":0,"gold_gain":0,"player_choice":"Card Removal","damage_taken":0,"max_hp_gain":0,"max_hp_loss":0,"event_name":"The Cleric","floor":3,"gold_loss":50},{"damage_healed":0,"gold_gain":0,"player_choice":"Entered Light","damage_taken":13,"max_hp_gain":0,"max_hp_loss":0,"event_name":"Shining Light","floor":5,"gold_loss":0,"cards_upgraded":["Defend_G","Survivor"]},{"damage_healed":0,"gold_gain":0,"player_choice":"Take Damage","damage_taken":15,"relics_obtained":["Golden Idol"],"max_hp_gain":0,"max_hp_loss":0,"event_name":"Golden Idol","floor":11,"gold_loss":0},{"damage_healed":0,"gold_gain":0,"player_choice":"Upgrade","damage_taken":0,"max_hp_gain":0,"max_hp_loss":0,"event_name":"Designer","floor":19,"gold_loss":40,"cards_upgraded":["After Image"]},{"damage_healed":0,"gold_gain":0,"player_choice":"Obtained Book","damage_taken":16,"max_hp_gain":0,"max_hp_loss":0,"event_name":"Cursed Tome","floor":29,"gold_loss":0},{"damage_healed":0,"gold_gain":0,"player_choice":"Forge","damage_taken":0,"max_hp_gain":0,"max_hp_loss":0,"event_name":"Accursed Blacksmith","floor":37,"gold_loss":0,"cards_upgraded":["Caltrops"]}],"is_beta":false,"boss_relics":[{"not_picked":["Black Star","SacredBark"],"picked":"Astrolabe"},{"not_picked":["Velvet Choker","Pandora\u0027s Box"],"picked":"SlaversCollar"}],"items_purged_floors":[27],"is_endless":false,"potions_floor_spawned":[10,13,21,25,28,35,39,41,48],"ascension_level":11}}