{"host":"vyjryxuuuxkt43k4","time":1611715181,"event":{"mods":["AchievementEnabler","BaseMod","Colored Map","DeckTracker","Keyboard Shortcuts","Minty Spire (QoL Compilation)","Permanent Neow","Quick Restart","Rare Cards Sparkle","StSLib","SuperFastMode","everything is the same but u backflip on backflip"],"gold_per_floor":[109,34,34,47,64,64,95,95,122,150,75,85,99,114,114,190,190,207,24,24,41,51,67,87,87,87,87,158,176,192,37,37,114,114,131,131,131,43,43,43,54,54,79,99,112,139,139,165,165,165,165,165,165,8,36,36],"floor_reached":57,"language":"KOR","playtime":5040,"items_purged":["Writhe","Strike_R"],"score":2748,"play_id":"8d43b4fb-1feb-40a0-a504-05d3388e10b5","local_time":"20210127113941","is_ascension_mode":true,"campfire_choices":[{"data":"Inflame","floor":6.0,"key":"SMITH"},{"floor":8.0,"key":"REST"},{"data":"Seeing Red","floor":15.0,"key":"SMITH"},{"data":"Uppercut","floor":25.0,"key":"SMITH"},{"data":"Heavy Blade","floor":27.0,"key":"SMITH"},{"floor":32.0,"key":"REST"},{"data":"Spot Weakness","floor":40.0,"key":"SMITH"},{"data":"Battle Trance","floor":42.0,"key":"SMITH"},{"data":"Offering","floor":47.0,"key":"SMITH"},{"floor":49.0,"key":"RECALL"},{"data":"Pommel Strike","floor":53.0,"key":"SMITH"}],"circlet_count":0,"master_deck":["AscendersBane","Defend_R","Defend_R","Defend_R","Defend_R","Bash","Flame Barrier","Pommel Strike+1","Pummel","Inflame+1","Seeing Red+1","Uppercut+1","Second Wind","Twin Strike","Heavy Blade+1","Ghostly Armor","Offering+1","CurseOfTheBell","Battle Trance+1","Shrug It Off","Shrug It Off","Offering+1","Dual Wield","Iron Wave+1","Spot Weakness+1","Corruption","Feel No Pain","Dark Embrace","Feel No Pain","Feel No Pain+1","Limit Break","Evolve"],"relics":["Burning Blood","Bag of Preparation","Vajra","Question Card","Calling Bell","Akabeko","Darkstone Periapt","Thread and Needle","Tiny Chest","Self Forming Clay","Eternal Feather","Snecko Eye","Lantern","Dream Catcher","Ancient Tea Set","Pantograph","Medical Kit","Blue Candle"],"acts_visited":["Exordium","TheCity","TheBeyond","TheEnding"],"potions_floor_usage":[56,56],"damage_taken":[{"damage":13.0,"enemies":"Small Slimes","floor":1.0,"turns":4.0},{"damage":1.0,"enemies":"Cultist","floor":4.0,"turns":4.0},{"damage":14.0,"enemies":"2 Louse","floor":5.0,"turns":2.0},{"damage":45.0,"enemies":"3 Sentries","floor":7.0,"turns":11.0},{"damage":28.0,"enemies":"Lagavulin","floor":10.0,"turns":6.0},{"damage":5.0,"enemies":"Exordium Wildlife","floor":12.0,"turns":5.0},{"damage":5.0,"enemies":"Gremlin Gang","floor":13.0,"turns":5.0},{"damage":4.0,"enemies":"2 Fungi Beasts","floor":14.0,"turns":2.0},{"damage":21.0,"enemies":"Slime Boss","floor":16.0,"turns":12.0},{"damage":27.0,"enemies":"Spheric Guardian","floor":18.0,"turns":5.0},{"damage":6.0,"enemies":"Shell Parasite","floor":21.0,"turns":3.0},{"damage":6.0,"enemies":"3 Cultists","floor":22.0,"turns":4.0},{"damage":6.0,"enemies":"Centurion and Healer","floor":23.0,"turns":4.0},{"damage":24.0,"enemies":"Shelled Parasite and Fungi","floor":24.0,"turns":4.0},{"damage":19.0,"enemies":"Chosen and Byrds","floor":29.0,"turns":8.0},{"damage":6.0,"enemies":"Centurion and Healer","floor":30.0,"turns":7.0},{"damage":41.0,"enemies":"Champ","floor":33.0,"turns":7.0},{"damage":6.0,"enemies":"3 Shapes","floor":35.0,"turns":2.0},{"damage":6.0,"enemies":"Orb Walker","floor":41.0,"turns":3.0},{"damage":12.0,"enemies":"Maw","floor":44.0,"turns":4.0},{"damage":12.0,"enemies":"3 Darklings","floor":45.0,"turns":2.0},{"damage":12.0,"enemies":"Reptomancer","floor":46.0,"turns":6.0},{"damage":12.0,"enemies":"Giant Head","floor":48.0,"turns":4.0},{"damage":42.0,"enemies":"Awakened One","floor":50.0,"turns":5.0},{"damage":31.0,"enemies":"Time Eater","floor":51.0,"turns":5.0},{"damage":18.0,"enemies":"Shield and Spear","floor":55.0,"turns":3.0},{"damage":89,"enemies":"The Heart","floor":56,"turns":8}],"seed_played":"850225992621316537","potions_obtained":[{"floor":1.0,"key":"SkillPotion"},{"floor":7.0,"key":"ColorlessPotion"},{"floor":13.0,"key":"SkillPotion"},{"floor":16.0,"key":"ElixirPotion"},{"floor":18.0,"key":"BloodPotion"},{"floor":24.0,"key":"Block Potion"},{"floor":29.0,"key":"Fire Potion"},{"floor":33.0,"key":"Weak Potion"},{"floor":35.0,"key":"SpeedPotion"},{"floor":44.0,"key":"LiquidMemories"},{"floor":45.0,"key":"Fire Potion"},{"floor":48.0,"key":"BloodPotion"}],"is_trial":false,"path_per_floor":["M","$","?","M","M","R","E","R","T","E","?","M","M","M","R","B",null,"M","$","?","M","M","M","M","R","T","R","T","M","M","$","R","B",null,"M","T","?","$","T","R","M","R","T","M","M","E","R","E","R","B","B",null,"R","$","E","B",null],"character_chosen":"IRONCLAD","items_purchased":["Tiny Chest","Shrug It Off","Weak Potion","Dark Embrace","Medical Kit"],"campfire_rested":2,"item_purchase_floors":[19,19,31,38,54],"current_hp_per_floor":[61,61,61,66,58,58,19,41,41,19,19,20,21,23,23,8,58,52,52,52,52,52,52,34,34,34,34,34,21,21,21,58,23,62,62,62,62,62,62,75,75,75,75,69,63,57,75,69,75,39,39,66,75,75,63,7],"gold":36,"neow_bonus":"TRANSFORM_TWO_CARDS","is_daily":false,"chose_seed":false,"campfire_upgraded":8,"win_rate":0.0,"timestamp":1611715181,"path_taken":["M","$","?","?","M","R","E","R","T","E","?","M","M","M","R","BOSS","M","$","?","?","M","?","M","R","T","R","?","M","M","?","R","BOSS","M","?","?","$","?","R","?","R","T","M","M","E","R","E","R","BOSS","BOSS","R","$","E","BOSS"],"items_purchased_type":["Relic","Card","Potion","Card","Relic"],"build_version":"2020-12-22","purchased_purges":2,"victory":true,"max_hp_per_floor":[75,75,75,75,75,75,75,75,75,75,75,75,75,75,75,75,75,75,75,75,75,75,75,75,75,75,75,75,75,75,75,75,75,75,75,75,75,75,75,75,75,75,75,75,75,75,75,75,75,75,75,75,75,75,75,75],"card_choices":[{"not_picked":["Perfected Strike","Body Slam"],"picked":"Pummel","floor":1.0},{"not_picked":["Warcry","Havoc"],"picked":"Inflame","floor":4.0},{"not_picked":["Flex","True Grit"],"picked":"Seeing Red","floor":5.0},{"not_picked":["Iron Wave","Reckless Charge"],"picked":"Uppercut","floor":7.0},{"not_picked":["Flame Barrier","Thunderclap"],"picked":"Second Wind","floor":10.0},{"not_picked":["True Grit","Clothesline","Heavy Blade"],"picked":"Twin Strike","floor":12.0},{"not_picked":["Dropkick","Cleave","Havoc"],"picked":"Heavy Blade","floor":13.0},{"not_picked":["Dropkick","Sentinel","True Grit"],"picked":"Ghostly Armor","floor":14.0},{"not_picked":["Fiend Fire","Bludgeon","Reaper"],"picked":"Offering","floor":16.0},{"not_picked":["Carnage+1","Wild Strike","Headbutt"],"picked":"Battle Trance","floor":18.0},{"not_picked":["Clash","Infernal Blade","Twin Strike"],"picked":"Shrug It Off","floor":21.0},{"not_picked":["Wild Strike","Sentinel","Carnage","Infernal Blade"],"picked":"SKIP","floor":22.0},{"not_picked":["Headbutt","Iron Wave","Rupture"],"picked":"Offering","floor":23.0},{"not_picked":["Cleave","Havoc","Flex"],"picked":"Dual Wield","floor":24.0},{"not_picked":["Sword Boomerang+1","Pommel Strike","Thunderclap"],"picked":"Iron Wave+1","floor":29.0},{"not_picked":["Bludgeon","Perfected Strike","Thunderclap"],"picked":"Spot Weakness","floor":30.0},{"not_picked":["Fiend Fire","Berserk","Barricade"],"picked":"Corruption","floor":33.0},{"not_picked":["Searing Blow","Inflame","Sword Boomerang+1"],"picked":"Feel No Pain","floor":35.0},{"not_picked":["Armaments","Pommel Strike","Searing Blow"],"picked":"Feel No Pain","floor":41.0},{"not_picked":["Flex","Carnage","Blood for Blood"],"picked":"Feel No Pain+1","floor":44.0},{"not_picked":["Second Wind","Iron Wave","Sword Boomerang+1","Cleave+1"],"picked":"SKIP","floor":45.0},{"not_picked":["Twin Strike+1","Whirlwind","Anger","Heavy Blade"],"picked":"SKIP","floor":46.0},{"not_picked":["Iron Wave","Warcry","Thunderclap"],"picked":"Limit Break","floor":48.0},{"not_picked":["Uppercut","Fire Breathing","Berserk"],"picked":"Evolve","floor":55.0}],"player_experience":388990,"relics_obtained":[{"floor":7.0,"key":"Bag of Preparation"},{"floor":9.0,"key":"Vajra"},{"floor":10.0,"key":"Question Card"},{"floor":17.0,"key":"Akabeko"},{"floor":17.0,"key":"Darkstone Periapt"},{"floor":17.0,"key":"Thread and Needle"},{"floor":26.0,"key":"Self Forming Clay"},{"floor":28.0,"key":"Eternal Feather"},{"floor":39.0,"key":"Lantern"},{"floor":43.0,"key":"Dream Catcher"},{"floor":46.0,"key":"Ancient Tea Set"},{"floor":48.0,"key":"Pantograph"},{"floor":55.0,"key":"Blue Candle"}],"event_choices":[{"cards_removed":["Strike_R"],"damage_healed":0.0,"max_hp_gain":0.0,"max_hp_loss":0.0,"gold_gain":0.0,"event_name":"Bonfire Elementals","player_choice":"Offered Basic","floor":3.0,"gold_loss":0.0,"damage_taken":0.0},{"cards_removed":["Strike_R"],"damage_healed":0.0,"max_hp_gain":0.0,"max_hp_loss":0.0,"gold_gain":0.0,"event_name":"The Cleric","player_choice":"Card Removal","floor":11.0,"gold_loss":75.0,"damage_taken":0.0},{"damage_healed":0.0,"max_hp_gain":0.0,"max_hp_loss":0.0,"gold_gain":0.0,"event_name":"N\u0027loth","player_choice":"Ignored","floor":20.0,"gold_loss":0.0,"damage_taken":0.0},{"damage_healed":0.0,"max_hp_gain":0.0,"max_hp_loss":0.0,"gold_gain":0.0,"event_name":"Upgrade Shrine","player_choice":"Upgraded","floor":37.0,"gold_loss":0.0,"damage_taken":0.0,"cards_upgraded":["Offering"]}],"is_beta":false,"boss_relics":[{"not_picked":["Fusion Hammer","Coffee Dripper"],"picked":"Calling Bell"},{"not_picked":["Astrolabe","Tiny House"],"picked":"Snecko Eye"}],"items_purged_floors":[2,31],"is_endless":false,"potions_floor_spawned":[1,7,13,16,18,24,29,33,35,44,45,48],"ascension_level":20}}