{"host":"p62uqwu04pp7leh9","time":1611732932,"event":{"mods":["BaseMod","Block Reminder","Colored Map","Colored Powertips","Minty Spire (QoL Compilation)","Relic Stats"],"gold_per_floor":[114,129,144,94,94,94,124,124,124,151,163,163],"floor_reached":11,"language":"ENG","playtime":430,"items_purged":[],"score":73,"play_id":"973891ab-4972-4c86-8764-fadc5c676d90","local_time":"20210127013532","daily_mods":["Heirloom","Blue Cards","Elite Swarm"],"is_ascension_mode":false,"campfire_choices":[{"data":"1","floor":6,"key":"LIFT"},{"data":"2","floor":8,"key":"LIFT"}],"circlet_count":0,"master_deck":["Strike_R","Strike_R","Strike_R","Strike_R","Defend_R","Defend_R","Defend_R","Defend_R","Bash","Static Discharge","Anger+1","Genetic Algorithm","Machine Learning"],"relics":["Burning Blood","Girya","Unceasing Top","MawBank"],"acts_visited":["Exordium"],"potions_floor_usage":[11],"damage_taken":[{"damage":5,"enemies":"2 Louse","floor":1,"turns":3},{"damage":10,"enemies":"Cultist","floor":2,"turns":3},{"damage":3,"enemies":"Small Slimes","floor":3,"turns":3},{"damage":42,"enemies":"3 Sentries","floor":7,"turns":6},{"damage":10,"enemies":"Red Slaver","floor":10,"turns":3},{"damage":46,"enemies":"Gremlin Nob","floor":11,"turns":4}],"seed_played":"-8653540479942029245","potions_obtained":[{"floor":1,"key":"SkillPotion"},{"floor":3,"key":"SneckoOil"}],"is_trial":false,"path_per_floor":["M","M","M","?","?","R","E","R","T","M","E"],"character_chosen":"IRONCLAD","items_purchased":[],"campfire_rested":0,"item_purchase_floors":[],"current_hp_per_floor":[80,76,79,79,79,79,43,43,43,39,0,0],"gold":163,"neow_bonus":"","is_daily":true,"chose_seed":false,"campfire_upgraded":0,"win_rate":0.0,"timestamp":1611732932,"path_taken":["M","M","M","?","?","R","E","R","T","?","E"],"items_purchased_type":[],"build_version":"2020-12-22","purchased_purges":0,"victory":false,"max_hp_per_floor":[80,80,80,80,80,80,80,80,80,80,80,80],"relic_stats":{"counters":[6,22],"MawBank":24,"obtain_stats":[{"Girya":0,"MawBank":9,"Burning Blood":0,"Unceasing Top":7},{"Girya":0,"MawBank":4,"Burning Blood":0,"Unceasing Top":4},{"Girya":0,"MawBank":15,"Burning Blood":0,"Unceasing Top":15}],"Burning Blood":29,"Unceasing Top":[0]},"card_choices":[{"not_picked":["Metallicize","Chaos"],"picked":"Static Discharge","floor":1},{"not_picked":["Sword Boomerang","Steam"],"picked":"Anger","floor":2},{"not_picked":["Loop","Cleave"],"picked":"Genetic Algorithm","floor":3},{"not_picked":["Exhume","Berserk"],"picked":"Machine Learning","floor":7},{"not_picked":["Redo","Twin Strike","Warcry"],"picked":"SKIP","floor":10}],"player_experience":380163,"relics_obtained":[{"floor":7,"key":"Unceasing Top"},{"floor":9,"key":"MawBank"}],"event_choices":[{"cards_removed":["Strike_R"],"damage_healed":0,"gold_gain":0,"player_choice":"Card Removal","damage_taken":0,"max_hp_gain":0,"max_hp_loss":0,"event_name":"The Cleric","floor":4,"gold_loss":50},{"damage_healed":0,"gold_gain":0,"player_choice":"Upgraded","damage_taken":0,"max_hp_gain":0,"max_hp_loss":0,"event_name":"Upgrade Shrine","floor":5,"gold_loss":0,"cards_upgraded":["Anger"]}],"is_beta":false,"boss_relics":[],"items_purged_floors":[],"is_endless":false,"potions_floor_spawned":[1,3],"killed_by":"Gremlin Nob","ascension_level":0}}