{"host":"1gh1pdv85cipbjj7","time":1611782759,"event":{"mods":["BaseMod","Colored Map","Downfall","GifTheSpireLib","Infinite Spire","Minty Spire (QoL Compilation)","Permanent Neow","StSLib","The Jungle"],"gold_per_floor":[99,115,29,44,194,204,204,204,224,243,40,54,79,79,98,98,98,98],"floor_reached":16,"language":"ENG","playtime":954,"items_purged":["bronze:Strike"],"score":135,"play_id":"db876b4a-998d-4205-a061-4f61ffc09561","local_time":"20210127152559","is_ascension_mode":true,"campfire_choices":[{"data":"bronze:Backtrace","floor":1,"key":"SMITH"},{"data":"bronze:Terminator","floor":8,"key":"SMITH"}],"circlet_count":0,"master_deck":["bronze:Strike","bronze:Strike","bronze:Strike","bronze:Defend","bronze:Defend","bronze:Defend","bronze:Defend","bronze:Replicate","bronze:Goto","bronze:Backtrace+1","bronze:Fortify","bronze:WhirlingStrike","bronze:Terminator+1","bronze:WhirlingStrike","downfall:Icky","bronze:Separator","bronze:GetLatest","bronze:Shell","Enlightenment","bronze:Branch","bronze:Deprecate","bronze:Frontload"],"relics":["infinitespire:DarkRift","Regal Pillow","Ginger","infinitespire:Cubic Diamond"],"acts_visited":["Exordium"],"potions_floor_usage":[13,16,16,16],"damage_taken":[{"damage":0,"enemies":"Small Slimes","floor":2,"turns":2},{"damage":3,"enemies":"downfall:FleeingMerchant","floor":3,"turns":4},{"damage":6,"enemies":"Jaw Worm","floor":4,"turns":2},{"damage":0,"enemies":"2 Louse","floor":6,"turns":2},{"damage":2,"enemies":"2 Fungi Beasts","floor":9,"turns":2},{"damage":8,"enemies":"Lots of Slimes","floor":10,"turns":2},{"damage":0,"enemies":"downfall:FleeingMerchant","floor":11,"turns":4},{"damage":7,"enemies":"Blue Slaver","floor":12,"turns":2},{"damage":0,"enemies":"Gremlin Nob","floor":13,"turns":2},{"damage":2,"enemies":"2 Fungi Beasts","floor":15,"turns":2},{"damage":65,"enemies":"DF_ARCHETYPE_STREAMLINE","floor":16,"turns":12}],"seed_played":"4633455963911833566","potions_obtained":[{"floor":2,"key":"bronze:BuildAFunctionPotion"},{"floor":4,"key":"Block Potion"},{"floor":12,"key":"AttackPotion"},{"floor":15,"key":"hexamod:SoulburnPotion"}],"is_trial":false,"path_per_floor":["R","M","$","M","?","M","T","R","M","M","$","M","E","?","M","B"],"character_chosen":"THE_AUTOMATON","items_purchased":["bronze:Terminator","Enlightenment","bronze:Branch"],"campfire_rested":0,"item_purchase_floors":[3,11,11],"current_hp_per_floor":[70,70,67,61,61,61,61,61,59,51,51,44,44,44,42,0,0,0],"gold":98,"neow_bonus":"THREE_CARDS","is_daily":false,"chose_seed":false,"campfire_upgraded":2,"win_rate":0.0,"timestamp":1611782759,"path_taken":["R","M","$","M","?","M","T","R","M","M","$","M","E","?","M","BOSS"],"items_purchased_type":["Card","Card","Card"],"build_version":"2020-12-22","purchased_purges":1,"victory":false,"max_hp_per_floor":[70,70,70,70,70,70,70,70,70,70,70,70,70,70,70,70,70,70],"card_choices":[{"not_picked":["bronze:WildBeam","bronze:DarkDash"],"picked":"bronze:Backtrace","floor":0},{"not_picked":["bronze:BuggyMess","bronze:ForLoop"],"picked":"bronze:Fortify","floor":2},{"not_picked":["bronze:Turbo","bronze:BitShift"],"picked":"bronze:WhirlingStrike","floor":3},{"not_picked":["bronze:Invalidate","bronze:Philosophize"],"picked":"bronze:WhirlingStrike","floor":4},{"not_picked":["bronze:DelayedSlice","bronze:NullPointer"],"picked":"bronze:Separator","floor":6},{"not_picked":["bronze:Iterate","bronze:ForceShield"],"picked":"bronze:GetLatest","floor":9},{"not_picked":["bronze:Allocate","bronze:DelayedGuard","bronze:WhirlingStrike"],"picked":"SKIP","floor":10},{"not_picked":["bronze:Refactor","bronze:DigitalCarnage"],"picked":"bronze:Shell","floor":11},{"not_picked":["bronze:DelayedSlice","bronze:CutThrough"],"picked":"bronze:Deprecate","floor":12},{"not_picked":["bronze:DigitalCarnage","bronze:ForceShield","bronze:BugBarrage"],"picked":"SKIP","floor":13},{"not_picked":["bronze:Fortify","bronze:BitShift"],"picked":"bronze:Frontload","floor":15}],"player_experience":758944,"relics_obtained":[{"floor":7,"key":"Regal Pillow"},{"floor":13,"key":"Ginger"}],"event_choices":[],"is_beta":false,"boss_relics":[],"items_purged_floors":[11],"is_endless":false,"potions_floor_spawned":[2,4,12,15],"killed_by":"DF_ARCHETYPE_STREAMLINE","ascension_level":1}}