{"host":"a1eatafr7pisesky","time":1611764354,"event":{"mods":["AchievementEnabler","BaseMod","Colored Map","Keyboard Shortcuts","Minty Spire (QoL Compilation)","Say the Spire","StSLib","SuperFastMode","everything is the same but u backflip on backflip"],"gold_per_floor":[117,67,67,87,87,122,122,162,162,162,205,130,154,179,179,179,179],"floor_reached":16,"language":"KOR","playtime":346,"items_purged":["Decay"],"score":202,"play_id":"e9af6514-c195-4e70-990c-37a420038422","local_time":"20210128011914","is_ascension_mode":true,"campfire_choices":[{"floor":7.0,"key":"REST"},{"floor":10.0,"key":"REST"},{"floor":15.0,"key":"REST"}],"circlet_count":0,"master_deck":["AscendersBane","Strike_P","Strike_P","Strike_P","Strike_P","Defend_P","Defend_P","Eruption","Vigilance","Master of Strategy","FlurryOfBlows","BowlingBash","Indignation","ConjureBlade","Meditate","EmptyFist"],"relics":["PureWater","Bottled Lightning","CeramicFish","Happy Flower","HornCleat","Gremlin Horn"],"acts_visited":["Exordium"],"potions_floor_usage":[16],"damage_taken":[{"damage":0.0,"enemies":"Jaw Worm","floor":1.0,"turns":3.0},{"damage":0.0,"enemies":"2 Louse","floor":4.0,"turns":2.0},{"damage":12.0,"enemies":"Gremlin Nob","floor":6.0,"turns":3.0},{"damage":34.0,"enemies":"Lagavulin","floor":8.0,"turns":4.0},{"damage":20.0,"enemies":"Gremlin Nob","floor":11.0,"turns":3.0},{"damage":0.0,"enemies":"Small Slimes","floor":13.0,"turns":1.0},{"damage":20.0,"enemies":"Lagavulin","floor":14.0,"turns":4.0},{"damage":27,"enemies":"The Guardian","floor":16,"turns":7}],"seed_played":"-3156899616150698433","potions_obtained":[{"floor":1.0,"key":"GamblersBrew"},{"floor":4.0,"key":"SpeedPotion"}],"is_trial":false,"path_per_floor":["M","?","?","M","?","E","R","E","T","R","E","$","M","E","R","B"],"character_chosen":"WATCHER","items_purchased":[],"campfire_rested":3,"item_purchase_floors":[],"current_hp_per_floor":[47,47,47,47,47,35,56,22,22,43,23,23,23,3,24,0,0],"gold":179,"neow_bonus":"RANDOM_COLORLESS_2","is_daily":false,"chose_seed":false,"campfire_upgraded":0,"win_rate":0.0,"timestamp":1611764354,"path_taken":["M","?","?","M","?","E","R","E","T","R","E","$","?","E","R","BOSS"],"items_purchased_type":[],"build_version":"2020-12-22","purchased_purges":1,"victory":false,"max_hp_per_floor":[72,72,72,72,72,72,72,72,72,72,72,72,72,72,72,72,72],"card_choices":[{"not_picked":["Secret Weapon","Panache"],"picked":"Master of Strategy","floor":0.0},{"not_picked":["Pray","Evaluate"],"picked":"FlurryOfBlows","floor":1.0},{"not_picked":["Prostrate","Crescendo"],"picked":"BowlingBash","floor":4.0},{"not_picked":["Swivel","Prostrate"],"picked":"Indignation","floor":6.0},{"not_picked":["WaveOfTheHand","Collect"],"picked":"ConjureBlade","floor":8.0},{"not_picked":["CrushJoints","Sanctity"],"picked":"Meditate","floor":11.0},{"not_picked":["Meditate","FollowUp"],"picked":"EmptyFist","floor":13.0},{"not_picked":["Wish","Swivel","FlyingSleeves"],"picked":"SKIP","floor":14.0}],"player_experience":369446,"relics_obtained":[{"floor":6.0,"key":"Bottled Lightning"},{"floor":8.0,"key":"CeramicFish"},{"floor":9.0,"key":"Happy Flower"},{"floor":11.0,"key":"HornCleat"},{"floor":14.0,"key":"Gremlin Horn"}],"event_choices":[{"cards_removed":["Defend_P"],"damage_healed":0.0,"max_hp_gain":0.0,"max_hp_loss":0.0,"gold_gain":0.0,"event_name":"The Cleric","player_choice":"Card Removal","floor":2.0,"gold_loss":50.0,"damage_taken":0.0},{"cards_removed":["Defend_P"],"damage_healed":0.0,"max_hp_gain":0.0,"max_hp_loss":0.0,"gold_gain":0.0,"event_name":"Living Wall","player_choice":"Forget","floor":3.0,"gold_loss":0.0,"damage_taken":0.0},{"damage_healed":0.0,"max_hp_gain":0.0,"max_hp_loss":0.0,"gold_gain":0.0,"event_name":"Wheel of Change","player_choice":"Cursed","floor":5.0,"gold_loss":0.0,"damage_taken":0.0,"cards_obtained":["Decay"]}],"is_beta":false,"boss_relics":[],"items_purged_floors":[12],"is_endless":false,"potions_floor_spawned":[1,4],"killed_by":"The Guardian","ascension_level":12}}