{"host":"Bilverbakes","time":1611776160,"event":{"mods":["2.2 Compatiblity","AchievementEnabler","BaseMod","Bestiary","Colored Map","Minty Spire (QoL Compilation)","Relic Stats","StSLib","ojb\u0027s Info Mod"],"gold_per_floor":[114,132,132,147,97,129,46,59,137,162,162,196,196,231,231,231,231],"floor_reached":16,"language":"ENG","playtime":818,"items_purged":["Defend_G"],"score":256,"play_id":"6b027370-4136-44fa-b504-44c96ee40855","local_time":"20210127133600","is_ascension_mode":true,"campfire_choices":[{"floor":13,"key":"REST"},{"data":"Noxious Fumes","floor":15,"key":"SMITH"}],"circlet_count":0,"master_deck":["AscendersBane","Strike_G","Strike_G","Strike_G","Strike_G","Strike_G","Defend_G","Defend_G","Defend_G","Defend_G","Survivor","Neutralize","Noxious Fumes+1","Dagger Throw","Calculated Gamble","Dagger Throw","Reflex","Footwork","Underhanded Strike","Venomology"],"relics":["Ring of the Snake","Smiling Mask","TungstenRod","Sundial","Centennial Puzzle","Golden Idol","Shovel","Meat on the Bone"],"acts_visited":["Exordium"],"potions_floor_usage":[6,10,10,14,16],"damage_taken":[{"damage":6.0,"enemies":"2 Louse","floor":1.0,"turns":4.0},{"damage":1.0,"enemies":"Cultist","floor":2.0,"turns":4.0},{"damage":0,"enemies":"Small Slimes","floor":4,"turns":4},{"damage":7,"enemies":"Lagavulin","floor":6,"turns":8},{"damage":5,"enemies":"Exordium Wildlife","floor":8,"turns":3},{"damage":8,"enemies":"3 Sentries","floor":10,"turns":6},{"damage":3,"enemies":"Lagavulin","floor":12,"turns":8},{"damage":15,"enemies":"3 Sentries","floor":14,"turns":7},{"damage":32,"enemies":"The Guardian","floor":16,"turns":6}],"seed_played":"-6730629454275607465","potions_obtained":[{"floor":2.0,"key":"BlessingOfTheForge"},{"floor":6,"key":"Poison Potion"},{"floor":8,"key":"AttackPotion"},{"floor":12,"key":"Strength Potion"}],"is_trial":false,"path_per_floor":["M","M","?","M","$","E","$","M","T","E","?","E","R","E","R","B"],"character_chosen":"THE_SILENT","items_purchased":["Footwork"],"campfire_rested":1,"item_purchase_floors":[7],"current_hp_per_floor":[53,52,52,52,52,45,45,40,40,32,32,29,47,32,32,0,0],"gold":231,"neow_bonus":"RANDOM_COMMON_RELIC","is_daily":false,"chose_seed":false,"campfire_upgraded":1,"win_rate":0.0,"timestamp":1611776160,"path_taken":["M","M","?","M","?","E","$","M","T","E","?","E","R","E","R","BOSS"],"items_purchased_type":["Card"],"build_version":"2020-12-18","purchased_purges":1,"victory":false,"max_hp_per_floor":[66,66,66,66,66,66,66,66,66,66,60,60,60,60,60,60,60],"relic_stats":{"Centennial Puzzle":[9],"Shovel":0,"counters":[9,50],"Sundial":[6],"Golden Idol":14,"Smiling Mask":25,"obtain_stats":[{"Centennial Puzzle":10,"Shovel":12,"Sundial":9,"Golden Idol":11,"Smiling Mask":0,"TungstenRod":6,"Ring of the Snake":0,"Meat on the Bone":14},{"Centennial Puzzle":6,"Shovel":7,"Sundial":5,"Golden Idol":6,"Smiling Mask":0,"TungstenRod":4,"Ring of the Snake":0,"Meat on the Bone":8},{"Centennial Puzzle":29,"Shovel":37,"Sundial":23,"Golden Idol":29,"Smiling Mask":0,"TungstenRod":20,"Ring of the Snake":0,"Meat on the Bone":44}],"TungstenRod":13,"Ring of the Snake":[18],"Meat on the Bone":0},"card_choices":[{"not_picked":["Blade Dance","Dagger Spray"],"picked":"Noxious Fumes","floor":1.0},{"not_picked":["Backflip","PiercingWail"],"picked":"Dagger Throw","floor":2.0},{"not_picked":["Prepared","Acrobatics"],"picked":"Dagger Throw","floor":4},{"not_picked":["Terror","Escape Plan"],"picked":"Reflex","floor":6},{"not_picked":["Blur","PiercingWail"],"picked":"Underhanded Strike","floor":8},{"not_picked":["Blade Dance","Dagger Spray","Underhanded Strike"],"picked":"SKIP","floor":10},{"not_picked":["Quick Slash","Sucker Punch","Setup"],"picked":"SKIP","floor":12},{"not_picked":["Deflect","Heel Hook"],"picked":"Venomology","floor":14}],"player_experience":819055,"relics_obtained":[{"floor":6,"key":"TungstenRod"},{"floor":9,"key":"Sundial"},{"floor":10,"key":"Centennial Puzzle"},{"floor":12,"key":"Shovel"},{"floor":14,"key":"Meat on the Bone"}],"event_choices":[{"damage_healed":0,"gold_gain":0,"player_choice":"1 cards matched","damage_taken":0,"max_hp_gain":0,"max_hp_loss":0,"event_name":"Match and Keep!","floor":3,"gold_loss":0,"cards_obtained":["Calculated Gamble"]},{"damage_healed":0,"gold_gain":0,"player_choice":"Lose Max HP","damage_taken":0,"relics_obtained":["Golden Idol"],"max_hp_gain":0,"max_hp_loss":6,"event_name":"Golden Idol","floor":11,"gold_loss":0}],"is_beta":true,"boss_relics":[],"items_purged_floors":[5],"is_endless":false,"potions_floor_spawned":[2,6,8,12],"killed_by":"The Guardian","ascension_level":20}}