{"host":"aqym1xxr3lb31d9m","time":1611758240,"event":{"mods":["BaseMod","Block Reminder","Colored Map","Colored Powertips","DeckTracker","Highlight Path","Minty Spire (QoL Compilation)","Quick Restart","Random Character Button","StSLib","SuperFastMode","UnlockEverythingMod"],"gold_per_floor":[118,268,268,343,355,355,365,394,440,42,63,63,89,109,109,181,181,181,12,12,12,12,12,12,12,12,12,12,12,12,12,12,12,12,12,12,12,12,12,12,12,12,12,12,12,12,12,12,12,12,12,12,12,12,12,12,12],"floor_reached":56,"language":"JPN","playtime":2933,"items_purged":[],"score":1992,"play_id":"251141fd-0b62-496f-abd8-4bfee07e4bb0","local_time":"20210127233720","is_ascension_mode":true,"campfire_choices":[{"data":"Zap","floor":6.0,"key":"SMITH"},{"data":"Dualcast","floor":12.0,"key":"SMITH"},{"floor":15.0,"key":"REST"},{"data":"Beam Cell","floor":24.0,"key":"SMITH"},{"floor":32.0,"key":"REST"},{"data":"Fission","floor":40,"key":"SMITH"},{"floor":46,"key":"RECALL"},{"data":"Defragment","floor":49,"key":"SMITH"},{"floor":53,"key":"REST"}],"circlet_count":0,"master_deck":["AscendersBane","Strike_B","Strike_B","Strike_B","Defend_B","Defend_B","Defend_B","Defend_B","Zap+1","Dualcast+1","Scrape","Go for the Eyes","Gash","Doom and Gloom","Turbo","Flash of Steel","Cold Snap","Glacier","Beam Cell+1","Meteor Strike","Go for the Eyes+1","Pain","Defragment+1","Glacier","Capacitor","Steam","All For One","CurseOfTheBell","Hologram","Rebound","Conserve Battery+1","Static Discharge+1","Fission+1","Echo Form","Gash+1","Parasite","Sweeping Beam","Doubt"],"relics":["Cracked Core","NeowsBlessing","Tiny Chest","Ancient Tea Set","Mercury Hourglass","Odd Mushroom","Centennial Puzzle","Ectoplasm","Bag of Preparation","WarpedTongs","The Courier","Nunchaku","Bag of Marbles","Mummified Hand","Calling Bell","Anchor","Pear","Thread and Needle","Emotion Chip","Orichalcum","CeramicFish","Pen Nib","Kunai"],"acts_visited":["Exordium","TheCity","TheBeyond","TheEnding"],"potions_floor_usage":[37,41],"damage_taken":[{"damage":0.0,"enemies":"Small Slimes","floor":1.0,"turns":1.0},{"damage":0.0,"enemies":"2 Louse","floor":5.0,"turns":1.0},{"damage":0.0,"enemies":"Jaw Worm","floor":7.0,"turns":1.0},{"damage":14.0,"enemies":"Gremlin Nob","floor":8.0,"turns":3.0},{"damage":1.0,"enemies":"The Mushroom Lair","floor":11.0,"turns":2.0},{"damage":25.0,"enemies":"Lagavulin","floor":13.0,"turns":5.0},{"damage":0.0,"enemies":"Lots of Slimes","floor":14.0,"turns":3.0},{"damage":11.0,"enemies":"Slime Boss","floor":16.0,"turns":8.0},{"damage":7.0,"enemies":"3 Byrds","floor":18.0,"turns":4.0},{"damage":15.0,"enemies":"Slavers","floor":23.0,"turns":3.0},{"damage":1.0,"enemies":"Spheric Guardian","floor":25.0,"turns":3.0},{"damage":20.0,"enemies":"Book of Stabbing","floor":28.0,"turns":5.0},{"damage":4.0,"enemies":"3 Cultists","floor":29.0,"turns":5.0},{"damage":36.0,"enemies":"Collector","floor":33.0,"turns":14.0},{"damage":9.0,"enemies":"3 Shapes","floor":35.0,"turns":4.0},{"damage":2.0,"enemies":"Orb Walker","floor":36.0,"turns":4.0},{"damage":28,"enemies":"2 Orb Walkers","floor":37,"turns":3},{"damage":14,"enemies":"Maw","floor":38,"turns":6},{"damage":14,"enemies":"Giant Head","floor":41,"turns":8},{"damage":4,"enemies":"Spire Growth","floor":42,"turns":3},{"damage":2,"enemies":"Writhing Mass","floor":44,"turns":7},{"damage":6,"enemies":"Transient","floor":47,"turns":6},{"damage":44,"enemies":"Time Eater","floor":50,"turns":12},{"damage":24,"enemies":"Donu and Deca","floor":51,"turns":8},{"damage":48,"enemies":"Shield and Spear","floor":55,"turns":6},{"damage":47,"enemies":"The Heart","floor":56,"turns":2}],"seed_played":"6780186196443609664","potions_obtained":[{"floor":1.0,"key":"FearPotion"},{"floor":8.0,"key":"Weak Potion"},{"floor":16.0,"key":"Fire Potion"},{"floor":18.0,"key":"SpeedPotion"},{"floor":23.0,"key":"Regen Potion"},{"floor":25.0,"key":"SteroidPotion"},{"floor":29.0,"key":"GamblersBrew"},{"floor":36.0,"key":"SteroidPotion"},{"floor":37,"key":"FairyPotion"},{"floor":38,"key":"PowerPotion"},{"floor":42,"key":"BlessingOfTheForge"}],"is_trial":false,"path_per_floor":["M","?","?","?","M","R","M","E","T","$","?","R","E","M","R","B",null,"M","$","?","T","$","E","R","M","T","$","E","M","?","T","R","B",null,"M","M","?","M","?","R","E","M","T","M","T","R","M","?","R","B","B",null,"R","$","E","B"],"character_chosen":"DEFECT","items_purchased":["Turbo","Mercury Hourglass","Flash of Steel","Bag of Preparation"],"campfire_rested":3,"item_purchase_floors":[10,10,10,19],"current_hp_per_floor":[64,64,64,53,53,53,53,39,39,39,38,38,13,13,34,23,59,52,52,52,52,52,37,37,36,36,36,16,26,26,26,47,11,66,57,55,27,13,13,13,24,20,20,18,18,18,12,81,81,37,13,64,81,81,33,0,0],"gold":12,"neow_bonus":"THREE_ENEMY_KILL","is_daily":false,"chose_seed":false,"campfire_upgraded":5,"win_rate":0.0,"timestamp":1611758240,"path_taken":["M","?","?","?","M","R","M","E","T","?","?","R","E","M","R","BOSS","M","$","?","?","?","E","R","M","T","$","E","?","?","?","R","BOSS","M","M","?","M","?","R","E","M","T","?","?","R","M","?","R","BOSS","BOSS","R","$","E","BOSS"],"items_purchased_type":["Card","Relic","Card","Relic"],"build_version":"2020-12-22","purchased_purges":0,"victory":false,"max_hp_per_floor":[71,71,71,71,71,71,71,71,71,71,71,71,71,71,71,71,71,71,71,71,71,71,71,71,71,71,71,71,71,71,71,71,71,81,81,81,81,81,81,81,81,81,81,81,81,81,81,81,81,81,81,81,81,81,81,81,81],"card_choices":[{"not_picked":["Leap","Conserve Battery"],"picked":"Scrape","floor":1.0},{"not_picked":["Static Discharge","Coolheaded"],"picked":"Go for the Eyes","floor":5.0},{"not_picked":["Blizzard","Steam Power"],"picked":"Gash","floor":7.0},{"not_picked":["Steam Power","Thunder Strike"],"picked":"Doom and Gloom","floor":8.0},{"not_picked":["Go for the Eyes","Tempest"],"picked":"Cold Snap","floor":11.0},{"not_picked":["Lockon","Sweeping Beam"],"picked":"Glacier","floor":13.0},{"not_picked":["Leap","Melter"],"picked":"Beam Cell","floor":14.0},{"not_picked":["Rainbow","Electrodynamics"],"picked":"Meteor Strike","floor":16.0},{"not_picked":["Compile Driver","Beam Cell"],"picked":"Go for the Eyes+1","floor":18.0},{"not_picked":["Darkness","Go for the Eyes"],"picked":"Defragment","floor":23.0},{"not_picked":["Heatsinks","Hologram"],"picked":"Glacier","floor":25.0},{"not_picked":["BootSequence","Genetic Algorithm+1"],"picked":"Capacitor","floor":28.0},{"not_picked":["Beam Cell","Coolheaded"],"picked":"Steam","floor":29.0},{"not_picked":["Core Surge","Meteor Strike"],"picked":"All For One","floor":33.0},{"not_picked":["Redo","Cold Snap+1"],"picked":"Hologram","floor":35.0},{"not_picked":["Tempest","Barrage"],"picked":"Rebound","floor":36.0},{"not_picked":["Sunder","Tempest"],"picked":"Conserve Battery+1","floor":37},{"not_picked":["Go for the Eyes+1","Beam Cell+1"],"picked":"Static Discharge+1","floor":38},{"not_picked":["Blizzard","Melter+1"],"picked":"Echo Form","floor":41},{"not_picked":["Streamline","Go for the Eyes"],"picked":"Gash+1","floor":42},{"not_picked":["Storm","Ball Lightning+1","Hello World+1"],"picked":"SKIP","floor":44},{"not_picked":["Auto Shields+1","Aggregate"],"picked":"Sweeping Beam","floor":47},{"not_picked":["Double Energy","Genetic Algorithm","Steam"],"picked":"SKIP","floor":55}],"player_experience":4097743,"relics_obtained":[{"floor":8.0,"key":"Tiny Chest"},{"floor":9.0,"key":"Ancient Tea Set"},{"floor":11.0,"key":"Odd Mushroom"},{"floor":13.0,"key":"Centennial Puzzle"},{"floor":23.0,"key":"The Courier"},{"floor":26.0,"key":"Nunchaku"},{"floor":28.0,"key":"Bag of Marbles"},{"floor":31.0,"key":"Mummified Hand"},{"floor":34.0,"key":"Anchor"},{"floor":34.0,"key":"Pear"},{"floor":34.0,"key":"Thread and Needle"},{"floor":37,"key":"Emotion Chip"},{"floor":41,"key":"Orichalcum"},{"floor":43,"key":"CeramicFish"},{"floor":45,"key":"Pen Nib"},{"floor":55,"key":"Kunai"}],"event_choices":[{"damage_healed":0.0,"max_hp_gain":0.0,"max_hp_loss":0.0,"gold_gain":150.0,"event_name":"Liars Game","player_choice":"AGREE","floor":2.0,"gold_loss":0.0,"damage_taken":0.0,"cards_obtained":["Doubt"]},{"cards_removed":["Doubt"],"damage_healed":0.0,"max_hp_gain":0.0,"max_hp_loss":0.0,"gold_gain":0.0,"event_name":"Living Wall","player_choice":"Forget","floor":3.0,"gold_loss":0.0,"damage_taken":0.0},{"damage_healed":0.0,"max_hp_gain":0.0,"max_hp_loss":0.0,"gold_gain":75.0,"event_name":"World of Goop","player_choice":"Gather Gold","floor":4.0,"gold_loss":0.0,"damage_taken":11.0},{"damage_healed":0.0,"max_hp_gain":0.0,"max_hp_loss":0.0,"gold_gain":0.0,"event_name":"Mushrooms","player_choice":"Fought Mushrooms","floor":11.0,"gold_loss":0.0,"damage_taken":0.0},{"damage_healed":0.0,"max_hp_gain":0.0,"max_hp_loss":0.0,"gold_gain":0.0,"event_name":"Accursed Blacksmith","player_choice":"Rummage","floor":20.0,"gold_loss":0.0,"damage_taken":0.0,"relics_obtained":["WarpedTongs"],"cards_obtained":["Pain"]},{"damage_healed":0.0,"max_hp_gain":0.0,"max_hp_loss":0.0,"gold_gain":50.0,"event_name":"Nest","player_choice":"Stole From Cult","floor":30.0,"gold_loss":0.0,"damage_taken":0.0},{"damage_healed":0,"gold_gain":0,"player_choice":"Fight","damage_taken":0,"max_hp_gain":0,"max_hp_loss":0,"event_name":"Mysterious Sphere","floor":37,"gold_loss":0},{"damage_healed":0,"gold_gain":0,"cards_transformed":["Strike_B"],"player_choice":"Transformed","damage_taken":0,"max_hp_gain":0,"max_hp_loss":0,"event_name":"Transmorgrifier","floor":39,"gold_loss":0,"cards_obtained":["Fission"]},{"damage_healed":69,"gold_gain":0,"player_choice":"Heal","damage_taken":0,"max_hp_gain":0,"max_hp_loss":0,"event_name":"MindBloom","floor":48,"gold_loss":0,"cards_obtained":["Doubt"]}],"is_beta":false,"boss_relics":[{"not_picked":["Velvet Choker","Busted Crown"],"picked":"Ectoplasm"},{"not_picked":["SlaversCollar","Black Star"],"picked":"Calling Bell"}],"items_purged_floors":[],"is_endless":false,"potions_floor_spawned":[1,8,16,18,23,25,29,36,37,38,42],"killed_by":"The Heart","ascension_level":20}}