{"host":"tx53bzy9yvi1me7u","time":1611724384,"event":{"mods":["BaseMod","CCEM2","Colored Map","Colored Powertips","Conspire","Highlight Path","Hubris","Mimic Mod","Minty Spire (QoL Compilation)","Permanent Neow","Quick Restart","Replay The Spire","Spicy Shops","StSLib","The Blue Laboratory","Wandering Minibosses"],"gold_per_floor":[112,126,144,163,174,201,201,220,220,230,242,252,252,271,271,368,368,368,368],"floor_reached":18,"language":"ENG","playtime":1614,"items_purged":[],"score":170,"play_id":"123d5c20-8ff8-4c60-a6c3-10265ba77ac2","local_time":"20210127001304","is_ascension_mode":false,"campfire_choices":[{"data":"theextravagant:Masquerade","floor":7,"key":"SMITH"},{"floor":13,"key":"REST"},{"data":"theextravagant:Clairvoyance","floor":15,"key":"SMITH"}],"circlet_count":0,"master_deck":["theextravagant:SlyStrike","theextravagant:Fence","theextravagant:Fence","theextravagant:Fence","theextravagant:QuickAttack","theextravagant:Triumph","theextravagant:Outrun","theextravagant:CutTheDeck","theextravagant:StepBack","theextravagant:Masquerade+1","theextravagant:SpontaneousStrike","theextravagant:Vintage","theextravagant:Comeback","theextravagant:Tension","theextravagant:Clairvoyance+1","theextravagant:DAMNATION"],"relics":["theextravagant:TranslucentFeather","CCEMRelics:JestersCrown","CCEMRelics:OverlyComfyChair","Replay:Drink Me"],"acts_visited":["Exordium","TheCity"],"potions_floor_usage":[8,11,16,16],"damage_taken":[{"damage":5,"enemies":"Small Slimes","floor":1,"turns":4},{"damage":0,"enemies":"Jaw Worm","floor":2,"turns":5},{"damage":0,"enemies":"Cultist","floor":3,"turns":5},{"damage":32,"enemies":"Gremlin Gang","floor":4,"turns":9},{"damage":0,"enemies":"Exordium Wildlife","floor":5,"turns":4},{"damage":16,"enemies":"3 Sentries","floor":6,"turns":9},{"damage":7,"enemies":"2 Fungi Beasts","floor":8,"turns":3},{"damage":3,"enemies":"3 Louse","floor":10,"turns":4},{"damage":4,"enemies":"Blue Slaver","floor":11,"turns":3},{"damage":5,"enemies":"2 Fungi Beasts","floor":12,"turns":3},{"damage":7,"enemies":"3 Louse","floor":14,"turns":4},{"damage":19,"enemies":"Slime Boss","floor":16,"turns":10},{"damage":34,"enemies":"conspire:FuzzyDice","floor":18,"turns":3}],"seed_played":"1073498036109908156","potions_obtained":[{"floor":4,"key":"Elixir"},{"floor":6,"key":"blueLaboratory:EmptyBottle"},{"floor":8,"key":"Weak Potion"},{"floor":11,"key":"LifebloodPotion"},{"floor":16,"key":"blueLaboratory:BottleOfRum"}],"is_trial":false,"path_per_floor":["M","M","M","M","M","E","R","M","T","M","M","M","R","M","R","B",null,"M"],"character_chosen":"THE_EXTRAVAGANT","items_purchased":[],"campfire_rested":1,"item_purchase_floors":[],"current_hp_per_floor":[70,70,70,38,38,22,22,15,15,16,12,7,29,22,22,4,57,23,23],"gold":368,"neow_bonus":"TRANSFORM_CARD","is_daily":false,"chose_seed":false,"campfire_upgraded":2,"win_rate":0.0,"timestamp":1611724384,"path_taken":["M","M","M","M","M","E","R","M","T","M","M","M","R","M","R","BOSS","M"],"items_purchased_type":[],"build_version":"2020-12-22","purchased_purges":0,"victory":false,"max_hp_per_floor":[75,75,75,75,75,75,75,75,75,75,75,75,75,75,75,75,57,57,57],"card_choices":[{"not_picked":["theextravagant:PerfectTheBasics","theextravagant:SharpTalons"],"picked":"theextravagant:CutTheDeck","floor":1},{"not_picked":["theextravagant:Ambush","theextravagant:Foil"],"picked":"theextravagant:StepBack","floor":2},{"not_picked":["theextravagant:Cutthroat","theextravagant:Pushthrough"],"picked":"theextravagant:Masquerade","floor":3},{"not_picked":["theextravagant:Courage","theextravagant:Twitch"],"picked":"theextravagant:SpontaneousStrike","floor":4},{"not_picked":["theextravagant:GlyphOfSight","theextravagant:Clairvoyance"],"picked":"theextravagant:Vintage","floor":5},{"not_picked":["theextravagant:ManifestIllusion","theextravagant:CutTheDeck"],"picked":"theextravagant:Comeback","floor":6},{"not_picked":["theextravagant:PerfectTheBasics","theextravagant:SharpTalons"],"picked":"theextravagant:Tension","floor":8},{"not_picked":["theextravagant:Flashback","theextravagant:Comeback"],"picked":"theextravagant:Clairvoyance","floor":10},{"not_picked":["theextravagant:PerfectTheBasics","theextravagant:Aggression","theextravagant:Firework"],"picked":"SKIP","floor":11},{"not_picked":["theextravagant:Ambush","theextravagant:Riot","theextravagant:Firework"],"picked":"SKIP","floor":12},{"not_picked":["theextravagant:Aggression","theextravagant:Tension","theextravagant:Stella"],"picked":"SKIP","floor":14},{"not_picked":["theextravagant:ManifestIllusion","theextravagant:Nihil"],"picked":"theextravagant:DAMNATION","floor":16}],"player_experience":492517,"relics_obtained":[{"floor":6,"key":"CCEMRelics:JestersCrown"},{"floor":9,"key":"CCEMRelics:OverlyComfyChair"}],"event_choices":[],"is_beta":false,"boss_relics":[{"not_picked":["hubris:Backtick","hubris:CrackedHourglass"],"picked":"Replay:Drink Me"}],"items_purged_floors":[],"is_endless":false,"potions_floor_spawned":[4,6,8,11,16],"killed_by":"conspire:FuzzyDice","ascension_level":0}}