{"host":"3jpwrwmmgyabjceh","time":1611777390,"event":{"mods":["AchievementEnabler","BaseMod","Colored Map","Colored Powertips","Highlight Path","Minty Spire (QoL Compilation)","Quick Restart","Relic Stats","StSLib","SuperFastMode"],"gold_per_floor":[113,113,113,113,22,61,61,81,81,81,94,129,164,210,222,355,367,363,375,403,27,40,78,128,148,148,162,162,177,200,243,243,373,373,392,392,411,425,279,279,310,328,353,394,394,43,43,68,68,68],"floor_reached":51,"language":"ENG","playtime":1629,"items_purged":["Strike_R","Doubt","Doubt"],"score":1072,"play_id":"10acfcb9-a888-4172-a989-21e5e3d62bac","local_time":"20210127225630","is_ascension_mode":true,"campfire_choices":[{"data":"Searing Blow+1","floor":7.0,"key":"SMITH"},{"data":"Searing Blow+2","floor":10.0,"key":"SMITH"},{"data":"Searing Blow+3","floor":15.0,"key":"SMITH"},{"data":"Searing Blow+4","floor":32.0,"key":"SMITH"},{"data":"Searing Blow+5","floor":40.0,"key":"SMITH"},{"data":"Corruption","floor":47,"key":"SMITH"},{"data":"Body Slam","floor":49,"key":"SMITH"}],"circlet_count":0,"master_deck":["Defend_R","Defend_R","Defend_R","Defend_R","Bash","Feel No Pain","Searing Blow+6","True Grit","Spot Weakness","Shockwave","Demon Form","Feel No Pain","Double Tap","Corruption+1","Burning Pact","Flash of Steel","Ghostly Armor","Shrug It Off","Spot Weakness+1","Entrench","Inflame+1","Infernal Blade+1","Immolate","Whirlwind+1","Seeing Red+1","Shrug It Off+1","Pommel Strike+1","True Grit","Body Slam+1","Flame Barrier+1","True Grit+1","Searing Blow+6","Inflame+1","Flame Barrier"],"relics":["Burning Blood","NeowsBlessing","Golden Idol","Whetstone","Bottled Flame","MawBank","PreservedInsect","Cursed Key","Medical Kit","Magic Flower","Frozen Egg 2","Dream Catcher","Astrolabe","Pen Nib","Meat on the Bone","DollysMirror"],"acts_visited":["Exordium","TheCity","TheBeyond"],"potions_floor_usage":[],"damage_taken":[{"damage":0.0,"enemies":"Small Slimes","floor":1.0,"turns":1.0},{"damage":0.0,"enemies":"Gremlin Nob","floor":6.0,"turns":1.0},{"damage":0.0,"enemies":"Jaw Worm","floor":8.0,"turns":1.0},{"damage":3.0,"enemies":"2 Louse","floor":11.0,"turns":3.0},{"damage":39.0,"enemies":"Lagavulin","floor":12.0,"turns":7.0},{"damage":7.0,"enemies":"Blue Slaver","floor":13.0,"turns":5.0},{"damage":20.0,"enemies":"3 Sentries","floor":14.0,"turns":8.0},{"damage":33.0,"enemies":"The Guardian","floor":16.0,"turns":12.0},{"damage":8.0,"enemies":"2 Thieves","floor":18.0,"turns":4.0},{"damage":19.0,"enemies":"Spheric Guardian","floor":20.0,"turns":4.0},{"damage":18.0,"enemies":"3 Cultists","floor":22.0,"turns":6.0},{"damage":29.0,"enemies":"Gremlin Leader","floor":23.0,"turns":5.0},{"damage":0.0,"enemies":"Snecko","floor":25.0,"turns":6.0},{"damage":20.0,"enemies":"Snake Plant","floor":27.0,"turns":5.0},{"damage":9.0,"enemies":"Cultist and Chosen","floor":29.0,"turns":6.0},{"damage":0.0,"enemies":"Snecko","floor":30.0,"turns":2.0},{"damage":15.0,"enemies":"Slavers","floor":31.0,"turns":5.0},{"damage":12.0,"enemies":"Automaton","floor":33.0,"turns":10.0},{"damage":7.0,"enemies":"Orb Walker","floor":35.0,"turns":3.0},{"damage":24.0,"enemies":"3 Shapes","floor":37.0,"turns":2.0},{"damage":13.0,"enemies":"Jaw Worm Horde","floor":38.0,"turns":5.0},{"damage":43.0,"enemies":"Reptomancer","floor":41.0,"turns":5.0},{"damage":9.0,"enemies":"4 Shapes","floor":42.0,"turns":4.0},{"damage":0,"enemies":"Nemesis","floor":44,"turns":3},{"damage":20,"enemies":"3 Darklings","floor":48,"turns":6},{"damage":56,"enemies":"Donu and Deca","floor":50,"turns":7}],"seed_played":"5028096797819523337","potions_obtained":[{"floor":1.0,"key":"ElixirPotion"},{"floor":11.0,"key":"CultistPotion"},{"floor":12.0,"key":"Ancient Potion"},{"floor":13.0,"key":"FairyPotion"},{"floor":20.0,"key":"Block Potion"},{"floor":25.0,"key":"FearPotion"},{"floor":30.0,"key":"BlessingOfTheForge"},{"floor":31.0,"key":"Block Potion"},{"floor":35.0,"key":"FairyPotion"},{"floor":41.0,"key":"Fruit Juice"},{"floor":42.0,"key":"Strength Potion"}],"is_trial":false,"path_per_floor":["M","?","?","?","$","E","R","M","T","R","M","E","M","E","R","B",null,"M","T","M","$","M","E","?","M","T","M","?","M","M","E","R","B",null,"M","?","M","M","$","R","E","M","T","E","?","$","R","M","R","B",null],"character_chosen":"IRONCLAD","items_purchased":["Searing Blow","True Grit","Medical Kit","Burning Pact","Flash of Steel","Body Slam","DollysMirror","Inflame+1"],"campfire_rested":0,"item_purchase_floors":[5,5,21,21,21,39,46,46],"current_hp_per_floor":[78,83,76,55,55,61,61,67,67,67,70,37,36,22,22,23,70,68,68,55,55,43,20,20,29,29,18,46,46,55,49,49,46,75,77,77,62,58,58,58,24,29,29,38,38,38,38,45,45,57],"gold":68,"neow_bonus":"THREE_ENEMY_KILL","is_daily":false,"chose_seed":false,"campfire_upgraded":7,"win_rate":0.0,"timestamp":1611777390,"path_taken":["M","?","?","?","?","E","R","?","T","R","M","E","M","E","R","BOSS","M","?","M","$","M","E","?","M","T","?","?","M","M","E","R","BOSS","M","?","?","M","$","R","E","M","T","E","?","?","R","M","R","BOSS"],"items_purchased_type":["Card","Card","Relic","Card","Card","Card","Relic","Card"],"build_version":"2020-12-22","purchased_purges":3,"victory":true,"max_hp_per_floor":[80,85,85,85,85,85,85,85,85,85,85,85,85,85,85,85,85,85,85,85,85,85,85,85,85,85,85,85,85,85,85,85,85,85,85,85,85,85,85,85,85,90,90,90,90,90,90,90,90,90],"relic_stats":{"counters":[26,126],"Golden Idol":185,"Astrolabe":["Whirlwind","Seeing Red","Shrug It Off"],"Magic Flower":[68],"PreservedInsect":188,"Pen Nib":[2],"Whetstone":["Strike_R","Searing Blow"],"MawBank":108,"Cursed Key":2,"Medical Kit":[6],"Burning Blood":198,"Dream Catcher":0,"obtain_stats":[{"NeowsBlessing":0,"Golden Idol":4,"Astrolabe":34,"Magic Flower":23,"PreservedInsect":14,"Pen Nib":41,"Whetstone":6,"Frozen Egg 2":26,"MawBank":12,"Cursed Key":17,"Medical Kit":21,"Burning Blood":0,"Bottled Flame":9,"Dream Catcher":31,"DollysMirror":46,"Meat on the Bone":44},{"NeowsBlessing":0,"Golden Idol":1,"Astrolabe":18,"Magic Flower":12,"PreservedInsect":7,"Pen Nib":22,"Whetstone":2,"Frozen Egg 2":13,"MawBank":5,"Cursed Key":8,"Medical Kit":10,"Burning Blood":0,"Bottled Flame":3,"Dream Catcher":17,"DollysMirror":24,"Meat on the Bone":24},{"NeowsBlessing":0,"Golden Idol":1,"Astrolabe":91,"Magic Flower":57,"PreservedInsect":26,"Pen Nib":106,"Whetstone":2,"Frozen Egg 2":63,"MawBank":13,"Cursed Key":38,"Medical Kit":46,"Burning Blood":0,"Bottled Flame":3,"Dream Catcher":81,"DollysMirror":113,"Meat on the Bone":113}],"Meat on the Bone":36},"card_choices":[{"not_picked":["Havoc","Sword Boomerang"],"picked":"Feel No Pain","floor":1.0},{"not_picked":["Clash","Shrug It Off"],"picked":"Spot Weakness","floor":6.0},{"not_picked":["Havoc","Perfected Strike"],"picked":"Shockwave","floor":8.0},{"not_picked":["Anger","Heavy Blade","Twin Strike"],"picked":"SKIP","floor":11.0},{"not_picked":["Anger","Thunderclap"],"picked":"Demon Form","floor":12.0},{"not_picked":["Twin Strike","Sword Boomerang","Heavy Blade"],"picked":"SKIP","floor":13.0},{"not_picked":["Feel No Pain","Intimidate","Headbutt"],"picked":"SKIP","floor":14.0},{"not_picked":["Intimidate","Headbutt"],"picked":"Feel No Pain","floor":14.0},{"not_picked":["Fiend Fire","Impervious"],"picked":"Double Tap","floor":16.0},{"not_picked":["Flex","Clash","Sword Boomerang"],"picked":"SKIP","floor":18.0},{"not_picked":["True Grit","Blood for Blood"],"picked":"Corruption","floor":20.0},{"not_picked":["Sword Boomerang","Havoc"],"picked":"Ghostly Armor","floor":22.0},{"not_picked":["Rupture","Second Wind+1"],"picked":"Shrug It Off","floor":23.0},{"not_picked":["Armaments","Headbutt","Warcry"],"picked":"SKIP","floor":25.0},{"not_picked":["Sword Boomerang","Entrench+1"],"picked":"Spot Weakness+1","floor":27.0},{"not_picked":["Berserk+1","Twin Strike"],"picked":"Entrench","floor":29.0},{"not_picked":["Warcry","Intimidate"],"picked":"Inflame+1","floor":30.0},{"not_picked":["Seeing Red","Cleave"],"picked":"Infernal Blade+1","floor":31.0},{"not_picked":["Bludgeon","Juggernaut+1"],"picked":"Immolate","floor":33.0},{"not_picked":["Flex","Pummel+1","Headbutt+1"],"picked":"SKIP","floor":35.0},{"not_picked":["Anger","Second Wind+1"],"picked":"Pommel Strike+1","floor":37.0},{"not_picked":["Shrug It Off+1","Heavy Blade"],"picked":"True Grit","floor":38.0},{"not_picked":["Wild Strike+1","Clash"],"picked":"Flame Barrier+1","floor":41.0},{"not_picked":["Iron Wave","Heavy Blade+1"],"picked":"True Grit+1","floor":42.0},{"not_picked":["Perfected Strike","Thunderclap+1","Bloodletting+1"],"picked":"SKIP","floor":44},{"not_picked":["Iron Wave+1","Feel No Pain+1"],"picked":"Flame Barrier","floor":48}],"player_experience":289038,"relics_obtained":[{"floor":6.0,"key":"Whetstone"},{"floor":9.0,"key":"Bottled Flame"},{"floor":12.0,"key":"MawBank"},{"floor":14.0,"key":"PreservedInsect"},{"floor":23.0,"key":"Magic Flower"},{"floor":26.0,"key":"Frozen Egg 2"},{"floor":31.0,"key":"Dream Catcher"},{"floor":41.0,"key":"Pen Nib"},{"floor":44,"key":"Meat on the Bone"}],"event_choices":[{"damage_healed":0.0,"max_hp_gain":5.0,"max_hp_loss":0.0,"gold_gain":0.0,"event_name":"Big Fish","player_choice":"Donut","floor":2.0,"gold_loss":0.0,"damage_taken":0.0},{"cards_removed":["Strike_R"],"damage_healed":0.0,"max_hp_gain":0.0,"max_hp_loss":0.0,"gold_gain":0.0,"event_name":"Golden Wing","player_choice":"Card Removal","floor":3.0,"gold_loss":0.0,"damage_taken":7.0},{"damage_healed":0.0,"max_hp_gain":0.0,"max_hp_loss":0.0,"gold_gain":0.0,"event_name":"Golden Idol","player_choice":"Take Damage","floor":4.0,"gold_loss":0.0,"damage_taken":21.0,"relics_obtained":["Golden Idol"]},{"damage_healed":0.0,"max_hp_gain":0.0,"max_hp_loss":0.0,"gold_gain":100.0,"event_name":"The Joust","player_choice":"Bet on Murderer","floor":24.0,"gold_loss":50.0,"damage_taken":0.0},{"damage_healed":28.0,"max_hp_gain":0.0,"max_hp_loss":0.0,"gold_gain":0.0,"event_name":"The Library","player_choice":"Heal","floor":28.0,"gold_loss":0.0,"damage_taken":0.0},{"damage_healed":0.0,"max_hp_gain":0.0,"max_hp_loss":0.0,"gold_gain":0.0,"event_name":"Lab","player_choice":"Got Potions","floor":36.0,"gold_loss":0.0,"damage_taken":0.0},{"damage_healed":0,"gold_gain":0,"player_choice":"0 cards matched","damage_taken":0,"max_hp_gain":0,"max_hp_loss":0,"event_name":"Match and Keep!","floor":45,"gold_loss":0,"cards_obtained":[]}],"is_beta":false,"boss_relics":[{"not_picked":["Coffee Dripper","Velvet Choker"],"picked":"Cursed Key"},{"not_picked":["Calling Bell","Runic Pyramid"],"picked":"Astrolabe"}],"items_purged_floors":[21,39,46],"is_endless":false,"potions_floor_spawned":[1,11,12,13,20,25,30,31,33,35,37,41,42],"ascension_level":6}}