{"host":"agela5aetnmltfvm","time":1611755080,"event":{"mods":["BaseMod","Colored Powertips","Hermit","Minty Spire (QoL Compilation)","Rare Cards Sparkle","Replay The Spire","StSLib"],"gold_per_floor":[109,35,210,224,224,224,224,253,270,349,349,384,401,401,401,401,401,506,506,528,7,7,44,44,44,51,51],"floor_reached":26,"language":"ZHS","playtime":866,"items_purged":[],"score":237,"play_id":"b4cb4ed1-dd96-4825-887d-751f47eb8cbc","local_time":"20210127214440","is_ascension_mode":false,"campfire_choices":[{"data":"hermit:Maintenance","floor":15,"key":"SMITH"},{"data":"hermit:Scavenge","floor":17,"key":"SMITH"},{"floor":25,"key":"RECALL"}],"circlet_count":0,"master_deck":["hermit:Strike_Hermit","hermit:Strike_Hermit","hermit:Strike_Hermit","hermit:Strike_Hermit","hermit:Defend_Hermit","hermit:Defend_Hermit","hermit:Defend_Hermit","hermit:Defend_Hermit","hermit:Snapshot","hermit:Covet+1","hermit:Maintenance+1","Doubt","hermit:Scavenge+1","hermit:DeadOrAlive","hermit:Virtue+1","hermit:Gambit+1","hermit:TakeAim+1","hermit:Glare+1","hermit:RoundhouseKick","CurseOfTheBell","Poisoned Strike","hermit:TakeAim+1","hermit:BodyArmor+1","Decay","hermit:Determination+1","Shame"],"relics":["hermit:Momento","NeowsBlessing","Toxic Egg 2","Replay:Bottled Eggs","Frozen Egg 2","Ring of Hypnosis","Replay:Grab Bag","SlaversCollar","Velvet Choker","Calling Bell","Simple Rune","InkBottle","Mango","Meat on the Bone","White Beast Statue"],"acts_visited":["Exordium","TheCity"],"potions_floor_usage":[18,18,26],"damage_taken":[{"damage":0,"enemies":"Small Slimes","floor":1,"turns":1},{"damage":0,"enemies":"Jaw Worm","floor":4,"turns":1},{"damage":0,"enemies":"Replay:BlueRogue","floor":8,"turns":1},{"damage":5,"enemies":"2 Louse","floor":9,"turns":3},{"damage":18,"enemies":"Gremlin Nob","floor":12,"turns":4},{"damage":16,"enemies":"Large Slime","floor":13,"turns":6},{"damage":21,"enemies":"The Guardian","floor":18,"turns":10},{"damage":14,"enemies":"Chosen","floor":20,"turns":7},{"damage":36,"enemies":"3 Byrds","floor":23,"turns":7},{"damage":56,"enemies":"Slavers","floor":26,"turns":5}],"seed_played":"4048255011636845371","potions_obtained":[{"floor":8,"key":"Dexterity Potion"},{"floor":9,"key":"Dexterity Potion"},{"floor":13,"key":"Strength Potion"}],"is_trial":false,"path_per_floor":["M","$","?","M","PTL","PTL","?","E","M","?","T","E","M","?","R","?","R","B",null,"M","$","?","M","?","R","E"],"character_chosen":"HERMIT","items_purchased":["hermit:Maintenance","Meat on the Bone","Poisoned Strike","hermit:TakeAim+1","hermit:BodyArmor+1"],"campfire_rested":0,"item_purchase_floors":[2,21,21,21,21],"current_hp_per_floor":[75,75,75,75,75,75,75,75,70,70,70,52,36,36,36,36,36,15,89,75,75,75,51,51,51,0,0],"gold":51,"neow_bonus":"THREE_ENEMY_KILL","is_daily":false,"chose_seed":false,"campfire_upgraded":2,"win_rate":0.0,"timestamp":1611755080,"path_taken":["M","$","?","M","PTL","PTL","?","E","M","?","T","E","M","?","R","?","R","BOSS","M","$","?","M","?","R","E"],"items_purchased_type":["Card","Relic","Card","Card","Card"],"build_version":"2020-12-22","purchased_purges":0,"victory":false,"max_hp_per_floor":[75,75,75,75,75,75,75,75,75,75,75,75,75,75,75,75,75,75,89,89,89,89,89,89,89,89,89],"card_choices":[{"not_picked":["hermit:Cheat","hermit:Roulette"],"picked":"hermit:Misfire","floor":1},{"not_picked":["hermit:LuckOfTheDraw","hermit:WideOpen"],"picked":"hermit:Scavenge","floor":4},{"not_picked":["hermit:ItchyTrigger","hermit:Misfire"],"picked":"hermit:DeadOrAlive","floor":8},{"not_picked":["hermit:Misfire","hermit:Headshot"],"picked":"hermit:Virtue+1","floor":9},{"not_picked":["hermit:FlashPowder+1","hermit:FullyLoaded+1"],"picked":"hermit:Gambit+1","floor":12},{"not_picked":["hermit:Coalescence+1","hermit:Snipe+1"],"picked":"hermit:TakeAim+1","floor":13},{"not_picked":["hermit:DeadOrAlive","hermit:Roughhouse"],"picked":"hermit:RoundhouseKick","floor":18},{"not_picked":["hermit:ItchyTrigger","hermit:Desperado","hermit:DeadMansHand+1"],"picked":"SKIP","floor":20},{"not_picked":["hermit:LoneWolf+1","hermit:HoleUp+1"],"picked":"hermit:Determination+1","floor":23}],"player_experience":530483,"relics_obtained":[{"floor":8,"key":"Toxic Egg 2"},{"floor":11,"key":"Replay:Bottled Eggs"},{"floor":12,"key":"Frozen Egg 2"},{"floor":14,"key":"Ring of Hypnosis"},{"floor":19,"key":"Simple Rune"},{"floor":19,"key":"InkBottle"},{"floor":19,"key":"Mango"}],"event_choices":[{"damage_healed":0,"gold_gain":175,"player_choice":"AGREE","damage_taken":0,"max_hp_gain":0,"max_hp_loss":0,"event_name":"Liars Game","floor":3,"gold_loss":0,"cards_obtained":["Doubt"]},{"damage_healed":0,"gold_gain":79,"player_choice":"Gained Gold","damage_taken":0,"max_hp_gain":0,"max_hp_loss":0,"event_name":"Golden Wing","floor":10,"gold_loss":0},{"damage_healed":0,"gold_gain":0,"cards_transformed":["hermit:Misfire"],"player_choice":"Change","damage_taken":0,"max_hp_gain":0,"max_hp_loss":0,"event_name":"Living Wall","floor":16,"gold_loss":0,"cards_obtained":["hermit:Glare"]},{"damage_healed":0,"gold_gain":0,"player_choice":"Smashed Altar","damage_taken":0,"max_hp_gain":0,"max_hp_loss":0,"event_name":"Forgotten Altar","floor":22,"gold_loss":0,"cards_obtained":["Decay"]},{"damage_healed":0,"gold_gain":0,"player_choice":"Stole Relic","damage_taken":0,"relics_obtained":["White Beast Statue"],"max_hp_gain":0,"max_hp_loss":0,"event_name":"Addict","floor":24,"gold_loss":0,"cards_obtained":["Shame"]}],"is_beta":false,"boss_relics":[{"not_picked":["Sozu","Snecko Eye"],"picked":"Replay:Grab Bag"},{"not_picked":["Runic Dome","Fusion Hammer"],"picked":"SlaversCollar"},{"not_picked":["Busted Crown","Coffee Dripper"],"picked":"Velvet Choker"},{"not_picked":["Ring of Chaos","Runic Pyramid"],"picked":"Calling Bell"}],"items_purged_floors":[],"is_endless":false,"potions_floor_spawned":[8,9,13],"killed_by":"Slavers","ascension_level":0}}