{"host":"auzdvixyoignpx0j","time":1611715684,"event":{"mods":["BaseMod","Better Altar","Better Skull","Better Third Choice","Colored Powertips","Googly Eyes","Minty Spire (QoL Compilation)","Spicy Shops","StSLib","The IronCluck"],"gold_per_floor":[110,60,60,74,90,116,116,130,157,157,157,175,192,217,229,345,357,380,405,417,429,192,192,221,29,29,44,59,76,76,95,95,196,196,209,9,9,9,9,9,29,58,58,58,58,58,58,19,19,19,19],"floor_reached":50,"language":"ENG","playtime":3316,"items_purged":["Strike_B","Defend_B"],"score":548,"play_id":"5f796ea5-5d11-4f66-a31c-56f7f193912c","local_time":"20210126184804","is_ascension_mode":true,"campfire_choices":[{"floor":7,"key":"REST"},{"floor":15,"key":"REST"},{"floor":23,"key":"REST"},{"floor":32,"key":"REST"},{"data":"Zap","floor":40,"key":"SMITH"},{"data":"1","floor":46,"key":"LIFT"},{"data":"2","floor":49,"key":"LIFT"}],"circlet_count":0,"master_deck":["Dualcast+1","Gash+1","Zap+1","Streamline+1","Rebound+1","Conserve Battery+1","Skim+1","Melter+1","All For One+1","Self Repair+1","Stack+1","Seek+1","Gash+1","Scrape+1","Beam Cell+1","FTL+1","Go for the Eyes+1","Echo Form+1","Leap+1","Gash+1","Panache+1"],"relics":["Cracked Core","Unceasing Top","Strawberry","Nunchaku","MawBank","Astrolabe","Enchiridion","Lantern","White Beast Statue","Membership Card","Frozen Egg 2","Runic Dome","Girya","InkBottle","StoneCalendar","Mark of the Bloom"],"acts_visited":["Exordium","TheCity","TheBeyond"],"potions_floor_usage":[6,8,16,33,33,42,50,50],"damage_taken":[{"damage":0,"enemies":"Small Slimes","floor":1,"turns":3},{"damage":1,"enemies":"Cultist","floor":4,"turns":3},{"damage":2,"enemies":"2 Louse","floor":5,"turns":3},{"damage":24,"enemies":"Lagavulin","floor":6,"turns":4},{"damage":12,"enemies":"2 Fungi Beasts","floor":8,"turns":2},{"damage":0,"enemies":"Large Slime","floor":12,"turns":4},{"damage":12,"enemies":"Blue Slaver","floor":13,"turns":3},{"damage":14,"enemies":"Gremlin Nob","floor":14,"turns":3},{"damage":22,"enemies":"Slime Boss","floor":16,"turns":8},{"damage":23,"enemies":"3 Byrds","floor":18,"turns":4},{"damage":14,"enemies":"Chosen","floor":19,"turns":4},{"damage":46,"enemies":"Slavers","floor":24,"turns":4},{"damage":7,"enemies":"3 Cultists","floor":27,"turns":4},{"damage":0,"enemies":"Snecko","floor":28,"turns":2},{"damage":13,"enemies":"Snake Plant","floor":29,"turns":4},{"damage":6,"enemies":"Chosen and Byrds","floor":31,"turns":3},{"damage":20,"enemies":"Automaton","floor":33,"turns":6},{"damage":5,"enemies":"3 Darklings","floor":35,"turns":3},{"damage":7,"enemies":"3 Shapes","floor":41,"turns":6},{"damage":17,"enemies":"Giant Head","floor":42,"turns":5},{"damage":67,"enemies":"Awakened One","floor":50,"turns":4}],"seed_played":"-5335114124522049082","potions_obtained":[{"floor":1,"key":"Explosive Potion"},{"floor":4,"key":"SkillPotion"},{"floor":6,"key":"SmokeBomb"},{"floor":13,"key":"PowerPotion"},{"floor":16,"key":"FearPotion"},{"floor":19,"key":"Swift Potion"},{"floor":28,"key":"DuplicationPotion"},{"floor":33,"key":"BlessingOfTheForge"},{"floor":35,"key":"DuplicationPotion"},{"floor":42,"key":"PowerPotion"}],"is_trial":false,"path_per_floor":["M","?","?","M","M","E","R","M","T","?","?","M","M","E","R","B",null,"M","M","?","?","$","R","E","$","T","M","M","M","?","M","R","B",null,"M","$","?","?","$","R","M","E","T","?","?","R","?","$","R","B"],"character_chosen":"DEFECT","items_purchased":["Beam Cell","Lantern","Membership Card","Girya","DuplicationPotion"],"campfire_rested":4,"item_purchase_floors":[22,22,25,36,48],"current_hp_per_floor":[68,68,68,67,65,48,70,58,58,58,58,58,46,32,54,32,75,62,58,42,42,42,64,28,28,28,31,31,28,28,32,54,34,75,75,75,71,71,71,71,71,64,64,64,64,64,64,64,64,0,0],"gold":19,"neow_bonus":"ONE_RARE_RELIC","is_daily":false,"chose_seed":false,"campfire_upgraded":1,"win_rate":0.0,"timestamp":1611715684,"path_taken":["M","?","?","?","M","E","R","M","T","?","?","?","M","E","R","BOSS","M","M","?","?","$","R","E","$","T","M","M","M","?","?","R","BOSS","M","?","?","?","$","R","M","E","T","?","?","R","?","?","R","BOSS"],"items_purchased_type":["Card","Relic","Relic","Relic","Potion"],"build_version":"2020-12-22","purchased_purges":2,"victory":false,"max_hp_per_floor":[68,68,68,68,68,75,75,75,75,75,75,75,75,75,75,75,75,75,75,75,75,75,75,75,75,75,75,75,75,75,75,75,75,75,75,75,71,71,71,71,71,71,71,71,71,71,71,71,71,71,71],"card_choices":[{"not_picked":["Fusion","Turbo"],"picked":"Gash","floor":1},{"not_picked":["Conserve Battery","Lockon"],"picked":"Streamline","floor":4},{"not_picked":["Leap","Defragment"],"picked":"Rebound","floor":5},{"not_picked":["Fusion","Sunder"],"picked":"Amplify","floor":6},{"not_picked":["Steam","Stack"],"picked":"Conserve Battery","floor":8},{"not_picked":["Doom and Gloom","Leap","BootSequence"],"picked":"SKIP","floor":12},{"not_picked":["Turbo","Cold Snap"],"picked":"Skim","floor":13},{"not_picked":["Steam Power","Amplify"],"picked":"Melter","floor":14},{"not_picked":["Biased Cognition","Multi-Cast"],"picked":"All For One","floor":16},{"not_picked":["Turbo","Barrage+1"],"picked":"Gash","floor":18},{"not_picked":["Streamline","Coolheaded","Compile Driver"],"picked":"SKIP","floor":19},{"not_picked":["Gash+1","BootSequence"],"picked":"FTL","floor":24},{"not_picked":["Loop+1","Capacitor+1"],"picked":"Go for the Eyes","floor":27},{"not_picked":["Hologram+1","Redo"],"picked":"Echo Form+1","floor":28},{"not_picked":["Hologram+1","Redo","Gash+1"],"picked":"SKIP","floor":29},{"not_picked":["Ball Lightning","Stack+1"],"picked":"Leap","floor":31},{"not_picked":["Beam Cell+1","Gash","Genetic Algorithm"],"picked":"SKIP","floor":35},{"not_picked":["Double Energy+1","Beam Cell+1"],"picked":"Gash+1","floor":41},{"not_picked":["Stack","Force Field","Streamline+1"],"picked":"SKIP","floor":42},{"not_picked":["Trip","Swift Strike"],"picked":"Panache+1","floor":47}],"player_experience":387969,"relics_obtained":[{"floor":6,"key":"Strawberry"},{"floor":9,"key":"Nunchaku"},{"floor":14,"key":"MawBank"},{"floor":20,"key":"Enchiridion"},{"floor":24,"key":"White Beast Statue"},{"floor":26,"key":"Frozen Egg 2"},{"floor":42,"key":"InkBottle"},{"floor":43,"key":"StoneCalendar"}],"event_choices":[{"cards_removed":["Strike_B"],"damage_healed":0,"gold_gain":0,"player_choice":"Card Removal","damage_taken":0,"max_hp_gain":0,"max_hp_loss":0,"event_name":"The Cleric","floor":2,"gold_loss":50},{"damage_healed":0,"gold_gain":0,"player_choice":"1 cards matched","damage_taken":0,"max_hp_gain":0,"max_hp_loss":0,"event_name":"Match and Keep!","floor":3,"gold_loss":0,"cards_obtained":["Zap"]},{"cards_removed":["Strike_B"],"damage_healed":0,"gold_gain":0,"player_choice":"Forget","damage_taken":0,"max_hp_gain":0,"max_hp_loss":0,"event_name":"Living Wall","floor":10,"gold_loss":0},{"cards_removed":["Defend_B"],"damage_healed":0,"gold_gain":0,"player_choice":"Purged","damage_taken":0,"max_hp_gain":0,"max_hp_loss":0,"event_name":"Purifier","floor":11,"gold_loss":0},{"damage_healed":0,"gold_gain":0,"player_choice":"Obtained Book","damage_taken":16,"max_hp_gain":0,"max_hp_loss":0,"event_name":"Cursed Tome","floor":20,"gold_loss":0},{"damage_healed":0,"gold_gain":0,"player_choice":"Read","damage_taken":0,"max_hp_gain":0,"max_hp_loss":0,"event_name":"The Library","floor":21,"gold_loss":0,"cards_obtained":["Scrape"]},{"cards_removed":["Defend_B"],"damage_healed":0,"gold_gain":0,"player_choice":"Elegance","damage_taken":0,"max_hp_gain":0,"max_hp_loss":0,"event_name":"betterThird:BetterWriting","floor":30,"gold_loss":0},{"damage_healed":0,"gold_gain":0,"player_choice":"Max HP","damage_taken":0,"max_hp_gain":0,"max_hp_loss":4,"event_name":"Winding Halls","floor":37,"gold_loss":0},{"cards_removed":["Zap"],"damage_healed":0,"gold_gain":0,"player_choice":"Removed Skill","damage_taken":0,"max_hp_gain":0,"max_hp_loss":0,"event_name":"Falling","floor":38,"gold_loss":0},{"damage_healed":0,"gold_gain":0,"player_choice":"Upgrade","damage_taken":0,"relics_obtained":["Mark of the Bloom"],"max_hp_gain":0,"max_hp_loss":0,"event_name":"MindBloom","floor":44,"gold_loss":0,"cards_upgraded":["Dualcast","Gash","Streamline","Rebound","Conserve Battery","Skim","Melter","All For One","Gash","Scrape","Beam Cell","FTL","Go for the Eyes","Leap"]},{"damage_healed":0,"gold_gain":0,"player_choice":"Ignored","damage_taken":0,"max_hp_gain":0,"max_hp_loss":0,"event_name":"Mysterious Sphere","floor":45,"gold_loss":0},{"damage_healed":0,"gold_gain":0,"player_choice":"Memory 1","damage_taken":0,"max_hp_gain":0,"max_hp_loss":0,"event_name":"SensoryStone","floor":47,"gold_loss":0}],"is_beta":false,"boss_relics":[{"not_picked":["Cursed Key","Fusion Hammer"],"picked":"Astrolabe"},{"not_picked":["Velvet Choker","Sozu"],"picked":"Runic Dome"}],"items_purged_floors":[25,36],"is_endless":false,"potions_floor_spawned":[1,4,6,13,16,19,24,27,28,29,31,33,35,41,42],"killed_by":"Awakened One","ascension_level":1}}