{"host":"3j2m8n0ywf988fwb","time":1611752442,"event":{"mods":["2.2 Compatiblity","AchievementEnabler","Aspiration","BaseMod","Better Altar","Better Match","Better Note","Better Sensory Stone","Better Skull","Better Third Choice","CCEM2","ChefMod","Colored Map","Colored Powertips","Conspire","Dark Map","Energized Spire","GifTheSpireLib","Halation","Highlight Path","Hubris","Infinite Spire","Jedi Mod","Marked Mod","Mimic Mod","Minty Spire (QoL Compilation)","Random Character Button","Relic Filter Mod","Relic Stats","Reliquary","Replay The Spire","Robot Space Explorer","Shop Mod","Somnambulant","StS++","StSLib","Stuff the Spire","The Bug Knight","The Hierophant","The Kombatant","The Runesmith","TheSurvivalist","Unceasing Turn Reminder","Weighted Paths","everything is the same but u backflip on backflip"],"gold_per_floor":[119,119,132,142,142,142,24,35,109,109,135,135,147,72,72,171,171,191,207,221,121,132,132,132,132],"floor_reached":24,"language":"ENG","playtime":1088,"items_purged":["Strike_G","Strike_G"],"score":335,"play_id":"16f516ed-d2a5-4e3f-977e-fd2db1a944c6","local_time":"20210127070042","is_ascension_mode":true,"campfire_choices":[{"data":"StSpp:PoisonousPunch","floor":6,"key":"SMITH"},{"data":"Neutralize","floor":10,"key":"SMITH"},{"data":"StSpp:FiercePoison","floor":12,"key":"SMITH"},{"data":"PiercingWail","floor":15,"key":"SMITH"},{"floor":23,"key":"REST"}],"circlet_count":0,"master_deck":["AscendersBane","Strike_G","Strike_G","Strike_G","Defend_G","Defend_G","Defend_G","Defend_G","Defend_G","Survivor","Neutralize+1","Slice","StSpp:FiercePoison+1","StSpp:PoisonousPunch+1","Footwork","PiercingWail+1","Slice","Burst","Deadly Poison","Slice","Bane"],"relics":["Ring of the Snake","NeowsBlessing","halation:LostSnail","StSpp:SailingBoat","Quantum Egg","aspiration:SecretTechniqueScroll"],"acts_visited":["Exordium","TheCity"],"potions_floor_usage":[16,16,22,22,24],"damage_taken":[{"damage":0.0,"enemies":"2 Louse","floor":1.0,"turns":1.0},{"damage":0,"enemies":"Cultist","floor":3,"turns":1},{"damage":0,"enemies":"Small Slimes","floor":4,"turns":1},{"damage":1,"enemies":"conspire:2 RoseBushes","floor":8,"turns":8},{"damage":0,"enemies":"HollowMod:MossKnight","floor":11,"turns":8},{"damage":0,"enemies":"Large Slime","floor":13,"turns":6},{"damage":19,"enemies":"Hexaghost","floor":16,"turns":13},{"damage":3,"enemies":"Chosen","floor":18,"turns":4},{"damage":32,"enemies":"Spheric Guardian","floor":19,"turns":6},{"damage":13,"enemies":"Centurion and Healer","floor":20,"turns":7},{"damage":17,"enemies":"conspire:HollyBat","floor":22,"turns":7},{"damage":32,"enemies":"Book of Stabbing","floor":24,"turns":4}],"seed_played":"1898532831031818027","potions_obtained":[{"floor":2,"key":"Toxic Potion"},{"floor":2,"key":"LifebloodPotion"},{"floor":2,"key":"Weak Potion"},{"floor":4,"key":"Block Potion"},{"floor":19,"key":"Energy Potion"},{"floor":20,"key":"Regen Potion"}],"is_trial":false,"path_per_floor":["M","?","M","M","?","R","$","M","T","R","E","R","M","$","R","B",null,"M","M","M","$","M","R","E"],"character_chosen":"THE_SILENT","items_purchased":["halation:LostSnail","Footwork"],"campfire_rested":1,"item_purchase_floors":[7,7],"current_hp_per_floor":[63,63,63,63,63,63,63,62,62,62,62,62,62,62,62,43,63,60,28,15,15,10,31,0,0],"gold":132,"neow_bonus":"THREE_ENEMY_KILL","is_daily":false,"chose_seed":false,"campfire_upgraded":4,"win_rate":0.0,"timestamp":1611752442,"path_taken":["M","?","?","M","?","R","?","M","T","R","E","R","M","$","R","BOSS","M","M","M","$","M","R","E"],"items_purchased_type":["Relic","Card"],"build_version":"2020-12-22","purchased_purges":2,"victory":false,"max_hp_per_floor":[70,70,70,70,70,70,70,70,70,70,70,70,70,70,70,70,70,70,70,70,70,70,70,70,70],"relic_stats":{"counters":[12,66],"obtain_stats":[{"NeowsBlessing":0,"Quantum Egg":11,"StSpp:SailingBoat":9,"aspiration:SecretTechniqueScroll":17,"halation:LostSnail":7,"Ring of the Snake":0},{"NeowsBlessing":0,"Quantum Egg":5,"StSpp:SailingBoat":4,"aspiration:SecretTechniqueScroll":7,"halation:LostSnail":3,"Ring of the Snake":0},{"NeowsBlessing":0,"Quantum Egg":19,"StSpp:SailingBoat":11,"aspiration:SecretTechniqueScroll":38,"halation:LostSnail":3,"Ring of the Snake":0}],"Ring of the Snake":[24]},"card_choices":[{"not_picked":["jedi:pocketpoison","hubris:Counter"],"picked":"Slice","floor":1},{"not_picked":["hubris:TrickCloak","Acrobatics"],"picked":"StSpp:FiercePoison","floor":3},{"not_picked":["Outmaneuver","Quick Slash"],"picked":"StSpp:PoisonousPunch","floor":4},{"not_picked":["Draining Mist","StuffTheSpire:Python"],"picked":"PiercingWail","floor":8},{"not_picked":["Cloak And Dagger","Flying Knee","Expertise"],"picked":"SKIP","floor":11},{"not_picked":["Blade Dance","Storm of Steel"],"picked":"Slice","floor":13},{"not_picked":["Glass Knife","Die Die Die"],"picked":"Burst","floor":16},{"not_picked":["StSpp:Dive","Distraction+1"],"picked":"Deadly Poison","floor":18},{"not_picked":["Tactician","Flying Knee+1"],"picked":"Slice","floor":19},{"not_picked":["Dagger Throw","Dagger Spray"],"picked":"Bane","floor":20},{"not_picked":["Setup","Sucker Punch","Accuracy+1"],"picked":"SKIP","floor":22}],"player_experience":988964,"relics_obtained":[{"floor":9,"key":"StSpp:SailingBoat"},{"floor":11,"key":"Quantum Egg"}],"event_choices":[{"damage_healed":0,"gold_gain":0,"player_choice":"Got Potions","damage_taken":0,"max_hp_gain":0,"max_hp_loss":0,"event_name":"Lab","floor":2,"gold_loss":0}],"is_beta":false,"boss_relics":[{"not_picked":["Runic Dome","Snecko Eye"],"picked":"aspiration:SecretTechniqueScroll"}],"items_purged_floors":[14,21],"is_endless":false,"potions_floor_spawned":[4,8,11,19,20],"killed_by":"Book of Stabbing","ascension_level":10}}