{"host":"d7fiu2yjkssjxoz6","time":1611710021,"event":{"mods":["AchievementEnabler","BaseMod","Duelist Mod","Minty Spire (QoL Compilation)","StSLib"],"gold_per_floor":[136,136,136,153,165,165,180,192,192,206,206,206],"floor_reached":11,"language":"ENG","playtime":572,"items_purged":[],"score":117,"play_id":"67b8a073-bc3c-4915-a966-9a1dd6dcaebc","local_time":"20210126171341","is_ascension_mode":true,"campfire_choices":[{"data":"theDuelist:ShallowGrave","floor":6,"key":"SMITH"}],"circlet_count":0,"master_deck":["theDuelist:ArchfiendSoldier+1","theDuelist:ArmoredZombie","AscendersBane","theDuelist:CastleWalls+1","theDuelist:CastleWalls","theDuelist:ClownZombie","theDuelist:PatricianDarkness","theDuelist:ShallowGrave+1","theDuelist:Sparks","theDuelist:SummonedSkull","theDuelist:GhostrickWarwolf","theDuelist:SkullConductor","theDuelist:DarknessNeosphere","theDuelist:DarknessNeosphere","theDuelist:MammothGraveyard","theDuelist:OboroGuruma+1"],"relics":["theDuelist:MillenniumPuzzle","theDuelist:CardPoolRelic","theDuelist:CardPoolBasicRelic","theDuelist:BoosterPackPoolRelic","theDuelist:CardPoolAddRelic","theDuelist:CardPoolMinusRelic","theDuelist:CardPoolSaveRelic","theDuelist:CardPoolOptionsRelic","theDuelist:MonsterEggRelic"],"acts_visited":["Exordium"],"potions_floor_usage":[],"damage_taken":[{"damage":0,"enemies":"Small Slimes","floor":1,"turns":3},{"damage":0,"enemies":"Jaw Worm","floor":4,"turns":3},{"damage":0,"enemies":"Cultist","floor":5,"turns":2},{"damage":15,"enemies":"Exordium Thugs","floor":7,"turns":4},{"damage":0,"enemies":"Exordium Wildlife","floor":8,"turns":4},{"damage":0,"enemies":"Looter","floor":10,"turns":2},{"damage":32,"enemies":"Gremlin Nob","floor":11,"turns":3}],"seed_played":"5924470597482915171","potions_obtained":[{"floor":4,"key":"theDuelist:VampireVial"}],"is_trial":false,"path_per_floor":["M","?","?","M","M","R","M","M","T","M","E"],"character_chosen":"THE_DUELIST","items_purchased":[],"campfire_rested":0,"item_purchase_floors":[],"current_hp_per_floor":[70,47,47,47,47,47,32,32,32,32,0,0],"gold":206,"neow_bonus":"TEN_PERCENT_HP_BONUS","is_daily":false,"chose_seed":false,"campfire_upgraded":1,"win_rate":0.0,"timestamp":1611710021,"path_taken":["M","?","?","?","M","R","M","M","T","M","E"],"items_purchased_type":[],"build_version":"2020-12-22","purchased_purges":0,"victory":false,"max_hp_per_floor":[77,77,77,77,77,77,77,77,77,77,77,77],"card_choices":[{"not_picked":["theDuelist:VampireLord","theDuelist:VampireDragon","theDuelist:GhostrickSkeleton","theDuelist:Dakki"],"picked":"theDuelist:GhostrickWarwolf","floor":1},{"not_picked":["theDuelist:Wightprincess","theDuelist:GhostrickJackfrost","theDuelist:SkullServant","theDuelist:Wasteland"],"picked":"theDuelist:SkullConductor","floor":4},{"not_picked":["theDuelist:ArchfiendHeiress","theDuelist:DarkEnergy","theDuelist:FiendishChain","theDuelist:VampireDesire"],"picked":"theDuelist:DarknessNeosphere","floor":5},{"not_picked":["theDuelist:PyramidWonders","theDuelist:OboroGuruma","theDuelist:MayakashiReturn","theDuelist:GhostrickMansion"],"picked":"theDuelist:DarknessNeosphere","floor":7},{"not_picked":["theDuelist:Skelesaurus","theDuelist:OvertexQoatlus","theDuelist:Miscellaneousaurus","theDuelist:FossilSkullknight"],"picked":"theDuelist:MammothGraveyard","floor":8},{"not_picked":["theDuelist:SoulAbsorbingBone+1","theDuelist:AntiFusionDevice+1","theDuelist:Doomdog+1","theDuelist:GhostrickScare+1"],"picked":"theDuelist:OboroGuruma+1","floor":10}],"player_experience":320792,"relics_obtained":[{"floor":9,"key":"theDuelist:MonsterEggRelic"}],"event_choices":[{"damage_healed":0,"gold_gain":0,"player_choice":"Entered Light","damage_taken":23,"max_hp_gain":0,"max_hp_loss":0,"event_name":"Shining Light","floor":2,"gold_loss":0,"cards_upgraded":["theDuelist:ArchfiendSoldier","theDuelist:CastleWalls"]},{"cards_removed":["theDuelist:Sparks"],"damage_healed":0,"gold_gain":0,"player_choice":"Purged","damage_taken":0,"max_hp_gain":0,"max_hp_loss":0,"event_name":"Purifier","floor":3,"gold_loss":0}],"is_beta":false,"boss_relics":[],"items_purged_floors":[],"is_endless":false,"potions_floor_spawned":[4],"killed_by":"Gremlin Nob","ascension_level":15}}