{"host":"2q82lssse0ckn8xu","time":1611739692,"event":{"mods":["AchievementEnabler","BaseMod","Colored Map","Colored Powertips","Minty Spire (QoL Compilation)","Permanent Neow","Quick Restart","StSLib","The Saiyan","Unceasing Turn Reminder"],"gold_per_floor":[125,147,177,209,232,279,291,328,340,370,382,23,23,40,40,119,119,129,148,0,19,19,19,37,37,37,71,84,54,54,64,64,64,64],"floor_reached":33,"language":"ENG","playtime":1792,"items_purged":[],"score":492,"play_id":"d10fa088-beab-4e12-a748-11fd034b1080","local_time":"20210127145812","is_ascension_mode":true,"campfire_choices":[{"floor":7.0,"key":"REST"},{"floor":13.0,"key":"REST"},{"floor":15.0,"key":"REST"},{"floor":23.0,"key":"REST"},{"floor":25.0,"key":"REST"},{"floor":30.0,"key":"REST"},{"floor":32.0,"key":"REST"}],"circlet_count":0,"master_deck":["AscendersBane","Strike_B","Strike_B","Strike_B","Strike_B","Defend_B","Defend_B","Defend_B","Defend_B","Zap","Dualcast","Streamline","Conserve Battery","Consume","Conserve Battery","Melter","Multi-Cast","Buffer","Sunder","Self Repair","Loop","Cold Snap","Electrodynamics","Rebound","Leap","Turbo","Sunder","Meteor Strike","Defragment+1","Defragment+1","Storm+1"],"relics":["Cracked Core","MawBank","Omamori","Anchor","The Courier","WarpedTongs","Ice Cream","SlaversCollar","Bronze Scales","Blue Candle","Frozen Egg 2"],"acts_visited":["Exordium","TheCity"],"potions_floor_usage":[33,33],"damage_taken":[{"damage":0.0,"enemies":"Cultist","floor":1.0,"turns":3.0},{"damage":3.0,"enemies":"2 Louse","floor":2.0,"turns":2.0},{"damage":2.0,"enemies":"Small Slimes","floor":3.0,"turns":3.0},{"damage":8.0,"enemies":"Exordium Wildlife","floor":4.0,"turns":7.0},{"damage":0.0,"enemies":"2 Fungi Beasts","floor":5.0,"turns":3.0},{"damage":26.0,"enemies":"3 Sentries","floor":6.0,"turns":8.0},{"damage":27.0,"enemies":"Gremlin Nob","floor":8.0,"turns":5.0},{"damage":12.0,"enemies":"Exordium Thugs","floor":10.0,"turns":4.0},{"damage":3.0,"enemies":"3 Louse","floor":14.0,"turns":2.0},{"damage":30.0,"enemies":"The Guardian","floor":16.0,"turns":12.0},{"damage":24.0,"enemies":"Shell Parasite","floor":18.0,"turns":8.0},{"damage":13.0,"enemies":"Chosen","floor":19.0,"turns":5.0},{"damage":14.0,"enemies":"Sentry and Sphere","floor":21.0,"turns":6.0},{"damage":28.0,"enemies":"Shelled Parasite and Fungi","floor":24.0,"turns":5.0},{"damage":37.0,"enemies":"Gremlin Leader","floor":27.0,"turns":6.0},{"damage":21.0,"enemies":"Centurion and Healer","floor":28.0,"turns":6.0},{"damage":26.0,"enemies":"Snake Plant","floor":31.0,"turns":4.0},{"damage":59,"enemies":"Champ","floor":33,"turns":8}],"seed_played":"2641116651469544817","potions_obtained":[{"floor":1.0,"key":"Weak Potion"},{"floor":3.0,"key":"GamblersBrew"},{"floor":6.0,"key":"DistilledChaos"},{"floor":10.0,"key":"EssenceOfDarkness"},{"floor":14.0,"key":"Strength Potion"},{"floor":24.0,"key":"FocusPotion"},{"floor":31.0,"key":"EssenceOfSteel"}],"is_trial":false,"path_per_floor":["M","M","M","M","M","E","R","E","T","M","?","$","R","M","R","B",null,"M","M","?","M","?","R","M","R","T","E","M","$","R","M","R","B"],"character_chosen":"DEFECT","items_purchased":["Ice Cream","Self Repair","Loop","Defragment+1"],"campfire_rested":7,"item_purchase_floors":[12,12,12,29],"current_hp_per_floor":[64,61,59,51,51,25,46,19,19,7,7,7,28,25,46,26,60,46,40,40,36,36,57,36,57,57,27,13,13,34,18,39,0,0],"gold":64,"neow_bonus":"RANDOM_COMMON_RELIC","is_daily":false,"chose_seed":false,"campfire_upgraded":0,"win_rate":0.0,"timestamp":1611739692,"path_taken":["M","M","?","M","M","E","R","E","T","M","?","$","R","M","R","BOSS","M","?","?","M","?","R","M","R","T","E","M","?","R","M","R","BOSS"],"items_purchased_type":["Relic","Card","Card","Card"],"build_version":"2020-12-22","purchased_purges":0,"victory":false,"max_hp_per_floor":[71,71,71,71,71,71,71,71,71,71,71,71,71,71,71,71,71,71,71,71,71,71,71,71,71,71,71,71,71,71,71,71,71,71],"card_choices":[{"not_picked":["Consume","Steam"],"picked":"Streamline","floor":1.0},{"not_picked":["Beam Cell","Coolheaded"],"picked":"Conserve Battery","floor":2.0},{"not_picked":["Beam Cell","Stack"],"picked":"Consume","floor":3.0},{"not_picked":["Force Field","Leap"],"picked":"Conserve Battery","floor":4.0},{"not_picked":["Redo","Hello World"],"picked":"Melter","floor":5.0},{"not_picked":["Storm","Hologram"],"picked":"Multi-Cast","floor":6.0},{"not_picked":["Gash","Barrage"],"picked":"Buffer","floor":8.0},{"not_picked":["Sweeping Beam","Static Discharge"],"picked":"Sunder","floor":10.0},{"not_picked":["Compile Driver","Steam"],"picked":"Cold Snap","floor":14.0},{"not_picked":["Echo Form","Hyperbeam"],"picked":"Electrodynamics","floor":16.0},{"not_picked":["Recycle+1","Compile Driver"],"picked":"Rebound","floor":18.0},{"not_picked":["Compile Driver","Streamline"],"picked":"Leap","floor":19.0},{"not_picked":["Ball Lightning","Barrage"],"picked":"Turbo","floor":21.0},{"not_picked":["Genetic Algorithm","Scrape+1"],"picked":"Sunder","floor":24.0},{"not_picked":["Streamline","Glacier"],"picked":"Meteor Strike","floor":27.0},{"not_picked":["Genetic Algorithm","Scrape"],"picked":"Defragment+1","floor":28.0},{"not_picked":["Coolheaded","Static Discharge+1"],"picked":"Storm+1","floor":31.0}],"player_experience":634146,"relics_obtained":[{"floor":6.0,"key":"Omamori"},{"floor":8.0,"key":"Anchor"},{"floor":9.0,"key":"The Courier"},{"floor":26.0,"key":"Blue Candle"},{"floor":27.0,"key":"Frozen Egg 2"}],"event_choices":[{"damage_healed":0.0,"max_hp_gain":0.0,"max_hp_loss":0.0,"gold_gain":0.0,"event_name":"Accursed Blacksmith","player_choice":"Rummage","floor":11.0,"gold_loss":0.0,"damage_taken":0.0,"relics_obtained":["WarpedTongs"],"cards_obtained":["Pain"]},{"damage_healed":0.0,"max_hp_gain":0.0,"max_hp_loss":0.0,"gold_gain":0.0,"event_name":"Masked Bandits","player_choice":"Paid Fearfully","floor":20.0,"gold_loss":148.0,"damage_taken":0.0},{"damage_healed":0.0,"max_hp_gain":0.0,"max_hp_loss":0.0,"gold_gain":0.0,"event_name":"Addict","player_choice":"Stole Relic","floor":22.0,"gold_loss":0.0,"damage_taken":0.0,"relics_obtained":["Bronze Scales"],"cards_obtained":["Shame"]}],"is_beta":false,"boss_relics":[{"not_picked":["Tiny House","Coffee Dripper"],"picked":"SlaversCollar"}],"items_purged_floors":[],"is_endless":false,"potions_floor_spawned":[1,3,6,10,14,19,21,24,31],"killed_by":"Champ","ascension_level":15}}