{"host":"00f1p9ihhzi7hxfk","time":1611753872,"event":{"mods":["AchievementEnabler","BaseMod","Colored Map","Colored Powertips","Minty Spire (QoL Compilation)","Rare Cards Sparkle","Relic Stats"],"gold_per_floor":[117,82,82,92,112,112,126,140,140,120,132,182,193,206,206,206,206],"floor_reached":16,"language":"DEU","playtime":1057,"items_purged":[],"score":96,"play_id":"8e80a243-da27-4d1a-853c-142ab9adec5d","local_time":"20210127142432","is_ascension_mode":false,"campfire_choices":[{"floor":6,"key":"REST"},{"floor":15,"key":"REST"}],"circlet_count":0,"master_deck":["Strike_G","Strike_G","Strike_G","Strike_G","Strike_G","Defend_G","Defend_G","Defend_G","Defend_G","Defend_G","Survivor","Neutralize","PiercingWail","Well Laid Plans","Sucker Punch","Die Die Die","Choke","Footwork"],"relics":["Ring of the Snake","HornCleat","Shuriken"],"acts_visited":["Exordium"],"potions_floor_usage":[],"damage_taken":[{"damage":8,"enemies":"Jaw Worm","floor":1,"turns":5},{"damage":0,"enemies":"Cultist","floor":4,"turns":4},{"damage":0,"enemies":"Small Slimes","floor":5,"turns":7},{"damage":2,"enemies":"Exordium Wildlife","floor":7,"turns":6},{"damage":26,"enemies":"Exordium Thugs","floor":8,"turns":9},{"damage":4,"enemies":"Blue Slaver","floor":11,"turns":4},{"damage":17,"enemies":"Exordium Wildlife","floor":13,"turns":4},{"damage":7,"enemies":"3 Louse","floor":14,"turns":3},{"damage":70,"enemies":"The Guardian","floor":16,"turns":12}],"seed_played":"7679843534525067402","potions_obtained":[{"floor":5,"key":"Dexterity Potion"},{"floor":7,"key":"Block Potion"},{"floor":10,"key":"FairyPotion"},{"floor":13,"key":"SteroidPotion"}],"is_trial":false,"path_per_floor":["M","?","T","M","M","R","M","M","T","?","M","?","M","M","R","B"],"character_chosen":"THE_SILENT","items_purchased":[],"campfire_rested":2,"item_purchase_floors":[],"current_hp_per_floor":[69,77,77,77,77,77,75,49,49,49,45,45,28,21,44,0,0],"gold":206,"neow_bonus":"TEN_PERCENT_HP_BONUS","is_daily":false,"chose_seed":false,"campfire_upgraded":0,"win_rate":0.0,"timestamp":1611753872,"path_taken":["M","?","?","M","M","R","M","M","T","?","?","?","M","M","R","BOSS"],"items_purchased_type":[],"build_version":"2020-12-22","purchased_purges":0,"victory":false,"max_hp_per_floor":[77,77,77,77,77,77,77,77,77,77,77,77,77,77,77,77,77],"relic_stats":{"counters":[9,54],"Shuriken":[6],"obtain_stats":[{"HornCleat":3,"Shuriken":9,"Ring of the Snake":0},{"HornCleat":1,"Shuriken":5,"Ring of the Snake":0},{"HornCleat":5,"Shuriken":31,"Ring of the Snake":0}],"Ring of the Snake":[18]},"card_choices":[{"not_picked":["Blade Dance","Slice"],"picked":"PiercingWail","floor":1},{"not_picked":["Underhanded Strike","Outmaneuver"],"picked":"Well Laid Plans","floor":4},{"not_picked":["Finisher","Acrobatics"],"picked":"Sucker Punch","floor":5},{"not_picked":["Underhanded Strike","Heel Hook"],"picked":"Die Die Die","floor":7},{"not_picked":["Escape Plan","Backstab","Dodge and Roll"],"picked":"SKIP","floor":8},{"not_picked":["Backstab","Prepared"],"picked":"Choke","floor":11},{"not_picked":["Backstab","Flying Knee","Acrobatics"],"picked":"SKIP","floor":13},{"not_picked":["Sucker Punch","Dagger Throw"],"picked":"Footwork","floor":14}],"player_experience":87995,"relics_obtained":[{"floor":3,"key":"HornCleat"},{"floor":9,"key":"Shuriken"}],"event_choices":[{"damage_healed":19,"gold_gain":0,"player_choice":"Healed","damage_taken":0,"max_hp_gain":0,"max_hp_loss":0,"event_name":"The Cleric","floor":2,"gold_loss":35},{"damage_healed":0,"gold_gain":0,"player_choice":"Bought 1 Potion","damage_taken":0,"max_hp_gain":0,"max_hp_loss":0,"event_name":"The Woman in Blue","floor":10,"gold_loss":0},{"damage_healed":0,"gold_gain":50,"player_choice":"Gained Gold","damage_taken":0,"max_hp_gain":0,"max_hp_loss":0,"event_name":"Golden Wing","floor":12,"gold_loss":0}],"is_beta":false,"boss_relics":[],"items_purged_floors":[],"is_endless":false,"potions_floor_spawned":[5,7,13],"killed_by":"The Guardian","ascension_level":0}}