{"host":"z16h96csw6gsetxl","time":1611731723,"event":{"mods":["BaseMod","Minty Spire (QoL Compilation)"],"gold_per_floor":[116,129,204,50,63,88,100,115,167,197,197,122,122,137,137,232,232,232,232,232,132,132,132,132,132,132,132,132,96,96,96,96,96,96],"floor_reached":33,"language":"ZHS","playtime":1834,"items_purged":["Strike_G","Strike_G"],"score":297,"play_id":"ed53af82-47ff-457a-bf14-365dfa3d4e59","local_time":"20210127151523","is_ascension_mode":false,"campfire_choices":[{"floor":13.0,"key":"REST"},{"data":"Envenom","floor":15.0,"key":"SMITH"},{"floor":24,"key":"REST"},{"floor":27,"key":"REST"},{"floor":32,"key":"DIG"}],"circlet_count":0,"master_deck":["Strike_G","Strike_G","Strike_G","Defend_G","Defend_G","Defend_G","Defend_G","Survivor","Neutralize","Poisoned Stab","Deadly Poison","Envenom+1","Escape Plan","Bouncing Flask","Expertise","Deadly Poison","Calculated Gamble","Blade Dance","Slice","Burst","Backflip","Deadly Poison","Corpse Explosion","Catalyst","Acrobatics+1","Flechettes"],"relics":["Ring of the Snake","NeowsBlessing","Orrery","Snake Skull","Vajra","Matryoshka","Ectoplasm","Oddly Smooth Stone","Happy Flower","Toy Ornithopter","Shovel","Ancient Tea Set"],"acts_visited":["Exordium","TheCity"],"potions_floor_usage":[23],"damage_taken":[{"damage":0.0,"enemies":"Cultist","floor":1.0,"turns":1.0},{"damage":0.0,"enemies":"Jaw Worm","floor":2.0,"turns":1.0},{"damage":0.0,"enemies":"Small Slimes","floor":5.0,"turns":1.0},{"damage":18.0,"enemies":"Lagavulin","floor":6.0,"turns":5.0},{"damage":2.0,"enemies":"2 Fungi Beasts","floor":7.0,"turns":3.0},{"damage":13.0,"enemies":"Lots of Slimes","floor":8.0,"turns":6.0},{"damage":22.0,"enemies":"Gremlin Nob","floor":10.0,"turns":4.0},{"damage":5.0,"enemies":"Large Slime","floor":14.0,"turns":4.0},{"damage":11.0,"enemies":"Slime Boss","floor":16.0,"turns":5.0},{"damage":12.0,"enemies":"Shell Parasite","floor":18.0,"turns":3.0},{"damage":2.0,"enemies":"3 Byrds","floor":22.0,"turns":5.0},{"damage":18,"enemies":"Gremlin Leader","floor":23,"turns":3},{"damage":16,"enemies":"Shelled Parasite and Fungi","floor":25,"turns":4},{"damage":5,"enemies":"Snecko","floor":28,"turns":3},{"damage":0,"enemies":"Snake Plant","floor":30,"turns":2},{"damage":22,"enemies":"Slavers","floor":31,"turns":2},{"damage":60,"enemies":"Champ","floor":33,"turns":6}],"seed_played":"-1846790173869752577","potions_obtained":[{"floor":2.0,"key":"DuplicationPotion"},{"floor":8.0,"key":"SpeedPotion"},{"floor":10.0,"key":"FairyPotion"},{"floor":14.0,"key":"Strength Potion"},{"floor":22.0,"key":"AttackPotion"},{"floor":30,"key":"SteroidPotion"},{"floor":31,"key":"Dexterity Potion"}],"is_trial":false,"path_per_floor":["M","M","?","$","M","E","M","M","T","E","?","$","R","M","R","B",null,"M","?","?","$","M","E","R","M","T","R","M","$","M","E","R","B"],"character_chosen":"THE_SILENT","items_purchased":["Orrery","Catalyst"],"campfire_rested":3,"item_purchase_floors":[4,29],"current_hp_per_floor":[70,70,63,63,63,45,43,30,30,8,8,8,29,24,24,13,70,58,58,45,45,43,25,47,31,31,53,48,48,48,26,26,0,0],"gold":96,"neow_bonus":"THREE_ENEMY_KILL","is_daily":false,"chose_seed":false,"campfire_upgraded":1,"win_rate":0.0,"timestamp":1611731723,"path_taken":["M","M","?","$","?","E","M","M","T","E","?","?","R","M","R","BOSS","M","?","?","$","M","E","R","M","T","R","M","$","M","E","R","BOSS"],"items_purchased_type":["Relic","Card"],"build_version":"2020-12-22","purchased_purges":2,"victory":false,"max_hp_per_floor":[70,70,70,70,70,70,70,70,70,70,70,70,70,70,70,70,70,70,70,75,75,75,75,75,75,75,75,75,75,75,75,75,75,75],"card_choices":[{"not_picked":["Backflip","Outmaneuver"],"picked":"Poisoned Stab","floor":1.0},{"not_picked":["Prepared","Outmaneuver"],"picked":"Deadly Poison","floor":2.0},{"not_picked":["Poisoned Stab","Flying Knee"],"picked":"Envenom","floor":4.0},{"not_picked":["Predator","All Out Attack"],"picked":"Escape Plan","floor":4.0},{"not_picked":["Masterful Stab","Dodge and Roll"],"picked":"Bouncing Flask","floor":4.0},{"not_picked":["Sucker Punch","Bane"],"picked":"Expertise","floor":4.0},{"not_picked":["Deflect","PiercingWail","Endless Agony"],"picked":"SKIP","floor":5.0},{"not_picked":["Escape Plan","Outmaneuver"],"picked":"Deadly Poison","floor":6.0},{"not_picked":["Finisher","Deadly Poison"],"picked":"Calculated Gamble","floor":7.0},{"not_picked":["Bane","Dash","Dodge and Roll"],"picked":"SKIP","floor":8.0},{"not_picked":["Slice","Deadly Poison"],"picked":"Blade Dance","floor":10.0},{"not_picked":["Flying Knee","Blade Dance"],"picked":"Slice","floor":14.0},{"not_picked":["Venomology","Doppelganger"],"picked":"Burst","floor":16.0},{"not_picked":["Slice+1","PiercingWail"],"picked":"Backflip","floor":18.0},{"not_picked":["Slice+1","Prepared"],"picked":"Deadly Poison","floor":22.0},{"not_picked":["Outmaneuver","PiercingWail"],"picked":"Corpse Explosion","floor":23},{"not_picked":["Caltrops","Skewer","Underhanded Strike"],"picked":"SKIP","floor":25},{"not_picked":["Backflip","PiercingWail","Dodge and Roll"],"picked":"SKIP","floor":28},{"not_picked":["Dagger Throw","Quick Slash"],"picked":"Acrobatics+1","floor":30},{"not_picked":["PiercingWail","Backflip"],"picked":"Flechettes","floor":31}],"player_experience":53555,"relics_obtained":[{"floor":6.0,"key":"Snake Skull"},{"floor":9.0,"key":"Vajra"},{"floor":10.0,"key":"Matryoshka"},{"floor":23,"key":"Oddly Smooth Stone"},{"floor":26,"key":"Happy Flower"},{"floor":26,"key":"Toy Ornithopter"},{"floor":31,"key":"Shovel"},{"floor":32,"key":"Ancient Tea Set"}],"event_choices":[{"damage_healed":0.0,"max_hp_gain":0.0,"max_hp_loss":0.0,"gold_gain":75.0,"event_name":"FaceTrader","player_choice":"Touch","floor":3.0,"gold_loss":0.0,"damage_taken":7.0},{"cards_removed":["Defend_G"],"damage_healed":0.0,"max_hp_gain":0.0,"max_hp_loss":0.0,"gold_gain":0.0,"event_name":"Purifier","player_choice":"Purged","floor":11.0,"gold_loss":0.0,"damage_taken":0.0},{"damage_healed":0.0,"max_hp_gain":0.0,"max_hp_loss":0.0,"gold_gain":99.0,"event_name":"Nest","player_choice":"Stole From Cult","floor":19.0,"gold_loss":0.0,"damage_taken":0.0},{"damage_healed":0.0,"max_hp_gain":5.0,"max_hp_loss":0.0,"gold_gain":0.0,"event_name":"Forgotten Altar","player_choice":"Shed Blood","floor":20.0,"gold_loss":0.0,"damage_taken":18.0}],"is_beta":false,"boss_relics":[{"not_picked":["WristBlade","Fusion Hammer"],"picked":"Ectoplasm"}],"items_purged_floors":[12,21],"is_endless":false,"potions_floor_spawned":[2,8,10,14,22,30,31],"killed_by":"Champ","ascension_level":0}}