{"host":"nomlpa5ttaaqphus","time":1611775454,"event":{"mods":["100% Spire Juice","BaseMod","Colored Powertips","Minty Spire (QoL Compilation)","StSLib"],"gold_per_floor":[75,91,91,91,102,102,116,116,116,127,127,127,127,90,115,115],"floor_reached":17,"language":"ENG","playtime":1050,"items_purged":[],"score":470,"play_id":"6761b59e-0643-44cb-ae90-d42ca559a22f","local_time":"20210127152414","is_ascension_mode":false,"campfire_choices":[{"floor":6.0,"key":"REST"},{"floor":8.0,"key":"REST"},{"data":"Moonworks:MeltingMemories","floor":11.0,"key":"SMITH"},{"data":"Moonworks:ImmovableObject","floor":13,"key":"SMITH"}],"circlet_count":0,"master_deck":["Moonworks:Strike+1","Moonworks:Defend","Moonworks:MeltingMemories+1","Moonworks:BackdoorTrade","Moonworks:BackdoorTrade","Moonworks:ImmovableObject+1","Moonworks:Accelerator","Moonworks:RagingMadness","Moonworks:EvilSpyWorkPreparation+1"],"relics":["Moonworks:BrokenBomb","Moonworks:Homemark","StoneCalendar","White Beast Statue","Whetstone"],"acts_visited":["Exordium","TheEnding"],"potions_floor_usage":[],"damage_taken":[{"damage":12.0,"enemies":"Small Slimes","floor":1.0,"turns":4.0},{"damage":45.0,"enemies":"Jaw Worm","floor":2.0,"turns":7.0},{"damage":5.0,"enemies":"Cultist","floor":5.0,"turns":5.0},{"damage":14.0,"enemies":"Exordium Wildlife","floor":7.0,"turns":6.0},{"damage":24.0,"enemies":"Blue Slaver","floor":10.0,"turns":3.0},{"damage":124,"enemies":"Shield and Spear","floor":15,"turns":6},{"damage":151,"enemies":"The Heart","floor":16,"turns":8}],"seed_played":"-7483913345265232061","potions_obtained":[{"floor":10.0,"key":"Block Potion"},{"floor":15,"key":"SneckoOil"}],"is_trial":false,"path_per_floor":["M","M","?","T","M","R","M","R","T","M","R","M","R","$","E","B",null],"character_chosen":"THE_STARBREAKER","items_purchased":["Moonworks:RagingMadness"],"campfire_rested":2,"item_purchase_floors":[14],"current_hp_per_floor":[56,28,28,28,32,51,37,56,56,66,66,66,66,66,21,54],"gold":115,"neow_bonus":"TEN_PERCENT_HP_BONUS","is_daily":false,"chose_seed":false,"campfire_upgraded":2,"win_rate":0.0,"timestamp":1611775454,"path_taken":["M","M","?","?","M","R","M","R","T","?","R","M","R","$","E","BOSS"],"items_purchased_type":["Card"],"build_version":"2020-12-22","purchased_purges":0,"victory":true,"max_hp_per_floor":[66,66,66,66,66,66,66,66,66,66,66,66,66,66,66,66],"card_choices":[{"not_picked":["Moonworks:IndiscriminateFireSupport","Moonworks:CloudOfSeagulls"],"picked":"Moonworks:ImmovableObject","floor":1.0},{"not_picked":["Moonworks:CloudOfSeagulls","Moonworks:ImOnFire","Moonworks:NicePresent"],"picked":"SKIP","floor":2.0},{"not_picked":["Moonworks:BigMagnum","Moonworks:LulusLuckyEgg","Moonworks:DeployBits"],"picked":"SKIP","floor":5.0},{"not_picked":["Moonworks:ImOnFire","Moonworks:DeployBits"],"picked":"Moonworks:Accelerator","floor":7.0},{"not_picked":["Moonworks:SakisCookie","Moonworks:EvilSpyWorkPreparation","Moonworks:JonathanRush"],"picked":"SKIP","floor":10.0},{"not_picked":["Moonworks:IndiscriminateFireSupport+1","Moonworks:x16BigRocket+1"],"picked":"Moonworks:EvilSpyWorkPreparation+1","floor":15}],"player_experience":76441,"relics_obtained":[{"floor":4.0,"key":"StoneCalendar"},{"floor":9.0,"key":"White Beast Statue"},{"floor":15,"key":"Whetstone"}],"event_choices":[{"damage_healed":0.0,"max_hp_gain":0.0,"max_hp_loss":0.0,"gold_gain":0.0,"event_name":"Golden Idol","player_choice":"Ignored","floor":3.0,"gold_loss":0.0,"damage_taken":0.0}],"is_beta":false,"boss_relics":[],"items_purged_floors":[],"is_endless":false,"potions_floor_spawned":[10,15],"ascension_level":0}}