{"host":"0e4iagqertas0p92","time":1611735752,"event":{"mods":["Act Like it!","BaseMod","Downfall","Minty Spire (QoL Compilation)","Replay The Spire","Robot Space Explorer","StSLib","The Servant 0.9.4"],"gold_per_floor":[110,110,110,110,285,318,318,342,342,342,342],"floor_reached":10,"language":"ZHS","playtime":281,"items_purged":[],"score":89,"play_id":"b4408dbf-431b-4213-9375-da6560573aa2","local_time":"20210127162232","is_ascension_mode":false,"campfire_choices":[],"circlet_count":0,"master_deck":["Strike_B","Strike_B","Strike_B","Strike_B","Defend_B","Defend_B","Defend_B","Zap","Dualcast","Sweeping Beam","Injury","Doubt","Consume","Regret","Gash","ReplayTheSpireMod:Omega Cannon"],"relics":["Cracked Core","NeowsBlessing","Golden Idol","The Courier","Replay:Bottled Snecko","Meat on the Bone","Cables","Prayer Wheel"],"acts_visited":["Exordium"],"potions_floor_usage":[],"damage_taken":[{"damage":0,"enemies":"Jaw Worm","floor":1,"turns":1},{"damage":0,"enemies":"Gremlin Nob","floor":6,"turns":1},{"damage":0,"enemies":"Small Slimes","floor":8,"turns":1},{"damage":27,"enemies":"3 Sentries","floor":10,"turns":3}],"seed_played":"8978731465584380332","potions_obtained":[],"is_trial":false,"path_per_floor":["M","?","?","T","?","E","?","M","T","E"],"character_chosen":"DEFECT","items_purchased":[],"campfire_rested":0,"item_purchase_floors":[],"current_hp_per_floor":[75,75,75,75,75,75,75,75,75,48,48],"gold":342,"neow_bonus":"THREE_ENEMY_KILL","is_daily":false,"chose_seed":false,"campfire_upgraded":0,"win_rate":0.0,"timestamp":1611735752,"path_taken":["M","?","?","?","?","E","?","M","T","E"],"items_purchased_type":[],"build_version":"2020-12-22","purchased_purges":0,"victory":false,"max_hp_per_floor":[75,75,75,75,75,75,75,75,75,75,75],"card_choices":[{"not_picked":["Leap","Turbo"],"picked":"Sweeping Beam","floor":1},{"not_picked":["ReplayTheSpireMod:Repulse","Rebound"],"picked":"Consume","floor":6},{"not_picked":["Streamline","Redo"],"picked":"Gash","floor":8}],"player_experience":175040,"relics_obtained":[{"floor":4,"key":"The Courier"},{"floor":6,"key":"Replay:Bottled Snecko"},{"floor":9,"key":"Cables"}],"event_choices":[{"damage_healed":0,"gold_gain":0,"player_choice":"Take Wound","damage_taken":0,"relics_obtained":["Golden Idol"],"max_hp_gain":0,"max_hp_loss":0,"event_name":"Golden Idol","floor":3,"gold_loss":0,"cards_obtained":["Injury"]},{"damage_healed":0,"gold_gain":175,"player_choice":"AGREE","damage_taken":0,"max_hp_gain":0,"max_hp_loss":0,"event_name":"Liars Game","floor":5,"gold_loss":0,"cards_obtained":["Doubt"]},{"damage_healed":0,"gold_gain":0,"player_choice":"Box","damage_taken":0,"relics_obtained":["Meat on the Bone"],"max_hp_gain":0,"max_hp_loss":0,"event_name":"Big Fish","floor":7,"gold_loss":0,"cards_obtained":["Regret"]}],"is_beta":false,"boss_relics":[],"items_purged_floors":[],"is_endless":false,"potions_floor_spawned":[],"killed_by":"3 Sentries","ascension_level":0}}