{"host":"9v3x998ddbx8o276","time":1611749624,"event":{"mods":["AchievementEnabler","BaseMod","Colored Map","Colored Powertips","Highlight Path","Minty Spire (QoL Compilation)","Quick Restart","Rare Cards Sparkle"],"gold_per_floor":[113,113,181,32,45,95,126,126,126,126,0,33,33,58,58,130,130,141,191,516,178,194,223,223,242,242,242,272,292,354,386,386,462,462,479,529,593,643,709,709,251,310,336,377,436,436,563,80,80,80],"floor_reached":51,"language":"ENG","playtime":2328,"items_purged":["Strike_R","Regret","Defend_R","Defend_R"],"score":1506,"play_id":"4598a030-f93b-4a8f-9876-9f42c5e9b788","local_time":"20210127224344","is_ascension_mode":true,"campfire_choices":[{"data":"Sword Boomerang","floor":8,"key":"SMITH"},{"floor":10,"key":"REST"},{"data":"Pommel Strike","floor":13,"key":"SMITH"},{"floor":15,"key":"REST"},{"floor":24,"key":"REST"},{"floor":27,"key":"REST"},{"floor":32,"key":"REST"},{"floor":40,"key":"REST"},{"data":"Bludgeon","floor":46,"key":"SMITH"},{"data":"Clothesline","floor":49,"key":"SMITH"}],"circlet_count":0,"master_deck":["AscendersBane","Defend_R","Defend_R","Bash+1","Sword Boomerang+1","Clash","Pommel Strike+1","Cleave","Battle Trance","Twin Strike","Offering+1","Clothesline+1","Immolate","Disarm+1","True Grit+1","Jack Of All Trades+1","Burning Pact+1","Shrug It Off+1","Impervious+1","Spot Weakness+1","Berserk+1","Barricade+1","Uppercut+1","Burning Pact+1","Battle Trance+1","Impervious+1","Disarm+1","Offering+1","Rupture+1","Ghostly Armor+1","Bludgeon+1","Disarm+1","Jack Of All Trades+1","Feel No Pain+1","True Grit+1","Good Instincts+1"],"relics":["Philosopher\u0027s Stone","SsserpentHead","Singing Bowl","Question Card","Toxic Egg 2","Frozen Egg 2","Snecko Eye","Membership Card","Bag of Preparation","TungstenRod","Paper Frog","Kunai","Gremlin Horn","Astrolabe","Eternal Feather","StoneCalendar","CeramicFish","Regal Pillow","Toy Ornithopter","HornCleat","Meat on the Bone","Mercury Hourglass","OrangePellets"],"acts_visited":["Exordium","TheCity","TheBeyond"],"potions_floor_usage":[16,16,22,23,23,50,50],"damage_taken":[{"damage":3,"enemies":"Jaw Worm","floor":1,"turns":2},{"damage":2,"enemies":"Cultist","floor":3,"turns":3},{"damage":13,"enemies":"Small Slimes","floor":5,"turns":2},{"damage":19,"enemies":"3 Sentries","floor":7,"turns":5},{"damage":17,"enemies":"Gremlin Nob","floor":12,"turns":3},{"damage":33,"enemies":"Lagavulin","floor":14,"turns":5},{"damage":31,"enemies":"Hexaghost","floor":16,"turns":5},{"damage":6,"enemies":"Spheric Guardian","floor":18,"turns":1},{"damage":6,"enemies":"2 Thieves","floor":22,"turns":2},{"damage":31,"enemies":"Slavers","floor":23,"turns":4},{"damage":6,"enemies":"Snake Plant","floor":25,"turns":4},{"damage":5,"enemies":"Gremlin Leader","floor":28,"turns":4},{"damage":4,"enemies":"Cultist and Chosen","floor":29,"turns":4},{"damage":2,"enemies":"Snecko","floor":30,"turns":4},{"damage":17,"enemies":"Book of Stabbing","floor":31,"turns":5},{"damage":35,"enemies":"Champ","floor":33,"turns":9},{"damage":0,"enemies":"3 Darklings","floor":35,"turns":3},{"damage":2,"enemies":"Orb Walker","floor":37,"turns":3},{"damage":5,"enemies":"Transient","floor":39,"turns":5},{"damage":12,"enemies":"Giant Head","floor":42,"turns":8},{"damage":10,"enemies":"Nemesis","floor":44,"turns":5},{"damage":10,"enemies":"Time Eater","floor":50,"turns":12}],"seed_played":"3839123606450630190","potions_obtained":[{"floor":5,"key":"DuplicationPotion"},{"floor":16,"key":"Block Potion"},{"floor":18,"key":"BloodPotion"},{"floor":22,"key":"Explosive Potion"},{"floor":30,"key":"LiquidBronze"},{"floor":37,"key":"Fire Potion"},{"floor":38,"key":"CultistPotion"}],"is_trial":false,"path_per_floor":["M","?","M","$","M","?","E","R","T","R","$","E","R","E","R","B",null,"M","?","?","$","M","E","R","M","T","R","E","M","M","E","R","B",null,"M","?","M","?","M","R","$","E","T","E","?","R","T","$","R","B",null],"character_chosen":"IRONCLAD","items_purchased":["Pommel Strike","Strength Potion","Battle Trance","Twin Strike","Membership Card","True Grit+1","Bag of Preparation","Jack Of All Trades+1","Offering+1","Rupture+1","Eternal Feather","StoneCalendar","Ghostly Armor+1","Feel No Pain+1","Meat on the Bone","Mercury Hourglass","OrangePellets","True Grit+1","Good Instincts+1"],"campfire_rested":6,"item_purchase_floors":[4,4,11,11,21,21,21,21,41,41,41,41,41,48,48,48,48,48,48],"current_hp_per_floor":[69,69,67,67,54,54,37,37,37,61,61,44,44,11,35,4,63,57,57,57,57,67,38,63,57,57,82,77,73,73,56,81,46,76,78,78,78,78,73,90,90,78,78,68,66,84,84,84,92,87],"gold":80,"neow_bonus":"BOSS_RELIC","is_daily":false,"chose_seed":false,"campfire_upgraded":4,"win_rate":0.0,"timestamp":1611749624,"path_taken":["M","?","?","$","M","?","E","R","T","R","$","E","R","E","R","BOSS","M","?","?","$","M","E","R","M","T","R","E","M","?","E","R","BOSS","M","?","?","?","?","R","$","E","T","E","?","R","?","$","R","BOSS"],"items_purchased_type":["Card","Potion","Card","Card","Relic","Card","Relic","Card","Card","Card","Relic","Relic","Card","Card","Relic","Relic","Relic","Card","Card"],"build_version":"2020-12-22","purchased_purges":4,"victory":true,"max_hp_per_floor":[80,80,80,80,80,80,82,82,82,82,82,82,82,82,82,82,82,82,82,82,82,82,84,84,84,84,84,84,84,86,86,86,86,86,88,88,90,90,90,90,90,90,90,90,92,92,92,92,92,92],"card_choices":[{"not_picked":["Armaments","Havoc"],"picked":"Sword Boomerang","floor":1},{"not_picked":["Heavy Blade","Entrench"],"picked":"Clash","floor":3},{"not_picked":["Anger","Bloodletting"],"picked":"Cleave","floor":5},{"not_picked":["Sentinel","Headbutt","Evolve"],"picked":"Singing Bowl","floor":7},{"not_picked":["Feel No Pain","Headbutt","Combust"],"picked":"Offering+1","floor":12},{"not_picked":["Perfected Strike","Sword Boomerang","Warcry+1"],"picked":"Clothesline","floor":14},{"not_picked":["Bludgeon","Impervious+1","Limit Break+1"],"picked":"Immolate","floor":16},{"not_picked":["Dark Embrace+1","Rage+1","Cleave"],"picked":"Disarm+1","floor":18},{"not_picked":["Heavy Blade+1","Clothesline","Cleave"],"picked":"Burning Pact+1","floor":22},{"not_picked":["Headbutt","Reckless Charge","Pommel Strike","Armaments+1"],"picked":"Singing Bowl","floor":23},{"not_picked":["Intimidate+1","Pommel Strike","Cleave"],"picked":"Shrug It Off+1","floor":25},{"not_picked":["Anger","Sword Boomerang","Wild Strike"],"picked":"Impervious+1","floor":28},{"not_picked":["True Grit+1","Iron Wave","Perfected Strike"],"picked":"Spot Weakness+1","floor":29},{"not_picked":["Clash","Anger","Flex+1","Cleave"],"picked":"Singing Bowl","floor":30},{"not_picked":["Shrug It Off+1","Battle Trance+1","Cleave"],"picked":"Berserk+1","floor":31},{"not_picked":["Feed","Berserk+1","Impervious+1"],"picked":"Barricade+1","floor":33},{"not_picked":["Clothesline","Sword Boomerang","Body Slam","Whirlwind"],"picked":"Singing Bowl","floor":35},{"not_picked":["Cleave","Thunderclap","Twin Strike","Heavy Blade+1"],"picked":"Singing Bowl","floor":37},{"not_picked":["Burning Pact+1","Ghostly Armor+1","Thunderclap"],"picked":"Disarm+1","floor":39},{"not_picked":["Disarm+1","Sword Boomerang","Clash"],"picked":"Bludgeon","floor":42},{"not_picked":["Seeing Red+1","Shrug It Off+1","Clash"],"picked":"Disarm+1","floor":44},{"not_picked":["Flash of Steel","Swift Strike","Apotheosis+1"],"picked":"Jack Of All Trades+1","floor":45},{"not_picked":["Deep Breath+1","Mind Blast","Purity+1","Panacea+1"],"picked":"Singing Bowl","floor":45}],"player_experience":1719827,"relics_obtained":[{"floor":7,"key":"Singing Bowl"},{"floor":9,"key":"Question Card"},{"floor":12,"key":"Toxic Egg 2"},{"floor":14,"key":"Frozen Egg 2"},{"floor":23,"key":"TungstenRod"},{"floor":26,"key":"Paper Frog"},{"floor":28,"key":"Kunai"},{"floor":31,"key":"Gremlin Horn"},{"floor":42,"key":"CeramicFish"},{"floor":43,"key":"Regal Pillow"},{"floor":44,"key":"Toy Ornithopter"},{"floor":47,"key":"HornCleat"}],"event_choices":[{"damage_healed":0,"gold_gain":0,"player_choice":"Trade","damage_taken":0,"relics_obtained":["SsserpentHead"],"max_hp_gain":0,"max_hp_loss":0,"event_name":"FaceTrader","floor":2,"gold_loss":0},{"damage_healed":0,"gold_gain":0,"player_choice":"Grow","damage_taken":0,"max_hp_gain":0,"max_hp_loss":0,"event_name":"Living Wall","floor":6,"gold_loss":0,"cards_upgraded":["Bash"]},{"cards_removed":["Strike_R"],"damage_healed":0,"gold_gain":0,"player_choice":"Elegance","damage_taken":0,"max_hp_gain":0,"max_hp_loss":0,"event_name":"Back to Basics","floor":19,"gold_loss":0},{"damage_healed":0,"gold_gain":275,"player_choice":"Desecrate","damage_taken":0,"max_hp_gain":0,"max_hp_loss":0,"event_name":"Golden Shrine","floor":20,"gold_loss":0,"cards_obtained":["Regret"]},{"damage_healed":0,"gold_gain":0,"player_choice":"Copied","damage_taken":0,"max_hp_gain":0,"max_hp_loss":0,"event_name":"Duplicator","floor":36,"gold_loss":0,"cards_obtained":["Impervious"]},{"damage_healed":0,"gold_gain":0,"player_choice":"Got Potions","damage_taken":0,"max_hp_gain":0,"max_hp_loss":0,"event_name":"Lab","floor":38,"gold_loss":0},{"damage_healed":0,"gold_gain":0,"player_choice":"Memory 2","damage_taken":5,"max_hp_gain":0,"max_hp_loss":0,"event_name":"SensoryStone","floor":45,"gold_loss":0}],"is_beta":false,"boss_relics":[{"not_picked":["Busted Crown","Tiny House"],"picked":"Snecko Eye"},{"not_picked":["SlaversCollar","Velvet Choker"],"picked":"Astrolabe"}],"items_purged_floors":[4,21,41,48],"is_endless":false,"potions_floor_spawned":[5,16,18,22,30,37,44],"ascension_level":13}}