{"host":"agbyy69nq62afhwx","time":1611781687,"event":{"mods":["BaseMod","Colored Map","DeckTracker","Highlight Path","Keyboard Shortcuts","Minty Spire (QoL Compilation)","Quick Restart","StSLib","SuperFastMode","everything is the same but u backflip on backflip"],"gold_per_floor":[113,113,124,144,163,163,198,198,221,221,256,256,45,45,45,119,119,130,148,148,73,86,111,161,193,218,249,262,277,202,214,214,287,287,301,319,319,150,175,208,208,225,225,245,276,85,85,111,111,111],"floor_reached":51,"language":"KOR","playtime":2162,"items_purged":["Defend_P"],"score":1674,"play_id":"a519e3ae-71ae-4664-915f-b7304f3a7077","local_time":"20210128060807","is_ascension_mode":true,"campfire_choices":[{"data":"TalkToTheHand","floor":6.0,"key":"SMITH"},{"data":"Eruption","floor":8.0,"key":"SMITH"},{"floor":10.0,"key":"REST"},{"floor":15.0,"key":"REST"},{"floor":32.0,"key":"REST"},{"data":"Consecrate","floor":41.0,"key":"SMITH"},{"data":"Perseverance","floor":47.0,"key":"SMITH"},{"floor":49.0,"key":"REST"}],"circlet_count":0,"master_deck":["AscendersBane","Strike_P","Defend_P+1","Defend_P","Eruption+1","Vigilance","FlurryOfBlows+1","Crescendo","Perseverance+1","TalkToTheHand+1","Consecrate+1","Vault","Apotheosis","Judgement","Swivel","ConjureBlade","Omniscience","Halt","EmptyMind+1","Protect","Vault","CurseOfTheBell","WaveOfTheHand+1","SpiritShield+1","FollowUp","Adaptation"],"relics":["PureWater","Bag of Preparation","Blood Vial","Lantern","Akabeko","Snecko Eye","Bottled Flame","TeardropLocket","Oddly Smooth Stone","Potion Belt","Calling Bell","Ancient Tea Set","Toxic Egg 2","Thread and Needle","Turnip","StrikeDummy","White Beast Statue","CloakClasp","Dead Branch"],"acts_visited":["Exordium","TheCity","TheBeyond"],"potions_floor_usage":[],"damage_taken":[{"damage":9.0,"enemies":"Jaw Worm","floor":1.0,"turns":5.0},{"damage":0.0,"enemies":"Cultist","floor":3.0,"turns":2.0},{"damage":1.0,"enemies":"2 Louse","floor":4.0,"turns":2.0},{"damage":37.0,"enemies":"Exordium Wildlife","floor":5.0,"turns":7.0},{"damage":12.0,"enemies":"Lagavulin","floor":7.0,"turns":7.0},{"damage":2.0,"enemies":"Gremlin Nob","floor":11.0,"turns":3.0},{"damage":0.0,"enemies":"Slime Boss","floor":16.0,"turns":6.0},{"damage":3.0,"enemies":"2 Thieves","floor":18.0,"turns":4.0},{"damage":2.0,"enemies":"Shell Parasite","floor":19.0,"turns":5.0},{"damage":16.0,"enemies":"Snake Plant","floor":22.0,"turns":2.0},{"damage":0.0,"enemies":"Gremlin Leader","floor":23.0,"turns":3.0},{"damage":7.0,"enemies":"Slavers","floor":25.0,"turns":5.0},{"damage":0.0,"enemies":"Gremlin Leader","floor":27.0,"turns":4.0},{"damage":26.0,"enemies":"Shelled Parasite and Fungi","floor":28.0,"turns":4.0},{"damage":0.0,"enemies":"Centurion and Healer","floor":29.0,"turns":3.0},{"damage":0.0,"enemies":"Cultist and Chosen","floor":31.0,"turns":4.0},{"damage":33.0,"enemies":"Collector","floor":33.0,"turns":6.0},{"damage":0.0,"enemies":"3 Shapes","floor":35.0,"turns":5.0},{"damage":0.0,"enemies":"Orb Walker","floor":36.0,"turns":4.0},{"damage":0.0,"enemies":"Mind Bloom Boss Battle","floor":39.0,"turns":8.0},{"damage":10.0,"enemies":"Nemesis","floor":40.0,"turns":9.0},{"damage":0.0,"enemies":"Writhing Mass","floor":42.0,"turns":6.0},{"damage":3.0,"enemies":"Transient","floor":44.0,"turns":8.0},{"damage":0.0,"enemies":"Reptomancer","floor":45.0,"turns":4.0},{"damage":9.0,"enemies":"Nemesis","floor":48.0,"turns":11.0},{"damage":15,"enemies":"Donu and Deca","floor":50,"turns":15}],"seed_played":"943927425144163328","potions_obtained":[{"floor":3.0,"key":"Swift Potion"},{"floor":5.0,"key":"Weak Potion"},{"floor":11.0,"key":"LiquidBronze"},{"floor":16.0,"key":"FairyPotion"},{"floor":28.0,"key":"SmokeBomb"},{"floor":31.0,"key":"Strength Potion"},{"floor":33.0,"key":"Strength Potion"},{"floor":44.0,"key":"Energy Potion"},{"floor":45.0,"key":"Fruit Juice"}],"is_trial":false,"path_per_floor":["M","?","M","M","M","R","E","R","T","R","E","?","$","?","R","B",null,"M","M","?","$","M","E","?","E","T","E","M","M","?","M","R","B",null,"M","M","?","$","?","E","R","M","T","M","E","$","R","E","R","B",null],"character_chosen":"WATCHER","items_purchased":["Apotheosis","SpiritShield+1","Adaptation","FairyPotion"],"campfire_rested":4,"item_purchase_floors":[13,38,46,46],"current_hp_per_floor":[52,68,68,67,30,30,18,18,18,38,38,18,18,18,38,40,61,60,60,60,60,46,48,48,43,43,45,21,23,23,25,45,14,55,57,59,59,59,61,53,53,55,55,54,61,61,61,54,73,58],"gold":111,"neow_bonus":"RANDOM_COMMON_RELIC","is_daily":false,"chose_seed":false,"campfire_upgraded":4,"win_rate":0.0,"timestamp":1611781687,"path_taken":["M","?","?","M","M","R","E","R","T","R","E","?","?","?","R","BOSS","M","M","?","$","M","E","?","E","T","E","?","?","?","M","R","BOSS","M","M","?","$","?","E","R","M","T","M","E","$","R","E","R","BOSS"],"items_purchased_type":["Card","Card","Card","Potion"],"build_version":"2020-12-22","purchased_purges":1,"victory":true,"max_hp_per_floor":[68,68,68,68,68,68,68,68,68,68,68,68,68,68,68,68,68,68,68,68,68,68,68,68,68,68,68,68,68,68,68,68,68,68,68,68,68,68,68,68,68,68,68,68,73,73,73,73,73,73],"card_choices":[{"not_picked":["CutThroughFate","PathToVictory"],"picked":"FlurryOfBlows","floor":1.0},{"not_picked":["Prostrate","PathToVictory"],"picked":"Crescendo","floor":3.0},{"not_picked":["Indignation","EmptyBody"],"picked":"Perseverance","floor":4.0},{"not_picked":["WindmillStrike","Weave"],"picked":"TalkToTheHand","floor":5.0},{"not_picked":["Tantrum","LikeWater"],"picked":"Consecrate","floor":7.0},{"not_picked":["ClearTheMind","JustLucky"],"picked":"Vault","floor":11.0},{"not_picked":["MasterReality","Alpha"],"picked":"Judgement","floor":16.0},{"not_picked":["PathToVictory+1","Fasting2"],"picked":"Swivel","floor":18.0},{"not_picked":["FlurryOfBlows","Prostrate","EmptyFist"],"picked":"SKIP","floor":19.0},{"not_picked":["Collect","FlurryOfBlows","BattleHymn"],"picked":"SKIP","floor":22.0},{"not_picked":["SignatureMove","JustLucky","FlyingSleeves+1"],"picked":"SKIP","floor":23.0},{"not_picked":["FlurryOfBlows","Vengeance"],"picked":"Halt","floor":25.0},{"not_picked":["FollowUp","Consecrate"],"picked":"EmptyMind+1","floor":27.0},{"not_picked":["Protect","Worship","Evaluate"],"picked":"SKIP","floor":28.0},{"not_picked":["Worship","Evaluate"],"picked":"Protect","floor":28.0},{"not_picked":["Consecrate","Halt","Evaluate"],"picked":"SKIP","floor":29.0},{"not_picked":["PathToVictory","CrushJoints","ClearTheMind"],"picked":"SKIP","floor":31.0},{"not_picked":["Blasphemy","Omniscience"],"picked":"Vault","floor":33.0},{"not_picked":["FlyingSleeves+1","Prostrate+1"],"picked":"WaveOfTheHand+1","floor":35.0},{"not_picked":["ThirdEye+1","Pray+1","EmptyMind+1"],"picked":"SKIP","floor":36.0},{"not_picked":["BowlingBash","Establishment"],"picked":"FollowUp","floor":40.0},{"not_picked":["ThirdEye+1","Worship+1","Perseverance+1"],"picked":"SKIP","floor":42.0},{"not_picked":["Crescendo+1","Worship+1","SignatureMove+1"],"picked":"SKIP","floor":44.0},{"not_picked":["Halt+1","ThirdEye+1","Sanctity+1"],"picked":"SKIP","floor":45.0},{"not_picked":["Prostrate+1","SashWhip","EmptyMind+1"],"picked":"SKIP","floor":48.0}],"player_experience":488653,"relics_obtained":[{"floor":7.0,"key":"Blood Vial"},{"floor":9.0,"key":"Lantern"},{"floor":11.0,"key":"Akabeko"},{"floor":23.0,"key":"Bottled Flame"},{"floor":25.0,"key":"TeardropLocket"},{"floor":26.0,"key":"Oddly Smooth Stone"},{"floor":27.0,"key":"Potion Belt"},{"floor":34.0,"key":"Ancient Tea Set"},{"floor":34.0,"key":"Toxic Egg 2"},{"floor":34.0,"key":"Thread and Needle"},{"floor":39.0,"key":"Turnip"},{"floor":40.0,"key":"StrikeDummy"},{"floor":43.0,"key":"White Beast Statue"},{"floor":45.0,"key":"CloakClasp"},{"floor":48.0,"key":"Dead Branch"}],"event_choices":[{"damage_healed":16.0,"max_hp_gain":0.0,"max_hp_loss":0.0,"gold_gain":0.0,"event_name":"Wheel of Change","player_choice":"Full Heal","floor":2.0,"gold_loss":0.0,"damage_taken":0.0},{"damage_healed":0.0,"max_hp_gain":0.0,"max_hp_loss":0.0,"gold_gain":0.0,"event_name":"Shining Light","player_choice":"Entered Light","floor":12.0,"gold_loss":0.0,"damage_taken":20.0,"cards_upgraded":["Defend_P","FlurryOfBlows"]},{"damage_healed":0.0,"max_hp_gain":0.0,"max_hp_loss":0.0,"gold_gain":0.0,"event_name":"Scrap Ooze","player_choice":"Fled","floor":14.0,"gold_loss":0.0,"damage_taken":0.0},{"damage_healed":0.0,"max_hp_gain":0.0,"max_hp_loss":0.0,"gold_gain":0.0,"cards_transformed":["Strike_P","Defend_P"],"event_name":"Drug Dealer","player_choice":"Became Test Subject","floor":20.0,"gold_loss":0.0,"damage_taken":0.0,"cards_obtained":["ConjureBlade","Omniscience"]},{"damage_healed":0.0,"max_hp_gain":0.0,"max_hp_loss":0.0,"gold_gain":100.0,"event_name":"The Joust","player_choice":"Bet on Murderer","floor":24.0,"gold_loss":50.0,"damage_taken":0.0},{"cards_removed":["Strike_P"],"damage_healed":0.0,"max_hp_gain":0.0,"max_hp_loss":0.0,"gold_gain":0.0,"event_name":"Beggar","player_choice":"Gave Gold","floor":30.0,"gold_loss":75.0,"damage_taken":0.0},{"cards_removed":["Strike_P"],"damage_healed":0.0,"max_hp_gain":0.0,"max_hp_loss":0.0,"gold_gain":0.0,"event_name":"Falling","player_choice":"Removed Attack","floor":37.0,"gold_loss":0.0,"damage_taken":0.0},{"damage_healed":0.0,"max_hp_gain":0.0,"max_hp_loss":0.0,"gold_gain":0.0,"event_name":"MindBloom","player_choice":"Fight","floor":39.0,"gold_loss":0.0,"damage_taken":0.0}],"is_beta":false,"boss_relics":[{"not_picked":["Empty Cage","HolyWater"],"picked":"Snecko Eye"},{"not_picked":["Busted Crown","Black Star"],"picked":"Calling Bell"}],"items_purged_floors":[21],"is_endless":false,"potions_floor_spawned":[3,5,11,16,22,23,28,31,33,35,39,44,45,48],"ascension_level":17}}