{"host":"5ddwedapke4fsx0r","time":1611787275,"event":{"mods":["BaseMod","Downfall","Infinite Spire","Minty Spire (QoL Compilation)","StSLib","The Dragon Tamer"],"gold_per_floor":[112,128,78,78,88,114,131,131,131,131,131,151,164,197,197,292,292,309,7,27,27,38,69,69,84,135,135,135,148,176,195,195,195,195,195],"floor_reached":33,"language":"ENG","playtime":2187,"items_purged":[],"score":299,"play_id":"7f0b154e-357f-4024-9c20-8d0ddd707017","local_time":"20210127234115","is_ascension_mode":false,"metric_token":403,"campfire_choices":[{"data":"DTMod:Observe","floor":8,"key":"SMITH"},{"floor":11,"key":"REST"},{"floor":15,"key":"REST"},{"floor":27,"key":"REST"},{"floor":32,"key":"REST"}],"dtmod_dragon_data":[0,50,3,-1,6,0],"circlet_count":0,"master_deck":["DTMod:Strike","DTMod:Strike","DTMod:Strike","DTMod:DoubleHit","DTMod:TargetDefense","DTMod:TargetDefense","DTMod:TargetDefense","DTMod:TargetDefense","DTMod:SwitchingTactic","DTMod:FlameSlash","DTMod:Training","DTMod:Observe+1","DTMod:ForkedFire","DTMod:Training","DTMod:ComboAttack","DTMod:LightShield","DTMod:RunningTactic","DTMod:Inferno","DTMod:BuildUp+1","RitualDagger","DTMod:BizarreTactic","DTMod:Observe","DTMod:RunningTactic+1"],"relics":["Singing Bowl","Letter Opener","DTMod:TacticalNote","SlaversCollar","Ice Cream","Nloth\u0027s Gift","White Beast Statue","MealTicket","Potion Belt"],"acts_visited":["Exordium","TheCity"],"potions_floor_usage":[7,14,14,29,30,33,33],"damage_taken":[{"damage":0,"enemies":"Cultist","floor":1,"turns":3},{"damage":0,"enemies":"Small Slimes","floor":2,"turns":3},{"damage":0,"enemies":"Jaw Worm","floor":5,"turns":6},{"damage":15,"enemies":"Lagavulin","floor":6,"turns":8},{"damage":0,"enemies":"Red Slaver","floor":7,"turns":5},{"damage":0,"enemies":"Lots of Slimes","floor":12,"turns":1},{"damage":0,"enemies":"2 Fungi Beasts","floor":13,"turns":3},{"damage":25,"enemies":"Gremlin Nob","floor":14,"turns":4},{"damage":29,"enemies":"The Guardian","floor":16,"turns":10},{"damage":0,"enemies":"Chosen","floor":18,"turns":4},{"damage":6,"enemies":"2 Thieves","floor":20,"turns":4},{"damage":4,"enemies":"Centurion and Healer","floor":22,"turns":7},{"damage":21,"enemies":"Gremlin Leader","floor":23,"turns":5},{"damage":0,"enemies":"3 Cultists","floor":25,"turns":3},{"damage":0,"enemies":"Snecko","floor":29,"turns":6},{"damage":27,"enemies":"Book of Stabbing","floor":30,"turns":4},{"damage":0,"enemies":"Cultist and Chosen","floor":31,"turns":6},{"damage":93,"enemies":"Automaton","floor":33,"turns":12}],"seed_played":"6501424660869877616","potions_obtained":[{"floor":6,"key":"Swift Potion"},{"floor":7,"key":"LiquidBronze"},{"floor":13,"key":"Dexterity Potion"},{"floor":16,"key":"Block Potion"},{"floor":20,"key":"SmokeBomb"},{"floor":25,"key":"GamblersBrew"},{"floor":29,"key":"bronze:BurnAndBuffPotion"},{"floor":30,"key":"FairyPotion"},{"floor":31,"key":"Block Potion"}],"is_trial":false,"path_per_floor":["M","M","?","T","M","E","M","R","T","$","R","M","M","E","R","B",null,"M","$","M","?","M","E","?","M","T","R","$","M","E","M","R","B"],"character_chosen":"THE_DT","items_purchased":["Ice Cream"],"campfire_rested":4,"item_purchase_floors":[19],"current_hp_per_floor":[45,45,45,45,45,30,30,30,30,30,43,45,45,22,36,7,49,49,49,45,45,41,20,14,14,14,29,44,44,17,19,34,0,0,0],"gold":195,"neow_bonus":"THREE_CARDS","is_daily":false,"chose_seed":false,"campfire_upgraded":1,"win_rate":0.0,"timestamp":1611787275,"path_taken":["M","?","?","?","M","E","?","R","T","$","R","M","M","E","R","BOSS","M","?","M","?","?","E","?","M","T","R","$","M","E","M","R","BOSS"],"items_purchased_type":["Relic"],"build_version":"2020-12-22","purchased_purges":0,"victory":false,"max_hp_per_floor":[45,45,45,45,45,45,45,45,45,45,45,47,47,49,49,49,49,49,49,51,51,51,51,51,51,51,51,51,51,51,53,53,53,53,53],"card_choices":[{"not_picked":["DTMod:CleansingStrike","DTMod:Conduct"],"picked":"DTMod:FlameSlash","floor":0},{"not_picked":["DTMod:TagTeam","DTMod:Punisher"],"picked":"DTMod:Training","floor":1},{"not_picked":["DTMod:Astonish","DTMod:Threaten"],"picked":"DTMod:Observe","floor":2},{"not_picked":["DTMod:SneakAttack","DTMod:Punisher","DTMod:LastStand"],"picked":"SKIP","floor":5},{"not_picked":["DTMod:Hide","DTMod:EchoTactic"],"picked":"DTMod:ForkedFire","floor":6},{"not_picked":["DTMod:FlameSlash","DTMod:MagicField"],"picked":"DTMod:Training","floor":7},{"not_picked":["DTMod:SneakAttack","DTMod:BurningForce","DTMod:DeepFocus"],"picked":"Singing Bowl","floor":12},{"not_picked":["DTMod:Hide","DTMod:MasterPlan"],"picked":"DTMod:ComboAttack","floor":13},{"not_picked":["DTMod:Dissolve","DTMod:Feint","DTMod:Haste"],"picked":"Singing Bowl","floor":14},{"not_picked":["DTMod:ExcessFootwork","DTMod:ShadowImage"],"picked":"DTMod:LightShield","floor":16},{"not_picked":["DTMod:Cover","DTMod:BreakAttack"],"picked":"DTMod:RunningTactic","floor":18},{"not_picked":["DTMod:DeepFocus+1","DTMod:Haste+1","DTMod:Punisher"],"picked":"Singing Bowl","floor":20},{"not_picked":["DTMod:Cover","DTMod:Adaptation"],"picked":"DTMod:Inferno","floor":22},{"not_picked":["DTMod:Dissolve","DTMod:DeepFocus+1"],"picked":"DTMod:BuildUp+1","floor":23},{"not_picked":["DTMod:RunningTactic+1","DTMod:MaximumCharge"],"picked":"DTMod:BizarreTactic","floor":25},{"not_picked":["DTMod:Hide","DTMod:FlameSlash+1"],"picked":"DTMod:Observe","floor":29},{"not_picked":["DTMod:SealedStrike","DTMod:SneakAttack"],"picked":"DTMod:RunningTactic+1","floor":30},{"not_picked":["DTMod:MagicField","DTMod:BreakAttack","DTMod:DarkBreath"],"picked":"Singing Bowl","floor":31}],"player_experience":452943,"relics_obtained":[{"floor":6,"key":"Singing Bowl"},{"floor":9,"key":"Letter Opener"},{"floor":14,"key":"DTMod:TacticalNote"},{"floor":23,"key":"White Beast Statue"},{"floor":26,"key":"MealTicket"},{"floor":30,"key":"Potion Belt"}],"event_choices":[{"cards_removed":["DTMod:Strike"],"damage_healed":0,"gold_gain":0,"player_choice":"Card Removal","damage_taken":0,"max_hp_gain":0,"max_hp_loss":0,"event_name":"The Cleric","floor":3,"gold_loss":50},{"damage_healed":0,"gold_gain":0,"player_choice":"Traded Relic","damage_taken":0,"relics_obtained":["Nloth\u0027s Gift"],"max_hp_gain":0,"max_hp_loss":0,"event_name":"N\u0027loth","floor":21,"relics_lost":["DTMod:PactStone"],"gold_loss":0},{"damage_healed":0,"gold_gain":0,"player_choice":"Joined the Cult","damage_taken":6,"max_hp_gain":0,"max_hp_loss":0,"event_name":"Nest","floor":24,"gold_loss":0,"cards_obtained":["RitualDagger"]}],"is_beta":false,"boss_relics":[{"not_picked":["Ectoplasm","Empty Cage"],"picked":"SlaversCollar"}],"items_purged_floors":[],"is_endless":false,"potions_floor_spawned":[6,7,13,16,20,25,29,30,31],"killed_by":"Automaton","ascension_level":0}}