{"host":"pgm1p3lvdjflie30","time":1611717645,"event":{"mods":["AchievementEnabler","Bard","BaseMod","Colored Map","Colored Powertips","Conspire","Dark Map","Energized Spire","Gremlin Mod","GungeonMod","HornydragonMod","Minty Spire (QoL Compilation)","Nova Terra(?娃·泰拉)","Reimu（博???）","Robot Space Explorer","SOS（斯巴?之子）","StSLib","The Bug Knight","The Dragon Tamer","The Gatherer","The IronCluck","The Jungle","The Runesmith","The Saiyan","The Senshi","The Servant 0.9.4","TheHeartMod","Waifu the Spire","【?物卡牌】REMEMod"],"gold_per_floor":[144,144,182,218,218,218,245,245,245,258,288,288,343,361,361,485,485,521,521,521],"floor_reached":19,"language":"ZHS","playtime":1306,"items_purged":[],"score":177,"play_id":"42b7709e-006b-4780-a3d6-d0d412f8cef0","local_time":"20210127112045","is_ascension_mode":false,"campfire_choices":[{"floor":6.0,"key":"RECALL"},{"floor":8.0,"key":"REST"},{"floor":15.0,"key":"REST"}],"circlet_count":0,"master_deck":["RobotSpaceExplorer:Strike","RobotSpaceExplorer:Strike","RobotSpaceExplorer:Strike","RobotSpaceExplorer:Strike","RobotSpaceExplorer:Defend","RobotSpaceExplorer:Defend","RobotSpaceExplorer:Defend","RobotSpaceExplorer:Defend","RobotSpaceExplorer:Scan","RobotSpaceExplorer:MiniLasers","Wish","RobotSpaceExplorer:SurgingStrike","Enlightenment","RobotSpaceExplorer:SurgingStrike","RobotSpaceExplorer:ToxicBomb","RobotSpaceExplorer:MiniDrones","RobotSpaceExplorer:ImprovisedAttack","RobotSpaceExplorer:ScrapMissile","Regret","RobotSpaceExplorer:SurgingShield","RobotSpaceExplorer:HighVoltage","RobotSpaceExplorer:ShockKick"],"relics":["RobotSpaceExplorer:RoboCore","REME_ComplimentaryCards","NeowsBlessing","DemoMod:LamentConfigurum","Strawberry","HollowMod:StagPassRelic","REME_HandOfSuture","SlaversCollar","Pocketwatch"],"acts_visited":["Exordium","TheCity"],"potions_floor_usage":[16,19],"damage_taken":[{"damage":3.0,"enemies":"Small Slimes","floor":1.0,"turns":2.0},{"damage":0.0,"enemies":"Cultist","floor":3.0,"turns":1.0},{"damage":2.0,"enemies":"conspire:RoseBush","floor":4.0,"turns":1.0},{"damage":22.0,"enemies":"Gremlin Nob","floor":7.0,"turns":4.0},{"damage":14.0,"enemies":"2 Fungi Beasts","floor":10.0,"turns":6.0},{"damage":29.0,"enemies":"Lagavulin","floor":11.0,"turns":9.0},{"damage":0.0,"enemies":"Blue Slaver","floor":14.0,"turns":1.0},{"damage":55,"enemies":"Slime Boss","floor":16,"turns":13},{"damage":30,"enemies":"Spheric Guardian","floor":18,"turns":7},{"damage":52,"enemies":"Snake Plant","floor":19,"turns":5}],"seed_played":"-3819633804775117505","potions_obtained":[{"floor":7.0,"key":"Regen Potion"},{"floor":11.0,"key":"ZuzhouPotion:ReiMu"},{"floor":14.0,"key":"SpeedPotion"},{"floor":16,"key":"SteroidPotion"}],"is_trial":false,"path_per_floor":["M","?","M","M","?","R","E","R","T","M","E","?","T","M","R","B",null,"M","M"],"character_chosen":"RobotSpaceExplorer","items_purchased":[],"campfire_rested":2,"item_purchase_floors":[],"current_hp_per_floor":[72,72,72,70,70,70,48,70,70,62,40,40,40,40,64,9,82,52,0,0],"gold":521,"neow_bonus":"THREE_ENEMY_KILL","is_daily":false,"chose_seed":false,"campfire_upgraded":0,"win_rate":0.0,"timestamp":1611717645,"path_taken":["M","?","?","M","?","R","E","R","T","M","E","?","?","M","R","BOSS","M","?"],"items_purchased_type":[],"build_version":"2020-12-22","purchased_purges":0,"victory":false,"max_hp_per_floor":[75,75,75,75,75,75,75,75,75,75,82,82,82,82,82,82,82,82,82,82],"card_choices":[{"not_picked":["RobotSpaceExplorer:ShovelStrike","RobotSpaceExplorer:SwiftStep"],"picked":"RobotSpaceExplorer:SurgingStrike","floor":1.0},{"not_picked":["RobotSpaceExplorer:PowerGlove","RobotSpaceExplorer:GlueSpray"],"picked":"RobotSpaceExplorer:SurgingStrike","floor":3.0},{"not_picked":["RobotSpaceExplorer:Counterblock","RobotSpaceExplorer:Reload"],"picked":"RobotSpaceExplorer:ToxicBomb","floor":4.0},{"not_picked":["RobotSpaceExplorer:FranticSearch","RobotSpaceExplorer:MetalStrike"],"picked":"RobotSpaceExplorer:MiniDrones","floor":7.0},{"not_picked":["RobotSpaceExplorer:PowerGlove","RobotSpaceExplorer:SwiftStep"],"picked":"RobotSpaceExplorer:ImprovisedAttack","floor":10.0},{"not_picked":["RobotSpaceExplorer:Ammunition","RobotSpaceExplorer:Smokescreen"],"picked":"RobotSpaceExplorer:ScrapMissile","floor":11.0},{"not_picked":["RobotSpaceExplorer:PowerGlove","RobotSpaceExplorer:Counterblock"],"picked":"RobotSpaceExplorer:SurgingShield","floor":14.0},{"not_picked":["RobotSpaceExplorer:Autoloader","RobotSpaceExplorer:ShockMissile"],"picked":"RobotSpaceExplorer:HighVoltage","floor":16},{"not_picked":["RobotSpaceExplorer:LaserBurst","RobotSpaceExplorer:MetalStrike"],"picked":"RobotSpaceExplorer:ShockKick","floor":18}],"player_experience":301997,"relics_obtained":[{"floor":7.0,"key":"DemoMod:LamentConfigurum"},{"floor":11.0,"key":"Strawberry"},{"floor":13.0,"key":"REME_HandOfSuture"}],"event_choices":[{"damage_healed":0.0,"max_hp_gain":0.0,"max_hp_loss":0.0,"gold_gain":0.0,"event_name":"Match and Keep!","player_choice":"1 cards matched","floor":2.0,"gold_loss":0.0,"damage_taken":0.0,"cards_obtained":["Enlightenment"]},{"damage_healed":0.0,"max_hp_gain":0.0,"max_hp_loss":0.0,"gold_gain":0.0,"event_name":"conspire:Investor","player_choice":"Leave","floor":5.0,"gold_loss":0.0,"damage_taken":0.0},{"damage_healed":0.0,"max_hp_gain":0.0,"max_hp_loss":0.0,"gold_gain":0.0,"event_name":"Big Fish","player_choice":"Box","floor":12.0,"gold_loss":0.0,"damage_taken":0.0,"relics_obtained":["HollowMod:StagPassRelic"],"cards_obtained":["Regret"]}],"is_beta":false,"boss_relics":[{"not_picked":["Runic Dome","energizedSpire:EnergizedDie"],"picked":"SlaversCollar"}],"items_purged_floors":[],"is_endless":false,"potions_floor_spawned":[7,11,14,16],"killed_by":"Snake Plant","ascension_level":0}}