{"host":"wn5psrz55l2vtftw","time":1611714935,"event":{"mods":["BaseMod","Colored Powertips","Good Game Mod","Minty Spire (QoL Compilation)","Relic Filter Mod","Spicy Shops","StSLib","UnlockEverythingMod"],"gold_per_floor":[111,36,46,46,57,57,90,90,136,150,169,169,169,444,444,539,539,554,554,566,157,157,157,157,157,157,157,171,171,199,215,215,316,316,326,114,114,132,1149,1149,1149,1149,1149,1149,1149,479,517,86,86,86],"floor_reached":51,"language":"ZHS","playtime":2373,"items_purged":["Prepared","Infinite Blades","Deadly Poison","Normality","Normality","Bane+1"],"score":961,"play_id":"c9db1ca5-cce3-49f2-8083-0069d7dc9563","local_time":"20210127103535","daily_mods":["SealedDeck","Vintage","Heirloom","Time Dilation","Flight"],"is_ascension_mode":true,"campfire_choices":[{"data":"Dagger Spray","floor":6,"key":"SMITH"},{"data":"Mayhem","floor":12,"key":"SMITH"},{"data":"Distraction","floor":13,"key":"SMITH"},{"data":"Sucker Punch","floor":15,"key":"SMITH"},{"data":"Noxious Fumes","floor":23,"key":"SMITH"},{"data":"Noxious Fumes","floor":24,"key":"SMITH"},{"data":"Tools of the Trade","floor":25,"key":"SMITH"},{"data":"Deep Breath","floor":27,"key":"SMITH"},{"data":"Poisoned Stab","floor":32,"key":"SMITH"},{"data":"Flash of Steel","floor":40,"key":"SMITH"},{"data":"Venomology","floor":41,"key":"SMITH"},{"data":"Prepared","floor":42,"key":"SMITH"},{"floor":49,"key":"RECALL"}],"circlet_count":0,"master_deck":["Underhanded Strike+1","Prepared+1","Distraction+1","Escape Plan","Sucker Punch+1","Dagger Spray+1","Mayhem+1","Tools of the Trade+1","Noxious Fumes+1","Deep Breath+1","Noxious Fumes+1","Poisoned Stab+1","Venomology+1","Flash of Steel+1","Catalyst","Poisoned Stab"],"relics":["Ring of the Snake","REME:ComplimentaryCards","Prayer Wheel","Lantern","Shuriken","GremlinMask","Bag of Preparation","Bag of Marbles","WarpedTongs","Ancient Tea Set","Sundial","PreservedInsect","Empty Cage","Pear","Unceasing Top","DollysMirror","Pen Nib","Ginger","Ninja Scroll","MealTicket","Orichalcum","Philosopher\u0027s Stone","CeramicFish","Akabeko","Kunai","Potion Belt","Tough Bandages","Whetstone","PrismaticShard"],"acts_visited":["Exordium","TheCity","TheBeyond"],"potions_floor_usage":[16,35,38,50],"damage_taken":[{"damage":0,"enemies":"Small Slimes","floor":1,"turns":3},{"damage":0,"enemies":"Cultist","floor":3,"turns":2},{"damage":4,"enemies":"2 Louse","floor":5,"turns":2},{"damage":13,"enemies":"Lagavulin","floor":7,"turns":3},{"damage":4,"enemies":"Gremlin Gang","floor":10,"turns":1},{"damage":6,"enemies":"Large Slime","floor":11,"turns":2},{"damage":34,"enemies":"Hexaghost","floor":16,"turns":4},{"damage":8,"enemies":"Chosen","floor":18,"turns":2},{"damage":12,"enemies":"3 Byrds","floor":20,"turns":3},{"damage":0,"enemies":"Shelled Parasite and Fungi","floor":28,"turns":1},{"damage":0,"enemies":"Slavers","floor":30,"turns":1},{"damage":0,"enemies":"Snake Plant","floor":31,"turns":1},{"damage":4,"enemies":"Automaton","floor":33,"turns":4},{"damage":13,"enemies":"3 Shapes","floor":35,"turns":1},{"damage":0,"enemies":"Orb Walker","floor":38,"turns":1},{"damage":0,"enemies":"Giant Head","floor":47,"turns":2},{"damage":12,"enemies":"Awakened One","floor":50,"turns":3}],"seed_played":"-5798557177795360772","potions_obtained":[{"floor":3,"key":"Dexterity Potion"},{"floor":11,"key":"Regen Potion"},{"floor":16,"key":"FairyPotion"},{"floor":20,"key":"Regen Potion"},{"floor":28,"key":"Swift Potion"},{"floor":38,"key":"SpeedPotion"},{"floor":47,"key":"EssenceOfSteel"}],"is_trial":true,"path_per_floor":["M","$","M","?","M","R","E","?","T","M","M","R","R","?","R","B",null,"M","?","M","$","?","R","R","R","T","R","M","?","E","M","R","B",null,"M","$","?","M","?","R","R","R","T","?","T","$","E","$","R","B",null],"character_chosen":"THE_SILENT","items_purchased":["Noxious Fumes","Deep Breath","DollysMirror","Flash of Steel","Catalyst","Potion Belt","Whetstone","PrismaticShard"],"campfire_rested":0,"item_purchase_floors":[21,21,21,36,46,46,48,48],"current_hp_per_floor":[70,70,70,70,66,66,53,53,53,49,43,43,43,43,43,18,70,72,72,60,60,60,60,60,60,60,60,60,60,60,60,60,56,80,67,80,80,80,80,80,80,80,80,80,80,80,80,80,80,68],"gold":86,"neow_bonus":"","is_daily":false,"chose_seed":false,"campfire_upgraded":12,"win_rate":0.0,"timestamp":1611714935,"path_taken":["M","$","M","?","?","R","E","?","T","M","?","R","R","?","R","BOSS","M","?","?","$","?","R","R","R","T","R","?","?","E","M","R","BOSS","M","?","?","?","?","R","R","R","T","?","?","$","E","$","R","BOSS"],"items_purchased_type":["Card","Card","Relic","Card","Card","Relic","Relic","Relic"],"build_version":"2020-12-22","purchased_purges":6,"victory":true,"max_hp_per_floor":[70,70,70,70,70,70,70,70,70,70,70,70,70,70,70,70,70,80,80,80,80,80,80,80,80,80,80,80,80,80,80,80,80,80,80,80,80,80,80,80,80,80,80,80,80,80,80,80,80,80],"card_choices":[{"not_picked":["Riddle With Holes","Outmaneuver"],"picked":"Bane","floor":7},{"not_picked":["Grand Finale","Malaise"],"picked":"Tools of the Trade","floor":16},{"not_picked":["Dagger Spray+1","Well Laid Plans"],"picked":"Poisoned Stab","floor":30},{"not_picked":["Unload","Malaise"],"picked":"Venomology","floor":33},{"not_picked":["Sucker Punch","Eviscerate"],"picked":"Poisoned Stab","floor":47}],"player_experience":75151,"relics_obtained":[{"floor":1,"key":"Lantern"},{"floor":3,"key":"Shuriken"},{"floor":5,"key":"Bag of Preparation"},{"floor":7,"key":"Bag of Marbles"},{"floor":9,"key":"Ancient Tea Set"},{"floor":10,"key":"Sundial"},{"floor":11,"key":"PreservedInsect"},{"floor":18,"key":"Pear"},{"floor":20,"key":"Unceasing Top"},{"floor":22,"key":"Pen Nib"},{"floor":26,"key":"Ginger"},{"floor":28,"key":"Ninja Scroll"},{"floor":30,"key":"MealTicket"},{"floor":31,"key":"Orichalcum"},{"floor":35,"key":"CeramicFish"},{"floor":38,"key":"Akabeko"},{"floor":43,"key":"Kunai"},{"floor":47,"key":"Tough Bandages"}],"event_choices":[{"damage_healed":0,"gold_gain":0,"player_choice":"Trade","damage_taken":0,"relics_obtained":["GremlinMask"],"max_hp_gain":0,"max_hp_loss":0,"event_name":"FaceTrader","floor":4,"gold_loss":0},{"damage_healed":0,"gold_gain":0,"player_choice":"Rummage","damage_taken":0,"relics_obtained":["WarpedTongs"],"max_hp_gain":0,"max_hp_loss":0,"event_name":"Accursed Blacksmith","floor":8,"gold_loss":0,"cards_obtained":["Pain"]},{"damage_healed":0,"gold_gain":275,"player_choice":"Desecrate","damage_taken":0,"max_hp_gain":0,"max_hp_loss":0,"event_name":"Golden Shrine","floor":14,"gold_loss":0,"cards_obtained":["Regret"]},{"cards_removed":["Expertise"],"damage_healed":0,"gold_gain":0,"player_choice":"Purged","damage_taken":0,"max_hp_gain":0,"max_hp_loss":0,"event_name":"Purifier","floor":19,"gold_loss":0},{"damage_healed":0,"gold_gain":0,"player_choice":"Relic","damage_taken":0,"max_hp_gain":0,"max_hp_loss":0,"event_name":"Wheel of Change","floor":22,"gold_loss":0},{"damage_healed":0,"gold_gain":0,"player_choice":"Bought 0 Potions","damage_taken":0,"max_hp_gain":0,"max_hp_loss":0,"event_name":"The Woman in Blue","floor":29,"gold_loss":0},{"damage_healed":0,"gold_gain":0,"player_choice":"Ignored","damage_taken":0,"max_hp_gain":0,"max_hp_loss":0,"event_name":"NoteForYourself","floor":37,"gold_loss":0},{"damage_healed":0,"gold_gain":999,"player_choice":"Gold","damage_taken":0,"max_hp_gain":0,"max_hp_loss":0,"event_name":"MindBloom","floor":39,"gold_loss":0,"cards_obtained":["Normality","Normality"]},{"damage_healed":0,"gold_gain":0,"player_choice":"Ignored","damage_taken":0,"max_hp_gain":0,"max_hp_loss":0,"event_name":"Tomb of Lord Red Mask","floor":44,"gold_loss":0}],"is_beta":false,"boss_relics":[{"not_picked":["Black Star","Coffee Dripper"],"picked":"Empty Cage"},{"not_picked":["SacredBark","Sozu"],"picked":"Philosopher\u0027s Stone"}],"items_purged_floors":[2,21,36,46,46,48],"is_endless":false,"potions_floor_spawned":[3,11,16,20,28,31,38,47],"ascension_level":2}}