{"host":"xjs3b8lu14idcd3l","time":1611745303,"event":{"mods":["Act Like it!","BaseMod","CapriCore","Friendly Minions","Gensokyo","Kiyohime£®«Âºß£©","Koishi","Marisa£®ÏF”Í°°ƒß¿Ì…≥£©","Minty Spire (QoL Compilation)","Prisma Mod","Reimu£®≤©¿ˆ¡È√Œ£©","Remilia£®¿Ÿ√◊¿Ú—«£©","Replay The Spire","StSLib","The Administrix","The Immortal","The Servant 0.9.4","Youmu£®ªÍ∆«—˝√Œ£©","Yuyuko"],"gold_per_floor":[112,112,112,123,5,5,38,116,193,223,239,239,253,285,285,381,381,399,359,78,78,98,133,133,165,189,235,258,258,319,319,319,452,452,503,503,503,533,559,612,646,672,672,736,736,830,830,918,918,966,966,966,14,95,143],"floor_reached":56,"language":"ZHS","playtime":3015,"items_purged":["TricksterDevil","Defend_RM"],"score":1301,"play_id":"c4a83cd5-8072-4435-9acd-261708b378c4","local_time":"20210127190143","is_ascension_mode":true,"campfire_choices":[{"data":"DiffusionOfMisfortune","floor":6.0,"key":"SMITH"},{"data":"ScarletImprint","floor":12.0,"key":"SMITH"},{"data":"BombardNight","floor":15.0,"key":"SMITH"},{"data":"TricksterDevil","floor":24,"key":"SMITH"},{"data":"QueenOfMidnight","floor":29,"key":"SMITH"},{"floor":32,"key":"RECALL"},{"data":"DemonKingCradle","floor":49,"key":"SMITH"},{"data":"ScarletDevilSign","floor":52,"key":"SMITH"}],"circlet_count":0,"master_deck":["Strike_RM","Strike_RM+1","Strike_RM","Strike_RM+1","Defend_RM","Defend_RM","Defend_RM","RedMoon+1","ScarletShoot+1","DiffusionOfMisfortune+1","TricksterDevil+1","ScarletImprint+1","CharismaGuard","CharismaGuard+1","ScarletDevilSign+1","CeilingFear+1","ZunPunch:ReiMu+1","CeilingFear+1","Shame","QueenOfMidnight+1","CharismaGuard","Pride","DemonKingCradle+1","Pain","Parasite","BloodyHallows+1","FitfulNightmare"],"relics":["ScarletHat","Replay:Bottled Eggs","Torii","InkBottle","Toxic Egg 2","Pen Nib","Shuriken","Runic Dome","DollysMirror","Pocketwatch","FairyMaid","Ice Cream","Replay:Bandana","Eternal Feather","GreatHeart","Black Star","WarpedTongs","Whetstone","Ancient Tea Set","Juzu Bracelet","Lizard Tail","MealTicket","Smiling Mask","The Courier","FossilizedHelix","Bronze Scales","Lantern","Happy Flower","Replay:Rubber Ducky","Mercury Hourglass","Replay:Baseball","Akabeko","CrazyTorch:ReiMu","Anchor","ReplayFunnel","Centennial Puzzle"],"acts_visited":["Exordium","TheCity","TheBeyond","TheEnding"],"potions_floor_usage":[23,25,33,33,41,48,48,50,50],"damage_taken":[{"damage":1.0,"enemies":"Cultist","floor":1.0,"turns":3.0},{"damage":0.0,"enemies":"2 Louse","floor":4.0,"turns":3.0},{"damage":8.0,"enemies":"Gremlin Nob","floor":7.0,"turns":5.0},{"damage":16.0,"enemies":"Lagavulin","floor":10.0,"turns":8.0},{"damage":0.0,"enemies":"Jaw Worm","floor":11.0,"turns":5.0},{"damage":1.0,"enemies":"3 Louse","floor":13.0,"turns":5.0},{"damage":2.0,"enemies":"3 Sentries","floor":14.0,"turns":4.0},{"damage":8.0,"enemies":"Fading Forest","floor":16.0,"turns":11.0},{"damage":0,"enemies":"Spheric Guardian","floor":18,"turns":5},{"damage":1,"enemies":"Chosen","floor":22,"turns":4},{"damage":0,"enemies":"Book of Stabbing","floor":23,"turns":2},{"damage":11,"enemies":"Slavers","floor":25,"turns":4},{"damage":0,"enemies":"Snecko","floor":27,"turns":2},{"damage":8,"enemies":"Book of Stabbing","floor":30,"turns":3},{"damage":8,"enemies":"Champ","floor":33,"turns":4},{"damage":12,"enemies":"3 Darklings","floor":35,"turns":3},{"damage":16,"enemies":"3 Shapes","floor":38,"turns":4},{"damage":43,"enemies":"Writhing Mass","floor":39,"turns":5},{"damage":6,"enemies":"Nemesis","floor":40,"turns":5},{"damage":24,"enemies":"Transient","floor":41,"turns":5},{"damage":12,"enemies":"Reptomancer","floor":44,"turns":6},{"damage":43,"enemies":"2 Orb Walkers","floor":46,"turns":4},{"damage":24,"enemies":"Giant Head","floor":48,"turns":4},{"damage":15,"enemies":"Replay:Hell Engine","floor":50,"turns":4},{"damage":2,"enemies":"Shield and Spear","floor":54,"turns":3},{"damage":60,"enemies":"The Heart","floor":55,"turns":6}],"seed_played":"4154396757077667430","potions_obtained":[{"floor":4.0,"key":"Adrenaline Potion"},{"floor":7.0,"key":"Block Potion"},{"floor":10.0,"key":"Doom Potion"},{"floor":11.0,"key":"Strength Potion"},{"floor":25,"key":"BlessingOfTheForge"},{"floor":27,"key":"PowerPotion"},{"floor":30,"key":"PowerPotion"},{"floor":33,"key":"PowerPotion"},{"floor":35,"key":"ZuzhouPotion:ReiMu"},{"floor":41,"key":"PowerPotion"},{"floor":44,"key":"PowerPotion"},{"floor":48,"key":"Fire Potion"},{"floor":48,"key":"SteroidPotion"}],"is_trial":false,"path_per_floor":["M","?","?","M","$","R","E","T","T","E","M","R","M","E","R","B",null,"M","?","$","?","M","E","R","E","T","M","T","R","E","?","R","B",null,"M","?","?","M","M","E","M","T","T","E","T","?","?","E","R","B",null,"R","$","E","B",null],"character_chosen":"REMILIA","items_purchased":["TricksterDevil","SteroidPotion","DollysMirror","Replay:Rubber Ducky","Mercury Hourglass","Replay:Baseball","Akabeko","CrazyTorch:ReiMu","Anchor"],"campfire_rested":0,"item_purchase_floors":[5,20,20,53,53,53,53,53,53],"current_hp_per_floor":[81,78,78,78,78,78,76,76,76,61,64,64,65,63,63,64,82,82,82,82,82,82,82,82,75,75,79,79,79,72,72,82,82,82,73,73,73,60,64,76,82,82,82,81,81,44,44,82,82,82,82,82,82,82,82],"gold":143,"neow_bonus":"TEN_PERCENT_HP_BONUS","is_daily":false,"chose_seed":false,"campfire_upgraded":7,"win_rate":0.0,"timestamp":1611745303,"path_taken":["M","?","?","?","$","R","E","?","T","E","M","R","M","E","R","BOSS","M","?","$","?","M","E","R","E","T","M","?","R","E","?","R","BOSS","M","?","?","?","M","E","M","?","T","E","?","?","?","E","R","BOSS","R","$","E","BOSS"],"items_purchased_type":["Card","Potion","Relic","Relic","Relic","Relic","Relic","Relic","Relic"],"build_version":"2020-12-22","purchased_purges":2,"victory":true,"max_hp_per_floor":[82,82,82,82,82,82,82,82,82,82,82,82,82,82,82,82,82,82,82,82,82,82,82,82,82,82,82,82,82,82,82,82,82,82,82,82,82,82,82,82,82,82,82,82,82,82,82,82,82,82,82,82,82,82,82],"card_choices":[{"not_picked":["StarOfDavid","Maim","EndlessAdversity"],"picked":"SKIP","floor":1.0},{"not_picked":["EndlessAdversity","BloodyCatastrophe"],"picked":"DiffusionOfMisfortune","floor":4.0},{"not_picked":["BadLadyScramble","Septette"],"picked":"BombardNight","floor":7.0},{"not_picked":["Stigmanizer","VampireKiss"],"picked":"ScarletImprint","floor":10.0},{"not_picked":["SuperhumanBloodyKnife","BloodHunter+1"],"picked":"CharismaGuard","floor":11.0},{"not_picked":["RedMagic+1","NightDance"],"picked":"CharismaGuard","floor":13.0},{"not_picked":["EmergencyRegeneration+1","ReincarnationDial+1"],"picked":"ScarletDevilSign","floor":14.0},{"not_picked":["ChaoticDestiny+1","KillingBlow"],"picked":"CeilingFear+1","floor":16.0},{"not_picked":["StarOfDavid","BlasphemousPunishment+1","Ultimatum+1"],"picked":"SKIP","floor":18},{"not_picked":["BombardNight+1","StarOfDavid","ReincarnationDial+1"],"picked":"SKIP","floor":22},{"not_picked":["ScarletDevil","EndlessAdversity"],"picked":"QueenOfMidnight","floor":23},{"not_picked":["ScarletImprint","VampireKiss"],"picked":"CharismaGuard","floor":25},{"not_picked":["Stigmanizer","CharismaGuard","StarOfDavid+1"],"picked":"SKIP","floor":27},{"not_picked":["BloodyMagicSquare+1","Ultimatum","Stigmanizer"],"picked":"SKIP","floor":30},{"not_picked":["ScarletMeister","QueenOfMidnight"],"picked":"DemonKingCradle","floor":33},{"not_picked":["BloodHunter+1","ScarletNetherworld+1","DiffusionOfMisfortune"],"picked":"SKIP","floor":35},{"not_picked":["VampireKiss","Septette+1","RedRainbow+1"],"picked":"SKIP","floor":38},{"not_picked":["EternalNight+1","CharismaGuard","VampireKiss"],"picked":"SKIP","floor":39},{"not_picked":["ScarletDevil","ScarletImprint","BombardNight"],"picked":"SKIP","floor":40},{"not_picked":["VampirishNight+1","DiffusionOfMisfortune","ScarletDevil"],"picked":"SKIP","floor":41},{"not_picked":["MillenniumVampire+1","MastersStateliness+1"],"picked":"BloodyHallows+1","floor":44},{"not_picked":["BadLadyScramble+1","BlasphemousPunishment+1","FavorOfDestiny+1"],"picked":"SKIP","floor":48},{"not_picked":["StarOfDavid","VampireKiss+1"],"picked":"FitfulNightmare","floor":54}],"player_experience":181206,"relics_obtained":[{"floor":7.0,"key":"Torii"},{"floor":8.0,"key":"InkBottle"},{"floor":9.0,"key":"Toxic Egg 2"},{"floor":10.0,"key":"Pen Nib"},{"floor":14.0,"key":"Shuriken"},{"floor":23,"key":"FairyMaid"},{"floor":25,"key":"Ice Cream"},{"floor":26,"key":"Replay:Bandana"},{"floor":30,"key":"Eternal Feather"},{"floor":40,"key":"Whetstone"},{"floor":40,"key":"Ancient Tea Set"},{"floor":42,"key":"Juzu Bracelet"},{"floor":43,"key":"Lizard Tail"},{"floor":44,"key":"MealTicket"},{"floor":44,"key":"Smiling Mask"},{"floor":45,"key":"The Courier"},{"floor":46,"key":"FossilizedHelix"},{"floor":48,"key":"Bronze Scales"},{"floor":48,"key":"Lantern"},{"floor":48,"key":"Happy Flower"},{"floor":54,"key":"ReplayFunnel"},{"floor":54,"key":"Centennial Puzzle"}],"event_choices":[{"damage_healed":0.0,"max_hp_gain":0.0,"max_hp_loss":0.0,"gold_gain":0.0,"event_name":"Scrap Ooze","player_choice":"Success","floor":2.0,"gold_loss":0.0,"damage_taken":3.0,"relics_obtained":["Replay:Bottled Eggs"]},{"damage_healed":0.0,"max_hp_gain":0.0,"max_hp_loss":0.0,"gold_gain":0.0,"event_name":"Upgrade Shrine","player_choice":"Upgraded","floor":3.0,"gold_loss":0.0,"damage_taken":0.0,"cards_upgraded":["ScarletShoot"]},{"damage_healed":0,"gold_gain":0,"player_choice":"Ωª≥ˆ…Òæ∆","damage_taken":0,"max_hp_gain":0,"max_hp_loss":0,"event_name":"ZunEvent","floor":19,"relics_lost":["ZunR:ReiMu"],"gold_loss":0,"cards_obtained":["ZunPunch:ReiMu"]},{"damage_healed":0,"gold_gain":0,"player_choice":"Stole Relic","damage_taken":0,"relics_obtained":["Pocketwatch"],"max_hp_gain":0,"max_hp_loss":0,"event_name":"Addict","floor":21,"gold_loss":0,"cards_obtained":["Shame"]},{"cards_removed":["BombardNight"],"damage_healed":0,"gold_gain":0,"player_choice":"Removed Attack","damage_taken":0,"max_hp_gain":0,"max_hp_loss":0,"event_name":"Falling","floor":36,"gold_loss":0},{"damage_healed":0,"gold_gain":0,"player_choice":"Rummage","damage_taken":0,"relics_obtained":["WarpedTongs"],"max_hp_gain":0,"max_hp_loss":0,"event_name":"Accursed Blacksmith","floor":37,"gold_loss":0,"cards_obtained":["Pain"]},{"damage_healed":0,"gold_gain":0,"player_choice":"Fight","damage_taken":0,"max_hp_gain":0,"max_hp_loss":0,"event_name":"Mysterious Sphere","floor":46,"gold_loss":0},{"damage_healed":0,"gold_gain":0,"player_choice":"Bought 0 Potions","damage_taken":0,"max_hp_gain":0,"max_hp_loss":0,"event_name":"The Woman in Blue","floor":47,"gold_loss":0}],"is_beta":false,"boss_relics":[{"not_picked":["Astrolabe","Painkiller Herb"],"picked":"Runic Dome"},{"not_picked":["Philosopher\u0027s Stone","Replay:Drink Me"],"picked":"Black Star"}],"items_purged_floors":[20,53],"is_endless":false,"potions_floor_spawned":[4,7,10,11,25,27,30,33,35,40,41,44,46,48],"ascension_level":1}}