{"host":"vhvubw4jk4f204qs","time":1611712500,"event":{"mods":["AchievementEnabler","BaseMod","DeckTracker","GifTheSpireLib","Minty Spire (QoL Compilation)","Permanent Neow","Quick Restart","StSLib","SuperFastMode","The IronCluck","slay the spire mod where everything is the same but ironclad has a cowboy hat"],"gold_per_floor":[118,134,146,36,1,32,32,43,43,59,59,134,166,179,179,280,330,345,358,358,368,385,415,443,485,523,19,19,29,46,64,64,166,166,176,193,193,212,212,212,230,230,310,327,327,339,6,26,26,26],"floor_reached":51,"language":"ENG","playtime":2714,"items_purged":["Strike_R","Strike_R","Strike_R"],"score":782,"play_id":"c84cef3d-3a39-40ee-b812-1adfe95ff969","local_time":"20210126205500","is_ascension_mode":false,"campfire_choices":[{"data":"Feed","floor":7,"key":"SMITH"},{"data":"Inflame","floor":11,"key":"SMITH"},{"data":"Pommel Strike","floor":15,"key":"SMITH"},{"floor":32,"key":"REST"},{"data":"Limit Break","floor":40,"key":"SMITH"},{"data":"Limit Break","floor":42,"key":"SMITH"},{"data":"Chrysalis","floor":49,"key":"SMITH"}],"circlet_count":0,"master_deck":["Strike_R+1","Defend_R","Defend_R","Defend_R","Defend_R","Bash","Feed+1","Shrug It Off","Pommel Strike+1","Inflame+1","Headbutt","Twin Strike","Disarm","Cleave","Feed","Inflame","RitualDagger","Sword Boomerang","Fiend Fire","Limit Break+1","Limit Break+1","Battle Trance","Whirlwind+1","Chrysalis+1","Heavy Blade+1"],"relics":["Burning Blood","Lizard Tail","Ginger","FossilizedHelix","Tiny House","MawBank","Boot","Red Skull","Singing Bowl","Frozen Eye","Coffee Dripper","Lantern","Meat on the Bone"],"acts_visited":["Exordium","TheCity","TheBeyond"],"potions_floor_usage":[3,13,16,16,18,19,19,21,23,23,25,30,36,38,44,44,48,48,50],"damage_taken":[{"damage":1,"enemies":"Cultist","floor":1,"turns":3},{"damage":7,"enemies":"2 Louse","floor":2,"turns":3},{"damage":3,"enemies":"Jaw Worm","floor":3,"turns":3},{"damage":29,"enemies":"Lagavulin","floor":6,"turns":6},{"damage":2,"enemies":"3 Louse","floor":8,"turns":3},{"damage":7,"enemies":"Red Slaver","floor":10,"turns":4},{"damage":36,"enemies":"3 Sentries","floor":13,"turns":6},{"damage":15,"enemies":"Gremlin Gang","floor":14,"turns":3},{"damage":2,"enemies":"Slime Boss","floor":16,"turns":6},{"damage":5,"enemies":"Chosen","floor":18,"turns":4},{"damage":14,"enemies":"2 Thieves","floor":19,"turns":3},{"damage":16,"enemies":"Chosen and Byrds","floor":21,"turns":6},{"damage":33,"enemies":"Cultist and Chosen","floor":22,"turns":6},{"damage":50,"enemies":"Gremlin Leader","floor":23,"turns":8},{"damage":42,"enemies":"Shelled Parasite and Fungi","floor":24,"turns":11},{"damage":44,"enemies":"Book of Stabbing","floor":25,"turns":7},{"damage":20,"enemies":"Snake Plant","floor":29,"turns":4},{"damage":2,"enemies":"Cultist and Chosen","floor":30,"turns":6},{"damage":5,"enemies":"Centurion and Healer","floor":31,"turns":7},{"damage":105,"enemies":"Collector","floor":33,"turns":10},{"damage":24,"enemies":"3 Shapes","floor":35,"turns":4},{"damage":49,"enemies":"3 Darklings","floor":36,"turns":4},{"damage":25,"enemies":"Transient","floor":38,"turns":5},{"damage":0,"enemies":"Maw","floor":41,"turns":4},{"damage":14,"enemies":"Jaw Worm Horde","floor":44,"turns":3},{"damage":31,"enemies":"4 Shapes","floor":46,"turns":5},{"damage":0,"enemies":"Spire Growth","floor":48,"turns":2},{"damage":55,"enemies":"Time Eater","floor":50,"turns":6}],"seed_played":"-1507435911085684679","potions_obtained":[{"floor":1,"key":"Fruit Juice"},{"floor":6,"key":"Swift Potion"},{"floor":8,"key":"CultistPotion"},{"floor":13,"key":"BlessingOfTheForge"},{"floor":16,"key":"Energy Potion"},{"floor":17,"key":"EntropicBrew"},{"floor":21,"key":"Strength Potion"},{"floor":22,"key":"Weak Potion"},{"floor":24,"key":"Fire Potion"},{"floor":29,"key":"EssenceOfSteel"},{"floor":33,"key":"DuplicationPotion"},{"floor":36,"key":"Regen Potion"},{"floor":38,"key":"AttackPotion"},{"floor":41,"key":"Block Potion"}],"is_trial":false,"path_per_floor":["M","M","M","$","?","E","R","M","T","M","R","?","E","M","R","B",null,"M","M","?","M","M","E","M","E","T","$","?","M","M","M","R","B",null,"M","M","?","M","?","R","M","R","T","M","?","M","$","M","R","B",null],"character_chosen":"IRONCLAD","items_purchased":["Inflame","Singing Bowl","Frozen Eye","LiquidMemories","DuplicationPotion","AttackPotion"],"campfire_rested":1,"item_purchase_floors":[4,27,27,47,47,47],"current_hp_per_floor":[64,66,77,77,94,74,74,82,82,85,85,74,48,43,43,51,122,126,122,116,106,82,41,46,12,12,12,12,74,83,89,135,36,155,143,102,102,98,98,98,106,106,106,105,99,93,93,101,101,64],"gold":26,"neow_bonus":"THREE_RARE_CARDS","is_daily":false,"chose_seed":false,"campfire_upgraded":6,"win_rate":0.0,"timestamp":1611712500,"path_taken":["M","M","M","$","?","E","R","M","T","M","R","?","E","M","R","BOSS","M","M","?","M","M","E","M","E","T","$","?","M","M","?","R","BOSS","M","?","?","?","?","R","M","R","T","?","?","M","$","M","R","BOSS"],"items_purchased_type":["Card","Relic","Relic","Potion","Potion","Potion"],"build_version":"2020-12-22","purchased_purges":3,"victory":true,"max_hp_per_floor":[83,86,94,94,94,97,97,101,101,105,105,105,109,113,113,117,122,126,130,130,130,133,136,136,140,140,140,140,145,150,155,155,155,155,161,163,163,163,163,163,165,165,165,172,176,183,183,185,185,185],"card_choices":[{"not_picked":["Exhume","Barricade"],"picked":"Feed","floor":0},{"not_picked":["Havoc","Sentinel"],"picked":"Hemokinesis","floor":1},{"not_picked":["Whirlwind","Wild Strike"],"picked":"Shrug It Off","floor":2},{"not_picked":["Shockwave","Twin Strike"],"picked":"Pommel Strike","floor":3},{"not_picked":["Uppercut","Clothesline"],"picked":"Headbutt","floor":6},{"not_picked":["Clothesline","Rage"],"picked":"Twin Strike","floor":8},{"not_picked":["Blood for Blood","Heavy Blade"],"picked":"Disarm","floor":10},{"not_picked":["Clash","Heavy Blade","Flex"],"picked":"SKIP","floor":13},{"not_picked":["Exhume","Wild Strike"],"picked":"Cleave","floor":14},{"not_picked":["Juggernaut","Impervious"],"picked":"Feed","floor":16},{"not_picked":["Havoc","Anger","Heavy Blade"],"picked":"SKIP","floor":18},{"not_picked":["Disarm","Pummel"],"picked":"Inflame","floor":19},{"not_picked":["Heavy Blade+1","Perfected Strike","Hemokinesis"],"picked":"SKIP","floor":21},{"not_picked":["Searing Blow","Body Slam","Warcry"],"picked":"SKIP","floor":22},{"not_picked":["Havoc+1","Infernal Blade+1","Warcry"],"picked":"SKIP","floor":23},{"not_picked":["Flex+1","Sever Soul+1"],"picked":"Sword Boomerang","floor":24},{"not_picked":["Evolve","Second Wind"],"picked":"Fiend Fire","floor":25},{"not_picked":["Thunderclap","Wild Strike","Warcry+1"],"picked":"Singing Bowl","floor":29},{"not_picked":["Infernal Blade","Uppercut","Blood for Blood+1"],"picked":"Singing Bowl","floor":30},{"not_picked":["Power Through","Rupture","Thunderclap+1"],"picked":"Singing Bowl","floor":31},{"not_picked":["Impervious","Reaper"],"picked":"Limit Break","floor":33},{"not_picked":["Rupture+1","Armaments","Perfected Strike"],"picked":"Singing Bowl","floor":35},{"not_picked":["Sword Boomerang","Dropkick","Evolve"],"picked":"Singing Bowl","floor":36},{"not_picked":["Evolve+1","Clothesline+1"],"picked":"Battle Trance","floor":38},{"not_picked":["Clothesline+1","Havoc+1","Barricade"],"picked":"Singing Bowl","floor":41},{"not_picked":["Clothesline","Twin Strike"],"picked":"Whirlwind+1","floor":44},{"not_picked":["Bandage Up","Jack Of All Trades"],"picked":"Chrysalis","floor":45},{"not_picked":["Mind Blast","Transmutation","Jack Of All Trades"],"picked":"Singing Bowl","floor":45},{"not_picked":["Mind Blast","Flash of Steel","Finesse"],"picked":"Singing Bowl","floor":45},{"not_picked":["Warcry","Flex"],"picked":"Heavy Blade+1","floor":46},{"not_picked":["Infernal Blade+1","Perfected Strike+1","Feel No Pain+1"],"picked":"Singing Bowl","floor":48}],"player_experience":727204,"relics_obtained":[{"floor":6,"key":"Lizard Tail"},{"floor":9,"key":"Ginger"},{"floor":13,"key":"FossilizedHelix"},{"floor":23,"key":"MawBank"},{"floor":25,"key":"Boot"},{"floor":26,"key":"Red Skull"},{"floor":43,"key":"Meat on the Bone"}],"event_choices":[{"damage_healed":23,"gold_gain":0,"player_choice":"Healed","damage_taken":0,"max_hp_gain":0,"max_hp_loss":0,"event_name":"The Cleric","floor":5,"gold_loss":35},{"damage_healed":0,"gold_gain":75,"player_choice":"Gather Gold","damage_taken":11,"max_hp_gain":0,"max_hp_loss":0,"event_name":"World of Goop","floor":12,"gold_loss":0},{"damage_healed":0,"gold_gain":0,"player_choice":"Joined the Cult","damage_taken":6,"max_hp_gain":0,"max_hp_loss":0,"event_name":"Nest","floor":20,"gold_loss":0,"cards_obtained":["RitualDagger"]},{"cards_removed":["Strike_R"],"damage_healed":0,"gold_gain":0,"player_choice":"Purged","damage_taken":0,"max_hp_gain":0,"max_hp_loss":0,"event_name":"Purifier","floor":28,"gold_loss":0},{"damage_healed":0,"gold_gain":0,"player_choice":"Copied","damage_taken":0,"max_hp_gain":0,"max_hp_loss":0,"event_name":"Duplicator","floor":37,"gold_loss":0,"cards_obtained":["Limit Break"]},{"cards_removed":["Hemokinesis"],"damage_healed":0,"gold_gain":0,"player_choice":"Gave Card","damage_taken":0,"relics_obtained":["Lantern"],"max_hp_gain":0,"max_hp_loss":0,"event_name":"WeMeetAgain","floor":39,"gold_loss":0},{"damage_healed":0,"gold_gain":0,"player_choice":"Memory 3","damage_taken":10,"max_hp_gain":0,"max_hp_loss":0,"event_name":"SensoryStone","floor":45,"gold_loss":0}],"is_beta":false,"boss_relics":[{"not_picked":["Snecko Eye","Cursed Key"],"picked":"Tiny House"},{"not_picked":["Astrolabe","Busted Crown"],"picked":"Coffee Dripper"}],"items_purged_floors":[4,27,47],"is_endless":false,"potions_floor_spawned":[1,6,8,13,16,21,22,24,29,33,36,38,41],"ascension_level":0}}