{"host":"qbjtml023iza03hb","time":1611769804,"event":{"mods":["AchievementEnabler","BaseMod","Hermit","Minty Spire (QoL Compilation)","StSLib","The Animator","The Cursed"],"gold_per_floor":[20,20,31,83,97,97,130,141,168,186,186,10,34,50,50,145,145,164,175,187,26,37,68,68,167,192,192,152,3,19,65,65,167,167,182,195,43,56,75,85,96,134,183,194,194,55,71,71,71,71,71,71,71,32,86,86,86],"floor_reached":56,"language":"FRA","playtime":8920,"items_purged":["animator:Defend","animator:Strike"],"score":775,"play_id":"b40748bb-3d62-4024-92d5-15792f9c540f","local_time":"20210127185003","is_ascension_mode":false,"campfire_choices":[{"data":"animator:Kuroyukihime","floor":6.0,"key":"SMITH"},{"data":"animator:Aqua","floor":11.0,"key":"SMITH"},{"data":"animator:Yoichi","floor":15.0,"key":"SMITH"},{"data":"animator:Melzalgald","floor":24.0,"key":"SMITH"},{"data":"animator:HiiragiShinya","floor":27.0,"key":"SMITH"},{"data":"animator:LeleiLaLalena","floor":32.0,"key":"SMITH"},{"data":"animator:Guren","floor":45.0,"key":"SMITH"},{"floor":49.0,"key":"RECALL"},{"data":"animator:Yoichi","floor":52,"key":"SMITH"}],"circlet_count":0,"master_deck":["animator:Strike_AccelWorld","animator:Defend_AccelWorld","animator:Strike","animator:Strike","animator:Defend+1","animator:Kuroyukihime+1","animator:LimeBell","animator:ChaikaTrabant","animator:Kazuma","animator:HiiragiShinya+1","animator:Megumin+21","animator:Mitsuba","animator:Aqua+1","animator:Yoichi+1","animator:PinaCoLada","animator:SilverFang","animator:Melzalgald+1","animator:PinaCoLada","animator:Yoichi+1","animator:Guy+1","animator:Mitsurugi+1","animator:ItamiYouji","animator:YaoHaDucy","animator:ChaikaTrabant","animator:HiiragiShinya+1","animator:LeleiLaLalena+1","animator:Geryuganshoop","animator:Guren+1","animator:Yoichi+1","animator:Sebas","animator:Mikaela+1","animator:Sonic+1","animator:Guren","animator:PandorasActor","animator:Yuuichirou","animator:Sonic","animator:Darkness","animator:Boros"],"relics":["animator:VividPicture","animator:TheMissingPiece","Red Skull","Bag of Preparation","Gremlin Horn","Boot","DollysMirror","Lantern","SlaversCollar","animator:Buoy","Ancient Tea Set","Orichalcum"],"acts_visited":["TheCity","TheBeyond","TheEnding"],"potions_floor_usage":[],"damage_taken":[{"damage":1.0,"enemies":"Jaw Worm","floor":1.0,"turns":4.0},{"damage":0.0,"enemies":"Cultist","floor":3.0,"turns":3.0},{"damage":0.0,"enemies":"2 Louse","floor":5.0,"turns":3.0},{"damage":22.0,"enemies":"Lagavulin","floor":7.0,"turns":8.0},{"damage":0.0,"enemies":"Looter","floor":8.0,"turns":3.0},{"damage":0.0,"enemies":"Lots of Slimes","floor":10.0,"turns":1.0},{"damage":0.0,"enemies":"Red Slaver","floor":13.0,"turns":3.0},{"damage":0.0,"enemies":"2 Fungi Beasts","floor":14.0,"turns":5.0},{"damage":5.0,"enemies":"Hexaghost","floor":16.0,"turns":9.0},{"damage":6.0,"enemies":"Shell Parasite","floor":18.0,"turns":9.0},{"damage":4.0,"enemies":"Chosen","floor":19.0,"turns":5.0},{"damage":1.0,"enemies":"Shelled Parasite and Fungi","floor":20.0,"turns":7.0},{"damage":11.0,"enemies":"Snake Plant","floor":22.0,"turns":3.0},{"damage":12.0,"enemies":"Gremlin Leader","floor":23.0,"turns":4.0},{"damage":15.0,"enemies":"Centurion and Healer","floor":30.0,"turns":4.0},{"damage":0.0,"enemies":"animator:HornedBat","floor":31.0,"turns":2.0},{"damage":5.0,"enemies":"Automaton","floor":33.0,"turns":8.0},{"damage":0.0,"enemies":"3 Shapes","floor":35.0,"turns":3.0},{"damage":0.0,"enemies":"3 Darklings","floor":36.0,"turns":4.0},{"damage":8.0,"enemies":"Spire Growth","floor":38.0,"turns":5.0},{"damage":14.0,"enemies":"Sphere and 2 Shapes","floor":39.0,"turns":5.0},{"damage":22.0,"enemies":"Jaw Worm Horde","floor":40.0,"turns":4.0},{"damage":0.0,"enemies":"Maw","floor":41.0,"turns":7.0},{"damage":0.0,"enemies":"Giant Head","floor":42.0,"turns":8.0},{"damage":0.0,"enemies":"4 Shapes","floor":44.0,"turns":1.0},{"damage":7.0,"enemies":"Transient","floor":47.0,"turns":5.0},{"damage":17.0,"enemies":"Awakened One","floor":50.0,"turns":9.0},{"damage":57,"enemies":"Shield and Spear","floor":55,"turns":6},{"damage":39,"enemies":"The Heart","floor":56,"turns":3}],"seed_played":"-8972026302620139984","potions_obtained":[{"floor":1.0,"key":"Swift Potion"},{"floor":3.0,"key":"BlessingOfTheForge"},{"floor":5.0,"key":"animator:GrowthPotion"},{"floor":8.0,"key":"GamblersBrew"},{"floor":10.0,"key":"Regen Potion"},{"floor":18.0,"key":"animator:FalseLifePotion"},{"floor":20.0,"key":"Swift Potion"},{"floor":22.0,"key":"Ancient Potion"},{"floor":33.0,"key":"ColorlessPotion"},{"floor":35.0,"key":"DistilledChaos"},{"floor":39.0,"key":"EssenceOfSteel"},{"floor":40.0,"key":"ColorlessPotion"},{"floor":44.0,"key":"LiquidMemories"}],"is_trial":false,"path_per_floor":["M","?","M","T","M","R","E","M","T","M","R","$","M","M","R","B",null,"M","M","M","$","M","E","R","?","T","R","?","$","M","E","R","B",null,"M","M","$","M","M","M","M","E","T","M","R","$","M","$","R","B",null,"R","??","$","E","B"],"character_chosen":"THE_ANIMATOR","items_purchased":["animator:Yoichi","animator:PinaCoLada","animator:ItamiYouji","DollysMirror","animator:Sebas","animator:Yuuichirou","animator:Darkness"],"campfire_rested":0,"item_purchase_floors":[12,12,21,29,37,46,54],"current_hp_per_floor":[65,65,65,65,65,65,43,43,43,43,43,43,55,59,59,57,67,61,63,66,66,61,52,52,52,52,52,52,52,43,43,43,41,67,67,67,67,59,49,30,36,39,39,39,39,39,38,38,38,24,68,68,68,68,17,0,0],"gold":86,"neow_bonus":"THREE_RARE_CARDS","is_daily":false,"chose_seed":false,"campfire_upgraded":8,"win_rate":0.0,"timestamp":1611769803,"path_taken":["M","?","M","?","M","R","E","M","T","M","R","$","M","M","R","BOSS","M","?","M","$","?","E","R","?","T","R","?","$","M","E","R","BOSS","M","M","$","M","M","M","M","E","T","M","R","$","M","?","R","BOSS","R","??","$","E","BOSS"],"items_purchased_type":["Card","Card","Card","Relic","Card","Card","Card"],"build_version":"2020-12-22","purchased_purges":2,"victory":false,"max_hp_per_floor":[66,66,66,66,66,66,66,66,66,66,66,66,66,67,67,67,67,67,67,67,67,67,67,67,67,67,67,67,67,67,67,67,67,67,67,67,67,67,68,68,68,68,68,68,68,68,68,68,68,68,68,68,68,68,68,68,68],"card_choices":[{"not_picked":["animator:HomuraAkemi","animator:Eris"],"picked":"animator:ChaikaTrabant","floor":0.0},{"not_picked":["animator:Yuuichirou","animator:RoryMercury"],"picked":"animator:Kazuma","floor":1.0},{"not_picked":["animator:Shalltear","animator:Verdia"],"picked":"animator:HiiragiShinya","floor":3.0},{"not_picked":["animator:KyokoSakura","animator:Layla"],"picked":"animator:Megumin","floor":5.0},{"not_picked":["animator:Verdia","animator:Kazuma"],"picked":"animator:Megumin","floor":7.0},{"not_picked":["animator:Shinoa","animator:SilverFang"],"picked":"animator:Mitsuba","floor":8.0},{"not_picked":["animator:LeleiLaLalena","animator:Cocytus"],"picked":"animator:Aqua","floor":10.0},{"not_picked":["animator:Arpeggio","animator:Vanir"],"picked":"animator:SilverFang","floor":13.0},{"not_picked":["animator:MetalKnight","animator:Geryuganshoop"],"picked":"animator:Melzalgald","floor":14.0},{"not_picked":["animator:AcuraShin","animator:MadokaKaname"],"picked":"animator:PinaCoLada","floor":16.0},{"not_picked":["animator:HiiragiShinya+1","animator:Melzalgald"],"picked":"animator:Yoichi+1","floor":18.0},{"not_picked":["animator:Cocytus+1","animator:IrohaTamaki"],"picked":"animator:Guy+1","floor":19.0},{"not_picked":["animator:Verdia","animator:Vanir"],"picked":"animator:Mitsurugi","floor":20.0},{"not_picked":["animator:Kuribayashi","animator:TukaLunaMarceau"],"picked":"animator:YaoHaDucy","floor":22.0},{"not_picked":["animator:Evileye","animator:Tatsumaki"],"picked":"animator:ChaikaTrabant","floor":23.0},{"not_picked":["animator:RoryMercury","animator:Verdia"],"picked":"animator:LeleiLaLalena","floor":30.0},{"not_picked":["animator:IrohaTamaki","animator:MumenRider"],"picked":"animator:Geryuganshoop","floor":31.0},{"not_picked":["animator:Ainz","animator:Albedo"],"picked":"animator:Guren","floor":33.0},{"not_picked":["animator:Mikaela","animator:Mitsuba"],"picked":"animator:Yoichi","floor":35.0},{"not_picked":["animator:Cocytus","animator:NarberalGamma+1","animator:OrikoMikuni+1"],"picked":"SKIP","floor":36.0},{"not_picked":["animator:Kazuma","animator:IrohaTamaki"],"picked":"animator:Mikaela+1","floor":38.0},{"not_picked":["animator:SayakaMiki","animator:HomuraAkemi"],"picked":"animator:Sonic+1","floor":39.0},{"not_picked":["animator:Shinoa+1","animator:Mikaela+1"],"picked":"animator:Guren","floor":41.0},{"not_picked":["animator:Mikaela","animator:Entoma+1"],"picked":"animator:PandorasActor","floor":42.0},{"not_picked":["animator:YaoHaDucy+1","animator:Chris+1"],"picked":"animator:Megumin","floor":44.0},{"not_picked":["animator:Genos","animator:SilverFang"],"picked":"animator:Sonic","floor":47.0},{"not_picked":["animator:Arpeggio","animator:Gillette+1"],"picked":"animator:Boros","floor":55}],"player_experience":450553,"relics_obtained":[{"floor":7.0,"key":"Red Skull"},{"floor":9.0,"key":"Bag of Preparation"},{"floor":23.0,"key":"Gremlin Horn"},{"floor":26.0,"key":"Boot"},{"floor":31.0,"key":"Lantern"},{"floor":42.0,"key":"animator:Buoy"},{"floor":43.0,"key":"Ancient Tea Set"},{"floor":55,"key":"Orichalcum"}],"event_choices":[{"cards_removed":["animator:Defend"],"damage_healed":0.0,"max_hp_gain":0.0,"max_hp_loss":0.0,"gold_gain":0.0,"event_name":"Living Wall","player_choice":"Forget","floor":2.0,"gold_loss":0.0,"damage_taken":0.0},{"damage_healed":0.0,"max_hp_gain":0.0,"max_hp_loss":0.0,"gold_gain":99.0,"event_name":"Nest","player_choice":"Stole From Cult","floor":25.0,"gold_loss":0.0,"damage_taken":0.0},{"damage_healed":0.0,"max_hp_gain":0.0,"max_hp_loss":0.0,"gold_gain":0.0,"event_name":"Designer","player_choice":"Upgraded Two","floor":28.0,"gold_loss":40.0,"damage_taken":0.0,"cards_upgraded":["animator:Mitsurugi","animator:Defend"]}],"is_beta":false,"boss_relics":[{"not_picked":["Pandora\u0027s Box","Mark of Pain"],"picked":"animator:VividPicture"},{"not_picked":["Cursed Key","animator:CursedBlade"],"picked":"SlaversCollar"}],"items_purged_floors":[37,46],"is_endless":false,"potions_floor_spawned":[1,3,5,8,10,18,20,22,33,35,39,40,44],"killed_by":"The Heart","ascension_level":0}}