{"host":"ecuvtzmejf7hhjpv","time":1611714863,"event":{"mods":["AchievementEnabler","Act Like it!","Aspiration","BaseMod","Better Altar","Better Match","Better Note","Better Sensory Stone","Better Skull","Better Third Choice","BetterRewards","Conspire","Custom Start","Downfall","Gensokyo","GifTheSpireLib","Hallownest","Hermit","Hubris","Kratos Character Expansion","Luminous","Marisa????????","Minty Spire (QoL Compilation)","Prisma Mod","Remilia??????","Replay The Spire","Robot Space Explorer","Spicy Shops","StSLib","The Animator","The Blackbeard","The Bug Knight","The Construct","The Cursed","The Disciple","The Dragon Tamer","The Forsaken","The Hierophant","The Jungle","The Marked","The Necromancer","The Poker Player","The Wild Card","TheSwordswoman"],"gold_per_floor":[99,114,129,147,164,31,106,120,120,137,150,160,160,160,160],"floor_reached":14,"language":"ENG","playtime":592,"items_purged":[],"score":86,"play_id":"c9511c9a-4614-4bfd-ba28-8c6e7f6f4cd7","local_time":"20210126203423","is_ascension_mode":false,"campfire_choices":[{"data":"hexamod:Float","floor":1,"key":"SMITH"},{"data":"Replay:SS_forest_2","floor":9,"key":"SMITH"}],"circlet_count":0,"master_deck":["hexamod:Strike","hexamod:Strike","hexamod:Strike","hexamod:Strike","hexamod:Defend","hexamod:Defend","hexamod:Defend","hexamod:Defend","hexamod:Sear","hexamod:Float+1","hexamod:SuperheatedStrike","hexamod:BacktrackSmack","hexamod:HeatCrush","hexamod:FastForward","hexamod:SpectersWail","Replay:SS_forest_2+1","hexamod:GhostOfSpireFuture","hexamod:FlamesFromBeyond","hexamod:InspiringFlames","hexamod:ThermalTransfer","hexamod:ShieldOfDarkness"],"relics":["Replay:Fungal Core","conspire:BottledYoYo"],"acts_visited":["Exordium"],"potions_floor_usage":[10,10,11,14],"damage_taken":[{"damage":1,"enemies":"Jaw Worm","floor":2,"turns":3},{"damage":0,"enemies":"2 Louse","floor":3,"turns":4},{"damage":5,"enemies":"Small Slimes","floor":4,"turns":3},{"damage":4,"enemies":"Blue Slaver","floor":5,"turns":3},{"damage":3,"enemies":"downfall:FleeingMerchant","floor":6,"turns":4},{"damage":14,"enemies":"Large Slime","floor":8,"turns":5},{"damage":0,"enemies":"Exordium Thugs","floor":10,"turns":1},{"damage":20,"enemies":"3 Louse","floor":11,"turns":3},{"damage":10,"enemies":"Exordium Wildlife","floor":12,"turns":4},{"damage":14,"enemies":"Gremlin Nob","floor":14,"turns":2}],"seed_played":"-6391603479080537429","potions_obtained":[{"floor":2,"key":"Venom Potion"},{"floor":4,"key":"Explosive Potion"},{"floor":8,"key":"Explosive Potion"},{"floor":10,"key":"ColorlessPotion"}],"is_trial":false,"path_per_floor":["R","M","M","M","M","$","T","M","R","M","M","M","?","E"],"character_chosen":"THE_SPIRIT","items_purchased":["Replay:SS_forest_2","hexamod:GhostOfSpireFuture"],"campfire_rested":0,"item_purchase_floors":[6,6],"current_hp_per_floor":[70,69,69,64,60,57,57,43,43,43,23,13,13,0,0,0],"gold":160,"neow_bonus":"BOSS_RELIC","is_daily":false,"chose_seed":false,"campfire_upgraded":2,"win_rate":0.0,"timestamp":1611714863,"path_taken":["R","M","M","M","M","$","T","M","R","M","M","M","?","E"],"items_purchased_type":["Card","Card"],"build_version":"2020-12-22","purchased_purges":0,"victory":false,"max_hp_per_floor":[70,70,70,70,70,70,70,70,70,70,70,70,70,70,70,70],"card_choices":[{"not_picked":["hexamod:SoulSteal","hexamod:GhostShield"],"picked":"hexamod:SuperheatedStrike","floor":2},{"not_picked":["hexamod:Rewind","hexamod:SpectralAdrenaline"],"picked":"hexamod:BacktrackSmack","floor":3},{"not_picked":["hexamod:BacktrackSmack","hexamod:SwordOfDarkness"],"picked":"hexamod:HeatCrush","floor":4},{"not_picked":["hexamod:NightmareGuise","hexamod:Toasty"],"picked":"hexamod:FastForward","floor":5},{"not_picked":["hexamod:Firestarter","hexamod:NecessarySacrifice"],"picked":"hexamod:SpectersWail","floor":6},{"not_picked":["hexamod:AdvancingGuard","hexamod:NightmareStrike"],"picked":"hexamod:FlamesFromBeyond","floor":8},{"not_picked":["hexamod:RecurringNightmare","hexamod:SoulSteal"],"picked":"hexamod:InspiringFlames","floor":10},{"not_picked":["hexamod:NightmareGuise","hexamod:ShieldOfDarkness"],"picked":"hexamod:ThermalTransfer","floor":11},{"not_picked":["hexamod:HauntingEcho","hexamod:PowerFromBeyond"],"picked":"hexamod:ShieldOfDarkness","floor":12}],"player_experience":1166237,"relics_obtained":[{"floor":7,"key":"conspire:BottledYoYo"}],"event_choices":[{"damage_healed":0,"gold_gain":1,"player_choice":"LEAVE","damage_taken":0,"max_hp_gain":0,"max_hp_loss":0,"event_name":"betterThird:BetterScrap","floor":13,"gold_loss":0,"cards_obtained":["Brilliance"]}],"is_beta":false,"boss_relics":[],"items_purged_floors":[],"is_endless":false,"potions_floor_spawned":[2,4,8,10],"killed_by":"Gremlin Nob","ascension_level":0}}