{"host":"6ayekdpky30mcb5q","time":1611778966,"event":{"mods":["Act Like it!","BaseMod","Colored Map","Downfall","GifTheSpireLib","Highlight Path","Minty Spire (QoL Compilation)","StSLib","WoW Paladin Mod"],"gold_per_floor":[109,109,126,13,13,39,39,53,53,77,77,31,31,63,63,167,167,167,17,17,17,17,17,17,17,17,17,17,17,17,17,17,17,17,17,17,17,17,17,17,17,17,17,17,17,17,17,17,17,17,17,17,17,17,17,17],"floor_reached":55,"language":"ENG","playtime":4498,"items_purged":[],"score":745,"play_id":"1f84a266-0316-4374-b791-c02a0d9a2ea4","local_time":"20210127142246","is_ascension_mode":false,"campfire_choices":[{"data":"WoWPaladin:HolySmite","floor":13.0,"key":"SMITH"},{"data":"WoWPaladin:Thorns","floor":15.0,"key":"SMITH"},{"floor":23.0,"key":"DIG"},{"floor":27.0,"key":"DIG"},{"floor":32.0,"key":"DIG"},{"floor":40.0,"key":"RECALL"},{"floor":42.0,"key":"DIG"},{"floor":44.0,"key":"DIG"},{"floor":49,"key":"DIG"},{"floor":52,"key":"DIG"}],"circlet_count":0,"master_deck":["WoWPaladin:StrikePaladin","WoWPaladin:StrikePaladin","WoWPaladin:StrikePaladin","WoWPaladin:StrikePaladin","WoWPaladin:StrikePaladin","WoWPaladin:DefendPaladin","WoWPaladin:DefendPaladin","WoWPaladin:DefendPaladin","WoWPaladin:DefendPaladin","WoWPaladin:DefendPaladin","WoWPaladin:HolySmite+1","WoWPaladin:DivineBulwark","Flash of Steel","WoWPaladin:BlindingLight+1","WoWPaladin:BlessedBreastplate","WoWPaladin:Repentance","WoWPaladin:Thorns+1","WoWPaladin:HammerOfJustice","WoWPaladin:FlashOfLight","WoWPaladin:JusticeForAll","WoWPaladin:CrusaderAura","WoWPaladin:Thorns","WoWPaladin:Brace","WoWPaladin:FistOfTheHeavens+1","WoWPaladin:DivineBulwark+1","WoWPaladin:Rebuke+1","WoWPaladin:ResistanceAura"],"relics":["WoWPaladin:AshbringerRelic","NeowsBlessing","Mummified Hand","Pear","Odd Mushroom","Eternal Feather","Tiny Chest","Ectoplasm","Lee\u0027s Waffle","Enchiridion","Shovel","Blue Candle","CaptainsWheel","StrikeDummy","Orichalcum","Shuriken","Girya","Bottled Flame","PreservedInsect","MealTicket","Anchor","InkBottle","Pen Nib"],"acts_visited":["Exordium","TheCity","TheBeyond","TheEnding"],"potions_floor_usage":[46,50,50,54],"damage_taken":[{"damage":0.0,"enemies":"Small Slimes","floor":1.0,"turns":1.0},{"damage":0.0,"enemies":"Cultist","floor":3.0,"turns":1.0},{"damage":0.0,"enemies":"Lagavulin","floor":6.0,"turns":2.0},{"damage":0.0,"enemies":"Jaw Worm","floor":8.0,"turns":6.0},{"damage":16.0,"enemies":"The Mushroom Lair","floor":10.0,"turns":9.0},{"damage":16.0,"enemies":"Gremlin Nob","floor":14.0,"turns":6.0},{"damage":13.0,"enemies":"Hexaghost","floor":16.0,"turns":17.0},{"damage":10.0,"enemies":"Chosen","floor":18.0,"turns":8.0},{"damage":51.0,"enemies":"Gremlin Leader","floor":24.0,"turns":10.0},{"damage":3.0,"enemies":"3 Byrds","floor":29.0,"turns":4.0},{"damage":3.0,"enemies":"Centurion and Healer","floor":30.0,"turns":8.0},{"damage":0.0,"enemies":"Shelled Parasite and Fungi","floor":31.0,"turns":6.0},{"damage":29.0,"enemies":"Collector","floor":33.0,"turns":18.0},{"damage":0.0,"enemies":"Orb Walker","floor":35.0,"turns":6.0},{"damage":7.0,"enemies":"3 Darklings","floor":36.0,"turns":8.0},{"damage":0.0,"enemies":"Mind Bloom Boss Battle","floor":38.0,"turns":9.0},{"damage":7.0,"enemies":"Writhing Mass","floor":39.0,"turns":8.0},{"damage":11.0,"enemies":"Sphere and 2 Shapes","floor":41.0,"turns":9.0},{"damage":0.0,"enemies":"Jaw Worm Horde","floor":45.0,"turns":7.0},{"damage":6,"enemies":"3 Darklings","floor":46,"turns":7},{"damage":1,"enemies":"4 Shapes","floor":47,"turns":12},{"damage":29,"enemies":"Maw","floor":48,"turns":12},{"damage":0,"enemies":"Awakened One","floor":50,"turns":16},{"damage":63,"enemies":"Shield and Spear","floor":54,"turns":11},{"damage":68,"enemies":"The Heart","floor":55,"turns":5}],"seed_played":"-8301887591356186738","potions_obtained":[{"floor":3.0,"key":"PowerPotion"},{"floor":6.0,"key":"LiquidMemories"},{"floor":8.0,"key":"sneckomod:MuddlingPotion"},{"floor":16.0,"key":"Guardian:BlockOnCardUsePotion"},{"floor":30.0,"key":"DuplicationPotion"},{"floor":46,"key":"ColorlessPotion"},{"floor":47,"key":"PowerPotion"}],"is_trial":false,"path_per_floor":["M","?","M","$","?","E","$","M","T","?","T","$","R","E","R","B",null,"M","$","?","?","?","R","E","T","T","R","?","M","M","M","R","B",null,"M","M","$","?","M","R","M","R","T","R","M","M","M","M","R","B",null,"R","$","E","B"],"character_chosen":"THE_PALADIN","items_purchased":["Flash of Steel","WoWPaladin:BlindingLight","WoWPaladin:Thorns","Lee\u0027s Waffle"],"campfire_rested":0,"item_purchase_floors":[4,4,12,19],"current_hp_per_floor":[80,80,80,80,80,80,80,80,90,74,74,74,83,67,76,63,90,80,97,81,81,81,93,44,44,44,56,56,55,54,56,68,41,97,97,92,92,94,89,97,88,97,97,97,97,91,92,65,80,82,97,97,97,36,0,0],"gold":17,"neow_bonus":"THREE_ENEMY_KILL","is_daily":false,"chose_seed":false,"campfire_upgraded":2,"win_rate":0.0,"timestamp":1611778966,"path_taken":["M","?","?","$","?","E","?","M","T","?","?","$","R","E","R","BOSS","M","$","?","?","?","R","E","?","T","R","?","M","?","M","R","BOSS","M","M","$","?","M","R","M","R","T","R","M","M","M","M","R","BOSS","R","$","E","BOSS"],"items_purchased_type":["Card","Card","Card","Relic"],"build_version":"2020-12-22","purchased_purges":0,"victory":false,"max_hp_per_floor":[80,80,80,80,80,80,80,80,90,90,90,90,90,90,90,90,90,90,97,97,97,97,97,97,97,97,97,97,97,97,97,97,97,97,97,97,97,97,97,97,97,97,97,97,97,97,97,97,97,97,97,97,97,97,97,97],"card_choices":[{"not_picked":["WoWPaladin:CondemnHeresy","WoWPaladin:Brace"],"picked":"WoWPaladin:DivineBulwark","floor":1.0},{"not_picked":["WoWPaladin:RapturousCharge","WoWPaladin:EqualizingSwath","WoWPaladin:RighteousDuty"],"picked":"SKIP","floor":3.0},{"not_picked":["WoWPaladin:OathOfVigilance","WoWPaladin:Repentance"],"picked":"WoWPaladin:BlessedBreastplate","floor":6.0},{"not_picked":["WoWPaladin:Resolve","WoWPaladin:Judgement"],"picked":"WoWPaladin:Repentance","floor":8.0},{"not_picked":["WoWPaladin:RighteousAnger","WoWPaladin:BlindingLight"],"picked":"WoWPaladin:HammerOfJustice","floor":14.0},{"not_picked":["WoWPaladin:DivineStorm","WoWPaladin:LightsMeditation"],"picked":"WoWPaladin:FlashOfLight","floor":16.0},{"not_picked":["WoWPaladin:Vindicate","WoWPaladin:OathOfVigilance"],"picked":"WoWPaladin:JusticeForAll","floor":18.0},{"not_picked":["WoWPaladin:FaithInTheLight","WoWPaladin:WakeOfAshes"],"picked":"WoWPaladin:CrusaderAura","floor":24.0},{"not_picked":["WoWPaladin:BlessedBreastplate","WoWPaladin:RighteousAnger"],"picked":"WoWPaladin:Thorns","floor":29.0},{"not_picked":["WoWPaladin:FaithInTheLight","WoWPaladin:RighteousDuty","WoWPaladin:ZealotsThrust"],"picked":"SKIP","floor":30.0},{"not_picked":["WoWPaladin:FaithInTheLight","WoWPaladin:RighteousDuty","WoWPaladin:ZealotsThrust"],"picked":"SKIP","floor":30.0},{"not_picked":["WoWPaladin:FaithInTheLight","WoWPaladin:RighteousDuty","WoWPaladin:ZealotsThrust"],"picked":"SKIP","floor":30.0},{"not_picked":["WoWPaladin:BlessedBreastplate","WoWPaladin:CrusadersJudgement"],"picked":"WoWPaladin:Brace","floor":31.0},{"not_picked":["WoWPaladin:ShieldUp+1","WoWPaladin:RapturousCharge+1","WoWPaladin:RighteousExpulsion"],"picked":"SKIP","floor":35.0},{"not_picked":["WoWPaladin:JusticeForAll+1","WoWPaladin:CrusaderStrike+1","WoWPaladin:AvengersShield+1"],"picked":"SKIP","floor":36.0},{"not_picked":["WoWPaladin:BlessingOfWisdom","WoWPaladin:JusticeDemandsRetribution+1"],"picked":"WoWPaladin:FistOfTheHeavens+1","floor":38.0},{"not_picked":["WoWPaladin:ShieldUp","WoWPaladin:FistOfTheHeavens+1","WoWPaladin:SeraphStrike"],"picked":"SKIP","floor":39.0},{"not_picked":["WoWPaladin:Zeal+1","WoWPaladin:CrusaderStrike+1","WoWPaladin:JusticeForAll"],"picked":"SKIP","floor":41.0},{"not_picked":["WoWPaladin:JusticeForAll+1","WoWPaladin:RapturousCharge+1","WoWPaladin:SentinelStance"],"picked":"SKIP","floor":45.0},{"not_picked":["WoWPaladin:RighteousAnger+1","WoWPaladin:Purge"],"picked":"WoWPaladin:DivineBulwark+1","floor":46},{"not_picked":["WoWPaladin:SeraphStrike+1","WoWPaladin:Judgement+1","WoWPaladin:EqualizingSwath"],"picked":"SKIP","floor":47},{"not_picked":["WoWPaladin:BlessedBreastplate","WoWPaladin:BlessingOfWisdom+1"],"picked":"WoWPaladin:Rebuke+1","floor":48},{"not_picked":["WoWPaladin:JusticeForAll+1","WoWPaladin:Zeal+1"],"picked":"WoWPaladin:ResistanceAura","floor":54}],"player_experience":612200,"relics_obtained":[{"floor":6.0,"key":"Mummified Hand"},{"floor":9.0,"key":"Pear"},{"floor":10.0,"key":"Odd Mushroom"},{"floor":11.0,"key":"Eternal Feather"},{"floor":14.0,"key":"Tiny Chest"},{"floor":20.0,"key":"Enchiridion"},{"floor":23.0,"key":"Blue Candle"},{"floor":24.0,"key":"CaptainsWheel"},{"floor":25.0,"key":"StrikeDummy"},{"floor":27.0,"key":"Orichalcum"},{"floor":32.0,"key":"Shuriken"},{"floor":38.0,"key":"Girya"},{"floor":42.0,"key":"Bottled Flame"},{"floor":43.0,"key":"PreservedInsect"},{"floor":44.0,"key":"MealTicket"},{"floor":49,"key":"Anchor"},{"floor":52,"key":"InkBottle"},{"floor":54,"key":"Pen Nib"}],"event_choices":[{"cards_removed":["WoWPaladin:TemplarsVerdict"],"damage_healed":0.0,"max_hp_gain":0.0,"max_hp_loss":0.0,"gold_gain":0.0,"event_name":"Purifier","player_choice":"Purged","floor":2.0,"gold_loss":0.0,"damage_taken":0.0},{"damage_healed":0.0,"max_hp_gain":0.0,"max_hp_loss":0.0,"gold_gain":0.0,"event_name":"Living Wall","player_choice":"Grow","floor":5.0,"gold_loss":0.0,"damage_taken":0.0,"cards_upgraded":["WoWPaladin:BlindingLight"]},{"damage_healed":0.0,"max_hp_gain":0.0,"max_hp_loss":0.0,"gold_gain":0.0,"event_name":"Mushrooms","player_choice":"Fought Mushrooms","floor":10.0,"gold_loss":0.0,"damage_taken":0.0},{"damage_healed":0.0,"max_hp_gain":0.0,"max_hp_loss":0.0,"gold_gain":0.0,"event_name":"Cursed Tome","player_choice":"Obtained Book","floor":20.0,"gold_loss":0.0,"damage_taken":16.0},{"damage_healed":0.0,"max_hp_gain":0.0,"max_hp_loss":0.0,"gold_gain":0.0,"event_name":"The Mausoleum","player_choice":"Opened","floor":21.0,"gold_loss":0.0,"damage_taken":0.0,"relics_obtained":["Shovel"],"cards_obtained":["Writhe"]},{"damage_healed":0.0,"max_hp_gain":0.0,"max_hp_loss":0.0,"gold_gain":0.0,"event_name":"Ghosts","player_choice":"Ignored","floor":22.0,"gold_loss":0.0,"damage_taken":0.0},{"cards_removed":["Writhe"],"damage_healed":0.0,"max_hp_gain":0.0,"max_hp_loss":0.0,"gold_gain":0.0,"event_name":"Fountain of Cleansing","player_choice":"Removed Curses","floor":28.0,"gold_loss":0.0,"damage_taken":0.0},{"damage_healed":0.0,"max_hp_gain":0.0,"max_hp_loss":0.0,"gold_gain":0.0,"event_name":"MindBloom","player_choice":"Fight","floor":38.0,"gold_loss":0.0,"damage_taken":0.0}],"is_beta":false,"boss_relics":[{"not_picked":["Philosopher\u0027s Stone","Snecko Eye"],"picked":"Ectoplasm"},{"not_picked":["Velvet Choker","Cursed Key","Busted Crown"]}],"items_purged_floors":[],"is_endless":false,"potions_floor_spawned":[3,6,8,16,30,31,35,39,46,47,48],"killed_by":"The Heart","ascension_level":0}}