{"host":"va904f3s24glxxej","time":1611771063,"event":{"mods":["AchievementEnabler","BaseMod","Colored Powertips","Downfall","Hubris","Minty Spire (QoL Compilation)","Replay The Spire","StSLib","The Necromancer"],"gold_per_floor":[99,99,99,99,99,99,126,36,36,48,68,79,79,99,119,221,221,321,333,348,348,348,348],"floor_reached":21,"language":"ENG","playtime":1092,"items_purged":["downfall:Malfunctioning"],"score":175,"play_id":"3b68f0bb-09fc-410c-a279-1aa5676312d2","local_time":"20210127181103","is_ascension_mode":true,"campfire_choices":[{"data":"bronze:Replicate","floor":1.0,"key":"SMITH"},{"data":"bronze:Separator","floor":9.0,"key":"SMITH"},{"floor":13.0,"key":"REST"}],"circlet_count":0,"master_deck":["bronze:Strike","bronze:Strike","bronze:Strike+1","bronze:Defend+1","bronze:Defend","bronze:Defend","bronze:Defend","bronze:Replicate+1","bronze:Goto+1","bronze:OilSpill","bronze:Separator+1","bronze:Flail","bronze:Invalidate","bronze:GetLatest","bronze:BronzeOrb","bronze:Format","bronze:AlphaBuild","bronze:Constructor+1","bronze:BronzeOrb+1","bronze:Flail+1"],"relics":["bronze:BronzeCore","downfall:HeartsMalice","Boot","Odd Mushroom","Runic Pyramid","Durian","Blue Candle"],"acts_visited":["Exordium","TheCity"],"potions_floor_usage":[21],"damage_taken":[{"damage":0.0,"enemies":"Small Slimes","floor":2.0,"turns":1.0},{"damage":0.0,"enemies":"Cultist","floor":4.0,"turns":1.0},{"damage":0.0,"enemies":"Jaw Worm","floor":5.0,"turns":1.0},{"damage":2.0,"enemies":"downfall:FleeingMerchant","floor":8.0,"turns":4.0},{"damage":21.0,"enemies":"Exordium Wildlife","floor":10.0,"turns":2.0},{"damage":4.0,"enemies":"Gremlin Gang","floor":11.0,"turns":3.0},{"damage":0.0,"enemies":"2 Fungi Beasts","floor":12.0,"turns":2.0},{"damage":3.0,"enemies":"The Mushroom Lair","floor":14.0,"turns":2.0},{"damage":0.0,"enemies":"Blue Slaver","floor":15.0,"turns":2.0},{"damage":41.0,"enemies":"DF_ARCHETYPE_STREAMLINE","floor":16.0,"turns":6.0},{"damage":56,"enemies":"Colosseum Nobs","floor":18,"turns":5},{"damage":15,"enemies":"Shell Parasite","floor":19,"turns":3},{"damage":0,"enemies":"Chosen","floor":20,"turns":4},{"damage":9,"enemies":"Sentry and Sphere","floor":21,"turns":2}],"seed_played":"9018545603667115088","potions_obtained":[{"floor":10.0,"key":"SkillPotion"},{"floor":11.0,"key":"Strength Potion"},{"floor":12.0,"key":"SkillPotion"},{"floor":15.0,"key":"Adrenaline Potion"},{"floor":19,"key":"Doom Potion"},{"floor":20,"key":"PowerPotion"}],"is_trial":false,"path_per_floor":["R","M","?","M","M","?","T","$","R","M","M","M","R","?","M","B",null,"R","M","M","M"],"character_chosen":"THE_AUTOMATON","items_purchased":[],"campfire_rested":1,"item_purchase_floors":[],"current_hp_per_floor":[70,70,70,70,70,70,70,68,68,47,43,43,64,61,61,20,70,19,4,4,0,0,0],"gold":348,"neow_bonus":"THREE_ENEMY_KILL","is_daily":false,"chose_seed":false,"campfire_upgraded":2,"win_rate":0.0,"timestamp":1611771063,"path_taken":["R","M","?","M","?","?","T","?","R","M","?","M","R","?","M","BOSS","R","M","M","M"],"items_purchased_type":[],"build_version":"2020-12-22","purchased_purges":1,"victory":false,"max_hp_per_floor":[70,70,70,70,70,70,70,70,70,70,70,70,70,70,70,70,70,75,75,75,75,75,75],"card_choices":[{"not_picked":["bronze:DarkDash","bronze:Repair"],"picked":"bronze:OilSpill","floor":2.0},{"not_picked":["bronze:Frontload","bronze:Overheat"],"picked":"bronze:Separator","floor":4.0},{"not_picked":["bronze:Branch","bronze:Overheat"],"picked":"bronze:Flail","floor":5.0},{"not_picked":["bronze:Frontload","bronze:Flail"],"picked":"bronze:Invalidate","floor":8.0},{"not_picked":["bronze:Frontload","bronze:Separator"],"picked":"bronze:GetLatest","floor":10.0},{"not_picked":["bronze:Shield","bronze:Backtrace","bronze:ForLoop"],"picked":"SKIP","floor":11.0},{"not_picked":["bronze:Iterate","bronze:Frontload","bronze:Branch"],"picked":"SKIP","floor":12.0},{"not_picked":["bronze:Return","bronze:Philosophize"],"picked":"bronze:BronzeOrb","floor":14.0},{"not_picked":["bronze:Iterate","bronze:CutThrough"],"picked":"bronze:Format","floor":15.0},{"not_picked":["bronze:Mutator","bronze:SpaghettiCode"],"picked":"bronze:AlphaBuild","floor":16.0},{"not_picked":["bronze:FineTuning","bronze:Turbo+1"],"picked":"bronze:Constructor+1","floor":18},{"not_picked":["bronze:BuggyMess+1","bronze:Frontload"],"picked":"bronze:BronzeOrb+1","floor":19},{"not_picked":["bronze:ForceShield","bronze:Branch"],"picked":"bronze:Flail+1","floor":20}],"player_experience":766901,"relics_obtained":[{"floor":7.0,"key":"Boot"},{"floor":14.0,"key":"Odd Mushroom"},{"floor":18,"key":"Durian"},{"floor":18,"key":"Blue Candle"}],"event_choices":[{"cards_removed":["bronze:Strike"],"damage_healed":0.0,"max_hp_gain":0.0,"max_hp_loss":0.0,"gold_gain":0.0,"event_name":"Bonfire Elementals","player_choice":"Offered Basic","floor":3.0,"gold_loss":0.0,"damage_taken":0.0},{"damage_healed":0.0,"max_hp_gain":0.0,"max_hp_loss":0.0,"gold_gain":0.0,"event_name":"Mushrooms","player_choice":"Fought Mushrooms","floor":14.0,"gold_loss":0.0,"damage_taken":0.0}],"is_beta":false,"boss_relics":[{"not_picked":["bronze:MakeshiftBattery","Tiny House"],"picked":"Runic Pyramid"}],"items_purged_floors":[8],"is_endless":false,"potions_floor_spawned":[10,11,12,15,19,20],"killed_by":"Sentry and Sphere","ascension_level":1}}