{"host":"neeznpvpgo0qgfkd","time":1611787473,"event":{"mods":["AchievementEnabler","BaseMod","BetterRewards","Colored Map","Colored Powertips","Exacting","Minty Spire (QoL Compilation)","Permanent Neow","Quick Restart","Shop Mod"],"gold_per_floor":[114,67,67,83,47,72,72,123,149,149,162,176,227,272,272,344,344,354,366,384,384,384],"floor_reached":21,"language":"ENG","playtime":1234,"items_purged":[],"score":614,"play_id":"c3edaf0f-cf66-4b83-9673-cdb348781513","local_time":"20210127174433","is_ascension_mode":true,"campfire_choices":[{"floor":7.0,"key":"REST"},{"floor":10.0,"key":"REST"},{"floor":15.0,"key":"REST"}],"circlet_count":0,"master_deck":["AscendersBane","Strike_G","Strike_G+1","Strike_G+1","Strike_G","Defend_G","Defend_G","Defend_G+1","Defend_G","Defend_G+1","Survivor","Neutralize","Footwork","Accuracy","Poisoned Stab","Infinite Blades","Caltrops","Die Die Die","Noxious Fumes","Blade Dance","Terror","Escape Plan","Envenom","Flying Knee","Dash"],"relics":["Ring of the Snake","Vajra","Akabeko","War Paint","Whetstone","Nunchaku","Philosopher\u0027s Stone"],"acts_visited":["TheCity"],"potions_floor_usage":[21],"damage_taken":[{"damage":4.0,"enemies":"Cultist","floor":1.0,"turns":4.0},{"damage":3.0,"enemies":"Small Slimes","floor":4.0,"turns":3.0},{"damage":20.0,"enemies":"Gremlin Nob","floor":6.0,"turns":4.0},{"damage":32.0,"enemies":"3 Sentries","floor":8.0,"turns":8.0},{"damage":12.0,"enemies":"Jaw Worm","floor":11.0,"turns":2.0},{"damage":12.0,"enemies":"Looter","floor":12.0,"turns":3.0},{"damage":22.0,"enemies":"Gremlin Nob","floor":13.0,"turns":4.0},{"damage":0.0,"enemies":"Large Slime","floor":14.0,"turns":3.0},{"damage":0.0,"enemies":"Slime Boss","floor":16.0,"turns":3.0},{"damage":3.0,"enemies":"Chosen","floor":18.0,"turns":4.0},{"damage":26.0,"enemies":"Spheric Guardian","floor":19.0,"turns":4.0},{"damage":24.0,"enemies":"Shelled Parasite and Fungi","floor":20.0,"turns":4.0},{"damage":13,"enemies":"Masked Bandits","floor":21,"turns":2}],"seed_played":"-480371370787354285","potions_obtained":[{"floor":1.0,"key":"AttackPotion"},{"floor":8.0,"key":"Energy Potion"},{"floor":8.0,"key":"Ancient Potion"},{"floor":13.0,"key":"PowerPotion"},{"floor":19.0,"key":"CunningPotion"},{"floor":20.0,"key":"LiquidMemories"}],"is_trial":false,"path_per_floor":["M","$","?","M","$","E","R","E","T","R","M","M","E","M","R","B",null,"M","M","M","?"],"character_chosen":"THE_SILENT","items_purchased":["Vajra","Footwork","Poisoned Stab","Infinite Blades"],"campfire_rested":3,"item_purchase_floors":[0,0,2,5],"current_hp_per_floor":[55,55,55,61,61,41,60,28,28,47,44,32,10,10,29,29,57,54,28,4,0,0],"gold":384,"neow_bonus":"","is_daily":false,"chose_seed":false,"campfire_upgraded":0,"win_rate":0.0,"timestamp":1611787473,"path_taken":["M","?","?","?","$","E","R","E","T","R","M","M","E","M","R","BOSS","M","M","?","?"],"items_purchased_type":["Relic","Card","Card","Card"],"build_version":"2020-12-22","purchased_purges":0,"victory":false,"max_hp_per_floor":[66,66,66,66,66,66,66,66,66,66,66,66,66,66,66,66,66,66,66,66,66,66],"card_choices":[{"not_picked":["Dagger Throw","Eviscerate"],"picked":"Accuracy","floor":1.0},{"not_picked":["Expertise","Dagger Throw","Slice"],"picked":"SKIP","floor":4.0},{"not_picked":["Slice","PiercingWail"],"picked":"Caltrops","floor":6.0},{"not_picked":["Prepared","Flying Knee"],"picked":"Die Die Die","floor":8.0},{"not_picked":["Expertise","Flechettes"],"picked":"Noxious Fumes","floor":8.0},{"not_picked":["Deadly Poison","Deflect"],"picked":"Blade Dance","floor":11.0},{"not_picked":["Deadly Poison","Tactician"],"picked":"Terror","floor":12.0},{"not_picked":["Choke","Underhanded Strike","Deadly Poison"],"picked":"SKIP","floor":13.0},{"not_picked":["Crippling Poison","Sucker Punch"],"picked":"Escape Plan","floor":14.0},{"not_picked":["Venomology","A Thousand Cuts"],"picked":"Envenom","floor":16.0},{"not_picked":["All Out Attack","Quick Slash+1"],"picked":"Flying Knee","floor":18.0},{"not_picked":["Setup","Backflip"],"picked":"Dash","floor":19.0},{"not_picked":["Expertise","Dagger Throw","Eviscerate"],"picked":"SKIP","floor":20.0}],"player_experience":1932214,"relics_obtained":[{"floor":6.0,"key":"Akabeko"},{"floor":8.0,"key":"War Paint"},{"floor":9.0,"key":"Whetstone"},{"floor":13.0,"key":"Nunchaku"}],"event_choices":[{"cards_removed":["Strike_G"],"damage_healed":0.0,"max_hp_gain":0.0,"max_hp_loss":0.0,"gold_gain":0.0,"event_name":"Bonfire Elementals","player_choice":"Offered Basic","floor":3.0,"gold_loss":0.0,"damage_taken":0.0},{"damage_healed":0,"gold_gain":0,"player_choice":"Fought Bandits","damage_taken":0,"max_hp_gain":0,"max_hp_loss":0,"event_name":"Masked Bandits","floor":21,"gold_loss":0}],"is_beta":false,"boss_relics":[{"not_picked":["Runic Dome","Velvet Choker"],"picked":"Philosopher\u0027s Stone"}],"items_purged_floors":[],"is_endless":false,"potions_floor_spawned":[1,8,12,13,19,20],"killed_by":"Masked Bandits","ascension_level":15}}