{"host":"5rhdqk7nbnm087ui","time":1611731740,"event":{"mods":["AchievementEnabler","Act Like it!","BaseMod","GungeonMod","Highlight Path","HololiveMod","Marisa（F雨　魔理沙）","Minty Spire (QoL Compilation)","Relic Stats","Replay The Spire","SIMod","Spicy Shops","StSLib","Waifu the Spire","WarShipGirlsR/战舰少女R mod","【遗物卡牌】REMEMod"],"gold_per_floor":[81,96,19,37,37,71,71,101,176,206,221,251,266,287,287,394,394,413,428,428,428,451,451,466,505,530,549,549,584,584,334,334,450,450,465,484,334,381,381,428,443,479,479,479,516,516,557,632,632,660],"floor_reached":51,"language":"ZHS","playtime":2579,"items_purged":[],"score":1135,"play_id":"495891b2-e5f0-4c55-8a8d-1b6c7bc0502e","local_time":"20210127151540","daily_mods":["Heirloom","ControlledChaos","Elite Swarm"],"is_ascension_mode":false,"campfire_choices":[{"data":"Hololive_CallOzoraSubaru","floor":7,"key":"SMITH"},{"data":"Hololive_CallYozoraMel","floor":15,"key":"SMITH"},{"data":"Hololive_CallSpadeEcho","floor":23,"key":"SMITH"},{"data":"Hololive_CallUsadaPekora","floor":30,"key":"SMITH"},{"data":"Hololive_CallOmaruPolka","floor":32,"key":"SMITH"},{"data":"Hololive_Recruit","floor":44,"key":"SMITH"},{"data":"Hololive_CallShishiroBotan","floor":46,"key":"SMITH"},{"data":"Hololive_CallArtia","floor":49,"key":"SMITH"}],"circlet_count":0,"master_deck":["Hololive_Defend","Hololive_Sequa","Hololive_CallArtia+1","Hololive_CallRoboco","Hololive_CallNakiriAyame","Hololive_CallOzoraSubaru+1","Hololive_CallOmaruPolka+1","Hololive_RevenueBasedLive","Hololive_CallMomosuzuNene+18","Hololive_CallAkaiHaato","Hololive_CallUsadaPekora+1","Hololive_Watashimo+1","Hololive_DurableLive","Hololive_AWSL","Hololive_DurableLive","Hololive_CallShishiroBotan+1","Hololive_DDD","Hololive_CallShiranuiFlare","Hololive_CallYozoraMel+1","Hololive_WolfAndLamb","Hololive_CallAiraniIofifteen","Hololive_CallYuzukiChoco+1","Hololive_CallSpadeEcho+1","Hololive_CallDoris+1","Hololive_AWSL","Hololive_CallRosalyn","Hololive_CallCivia","Hololive_IdolExercise","Hololive_MaximGun","Hololive_CallYukihanaLamy+1","Hololive_Teleport+1","Hololive_CallNekomataOkayu+1","Hololive_CallMoonaHoshinova+1","Hololive_CallShiroganeNoel+1","Hololive_CallHimemoriLuna+1","REME_MagicPocketWatch","Hololive_Recruit+1","Hololive_DiamondStrike","Parasite","Hololive_Thief","Hololive_ASMR","Hololive_RevenueBasedLive+1","Hololive_MaximGun","Hololive_Nanodesu","Hololive_DDD","Hololive_AWSL","Hololive_OpenUp"],"relics":["Hololive_TheStar","Frozen Eye","REME_ComplimentaryCards","Turnip","DemoMod:GlassGuonStoneRelic","DemoMod:SuperHotWatch","MealTicket","Mercury Hourglass","Pear","Toy Ornithopter","REME_DuelDisc","InkBottle","Vajra","DemoMod:BlueGuonStone","Question Card","Astrolabe","Medical Kit","Bird Faced Urn","DemoMod:OrangeGuonStone","Ancient Tea Set","Pantograph","Ginger","REME_IWantAll"],"acts_visited":["Exordium","TheCity","TheBeyond"],"potions_floor_usage":[],"damage_taken":[{"damage":0,"enemies":"2 Louse","floor":1,"turns":2},{"damage":0,"enemies":"Cultist","floor":2,"turns":3},{"damage":0,"enemies":"Small Slimes","floor":4,"turns":3},{"damage":0,"enemies":"Lagavulin","floor":6,"turns":4},{"damage":0,"enemies":"Replay:BlueRogue","floor":8,"turns":4},{"damage":0,"enemies":"Lagavulin","floor":10,"turns":5},{"damage":0,"enemies":"Red Slaver","floor":11,"turns":4},{"damage":0,"enemies":"Replay:BlueRogue","floor":12,"turns":5},{"damage":0,"enemies":"Large Slime","floor":13,"turns":5},{"damage":0,"enemies":"Lots of Slimes","floor":14,"turns":3},{"damage":0,"enemies":"Fading Forest","floor":16,"turns":11},{"damage":0,"enemies":"3 Byrds","floor":18,"turns":4},{"damage":0,"enemies":"Shell Parasite","floor":19,"turns":5},{"damage":0,"enemies":"Centurion and Healer","floor":22,"turns":6},{"damage":0,"enemies":"Snecko","floor":24,"turns":5},{"damage":0,"enemies":"Slavers","floor":25,"turns":7},{"damage":0,"enemies":"Snake Plant","floor":27,"turns":4},{"damage":0,"enemies":"Replay:Snechameleon","floor":29,"turns":5},{"damage":0,"enemies":"Pondfish","floor":33,"turns":10},{"damage":0,"enemies":"Orb Walker","floor":35,"turns":4},{"damage":0,"enemies":"3 Shapes","floor":36,"turns":4},{"damage":0,"enemies":"2 Orb Walkers","floor":38,"turns":5},{"damage":0,"enemies":"Giant Head","floor":40,"turns":7},{"damage":0,"enemies":"Writhing Mass","floor":41,"turns":5},{"damage":0,"enemies":"Nemesis","floor":42,"turns":7},{"damage":0,"enemies":"Reptomancer","floor":45,"turns":6},{"damage":0,"enemies":"3 Darklings","floor":47,"turns":6},{"damage":0,"enemies":"Giant Head","floor":48,"turns":7},{"damage":0,"enemies":"Replay:Hell Engine","floor":50,"turns":6}],"seed_played":"-8653540479942029245","potions_obtained":[{"floor":1,"key":"SkillPotion"},{"floor":2,"key":"Toxic Potion"},{"floor":12,"key":"LiquidBronze"},{"floor":29,"key":"ColorlessPotion"},{"floor":41,"key":"Adrenaline Potion"}],"is_trial":false,"path_per_floor":["M","M","$","M","?","E","R","E","T","E","M","E","M","M","R","B",null,"M","M","$","?","M","R","M","E","T","M","?","E","R","$","R","B",null,"M","M","$","?","?","E","M","E","T","R","E","R","M","E","R","B",null],"character_chosen":"Hololive_HololiveCharacter","items_purchased":["Hololive_CallAkaiHaato","Question Card","Medical Kit"],"campfire_rested":0,"item_purchase_floors":[3,31,37],"current_hp_per_floor":[35,35,35,35,35,35,35,35,35,46,47,48,49,50,50,51,51,52,53,53,53,54,54,55,56,56,58,58,60,60,60,60,62,62,64,66,66,68,68,70,72,74,74,74,76,76,78,85,85,88],"gold":660,"neow_bonus":"","is_daily":true,"chose_seed":false,"campfire_upgraded":8,"win_rate":0.0,"timestamp":1611731740,"path_taken":["M","M","$","M","?","E","R","E","T","E","M","E","M","M","R","BOSS","M","M","$","?","?","R","M","E","T","M","?","E","R","$","R","BOSS","M","M","$","?","?","E","?","E","T","R","E","R","M","E","R","BOSS"],"items_purchased_type":["Card","Relic","Relic"],"build_version":"2020-12-22","purchased_purges":0,"victory":true,"max_hp_per_floor":[35,35,35,35,35,35,35,35,35,46,47,48,49,50,50,51,51,52,53,53,53,54,54,55,56,56,58,58,60,60,60,60,62,62,64,66,66,68,68,70,72,74,74,74,76,76,78,85,85,88],"relic_stats":{"counters":[29,149],"Astrolabe":["Hololive_CallYukihanaLamy","Hololive_Teleport","Hololive_CallNekomataOkayu"],"Ginger":[0],"Question Card":13,"Medical Kit":[0],"Mercury Hourglass":[561],"Bird Faced Urn":[0],"Pantograph":0,"MealTicket":0,"Turnip":[6],"obtain_stats":[{"DemoMod:BlueGuonStone":29,"Pear":10,"Astrolabe":34,"DemoMod:OrangeGuonStone":40,"Vajra":26,"DemoMod:GlassGuonStoneRelic":1,"REME_DuelDisc":17,"Ginger":45,"Question Card":31,"Medical Kit":37,"Ancient Tea Set":42,"REME_IWantAll":48,"Mercury Hourglass":9,"DemoMod:SuperHotWatch":6,"Frozen Eye":0,"Bird Faced Urn":38,"Pantograph":43,"Hololive_TheStar":0,"MealTicket":8,"Turnip":0,"Toy Ornithopter":12,"InkBottle":25,"REME_ComplimentaryCards":0},{"DemoMod:BlueGuonStone":18,"Pear":6,"Astrolabe":19,"DemoMod:OrangeGuonStone":23,"Vajra":16,"DemoMod:GlassGuonStoneRelic":1,"REME_DuelDisc":11,"Ginger":26,"Question Card":18,"Medical Kit":21,"Ancient Tea Set":25,"REME_IWantAll":28,"Mercury Hourglass":5,"DemoMod:SuperHotWatch":4,"Frozen Eye":0,"Bird Faced Urn":22,"Pantograph":25,"Hololive_TheStar":0,"MealTicket":5,"Turnip":0,"Toy Ornithopter":8,"InkBottle":16,"REME_ComplimentaryCards":0},{"DemoMod:BlueGuonStone":83,"Pear":21,"Astrolabe":93,"DemoMod:OrangeGuonStone":112,"Vajra":74,"DemoMod:GlassGuonStoneRelic":2,"REME_DuelDisc":48,"Ginger":130,"Question Card":83,"Medical Kit":100,"Ancient Tea Set":124,"REME_IWantAll":143,"Mercury Hourglass":16,"DemoMod:SuperHotWatch":12,"Frozen Eye":0,"Bird Faced Urn":105,"Pantograph":124,"Hololive_TheStar":0,"MealTicket":16,"Turnip":0,"Toy Ornithopter":29,"InkBottle":74,"REME_ComplimentaryCards":0}],"Toy Ornithopter":0,"InkBottle":[16]},"card_choices":[{"not_picked":["Hololive_LuckPotion","Hololive_CocoNews","Hololive_Drill"],"picked":"Hololive_RevenueBasedLive","floor":1},{"not_picked":["Hololive_CallYukihanaLamy","Hololive_CallOmaruPolka","Hololive_Rebound"],"picked":"Hololive_CallMomosuzuNene","floor":2},{"not_picked":["Hololive_Rebound","Hololive_CocoNews","Hololive_Teleport"],"picked":"Hololive_CallUsadaPekora","floor":4},{"not_picked":["Hololive_StarCraft","Hololive_FlareMind","Hololive_Rebirth"],"picked":"Hololive_DurableLive","floor":6},{"not_picked":["Hololive_BeCareful","Hololive_HighAtkLowDef","Hololive_DiamondStrike"],"picked":"Hololive_AWSL","floor":8},{"not_picked":["Hololive_FlareMind","Hololive_HighAtkLowDef","Hololive_Nanodesu"],"picked":"Hololive_DurableLive","floor":10},{"not_picked":["Hololive_HuntDinosaur","Hololive_StrengthChampion","Hololive_Sequa"],"picked":"Hololive_CallShishiroBotan","floor":11},{"not_picked":["Hololive_ASMR","Hololive_HighAtkLowDef","Hololive_OpenUp"],"picked":"Hololive_DDD","floor":12},{"not_picked":["Hololive_CallOmaruPolka","Hololive_RevenueBasedLive","Hololive_Psychosis"],"picked":"Hololive_CallShiranuiFlare","floor":13},{"not_picked":["Hololive_CandyCastle","Hololive_StrengthChampion","Hololive_CallCivia"],"picked":"Hololive_CallYozoraMel","floor":14},{"not_picked":["Hololive_DDD","Hololive_AWSL","Hololive_HighAtkLowDef"],"picked":"Hololive_WolfAndLamb","floor":16},{"not_picked":["Hololive_Trident","Hololive_Breathe","Hololive_BringToTrial"],"picked":"Hololive_CallAiraniIofifteen","floor":18},{"not_picked":["Hololive_CallAyundaRisu","Hololive_OvertimeWork","Hololive_HuntDinosaur"],"picked":"Hololive_CallYuzukiChoco","floor":19},{"not_picked":["Hololive_CocoNews","Hololive_CallYozoraMel","Hololive_BringToTrial"],"picked":"Hololive_CallSpadeEcho","floor":22},{"not_picked":["Hololive_OvertimeWork","Hololive_IdolExercise","Hololive_Rebound+1"],"picked":"Hololive_CallDoris+1","floor":24},{"not_picked":["Hololive_HighAtkLowDef","Hololive_ASMR","Hololive_FlareMind"],"picked":"Hololive_AWSL","floor":25},{"not_picked":["Hololive_Trident+1","Hololive_Sequa+1","Hololive_LuckPotion"],"picked":"Hololive_CallRosalyn","floor":27},{"not_picked":["Hololive_WolfAndLamb","Hololive_Recruit","Hololive_HighAtkLowDef"],"picked":"Hololive_IdolExercise","floor":29},{"not_picked":["Hololive_Recruit","Hololive_IdolExercise","Hololive_AWSL","Hololive_DurableLive"],"picked":"Hololive_MaximGun","floor":33},{"not_picked":["Hololive_FlyingPonyTail+1","Hololive_SummonFox","Hololive_StrengthChampion","Hololive_Trident+1"],"picked":"Hololive_CallMoonaHoshinova+1","floor":35},{"not_picked":["Hololive_CocoNews+1","Hololive_BringToTrial+1","Hololive_OvertimeWork","Hololive_Rebound+1"],"picked":"Hololive_CallShiroganeNoel+1","floor":36},{"not_picked":["Hololive_Breathe","Hololive_CallTokoyamiTowa+1","Hololive_CallArtia","Hololive_CallKiryuuCoco"],"picked":"Hololive_CallHimemoriLuna+1","floor":38},{"not_picked":["Hololive_ASMR","Hololive_StarCraft","Hololive_DurableLive","Hololive_ScarfAndHalo"],"picked":"Hololive_DiamondStrike","floor":40},{"not_picked":["Hololive_CocoNews","Hololive_LuckPotion","Hololive_CallYuzukiChoco","Hololive_Drill+1","Hololive_HuntDinosaur+1"],"picked":"SKIP","floor":41},{"not_picked":["Hololive_FlareMind","Hololive_HighAtkLowDef","Hololive_DiamondStrike","Hololive_DDD"],"picked":"Hololive_Thief","floor":42},{"not_picked":["Hololive_FlareMind","Hololive_StarCraft","Hololive_WolfAndLamb","Hololive_MaximGun"],"picked":"Hololive_ASMR","floor":45},{"not_picked":["Hololive_CallDoris","Hololive_Trident+1","Hololive_BringToTrial+1","Hololive_CallArtia"],"picked":"Hololive_RevenueBasedLive+1","floor":47},{"not_picked":["Hololive_MaximGun","Hololive_Nanodesu","Hololive_DDD","Hololive_AWSL","Hololive_OpenUp"],"picked":"Singing Bowl","floor":48}],"player_experience":145673,"relics_obtained":[{"floor":6,"key":"DemoMod:SuperHotWatch"},{"floor":8,"key":"MealTicket"},{"floor":9,"key":"Mercury Hourglass"},{"floor":10,"key":"Pear"},{"floor":12,"key":"Toy Ornithopter"},{"floor":25,"key":"InkBottle"},{"floor":26,"key":"Vajra"},{"floor":29,"key":"DemoMod:BlueGuonStone"},{"floor":38,"key":"Bird Faced Urn"},{"floor":40,"key":"DemoMod:OrangeGuonStone"},{"floor":42,"key":"Ancient Tea Set"},{"floor":43,"key":"Pantograph"},{"floor":45,"key":"Ginger"},{"floor":48,"key":"REME_IWantAll"}],"event_choices":[{"damage_healed":0,"gold_gain":0,"player_choice":"Forge","damage_taken":0,"max_hp_gain":0,"max_hp_loss":0,"event_name":"Accursed Blacksmith","floor":21,"gold_loss":0,"cards_upgraded":["Hololive_CallYuzukiChoco"]},{"damage_healed":0,"gold_gain":0,"player_choice":"Read","damage_taken":0,"max_hp_gain":0,"max_hp_loss":0,"event_name":"The Library","floor":28,"gold_loss":0,"cards_obtained":["Hololive_CallCivia"]},{"damage_healed":0,"gold_gain":0,"player_choice":"Fight","damage_taken":0,"max_hp_gain":0,"max_hp_loss":0,"event_name":"Mysterious Sphere","floor":38,"gold_loss":0},{"damage_healed":0,"gold_gain":0,"player_choice":"2 cards matched","damage_taken":0,"max_hp_gain":0,"max_hp_loss":0,"event_name":"Match and Keep!","floor":39,"gold_loss":0,"cards_obtained":["REME_MagicPocketWatch","Hololive_Recruit"]}],"is_beta":false,"boss_relics":[{"not_picked":["Honey Jar","Hololive_TopUpMoneyS"],"picked":"REME_DuelDisc"},{"not_picked":["SacredBark","Replay:Grab Bag"],"picked":"Astrolabe"}],"items_purged_floors":[],"is_endless":false,"potions_floor_spawned":[1,2,12,13,19,22,29,33,38,41,42,47],"ascension_level":0}}