{"host":"mydft8i2zzydgggw","time":1611787996,"event":{"mods":["AchievementEnabler","BaseMod","BetterRewards","Colored Map","Colored Powertips","DeckTracker","Keyboard Shortcuts","Minty Spire (QoL Compilation)","Rare Cards Sparkle","StSLib","SuperFastMode","everything is the same but u backflip on backflip"],"gold_per_floor":[115,40,40,40,40,40,40,71,71,96,107,107,107,107,107,232,295,318,318,331,231,247,247,287,287,333,333,346,296,296,314,314,445,445,445,249,249,249,99,99,113,113,113,126,189,202,240,301,301,301],"floor_reached":51,"language":"KOR","playtime":1054,"items_purged":["Strike_P","Strike_P","Strike_P","Defend_P"],"score":1140,"play_id":"067e597b-8362-4485-9cc6-4b46f83a18f9","local_time":"20210128075316","is_ascension_mode":true,"campfire_choices":[{"data":"Eruption","floor":6.0,"key":"SMITH"},{"data":"Judgement","floor":13.0,"key":"SMITH"},{"data":"Vigilance","floor":15.0,"key":"SMITH"},{"data":"Adaptation","floor":23.0,"key":"SMITH"},{"data":"Scrawl","floor":25.0,"key":"SMITH"},{"data":"InnerPeace","floor":27.0,"key":"SMITH"},{"data":"FearNoEvil","floor":30.0,"key":"SMITH"},{"floor":32.0,"key":"REST"},{"data":"MentalFortress","floor":40,"key":"SMITH"},{"floor":42,"key":"REST"},{"data":"1","floor":49,"key":"LIFT"}],"circlet_count":0,"master_deck":["AscendersBane","Strike_P+1","Defend_P","Eruption+1","Vigilance+1","Judgement+1","InnerPeace+1","FearNoEvil+1","Scrawl+1","Adaptation+1","MentalFortress+1","MentalFortress+1"],"relics":["PureWater","Centennial Puzzle","CaptainsWheel","Strawberry","Happy Flower","Golden Idol","Tiny House","Question Card","Toy Ornithopter","SlaversCollar","StoneCalendar","Girya","Ginger","TungstenRod"],"acts_visited":["Exordium","TheCity","TheBeyond"],"potions_floor_usage":[35,50,50],"damage_taken":[{"damage":0.0,"enemies":"Cultist","floor":1.0,"turns":2.0},{"damage":12.0,"enemies":"Lagavulin","floor":8.0,"turns":5.0},{"damage":0.0,"enemies":"Jaw Worm","floor":11.0,"turns":2.0},{"damage":32.0,"enemies":"The Guardian","floor":16.0,"turns":14.0},{"damage":0.0,"enemies":"Shell Parasite","floor":18.0,"turns":1.0},{"damage":0.0,"enemies":"3 Byrds","floor":20.0,"turns":3.0},{"damage":7.0,"enemies":"3 Cultists","floor":22.0,"turns":3.0},{"damage":0.0,"enemies":"Gremlin Leader","floor":24.0,"turns":5.0},{"damage":8.0,"enemies":"Snecko","floor":28.0,"turns":3.0},{"damage":3.0,"enemies":"Snake Plant","floor":31.0,"turns":3.0},{"damage":59,"enemies":"Automaton","floor":33,"turns":8},{"damage":0,"enemies":"Orb Walker","floor":35,"turns":2},{"damage":37,"enemies":"3 Darklings","floor":41,"turns":2},{"damage":0,"enemies":"Transient","floor":44,"turns":2},{"damage":0,"enemies":"Mind Bloom Boss Battle","floor":45,"turns":3},{"damage":0,"enemies":"Spire Growth","floor":46,"turns":2},{"damage":9,"enemies":"Giant Head","floor":47,"turns":2},{"damage":0,"enemies":"2 Orb Walkers","floor":48,"turns":1},{"damage":6,"enemies":"Awakened One","floor":50,"turns":3}],"seed_played":"8266548787652532558","potions_obtained":[{"floor":16.0,"key":"DistilledChaos"},{"floor":17.0,"key":"Swift Potion"},{"floor":19.0,"key":"EntropicBrew"},{"floor":19.0,"key":"Explosive Potion"},{"floor":22.0,"key":"SmokeBomb"},{"floor":28.0,"key":"Ancient Potion"},{"floor":41,"key":"FearPotion"},{"floor":45,"key":"PowerPotion"}],"is_trial":false,"path_per_floor":["M","$","?","?","$","R","?","E","T","T","M","?","R","?","R","B",null,"M","?","M","$","M","R","E","R","T","R","M","?","R","M","R","B",null,"M","$","?","?","$","R","M","R","T","M","?","M","E","?","R","B",null],"character_chosen":"WATCHER","items_purchased":["MentalFortress"],"campfire_rested":2,"item_purchase_floors":[36],"current_hp_per_floor":[65,65,62,55,55,55,55,43,50,50,50,50,50,50,50,18,60,60,60,60,60,53,53,53,53,53,53,45,45,45,42,63,4,55,60,60,60,60,60,60,23,43,43,43,43,43,34,34,34,38],"gold":301,"neow_bonus":"THREE_RARE_CARDS","is_daily":false,"chose_seed":false,"campfire_upgraded":8,"win_rate":0.0,"timestamp":1611787996,"path_taken":["M","$","?","?","$","R","?","E","T","?","?","?","R","?","R","BOSS","M","?","?","$","M","R","E","R","T","R","?","?","R","M","R","BOSS","M","?","?","?","$","R","?","R","T","M","?","M","E","?","R","BOSS"],"items_purchased_type":["Card"],"build_version":"2020-12-22","purchased_purges":4,"victory":true,"max_hp_per_floor":[65,65,65,65,65,65,65,65,72,72,72,72,72,67,67,67,72,72,72,72,72,72,72,72,72,72,72,72,72,72,72,72,72,72,72,72,68,68,68,68,68,68,68,68,68,68,68,68,68,68],"card_choices":[{"not_picked":["Blasphemy","Ragnarok"],"picked":"Judgement","floor":0.0},{"not_picked":["SashWhip","EmptyMind"],"picked":"InnerPeace","floor":1.0},{"not_picked":["PathToVictory","Consecrate","BowlingBash"],"picked":"SKIP","floor":8.0},{"not_picked":["InnerPeace","Consecrate"],"picked":"FearNoEvil","floor":11.0},{"not_picked":["Alpha","Brilliance"],"picked":"Scrawl","floor":16.0},{"not_picked":["JustLucky+1","InnerPeace+1","Vault"],"picked":"SKIP","floor":18.0},{"not_picked":["Crescendo+1","FlyingSleeves+1"],"picked":"Adaptation","floor":20.0},{"not_picked":["Collect","Consecrate","ThirdEye"],"picked":"SKIP","floor":22.0},{"not_picked":["EmptyFist","ThirdEye","WreathOfFlame"],"picked":"SKIP","floor":24.0},{"not_picked":["Evaluate","JustLucky","PathToVictory+1","EmptyFist"],"picked":"SKIP","floor":28.0},{"not_picked":["EmptyFist+1","Prostrate+1","Alpha","CutThroughFate"],"picked":"SKIP","floor":31.0},{"not_picked":["ReachHeaven+1","LikeWater+1","DeceiveReality"],"picked":"MentalFortress+1","floor":41},{"not_picked":["Protect","Wallop+1","Weave+1","CrushJoints+1"],"picked":"SKIP","floor":44},{"not_picked":["Protect","Wallop+1","Weave+1","CrushJoints+1"],"picked":"SKIP","floor":44},{"not_picked":["Swivel","Protect+1","JustLucky+1","Halt+1"],"picked":"SKIP","floor":46},{"not_picked":["MasterReality","FlurryOfBlows+1","Swivel+1","ClearTheMind+1"],"picked":"SKIP","floor":47}],"player_experience":225941,"relics_obtained":[{"floor":8.0,"key":"CaptainsWheel"},{"floor":9.0,"key":"Strawberry"},{"floor":10.0,"key":"Happy Flower"},{"floor":24.0,"key":"Question Card"},{"floor":26.0,"key":"Toy Ornithopter"},{"floor":43,"key":"StoneCalendar"},{"floor":45,"key":"Girya"},{"floor":47,"key":"Ginger"},{"floor":48,"key":"TungstenRod"}],"event_choices":[{"damage_healed":0.0,"max_hp_gain":0.0,"max_hp_loss":0.0,"gold_gain":0.0,"event_name":"Scrap Ooze","player_choice":"Success","floor":3.0,"gold_loss":0.0,"damage_taken":3.0,"relics_obtained":["Centennial Puzzle"]},{"cards_removed":["Defend_P"],"damage_healed":0.0,"max_hp_gain":0.0,"max_hp_loss":0.0,"gold_gain":0.0,"event_name":"Golden Wing","player_choice":"Card Removal","floor":4.0,"gold_loss":0.0,"damage_taken":7.0},{"damage_healed":0.0,"max_hp_gain":0.0,"max_hp_loss":0.0,"gold_gain":0.0,"event_name":"Shining Light","player_choice":"Ignored","floor":7.0,"gold_loss":0.0,"damage_taken":0.0},{"damage_healed":0.0,"max_hp_gain":0.0,"max_hp_loss":0.0,"gold_gain":0.0,"event_name":"Liars Game","player_choice":"Ignored","floor":12.0,"gold_loss":0.0,"damage_taken":0.0},{"damage_healed":0.0,"max_hp_gain":0.0,"max_hp_loss":5.0,"gold_gain":0.0,"event_name":"Golden Idol","player_choice":"Lose Max HP","floor":14.0,"gold_loss":0.0,"damage_taken":0.0,"relics_obtained":["Golden Idol"]},{"damage_healed":0.0,"max_hp_gain":0.0,"max_hp_loss":0.0,"gold_gain":0.0,"event_name":"Lab","player_choice":"Got Potions","floor":19.0,"gold_loss":0.0,"damage_taken":0.0},{"damage_healed":0.0,"max_hp_gain":0.0,"max_hp_loss":0.0,"gold_gain":0.0,"event_name":"The Joust","player_choice":"Bet on Murderer","floor":29.0,"gold_loss":50.0,"damage_taken":0.0},{"damage_healed":0,"gold_gain":0,"player_choice":"Max HP","damage_taken":0,"max_hp_gain":0,"max_hp_loss":4,"event_name":"Winding Halls","floor":37,"gold_loss":0},{"cards_removed":["Defend_P"],"damage_healed":0,"gold_gain":0,"player_choice":"Offered Basic","damage_taken":0,"max_hp_gain":0,"max_hp_loss":0,"event_name":"Bonfire Elementals","floor":38,"gold_loss":0},{"damage_healed":0,"gold_gain":0,"player_choice":"Fight","damage_taken":0,"max_hp_gain":0,"max_hp_loss":0,"event_name":"MindBloom","floor":45,"gold_loss":0},{"damage_healed":0,"gold_gain":0,"player_choice":"Fight","damage_taken":0,"max_hp_gain":0,"max_hp_loss":0,"event_name":"Mysterious Sphere","floor":48,"gold_loss":0}],"is_beta":false,"boss_relics":[{"not_picked":["Snecko Eye","Fusion Hammer"],"picked":"Tiny House"},{"not_picked":["Astrolabe","HolyWater"],"picked":"SlaversCollar"}],"items_purged_floors":[2,21,36,39],"is_endless":false,"potions_floor_spawned":[16,22,28,33,41,44,45],"ascension_level":11}}