{"host":"k2mw1od0xoi9pcfj","time":1611749867,"event":{"mods":["100% Spire Juice","Act Like it!","Aspiration","BaseMod","Beaked The Cultist","Downfall","Energized Spire","Hermit","Highlight Path","Minty Spire (QoL Compilation)","Permanent Neow","Relic Stats","Replay The Spire","Retaliation","StSLib","TheHeartMod"],"gold_per_floor":[119,147,147,112,125,125,125],"floor_reached":6,"language":"ENG","playtime":289,"items_purged":[],"score":34,"play_id":"bf4f5da2-32e8-45e3-923f-058f57b7375d","local_time":"20210127061747","is_ascension_mode":false,"campfire_choices":[],"circlet_count":0,"master_deck":["beaked:Strike_Y","beaked:Strike_Y","beaked:Strike_Y","beaked:Strike_Y","beaked:Strike_Y","beaked:Strike_Y","beaked:Defend_Y","beaked:Defend_Y","beaked:Defend_Y","beaked:Defend_Y","beaked:Ceremony","beaked:Ceremony","beaked:Ceremony","Creative AI","beaked:BraceForImpact","beaked:HuntressSpirit","beaked:DigDeep"],"relics":["beaked:MendingPlumage","Black Star","beaked:SacredDeck","Replay:Kaleidoscope","WingedGreaves"],"acts_visited":["Exordium"],"potions_floor_usage":[],"damage_taken":[{"damage":24,"enemies":"Jaw Worm","floor":1,"turns":6},{"damage":6,"enemies":"2 Louse","floor":5,"turns":5},{"damage":54,"enemies":"Gremlin Nob","floor":6,"turns":5}],"seed_played":"2981263391275328280","potions_obtained":[],"is_trial":false,"path_per_floor":["M","?","?","?","M","E"],"character_chosen":"BEAKED_THE_CULTIST","items_purchased":[],"campfire_rested":0,"item_purchase_floors":[],"current_hp_per_floor":[34,22,19,31,38,0,0],"gold":125,"neow_bonus":"DOUBLE_BOSS_RELIC","is_daily":false,"chose_seed":false,"campfire_upgraded":0,"win_rate":0.0,"timestamp":1611749867,"path_taken":["M","?","?","?","M","E"],"items_purchased_type":[],"build_version":"2020-12-22","purchased_purges":0,"victory":false,"max_hp_per_floor":[50,50,50,50,50,50,50],"relic_stats":{"counters":[3,16],"Black Star":0,"obtain_stats":[{"beaked:SacredDeck":0,"WingedGreaves":3,"Black Star":0,"Replay:Kaleidoscope":2,"beaked:MendingPlumage":0},{"beaked:SacredDeck":0,"WingedGreaves":1,"Black Star":0,"Replay:Kaleidoscope":1,"beaked:MendingPlumage":0},{"beaked:SacredDeck":0,"WingedGreaves":6,"Black Star":0,"Replay:Kaleidoscope":6,"beaked:MendingPlumage":0}]},"card_choices":[{"not_picked":["beaked:Resilience","beaked:Evade"],"picked":"beaked:BraceForImpact","floor":1},{"not_picked":["beaked:BounceBack","beaked:Tweet"],"picked":"beaked:HuntressSpirit","floor":2},{"not_picked":["beaked:SurvivalInstinct","beaked:Overpower"],"picked":"beaked:DigDeep","floor":5}],"player_experience":818766,"relics_obtained":[{"floor":2,"key":"Replay:Kaleidoscope"}],"event_choices":[{"damage_healed":0,"gold_gain":0,"player_choice":"Success","damage_taken":3,"relics_obtained":["WingedGreaves"],"max_hp_gain":0,"max_hp_loss":0,"event_name":"Scrap Ooze","floor":3,"gold_loss":0},{"damage_healed":12,"gold_gain":0,"player_choice":"Healed","damage_taken":0,"max_hp_gain":0,"max_hp_loss":0,"event_name":"The Cleric","floor":4,"gold_loss":35}],"is_beta":false,"boss_relics":[],"items_purged_floors":[],"is_endless":false,"potions_floor_spawned":[],"killed_by":"Gremlin Nob","ascension_level":0}}