{"host":"qswkx8hggytna0kc","time":1611756113,"event":{"mods":["Aspiration","BaseMod","BetterRewards","Colored Map","Colored Powertips","Highlight Path","Hubris","Mimic Mod","Minty Spire (QoL Compilation)","MostiFishMod","Quick Restart","Replay The Spire","StSLib","SuperFastMode"],"gold_per_floor":[109,129,142,142,156,156,182,182,182,202,202,202,227,247,247,319,319,338,350,217,217,217,217],"floor_reached":22,"language":"ZHS","playtime":775,"items_purged":["Strike_B"],"score":392,"play_id":"d407e944-d69f-4b36-ba1f-4f18a6e4d6fd","local_time":"20210127220153","is_ascension_mode":true,"campfire_choices":[{"data":"MostiFishMod:StarOceanB","floor":6,"key":"SMITH"},{"data":"Zap","floor":8,"key":"SMITH"},{"data":"Scrape","floor":11,"key":"SMITH"},{"floor":15,"key":"REST"}],"circlet_count":0,"master_deck":["AscendersBane","Strike_B","Strike_B","Strike_B","Defend_B","Defend_B","Defend_B","Defend_B","Zap+1","Dualcast","Sweeping Beam","Beam Cell","MostiFishMod:StarOceanB+1","ReplayTheSpireMod:Reroute Power","Scrape+1","Steam","Recycle+1","Steam Power","Electrodynamics","ReplayTheSpireMod:Reroute Power","Turbo","Deep Breath"],"relics":["Cracked Core","DaveBox","Nloth\u0027s Gift","aspiration:Nostalgia","PureWater","SynthV:TestCard","ReplayTheSpireMod:Ring of Exchange","Potion Belt","The Courier","Replay:Bottled Steam","Art of War","ChewingGum"],"acts_visited":["Exordium","TheCity"],"potions_floor_usage":[7,16,22],"damage_taken":[{"damage":4,"enemies":"2 Louse","floor":1,"turns":2},{"damage":12,"enemies":"Jaw Worm","floor":2,"turns":3},{"damage":0,"enemies":"Small Slimes","floor":3,"turns":2},{"damage":12,"enemies":"Looter","floor":5,"turns":3},{"damage":6,"enemies":"Replay:BlueRogue","floor":7,"turns":3},{"damage":7,"enemies":"Lots of Slimes","floor":10,"turns":3},{"damage":9,"enemies":"3 Sentries","floor":13,"turns":6},{"damage":13,"enemies":"Large Slime","floor":14,"turns":3},{"damage":80,"enemies":"Fading Forest","floor":16,"turns":13},{"damage":53,"enemies":"Shell Parasite","floor":18,"turns":6},{"damage":0,"enemies":"Chosen","floor":19,"turns":3},{"damage":5,"enemies":"Snake Plant","floor":22,"turns":1}],"seed_played":"3581167251898772033","potions_obtained":[{"floor":3,"key":"Regen Potion"},{"floor":5,"key":"Toxic Potion"},{"floor":7,"key":"CultistPotion"},{"floor":10,"key":"FairyPotion"},{"floor":19,"key":"PowerPotion"}],"is_trial":false,"path_per_floor":["M","M","M","?","M","R","E","R","T","M","R","T","E","M","R","B",null,"M","M","$","?","M"],"character_chosen":"DEFECT","items_purchased":["Deep Breath"],"campfire_rested":1,"item_purchase_floors":[20],"current_hp_per_floor":[60,48,48,48,36,36,35,35,35,40,40,40,31,18,39,15,57,4,4,4,4,0,0],"gold":217,"neow_bonus":"NOSTALGIA","is_daily":false,"chose_seed":false,"campfire_upgraded":3,"win_rate":0.0,"timestamp":1611756113,"path_taken":["M","M","M","?","M","R","E","R","T","M","R","?","E","M","R","BOSS","M","M","$","?","M"],"items_purchased_type":["Card"],"build_version":"2020-12-22","purchased_purges":1,"victory":false,"max_hp_per_floor":[71,71,71,71,71,71,71,71,71,71,71,71,71,71,71,71,71,71,71,71,71,71,71],"card_choices":[{"not_picked":["MostiFishMod:PushDownKick","Defragment"],"picked":"Sweeping Beam","floor":1},{"not_picked":["Ball Lightning","Compile Driver","ReplayTheSpireMod:Repulse","Streamline"],"picked":"Beam Cell","floor":2},{"not_picked":["Redo","Blizzard","Ball Lightning","ReplayTheSpireMod:Calculation Training"],"picked":"MostiFishMod:StarOceanB","floor":3},{"not_picked":["Undo","ReplayTheSpireMod:Repulse","ReplayTheSpireMod:System Scan","Go for the Eyes"],"picked":"ReplayTheSpireMod:Reroute Power","floor":5},{"not_picked":["Rebound","Core Surge","Ball Lightning","Genetic Algorithm"],"picked":"Scrape","floor":7},{"not_picked":["Leap","Panic Button","BasicCrystalCard","Defragment"],"picked":"Steam","floor":10},{"not_picked":["MostiFishMod:ActiveDefenseSystem","MostiFishMod:Impulse","ReplayRNGCard","Coolheaded"],"picked":"Recycle","floor":13},{"not_picked":["Stack","Ball Lightning","Conserve Battery","BasicCrystalCard"],"picked":"Steam Power","floor":14},{"not_picked":["MostiFishMod:Tomorrow","Meteor Strike","MostiFishMod:ActiveDefenseSystem","Reboot"],"picked":"Electrodynamics","floor":16},{"not_picked":["BasicCrystalCard","Redo","Leap","Crystallizer"],"picked":"ReplayTheSpireMod:Reroute Power","floor":18},{"not_picked":["Barrage","MostiFishMod:PushDownKick","Compile Driver","Redo"],"picked":"Turbo","floor":19}],"player_experience":376164,"relics_obtained":[{"floor":1,"key":"SynthV:TestCard"},{"floor":4,"key":"ReplayTheSpireMod:Ring of Exchange"},{"floor":7,"key":"Potion Belt"},{"floor":9,"key":"The Courier"},{"floor":12,"key":"Replay:Bottled Steam"},{"floor":13,"key":"Art of War"}],"event_choices":[],"is_beta":false,"boss_relics":[{"not_picked":["Astrolabe","PrismaticShard"],"picked":"ChewingGum"}],"items_purged_floors":[20],"is_endless":false,"potions_floor_spawned":[3,5,7,10,19],"killed_by":"Snake Plant","ascension_level":20}}