{"host":"aukiz5jlacd3g5yc","time":1611731102,"event":{"mods":["2.2 Compatiblity","BaseMod","Bestiary","Colored Map","Colored Powertips","Downfall","GifTheSpireLib","Minty Spire (QoL Compilation)","Permanent Neow","Quick Restart","Random Character Button","Rare Cards Sparkle","Relic Sorter","Relic Stats","Replay The Spire","StSLib","everything is the same but u backflip on backflip","slay the spire mod where everything is the same but ironclad has a cowboy hat"],"gold_per_floor":[366,366,384,396,450,450,479,34,34,49,65,65,75,109,109,109,109],"floor_reached":16,"language":"ENG","playtime":583,"items_purged":["Regret"],"score":123,"play_id":"bb727667-09f5-4088-97c5-8907ba658b12","local_time":"20210127010502","is_ascension_mode":true,"campfire_choices":[{"data":"Dualcast","floor":6.0,"key":"SMITH"},{"floor":12.0,"key":"REST"},{"data":"Hologram","floor":15.0,"key":"SMITH"}],"circlet_count":0,"master_deck":["Strike_B","Strike_B","Strike_B","Strike_B","Defend_B","Defend_B","Defend_B","Defend_B","Zap","Dualcast+1","Languid","Steam","Melter","Hologram+1","Coolheaded","Doom and Gloom","Redo","Consume","Self Repair","ReplayTheSpireMod:Omega Cannon","BasicCrystalCard","Barrage","Time Bomb","Crystallizer","Conserve Battery"],"relics":["Cracked Core","Symbiotic Virus","Singing Bowl","Boot","OrangePellets","Prayer Wheel","PreservedInsect"],"acts_visited":["Exordium"],"potions_floor_usage":[16],"damage_taken":[{"damage":9.0,"enemies":"2 Louse","floor":1.0,"turns":3.0},{"damage":7.0,"enemies":"Jaw Worm","floor":3.0,"turns":3.0},{"damage":8.0,"enemies":"Small Slimes","floor":4.0,"turns":3.0},{"damage":18.0,"enemies":"Lagavulin","floor":7.0,"turns":5.0},{"damage":3.0,"enemies":"Gremlin Gang","floor":10.0,"turns":3.0},{"damage":0.0,"enemies":"Large Slime","floor":11.0,"turns":4.0},{"damage":6.0,"enemies":"2 Fungi Beasts","floor":13.0,"turns":2.0},{"damage":10.0,"enemies":"Gremlin Nob","floor":14.0,"turns":3.0},{"damage":13,"enemies":"Slime Boss","floor":16,"turns":4}],"seed_played":"5247017973020093218","potions_obtained":[{"floor":3.0,"key":"Languid Potion"},{"floor":5.0,"key":"FocusPotion"},{"floor":7.0,"key":"Strength Potion"},{"floor":11.0,"key":"champ:CounterPotion"}],"is_trial":false,"path_per_floor":["M","?","M","M","?","R","E","$","T","M","M","R","M","E","R","B"],"character_chosen":"DEFECT","items_purchased":["Doom and Gloom","Redo","Consume","OrangePellets","Self Repair"],"campfire_rested":1,"item_purchase_floors":[8,8,8,8,8],"current_hp_per_floor":[66,66,59,51,21,21,5,5,5,2,2,25,21,11,11,0,0],"gold":109,"neow_bonus":"TWO_FIFTY_GOLD","is_daily":false,"chose_seed":false,"campfire_upgraded":2,"win_rate":0.0,"timestamp":1611731102,"path_taken":["M","?","M","M","?","R","E","$","T","?","M","R","?","E","R","BOSS"],"items_purchased_type":["Card","Card","Card","Relic","Card"],"build_version":"2020-12-22","purchased_purges":1,"victory":false,"max_hp_per_floor":[75,75,75,75,75,75,77,77,77,77,77,77,79,79,79,79,79],"relic_stats":{"OrangePellets":[1],"Singing Bowl":4,"counters":[9,30],"Prayer Wheel":3,"PreservedInsect":0,"Boot":[23],"obtain_stats":[{"OrangePellets":8,"Singing Bowl":5,"Prayer Wheel":9,"PreservedInsect":14,"Cracked Core":0,"Symbiotic Virus":2,"Boot":7},{"OrangePellets":4,"Singing Bowl":3,"Prayer Wheel":4,"PreservedInsect":8,"Cracked Core":0,"Symbiotic Virus":1,"Boot":4},{"OrangePellets":14,"Singing Bowl":9,"Prayer Wheel":14,"PreservedInsect":26,"Cracked Core":0,"Symbiotic Virus":3,"Boot":14}]},"card_choices":[{"not_picked":["Blizzard","Stack"],"picked":"Steam","floor":1.0},{"not_picked":["Compile Driver","Ball Lightning"],"picked":"Melter","floor":3.0},{"not_picked":["Ball Lightning","Stack"],"picked":"Hologram","floor":4.0},{"not_picked":["Leap","Ball Lightning"],"picked":"Coolheaded","floor":5.0},{"not_picked":["Turbo","Storm","Amplify"],"picked":"Singing Bowl","floor":7.0},{"not_picked":["BasicCrystalCard","Sweeping Beam"],"picked":"ReplayTheSpireMod:Omega Cannon","floor":10.0},{"not_picked":["Steam","Ball Lightning"],"picked":"BasicCrystalCard","floor":10.0},{"not_picked":["Sweeping Beam","Hologram"],"picked":"Barrage","floor":11.0},{"not_picked":["Heatsinks","Barrage"],"picked":"Time Bomb","floor":11.0},{"not_picked":["ReplayTheSpireMod:GoodbyeWorld","ReplayGash","Turbo"],"picked":"Singing Bowl","floor":13.0},{"not_picked":["Gash","Go for the Eyes"],"picked":"Crystallizer","floor":13.0},{"not_picked":["Barrage","Ball Lightning"],"picked":"Conserve Battery","floor":14.0}],"player_experience":358493,"relics_obtained":[{"floor":5.0,"key":"Singing Bowl"},{"floor":7.0,"key":"Boot"},{"floor":9.0,"key":"Prayer Wheel"},{"floor":14.0,"key":"PreservedInsect"}],"event_choices":[{"damage_healed":0.0,"max_hp_gain":0.0,"max_hp_loss":0.0,"gold_gain":0.0,"event_name":"Big Fish","player_choice":"Box","floor":2.0,"gold_loss":0.0,"damage_taken":0.0,"relics_obtained":["Symbiotic Virus"],"cards_obtained":["Regret"]}],"is_beta":false,"boss_relics":[],"items_purged_floors":[8],"is_endless":false,"potions_floor_spawned":[3,7,11],"killed_by":"Slime Boss","ascension_level":2}}