{"host":"Jade","time":1611752741,"event":{"mods":["2.2 Compatiblity","A Penny For Your Troubles","Aspiration","BaseMod","Better Altar","Better Match","Better Note","Better Skull","Better Third Choice","Better Vampires","BetterRewards","Colored Powertips","Conspire","Curses Come First","DeckTracker","GifTheSpireLib","Hero for Fun","Hubris","Infinite Spire","Minty Spire (QoL Compilation)","Quick Restart","Rare Cards Sparkle","Relic Stats","Reliquary","Replay The Spire","Robot Space Explorer","RumiaBox-????????","Spicy Shops","StSLib","Stuff the Spire","Waifu the Spire","Wandering Minibosses"],"gold_per_floor":[111,111,123,135,155,155,155,167,192,192,191,202,231,241,241,328,378,389,389,389,389,405,405,346,370,397,122,122,147,147,159,159,144,144],"floor_reached":33,"language":"ENG","playtime":1089,"items_purged":["Strike_B"],"score":314,"play_id":"3136e647-3ec3-4b73-a813-b3cbb205af95","local_time":"20210127210541","is_ascension_mode":false,"campfire_choices":[{"data":"Rip and Tear","floor":6,"key":"SMITH"},{"data":"Rip and Tear","floor":23,"key":"SMITH"},{"floor":28,"key":"REST"},{"floor":32,"key":"REST"}],"circlet_count":0,"master_deck":["Strike_B","Strike_B","Strike_B","Defend_B","Defend_B","Defend_B+1","Defend_B","Zap","Dualcast+1","Rip and Tear+1","Rip and Tear+1","Melter","ReplayGash","Rip and Tear+1","Gash","Stack+1"],"relics":["Cracked Core","Bag of Marbles","Replay:Wax Seal","PreservedInsect","infinitespire:CursedDice","War Paint","aspiration:ArtOfWarUpgrade","infinitespire:FocusingShard","Tiny House","PrismaticShard","hubris:TenFootPole","Geode","reliquary:BrokenClock","reliquary:Knoch"],"acts_visited":["Exordium","TheCity"],"potions_floor_usage":[5,8,13,16,16,18,22,31,31,31,33],"damage_taken":[{"damage":1,"enemies":"Jaw Worm","floor":1,"turns":3},{"damage":0,"enemies":"Small Slimes","floor":3,"turns":1},{"damage":0,"enemies":"Cultist","floor":4,"turns":1},{"damage":0,"enemies":"Blue Slaver","floor":5,"turns":1},{"damage":0,"enemies":"2 Fungi Beasts","floor":8,"turns":2},{"damage":0,"enemies":"Large Slime","floor":11,"turns":5},{"damage":0,"enemies":"3 Louse","floor":12,"turns":1},{"damage":0,"enemies":"Lagavulin","floor":13,"turns":3},{"damage":0,"enemies":"Red Slaver","floor":14,"turns":2},{"damage":12,"enemies":"Hexaghost","floor":16,"turns":7},{"damage":5,"enemies":"3 Byrds","floor":18,"turns":3},{"damage":2,"enemies":"Shell Parasite","floor":22,"turns":3},{"damage":31,"enemies":"Shelled Parasite and Fungi","floor":24,"turns":7},{"damage":28,"enemies":"Gremlin Leader","floor":25,"turns":5},{"damage":19,"enemies":"Replay:Snechameleon","floor":29,"turns":3},{"damage":0,"enemies":"Snake Plant","floor":31,"turns":2},{"damage":37,"enemies":"Collector","floor":33,"turns":7}],"seed_played":"-4193664398571058703","potions_obtained":[{"floor":3,"key":"DistilledChaos"},{"floor":4,"key":"Regen Potion"},{"floor":8,"key":"SpeedPotion"},{"floor":11,"key":"FearPotion"},{"floor":14,"key":"Block Potion"},{"floor":16,"key":"Fire Potion"},{"floor":17,"key":"Weak Potion"},{"floor":25,"key":"Block Potion"},{"floor":31,"key":"Languid Potion"}],"is_trial":false,"path_per_floor":["M","?","M","M","M","R","?","M","T","R","M","M","E","M","R","B",null,"M","?","?","?","M","R","M","E","T","$","R","E","?","M","R","B"],"character_chosen":"DEFECT","items_purchased":["Bag of Marbles","Replay:Wax Seal","PreservedInsect","Rip and Tear","reliquary:BrokenClock","Strength Potion","Strength Potion"],"campfire_rested":2,"item_purchase_floors":[0,0,0,0,27,27,27],"current_hp_per_floor":[39,27,27,27,27,27,27,32,32,32,32,32,32,32,32,20,80,75,75,67,67,65,65,34,6,6,6,30,11,11,11,35,0,0],"gold":144,"neow_bonus":"","is_daily":false,"chose_seed":false,"campfire_upgraded":2,"win_rate":0.0,"timestamp":1611752741,"path_taken":["M","?","M","M","M","R","?","M","T","R","M","M","E","M","R","BOSS","M","?","?","?","M","R","M","E","T","?","R","E","?","M","R","BOSS"],"items_purchased_type":["Relic","Relic","Relic","Card","Relic","Potion","Potion"],"build_version":"2020-11-17","purchased_purges":1,"victory":false,"max_hp_per_floor":[75,75,75,75,75,75,75,75,75,75,75,75,75,75,75,75,80,80,80,80,80,80,80,80,80,80,80,80,80,80,80,80,80,80],"relic_stats":{"counters":[73,231],"PreservedInsect":106,"War Paint":["Dualcast","Defend_B"],"obtain_stats":[{"infinitespire:BottledMercury":0,"Calipers":0,"Tiny House":17,"Vajra":0,"StuffTheSpire:BottledEssence":0,"Whetstone":10,"Sling":0,"Lizard Tail":0,"Centennial Puzzle":6,"infinitespire:ShieldingShard":0,"aspiration:BabyByrd":7,"aspiration:ArtOfWarUpgrade":15,"Fusion Hammer":34,"HandDrill":0,"Replay:Wax Seal":0,"MoreBug":0,"aspiration:Nostalgia":0,"hubris:SoftwareUpdate":0,"Blue Candle":24,"Oddly Smooth Stone":0,"reliquary:TatteredRug":0,"War Paint":42,"aspiration:HiddenCompartment":6,"reliquary:Bookmark":0,"StuffTheSpire:MayFlowers":0,"infinitespire:Broken Mirror":2,"ReplayTheSpireMod:Ring of Collecting":0,"Bird Faced Urn":0,"StuffTheSpire:DarkSteelAnvil":0,"hubris:PeanutButter":9,"hubris:TenFootPole":25,"reliquary:BrokenClock":27,"reliquary:Knoch":29,"GodSword1":0,"Pocketwatch":0,"Replay:PocketPolymizer":45,"Singing Bowl":43,"Mango":0,"aspiration:TomeofQuesting":8,"Ancient Tea Set":30,"PrismaticShard":20,"conspire:InfiniteJournal":0,"Replay:Rubber Ducky":0,"WristBlade":17,"Gambling Chip":0,"hubris:FunFungus":0,"StuffTheSpire:Nightcore":0,"infinitespire:Chaos":0,"Ring of the Snake":0,"hubris:GlazedTorus":0,"Potion Belt":0,"StuffTheSpire:TintedRock":0,"reliquary:LoveEmittingDiode":0,"infinitespire:CursedDice":0,"Basket Of Snakes":0,"infinitespire:EmptyRelic":0,"Thread and Needle":0,"PreservedInsect":0,"infinitespire:FocusingShard":13,"Geode":26,"infinitespire:CheckeredPen":9,"Orichalcum":0,"MawBank":3,"ChaoDraw":0,"infinitespire:DarkRift":0,"Busted Crown":36,"StuffTheSpire:Mouthbags":0,"infinitespire:Satchel":9,"reliquary:Stiletto":0,"Garlic":0,"Bag of Marbles":0,"StuffTheSpire:RubySignet":0,"Art of War":9,"Membership Card":0,"hubris:OldNail":12,"infinitespire:Freezer":0},{"infinitespire:BottledMercury":34,"Calipers":0,"Tiny House":53,"Vajra":42,"StuffTheSpire:BottledEssence":0,"Whetstone":49,"Sling":42,"Lizard Tail":0,"Centennial Puzzle":47,"infinitespire:ShieldingShard":0,"aspiration:BabyByrd":32,"aspiration:ArtOfWarUpgrade":65,"Fusion Hammer":18,"HandDrill":0,"Replay:Wax Seal":34,"MoreBug":56,"aspiration:Nostalgia":0,"hubris:SoftwareUpdate":39,"Blue Candle":14,"Oddly Smooth Stone":42,"reliquary:TatteredRug":34,"War Paint":23,"aspiration:HiddenCompartment":5,"reliquary:Bookmark":34,"StuffTheSpire:MayFlowers":0,"infinitespire:Broken Mirror":40,"ReplayTheSpireMod:Ring of Collecting":0,"Bird Faced Urn":0,"StuffTheSpire:DarkSteelAnvil":27,"hubris:PeanutButter":48,"hubris:TenFootPole":70,"reliquary:BrokenClock":70,"reliquary:Knoch":71,"GodSword1":0,"Pocketwatch":27,"Replay:PocketPolymizer":24,"Singing Bowl":23,"Mango":0,"aspiration:TomeofQuesting":33,"Ancient Tea Set":16,"PrismaticShard":67,"conspire:InfiniteJournal":0,"Replay:Rubber Ducky":39,"WristBlade":10,"Gambling Chip":34,"hubris:FunFungus":0,"StuffTheSpire:Nightcore":27,"infinitespire:Chaos":34,"Ring of the Snake":0,"hubris:GlazedTorus":27,"Potion Belt":34,"StuffTheSpire:TintedRock":42,"reliquary:LoveEmittingDiode":34,"infinitespire:CursedDice":56,"Basket Of Snakes":0,"infinitespire:EmptyRelic":34,"Thread and Needle":27,"PreservedInsect":56,"infinitespire:FocusingShard":64,"Geode":70,"infinitespire:CheckeredPen":6,"Orichalcum":0,"MawBank":44,"ChaoDraw":0,"infinitespire:DarkRift":0,"Busted Crown":19,"StuffTheSpire:Mouthbags":0,"infinitespire:Satchel":33,"reliquary:Stiletto":39,"Garlic":0,"Bag of Marbles":34,"StuffTheSpire:RubySignet":34,"Art of War":61,"Membership Card":34,"hubris:OldNail":8,"infinitespire:Freezer":34},{"infinitespire:BottledMercury":103,"Calipers":0,"Tiny House":160,"Vajra":125,"StuffTheSpire:BottledEssence":0,"Whetstone":144,"Sling":125,"Lizard Tail":0,"Centennial Puzzle":139,"infinitespire:ShieldingShard":0,"aspiration:BabyByrd":97,"aspiration:ArtOfWarUpgrade":194,"Fusion Hammer":61,"HandDrill":0,"Replay:Wax Seal":103,"MoreBug":175,"aspiration:Nostalgia":0,"hubris:SoftwareUpdate":118,"Blue Candle":49,"Oddly Smooth Stone":125,"reliquary:TatteredRug":103,"War Paint":73,"aspiration:HiddenCompartment":19,"reliquary:Bookmark":103,"StuffTheSpire:MayFlowers":0,"infinitespire:Broken Mirror":121,"ReplayTheSpireMod:Ring of Collecting":0,"Bird Faced Urn":0,"StuffTheSpire:DarkSteelAnvil":79,"hubris:PeanutButter":141,"hubris:TenFootPole":219,"reliquary:BrokenClock":219,"reliquary:Knoch":222,"GodSword1":0,"Pocketwatch":79,"Replay:PocketPolymizer":74,"Singing Bowl":73,"Mango":0,"aspiration:TomeofQuesting":101,"Ancient Tea Set":54,"PrismaticShard":204,"conspire:InfiniteJournal":0,"Replay:Rubber Ducky":118,"WristBlade":40,"Gambling Chip":103,"hubris:FunFungus":0,"StuffTheSpire:Nightcore":79,"infinitespire:Chaos":103,"Ring of the Snake":0,"hubris:GlazedTorus":79,"Potion Belt":103,"StuffTheSpire:TintedRock":125,"reliquary:LoveEmittingDiode":103,"infinitespire:CursedDice":175,"Basket Of Snakes":0,"infinitespire:EmptyRelic":103,"Thread and Needle":79,"PreservedInsect":175,"infinitespire:FocusingShard":192,"Geode":219,"infinitespire:CheckeredPen":24,"Orichalcum":0,"MawBank":129,"ChaoDraw":0,"infinitespire:DarkRift":0,"Busted Crown":63,"StuffTheSpire:Mouthbags":0,"infinitespire:Satchel":101,"reliquary:Stiletto":118,"Garlic":0,"Bag of Marbles":103,"StuffTheSpire:RubySignet":103,"Art of War":183,"Membership Card":103,"hubris:OldNail":32,"infinitespire:Freezer":103}]},"card_choices":[{"not_picked":["conspire:SharedLibrary","Go for the Eyes"],"picked":"Rip and Tear","floor":1},{"not_picked":["Cold Snap","Gash"],"picked":"Melter","floor":3},{"not_picked":["Go for the Eyes","StuffTheSpire:Plugnplay"],"picked":"ReplayGash","floor":4},{"not_picked":["Cold Snap","StuffTheSpire:GlassShard","Hologram"],"picked":"SKIP","floor":5},{"not_picked":["Redo","Consume"],"picked":"Rip and Tear","floor":8},{"not_picked":["StuffTheSpire:Plugnplay","Scrape","StuffTheSpire:LoadUp"],"picked":"SKIP","floor":11},{"not_picked":["Go for the Eyes","Steam"],"picked":"Gash","floor":12},{"not_picked":["BasicCrystalCard","StuffTheSpire:Synthwave","StuffTheSpire:Coldhearted"],"picked":"SKIP","floor":13},{"not_picked":["Streamline","Rainbow","Glacier"],"picked":"SKIP","floor":14},{"not_picked":["Reinforced Body+1","Barrage","StuffTheSpire:LoadUp"],"picked":"SKIP","floor":18},{"not_picked":["Vengeance","Riddle With Holes","True Grit"],"picked":"SKIP","floor":22},{"not_picked":["Bandage Up","StuffTheSpire:Injection+1","Yawn"],"picked":"SKIP","floor":24},{"not_picked":["StuffTheSpire:BrimstoneBlast","FearNoEvil"],"picked":"Stack+1","floor":25},{"not_picked":["Auto Shields","Replay:Poison Smokescreen","Acrobatics+1"],"picked":"SKIP","floor":29},{"not_picked":["Blade Dance+1","Endless Agony","Sword Boomerang+1"],"picked":"SKIP","floor":31}],"player_experience":46442,"relics_obtained":[{"floor":9,"key":"Art of War"},{"floor":13,"key":"infinitespire:FocusingShard"},{"floor":20,"key":"PrismaticShard"},{"floor":25,"key":"hubris:TenFootPole"},{"floor":26,"key":"Geode"},{"floor":29,"key":"reliquary:Knoch"}],"event_choices":[{"damage_healed":0,"gold_gain":0,"player_choice":"Relic ","damage_taken":12,"max_hp_gain":0,"max_hp_loss":0,"event_name":"betterThird:BetterScrap","floor":2,"gold_loss":0,"cards_obtained":["Infernal Blade"]},{"damage_healed":0,"gold_gain":0,"player_choice":"Ignored","damage_taken":0,"max_hp_gain":0,"max_hp_loss":0,"event_name":"Golden Idol","floor":7,"gold_loss":0},{"damage_healed":0,"gold_gain":0,"player_choice":"Ignored","damage_taken":0,"max_hp_gain":0,"max_hp_loss":0,"event_name":"betterNote:BetterNote","floor":19,"gold_loss":0,"cards_obtained":["ReplayTheSpireMod:Brewmster"]}],"is_beta":true,"boss_relics":[{"not_picked":["SoulBox","hubris:TerracottaHorce"],"picked":"Tiny House"}],"items_purged_floors":[0],"is_endless":false,"potions_floor_spawned":[3,4,8,11,14,16,25,31],"killed_by":"Collector","ascension_level":0}}