{"host":"3ghcx3e93lhog3cp","time":1611775560,"event":{"mods":["AchievementEnabler","BaseMod","Downfall","Infinite Spire","Minty Spire (QoL Compilation)","Replay The Spire","StSLib","The Mystic"],"gold_per_floor":[111,111,121,189,189,222,222,222,222,222,234,262,14,29,29,125,125,145,161,161,181,181,213,228,247,247,2,2,17,17,29,29,131,131,151,162,0,0,0,35,86,133,209,252,288,316,365,365,365,391,391,391,34,106,128],"floor_reached":56,"language":"ENG","playtime":5825,"items_purged":["mysticmod:Strike_Mystic","mysticmod:Defend_Mystic"],"score":1466,"play_id":"f0e97d93-5b11-47d6-8222-54a6e550a72e","local_time":"20210127112600","is_ascension_mode":false,"campfire_choices":[{"data":"infinitespire:NeuralNetwork","floor":8.0,"key":"SMITH"},{"data":"Blind","floor":10.0,"key":"SMITH"},{"data":"mysticmod:MightyMagic","floor":15.0,"key":"SMITH"},{"floor":28.0,"key":"REST"},{"data":"mysticmod:KnowledgePool","floor":28.0,"key":"SMITH"},{"data":"mysticmod:ComponentsPouch","floor":30.0,"key":"SMITH"},{"data":"mysticmod:CorrosiveTouch","floor":32.0,"key":"SMITH"},{"floor":49,"key":"RECALL"},{"data":"infinitespire:TheBestDefense","floor":52,"key":"SMITH"}],"circlet_count":0,"master_deck":["mysticmod:Strike_Mystic","mysticmod:Strike_Mystic","mysticmod:Defend_Mystic","mysticmod:Defend_Mystic","mysticmod:Defend_Mystic","mysticmod:ArcaneDodge","mysticmod:ShockingGrasp","mysticmod:CorrosiveTouch+1","infinitespire:NeuralNetwork+1","mysticmod:ComponentsPouch+1","mysticmod:Sideswipe","mysticmod:ShockingGrasp","Blind+1","mysticmod:DiviningBlow","mysticmod:Sideswipe+1","mysticmod:MightyMagic","mysticmod:MightyMagic+1","mysticmod:Probe+1","mysticmod:CorrosiveTouch+1","mysticmod:MirrorEntity","mysticmod:CorrosiveTouch+1","mysticmod:PunishingArmor+1","mysticmod:KnowledgePool+1","mysticmod:Feint+1","mysticmod:Snowball+1","mysticmod:Snowball+1","mysticmod:MagicWeapon+1","mysticmod:Spellstrike+1","mysticmod:SpontaneousCaster","Iron Wave+1","infinitespire:TheBestDefense+1","mysticmod:Fireball+1","mysticmod:ArcaneAccuracy+1","mysticmod:EnergizedRift+1","mysticmod:Stoneskin+1"],"relics":["mysticmod:SpellBook","Meat on the Bone","Replay:Ringing Soul","Boot","Lantern","Molten Egg 2","ReplayTheSpireMod:CursedCoin","Replay:Rubber Ducky","Blue Doll","Coffee Dripper","Painkiller Herb","ReplayTheSpireMod:TigerMarble","infinitespire:Magic Flask","Ancient Tea Set","Replay:Baseball","mysticmod:CrystalBall","Red Mask","Replay:Bandana","infinitespire:PuzzleCube","ReplayTheSpireMod:Shallot","mysticmod:RabbitsFoot"],"acts_visited":["Exordium","TheCity","TheBeyond","TheEnding"],"potions_floor_usage":[40,50,55,55,55],"damage_taken":[{"damage":0.0,"enemies":"Jaw Worm","floor":1.0,"turns":3.0},{"damage":0.0,"enemies":"Cultist","floor":3.0,"turns":3.0},{"damage":35.0,"enemies":"3 Sentries","floor":6.0,"turns":10.0},{"damage":2.0,"enemies":"2 Louse","floor":11.0,"turns":2.0},{"damage":14.0,"enemies":"Replay:BlueRogue","floor":12.0,"turns":4.0},{"damage":3.0,"enemies":"Gremlin Gang","floor":14.0,"turns":4.0},{"damage":52.0,"enemies":"Fading Forest","floor":16.0,"turns":11.0},{"damage":0.0,"enemies":"Chosen","floor":18.0,"turns":4.0},{"damage":0.0,"enemies":"3 Byrds","floor":19.0,"turns":4.0},{"damage":4.0,"enemies":"Centurion and Healer","floor":21.0,"turns":4.0},{"damage":2.0,"enemies":"Book of Stabbing","floor":23.0,"turns":4.0},{"damage":1.0,"enemies":"Snake Plant","floor":24.0,"turns":5.0},{"damage":17.0,"enemies":"Shelled Parasite and Fungi","floor":25.0,"turns":4.0},{"damage":0.0,"enemies":"Centurion and Healer","floor":29.0,"turns":4.0},{"damage":1.0,"enemies":"3 Cultists","floor":31.0,"turns":4.0},{"damage":6.0,"enemies":"Collector","floor":33.0,"turns":8.0},{"damage":15.0,"enemies":"3 Shapes","floor":35.0,"turns":3.0},{"damage":0.0,"enemies":"Orb Walker","floor":36.0,"turns":2.0},{"damage":18,"enemies":"Nightmare","floor":40,"turns":8},{"damage":1,"enemies":"Maw","floor":41,"turns":6},{"damage":1,"enemies":"Transient","floor":42,"turns":5},{"damage":0,"enemies":"4 Shapes","floor":44,"turns":3},{"damage":9,"enemies":"Jaw Worm Horde","floor":45,"turns":3},{"damage":2,"enemies":"Maw","floor":46,"turns":7},{"damage":0,"enemies":"Giant Head","floor":47,"turns":6},{"damage":0,"enemies":"Awakened One","floor":50,"turns":9},{"damage":0,"enemies":"Shield and Spear","floor":54,"turns":5},{"damage":89,"enemies":"The Heart","floor":55,"turns":7}],"seed_played":"-2683337438474557793","potions_obtained":[{"floor":11.0,"key":"Swift Potion"},{"floor":12.0,"key":"Milkshake"},{"floor":16.0,"key":"bronze:BurnAndBuffPotion"},{"floor":19.0,"key":"Explosive Potion"},{"floor":21.0,"key":"hexamod:SoulburnPotion"},{"floor":25.0,"key":"Death Potion"},{"floor":31.0,"key":"Reflective Coating"},{"floor":33.0,"key":"infinitespire:BlackPotion"},{"floor":40,"key":"SpeedPotion"},{"floor":46,"key":"DistilledChaos"},{"floor":54,"key":"SteroidPotion"}],"is_trial":false,"path_per_floor":["M","?","M","T","?","E","?","R","T","R","M","E","$","M","R","B",null,"M","M","AVR","?","?","E","?","?","T","T","T","?","T","?","T","B",null,"?","?","?","?","T","NM","?","?","T","?","?","?","E","?","T","B",null,"T","T","E","B",null],"character_chosen":"MYSTIC_CLASS","items_purchased":["ReplayTheSpireMod:CursedCoin","Replay:Rubber Ducky","Blue Doll","mysticmod:MightyMagic","mysticmod:Probe+1","Replay:Baseball","mysticmod:Snowball+1","ReplayTheSpireMod:Shallot"],"campfire_rested":1,"item_purchase_floors":[13,13,13,13,13,27,27,53],"current_hp_per_floor":[84,64,64,64,67,47,50,50,50,50,51,52,55,55,55,18,108,111,114,114,113,116,117,116,99,99,102,126,129,129,131,131,128,135,120,120,120,123,123,108,110,109,109,112,103,104,104,104,104,104,150,150,150,150,73],"gold":128,"neow_bonus":"TEN_PERCENT_HP_BONUS","is_daily":false,"chose_seed":false,"campfire_upgraded":7,"win_rate":0.0,"timestamp":1611775560,"path_taken":["M","?","M","?","?","E","?","R","T","R","M","E","$","?","R","BOSS","M","M","AVR","?","?","E","?","?","T","T","T","?","T","?","T","BOSS","?","?","?","?","T","NM","?","?","T","?","?","?","E","?","T","BOSS","T","T","E","BOSS"],"items_purchased_type":["Relic","Relic","Relic","Card","Card","Relic","Card","Relic"],"build_version":"2020-12-22","purchased_purges":2,"victory":true,"max_hp_per_floor":[84,84,84,84,87,90,93,93,93,93,96,99,102,105,105,108,108,111,114,114,117,120,123,123,123,123,126,126,129,129,132,132,135,135,135,135,135,138,138,141,144,144,144,147,147,150,150,150,150,150,150,150,150,150,150],"card_choices":[{"not_picked":["mysticmod:Shield","mysticmod:SuddenClarity"],"picked":"mysticmod:CorrosiveTouch","floor":1.0},{"not_picked":["ReplayTheSpireMod:Book of Names","ReplayTheSpireMod:Echoes of Time"],"picked":"infinitespire:NeuralNetwork","floor":2.0},{"not_picked":["mysticmod:MightyMagic","mysticmod:Grapple"],"picked":"mysticmod:ComponentsPouch","floor":3.0},{"not_picked":["mysticmod:PureInstinct","mysticmod:EarthenWall"],"picked":"mysticmod:Sideswipe","floor":6.0},{"not_picked":["mysticmod:Shield","mysticmod:Alacrity"],"picked":"mysticmod:DiviningBlow","floor":11.0},{"not_picked":["mysticmod:Shield","mysticmod:Flurry+1"],"picked":"mysticmod:Sideswipe+1","floor":12.0},{"not_picked":["mysticmod:Alacrity","mysticmod:ArcaneAccuracy"],"picked":"mysticmod:CorrosiveTouch+1","floor":14.0},{"not_picked":["mysticmod:ClosingBarrage+1","mysticmod:KnowledgePool"],"picked":"mysticmod:MirrorEntity","floor":16.0},{"not_picked":["mysticmod:Shield","mysticmod:Disengage"],"picked":"mysticmod:CorrosiveTouch+1","floor":18.0},{"not_picked":["mysticmod:Shield","mysticmod:DiviningBlow+1"],"picked":"mysticmod:PunishingArmor+1","floor":19.0},{"not_picked":["mysticmod:PowerSlash+1","mysticmod:Disengage"],"picked":"mysticmod:KnowledgePool","floor":21.0},{"not_picked":["mysticmod:Stoneskin","mysticmod:Daze"],"picked":"mysticmod:Feint+1","floor":23.0},{"not_picked":["mysticmod:ComponentsPouch+1","mysticmod:TomeOfSpells","mysticmod:BladedDash+1"],"picked":"SKIP","floor":24.0},{"not_picked":["mysticmod:ComponentsPouch+1","mysticmod:PureInstinct","mysticmod:Disengage+1"],"picked":"SKIP","floor":25.0},{"not_picked":["mysticmod:HunkerDown","mysticmod:Flurry+1"],"picked":"mysticmod:MagicWeapon+1","floor":29.0},{"not_picked":["mysticmod:CorrosiveTouch+1","mysticmod:DiviningBlow+1"],"picked":"mysticmod:Spellstrike+1","floor":31.0},{"not_picked":["mysticmod:MirrorEntity","mysticmod:Doublecast"],"picked":"mysticmod:SpontaneousCaster","floor":33.0},{"not_picked":["mysticmod:PowerSlash+1","mysticmod:MightyMagic","mysticmod:ComponentsPouch+1"],"picked":"SKIP","floor":35.0},{"not_picked":["mysticmod:MagicWeapon","mysticmod:Disengage+1","mysticmod:Daze"],"picked":"SKIP","floor":36},{"not_picked":["Replay:Fractal Strike","infinitespire:NeuralNetwork"],"picked":"infinitespire:TheBestDefense","floor":40},{"not_picked":["mysticmod:Shield+1","mysticmod:BulkUp"],"picked":"mysticmod:Fireball+1","floor":40},{"not_picked":["mysticmod:BladedDash+1","mysticmod:Flourish+1"],"picked":"mysticmod:ArcaneAccuracy+1","floor":41},{"not_picked":["mysticmod:Alacrity","mysticmod:Shield","mysticmod:AllIn+1"],"picked":"SKIP","floor":42},{"not_picked":["mysticmod:Snowball+1","mysticmod:Feint+1"],"picked":"mysticmod:EnergizedRift+1","floor":44},{"not_picked":["mysticmod:VorpalThrust+1","mysticmod:Feint+1","mysticmod:Disengage"],"picked":"SKIP","floor":45},{"not_picked":["mysticmod:HeavyStrike+1","mysticmod:Sideswipe+1"],"picked":"mysticmod:Stoneskin+1","floor":46},{"not_picked":["mysticmod:Fly","mysticmod:Grapple","mysticmod:Stoneskin"],"picked":"SKIP","floor":47},{"not_picked":["mysticmod:BulkUp+1","mysticmod:Snowball+1","mysticmod:PowerSlash+1"],"picked":"SKIP","floor":54}],"player_experience":214864,"relics_obtained":[{"floor":4.0,"key":"Meat on the Bone"},{"floor":6.0,"key":"Boot"},{"floor":9.0,"key":"Lantern"},{"floor":12.0,"key":"Molten Egg 2"},{"floor":23.0,"key":"infinitespire:Magic Flask"},{"floor":26.0,"key":"Ancient Tea Set"},{"floor":40,"key":"Replay:Bandana"},{"floor":47,"key":"infinitespire:PuzzleCube"},{"floor":54,"key":"mysticmod:RabbitsFoot"}],"event_choices":[{"damage_healed":0.0,"max_hp_gain":0.0,"max_hp_loss":0.0,"gold_gain":0.0,"event_name":"Big Fish","player_choice":"Box","floor":5.0,"gold_loss":0.0,"damage_taken":0.0,"relics_obtained":["Replay:Ringing Soul"],"cards_obtained":["Regret"]},{"damage_healed":0.0,"max_hp_gain":0.0,"max_hp_loss":0.0,"gold_gain":0.0,"event_name":"Match and Keep!","player_choice":"2 cards matched","floor":7.0,"gold_loss":0.0,"damage_taken":0.0,"cards_obtained":["mysticmod:ShockingGrasp","Blind"]},{"damage_healed":0,"gold_gain":0,"player_choice":"Paid","damage_taken":0,"relics_obtained":["Red Mask"],"max_hp_gain":0,"max_hp_loss":0,"event_name":"Tomb of Lord Red Mask","floor":37,"gold_loss":162},{"cards_removed":["mysticmod:Strike_Mystic"],"damage_healed":0,"gold_gain":0,"player_choice":"Took Card","damage_taken":0,"max_hp_gain":0,"max_hp_loss":0,"event_name":"NoteForYourself","floor":38,"gold_loss":0,"cards_obtained":["Iron Wave"]},{"cards_removed":["ReplayTheSpireMod:Restless Dread","downfall:Malfunctioning","Regret"],"damage_healed":0,"gold_gain":0,"player_choice":"Removed Curses","damage_taken":0,"max_hp_gain":0,"max_hp_loss":0,"event_name":"Fountain of Cleansing","floor":48,"gold_loss":0}],"is_beta":false,"boss_relics":[{"not_picked":["Honey Jar","Runic Pyramid"],"picked":"Coffee Dripper"},{"not_picked":["Sozu","Replay:Bronze Core"],"picked":"mysticmod:CrystalBall"}],"items_purged_floors":[27,53],"is_endless":false,"potions_floor_spawned":[11,12,16,19,21,25,31,33,40,45,46,47,54],"ascension_level":0}}