{"host":"juoup3p5tvzzktl5","time":1611729818,"event":{"mods":["Aspiration","BaseMod","Better Vampires","BetterRewards","Colored Map","Colored Powertips","Friendly Minions","GifTheSpireLib","Hermit","Hubris","Infinite Spire","KinomotoSakuraMod(ƒæ÷Æ±æ”£)","Koishi","KomeijiMod","Marisa£®ÏF”Í°°ƒß¿Ì…≥£©","Minty Spire (QoL Compilation)","Quick Restart","Reimu£®≤©¿ˆ¡È√Œ£©","Replay The Spire","Shop Mod","StSLib","The Administrix","The Alterego","The Bug Knight","The Construct","The Cursed","The Jungle","The Mystic","The Runesmith","The Senshi","Youmu£®ªÍ∆«—˝√Œ£©","Yuyuko"],"gold_per_floor":[116,127,127,138,138,138,138,163,163,163,182,194,119,138,148,148,148,148,148],"floor_reached":18,"language":"ZHS","playtime":564,"items_purged":["Defend_P"],"score":228,"play_id":"dd4223b5-a8c0-4d53-8ac3-f09bea4340b3","local_time":"20210127154338","is_ascension_mode":true,"campfire_choices":[{"data":"Eruption","floor":7,"key":"SMITH"},{"data":"infinitespire:SevenWalls","floor":9,"key":"SMITH"},{"data":"Adaptation","floor":17,"key":"SMITH"}],"circlet_count":0,"master_deck":["AscendersBane","Strike_P","Strike_P","Strike_P","Strike_P","Eruption+1","Vigilance","BowlingBash","infinitespire:SevenWalls+1","Wallop","hubris:DuctTapeCard","Adaptation+1","Wish","Halt"],"relics":["PureWater","aspiration:Nostalgia","construct:Cogwheel","hubris:Towel","hubris:64BitClover","hubris:DuctTape"],"acts_visited":[],"potions_floor_usage":[],"damage_taken":[{"damage":0.0,"enemies":"Small Slimes","floor":1.0,"turns":4.0},{"damage":4.0,"enemies":"Jaw Worm","floor":2.0,"turns":4.0},{"damage":1.0,"enemies":"Cultist","floor":4.0,"turns":3.0},{"damage":17,"enemies":"Gremlin Nob","floor":8,"turns":3},{"damage":0,"enemies":"Blue Slaver","floor":11,"turns":2},{"damage":0,"enemies":"Exordium Thugs","floor":12,"turns":3},{"damage":8,"enemies":"Exordium Wildlife","floor":14,"turns":2},{"damage":0,"enemies":"2 Fungi Beasts","floor":15,"turns":2},{"damage":14,"enemies":"Hexaghost","floor":18,"turns":7}],"seed_played":"3355918875023947176","potions_obtained":[{"floor":1.0,"key":"Energy Potion"},{"floor":2.0,"key":"UndeadPotion"},{"floor":8,"key":"EntropicBrew"}],"is_trial":false,"path_per_floor":["M","M","?","M","?","?","R","E","R","T","M","M","$","M","M","R_BF","R","B"],"character_chosen":"WATCHER","items_purchased":[],"campfire_rested":0,"item_purchase_floors":[],"current_hp_per_floor":[61,57,57,56,56,39,39,22,22,22,22,22,22,14,14,14,14,0,0],"gold":148,"neow_bonus":"NOSTALGIA","is_daily":false,"chose_seed":true,"campfire_upgraded":3,"win_rate":0.0,"timestamp":1611729818,"path_taken":["M","M","?","M","?","?","R","E","R","T","M","M","$","M","M","R_BF","R","BOSS"],"items_purchased_type":[],"build_version":"2020-12-22","purchased_purges":1,"victory":false,"max_hp_per_floor":[68,68,68,68,68,68,68,68,68,68,68,68,68,68,68,68,68,68,68],"card_choices":[{"not_picked":["Protect","Replay:AtTheReady","Replay:ManipulateFuture"],"picked":"SKIP","floor":1.0},{"not_picked":["Protect","Crescendo"],"picked":"BowlingBash","floor":2.0},{"not_picked":["EmptyBody","SashWhip","ThirdEye"],"picked":"SKIP","floor":4.0},{"not_picked":["ReplayTheSpireMod:Black Plague","ReplayTheSpireMod:Chaos Vortex"],"picked":"infinitespire:SevenWalls","floor":6.0},{"not_picked":["WaveOfTheHand","PathToVictory"],"picked":"Wallop","floor":8},{"not_picked":["Replay:Hum","ClearTheMind","ConjureBlade"],"picked":"SKIP","floor":11},{"not_picked":["Replay:Hum","Evaluate"],"picked":"Adaptation","floor":12},{"not_picked":["FlyingSleeves","FollowUp"],"picked":"Wish","floor":14},{"not_picked":["Wallop","FollowUp","Vengeance"],"picked":"SKIP","floor":15}],"player_experience":1036925,"relics_obtained":[{"floor":8,"key":"hubris:64BitClover"},{"floor":10,"key":"hubris:DuctTape"}],"event_choices":[],"is_beta":false,"boss_relics":[],"items_purged_floors":[13],"is_endless":false,"potions_floor_spawned":[1,2,8,15],"killed_by":"Hexaghost","ascension_level":20}}