{"host":"xjs3b8lu14idcd3l","time":1611741216,"event":{"mods":["Act Like it!","BaseMod","CapriCore","Friendly Minions","Gensokyo","Kiyohime£®«Âºß£©","Koishi","Marisa£®ÏF”Í°°ƒß¿Ì…≥£©","Minty Spire (QoL Compilation)","Prisma Mod","Reimu£®≤©¿ˆ¡È√Œ£©","Remilia£®¿Ÿ√◊¿Ú—«£©","Replay The Spire","StSLib","The Administrix","The Immortal","The Servant 0.9.4","Youmu£®ªÍ∆«—˝√Œ£©","Yuyuko"],"gold_per_floor":[116,127,143,243,256,289,303,313,361,406,419,419,419,419],"floor_reached":13,"language":"ZHS","playtime":856,"items_purged":[],"score":130,"play_id":"74a75a84-e803-4531-9bba-5c1da9cd4b46","local_time":"20210127175336","is_ascension_mode":true,"campfire_choices":[],"circlet_count":0,"master_deck":["Strike_RM","Strike_RM","Strike_RM","Defend_RM","Defend_RM","Defend_RM","Defend_RM","RedMoon","ScarletShoot","UnstableMagic","TwelveNightmare","AfternoonTea","Stigmanizer","BloodyHallows","FavorOfDestiny","HunterOfTheNight"],"relics":["ScarletHat","HornCleat","ReplayTheSpireMod:TigerMarble","Replay:Mystery Machine","Toxic Egg 2"],"acts_visited":["Exordium"],"potions_floor_usage":[8,10,13,13],"damage_taken":[{"damage":0,"enemies":"Small Slimes","floor":1,"turns":4},{"damage":2,"enemies":"Cultist","floor":2,"turns":6},{"damage":0,"enemies":"Jaw Worm","floor":3,"turns":5},{"damage":2,"enemies":"2 Fungi Beasts","floor":5,"turns":5},{"damage":22,"enemies":"Lagavulin","floor":6,"turns":11},{"damage":37,"enemies":"Exordium Thugs","floor":7,"turns":14},{"damage":0,"enemies":"Blue Slaver","floor":8,"turns":8},{"damage":16,"enemies":"3 Sentries","floor":10,"turns":4},{"damage":0,"enemies":"Large Slime","floor":11,"turns":11},{"damage":8,"enemies":"Gremlin Nob","floor":13,"turns":3}],"seed_played":"908644496563739234","potions_obtained":[{"floor":5,"key":"Elixir"},{"floor":6,"key":"GamblersBrew"},{"floor":7,"key":"GrandPatriotsElixir:ReiMu"},{"floor":8,"key":"Regen Potion"},{"floor":11,"key":"Strength Potion"}],"is_trial":false,"path_per_floor":["M","M","M","?","M","E","M","M","T","E","M","?","E"],"character_chosen":"REMILIA","items_purchased":[],"campfire_rested":0,"item_purchase_floors":[],"current_hp_per_floor":[75,73,75,75,73,55,27,27,27,28,30,5,0,0],"gold":419,"neow_bonus":"RANDOM_EVENT","is_daily":false,"chose_seed":false,"campfire_upgraded":0,"win_rate":0.0,"timestamp":1611741216,"path_taken":["M","M","M","?","M","E","M","M","T","E","?","?","E"],"items_purchased_type":[],"build_version":"2020-12-22","purchased_purges":0,"victory":false,"max_hp_per_floor":[75,75,75,75,75,75,75,75,75,75,75,75,75,75],"card_choices":[{"not_picked":["EndlessAdversity","MastersStateliness"],"picked":"TwelveNightmare","floor":1},{"not_picked":["ScarletDevil","VampireSweep"],"picked":"AfternoonTea","floor":2},{"not_picked":["RedRainbow","AfternoonTea"],"picked":"Stigmanizer","floor":3},{"not_picked":["ChaoticDestiny","RedNightlessCastle","Stigmanizer"],"picked":"SKIP","floor":5},{"not_picked":["BloodHunter","FavorOfDestiny"],"picked":"BloodyHallows","floor":6},{"not_picked":["BombardNight","BloodyCatastrophe"],"picked":"FavorOfDestiny","floor":7},{"not_picked":["EndlessAdversity","StarOfDavid","UnderTheZenith"],"picked":"SKIP","floor":8},{"not_picked":["StarOfDavid","LeisurelyOfLord"],"picked":"HunterOfTheNight","floor":10},{"not_picked":["UnstableMagic","BadLadyScramble","NightDance"],"picked":"SKIP","floor":11}],"player_experience":180350,"relics_obtained":[{"floor":6,"key":"HornCleat"},{"floor":9,"key":"ReplayTheSpireMod:TigerMarble"},{"floor":10,"key":"Replay:Mystery Machine"}],"event_choices":[{"damage_healed":0,"gold_gain":0,"cards_transformed":["Strike_RM"],"player_choice":"Change","damage_taken":0,"max_hp_gain":0,"max_hp_loss":0,"event_name":"Living Wall","floor":0,"gold_loss":0,"cards_obtained":["UnstableMagic"]},{"damage_healed":0,"gold_gain":100,"player_choice":"Pray","damage_taken":0,"max_hp_gain":0,"max_hp_loss":0,"event_name":"Golden Shrine","floor":4,"gold_loss":0},{"damage_healed":0,"gold_gain":0,"player_choice":"Success","damage_taken":25,"relics_obtained":["Toxic Egg 2"],"max_hp_gain":0,"max_hp_loss":0,"event_name":"Scrap Ooze","floor":12,"gold_loss":0}],"is_beta":false,"boss_relics":[],"items_purged_floors":[],"is_endless":false,"potions_floor_spawned":[5,6,7,8,11],"killed_by":"Gremlin Nob","ascension_level":1}}