{"host":"d61fcf2p3sjwe6yo","time":1611752030,"event":{"mods":["AchievementEnabler","BaseMod","Colored Map","Downfall","Minty Spire (QoL Compilation)","StSLib","SuperFastMode"],"gold_per_floor":[99,115,131,147,247,147,147,147,147,175,625,693,713,134,154,251,251,251,251,251,264,275,289,289,302,302,67,87,87,87,117,131,231,231,231,247,247,265,275,290,342,353,583,603,408,420,453,253,273,273,273,302,22,22,22,22,22,22],"floor_reached":56,"language":"ENG","playtime":4215,"items_purged":["downfall:Icky","downfall:Bewildered","downfall:Icky"],"score":1280,"play_id":"b81424da-40c4-45e8-b950-734419ef640e","local_time":"20210127155349","is_ascension_mode":true,"campfire_choices":[{"floor":1.0,"key":"RECALL"},{"data":"bronze:Goto","floor":6.0,"key":"SMITH"},{"data":"bronze:HardenedForm","floor":18,"key":"SMITH"},{"data":"bronze:Repulsor","floor":26,"key":"SMITH"},{"data":"bronze:Library","floor":35,"key":"SMITH"},{"data":"bronze:BugBarrage","floor":48,"key":"SMITH"},{"data":"bronze:Iterate","floor":54,"key":"SMITH"}],"circlet_count":0,"master_deck":["AscendersBane","bronze:Strike+1","bronze:Defend","bronze:Defend","bronze:Defend","bronze:Replicate","bronze:Goto+1","bronze:DelayedGuard","bronze:Shield","bronze:BronzeOrb","bronze:WildBeam","bronze:Iterate+1","bronze:Virus","bronze:Repulsor+1","bronze:Return+1","bronze:HardenedForm+1","bronze:ForceShield+1","bronze:FollowUp","bronze:Philosophize+1","bronze:Shell+1","bronze:Branch","bronze:ForceShield+1","bronze:Repair+1","bronze:FollowUp+1","bronze:Library+1","bronze:HyperBeam+1","bronze:ClassDefault+1","bronze:ForceShield+1","bronze:BronzeOrb+1","bronze:ItsAFeature","bronze:BugBarrage+1","bronze:Iterate+1","Parasite","bronze:MaxOutput"],"relics":["bronze:BronzeCore","downfall:HeartBlessingRed","Mercury Hourglass","Eternal Feather","Singing Bowl","Toxic Egg 2","Happy Flower","Philosopher\u0027s Stone","bronze:DecasWashers","bronze:DonusWashers","sneckomod:BabySnecko","Incense Burner","Astrolabe","MealTicket","downfall:HeartBlessingGreen","downfall:HeartBlessingBlue","Oddly Smooth Stone","Vajra"],"acts_visited":["Exordium","TheCity","TheBeyond","TheEnding"],"potions_floor_usage":[16,16,33,52,56,56],"damage_taken":[{"damage":6.0,"enemies":"Cultist","floor":2.0,"turns":4.0},{"damage":0.0,"enemies":"Small Slimes","floor":3.0,"turns":4.0},{"damage":3.0,"enemies":"2 Louse","floor":4.0,"turns":4.0},{"damage":10.0,"enemies":"3 Sentries","floor":10.0,"turns":6.0},{"damage":0.0,"enemies":"Large Slime","floor":13.0,"turns":3.0},{"damage":5.0,"enemies":"downfall:FleeingMerchant","floor":14.0,"turns":4.0},{"damage":10.0,"enemies":"Lots of Slimes","floor":15.0,"turns":2.0},{"damage":27,"enemies":"SI_SHIV_ARCHETYPE","floor":16,"turns":7},{"damage":0,"enemies":"Chosen","floor":19,"turns":1},{"damage":10,"enemies":"Shell Parasite","floor":21,"turns":4},{"damage":0,"enemies":"Snecko","floor":22,"turns":4},{"damage":0,"enemies":"3 Cultists","floor":23,"turns":3},{"damage":18,"enemies":"Snake Plant","floor":25,"turns":4},{"damage":0,"enemies":"downfall:FleeingMerchant","floor":27,"turns":4},{"damage":5,"enemies":"Centurion and Healer","floor":28,"turns":5},{"damage":0,"enemies":"Gremlin Leader","floor":31,"turns":7},{"damage":0,"enemies":"Chosen and Byrds","floor":32,"turns":4},{"damage":34,"enemies":"IC_MUSHROOM_ARCHETYPE","floor":33,"turns":11},{"damage":1,"enemies":"3 Darklings","floor":36,"turns":4},{"damage":0,"enemies":"3 Shapes","floor":38,"turns":2},{"damage":1,"enemies":"Transient","floor":39,"turns":5},{"damage":10,"enemies":"4 Shapes","floor":40,"turns":5},{"damage":6,"enemies":"Maw","floor":42,"turns":7},{"damage":0,"enemies":"downfall:FleeingMerchant","floor":43,"turns":4},{"damage":0,"enemies":"Sphere and 2 Shapes","floor":44,"turns":4},{"damage":0,"enemies":"3 Darklings","floor":46,"turns":4},{"damage":0,"enemies":"Giant Head","floor":47,"turns":8},{"damage":11,"enemies":"Writhing Mass","floor":49,"turns":6},{"damage":9,"enemies":"DF_ARCHETYPE_ORBS","floor":50,"turns":10},{"damage":14,"enemies":"downfall:CharBossMerchant","floor":52,"turns":9},{"damage":68,"enemies":"downfall:NeowBoss","floor":55,"turns":14},{"damage":138,"enemies":"downfall:NeowBossFinal","floor":56,"turns":3}],"seed_played":"-9198810000306268769","potions_obtained":[{"floor":3.0,"key":"Strength Potion"},{"floor":4.0,"key":"SneckoOil"},{"floor":15.0,"key":"champ:CounterPotion"},{"floor":21,"key":"Dexterity Potion"},{"floor":22,"key":"Energy Potion"},{"floor":33,"key":"Block Potion"}],"is_trial":false,"path_per_floor":["R","M","M","M","?","R","T","?","?","E","?","T","M","$","M","B",null,"R","M","?","M","M","M","T","M","R","$","M","?","?","E","M","B",null,"R","M","?","M","M","M","T","M","$","M","$","M","E","R","M","B",null,"E","$","R","B","B"],"character_chosen":"THE_AUTOMATON","items_purchased":["bronze:Repulsor","Toxic Egg 2","Happy Flower","bronze:DonusWashers","bronze:ForceShield+1","bronze:ItsAFeature","bronze:MaxOutput","Vajra","BlessingOfTheForge"],"campfire_rested":0,"item_purchase_floors":[14,14,14,27,27,45,53,53,53],"current_hp_per_floor":[70,64,64,61,61,61,61,61,61,51,51,51,53,48,38,11,62,74,74,66,56,56,58,58,40,52,52,47,47,47,49,49,25,69,83,84,84,86,86,79,79,85,87,95,95,95,95,105,96,97,105,103,109,109,51,0,0,0],"gold":22,"neow_bonus":"TEN_PERCENT_HP_BONUS","is_daily":false,"chose_seed":false,"campfire_upgraded":6,"win_rate":0.0,"timestamp":1611752029,"path_taken":["R","M","M","M","?","R","T","?","?","E","?","?","?","?","M","BOSS","R","M","?","M","?","M","T","M","R","?","M","?","?","E","M","BOSS","R","M","?","M","M","M","T","?","$","M","$","M","E","R","M","BOSS","E","$","R","BOSS","BOSS"],"items_purchased_type":["Card","Relic","Relic","Relic","Card","Card","Card","Relic","Potion"],"build_version":"2020-12-22","purchased_purges":3,"victory":false,"max_hp_per_floor":[77,77,77,77,77,77,77,77,77,77,77,77,79,79,79,79,79,79,79,79,79,79,81,81,81,81,81,81,81,81,83,83,83,83,83,85,85,87,87,89,89,91,93,95,95,95,95,105,107,107,107,109,109,109,109,109,109,109],"card_choices":[{"not_picked":["bronze:WildBeam","bronze:BugBarrage"],"picked":"bronze:DelayedGuard","floor":2.0},{"not_picked":["bronze:Overheat","bronze:CutThrough"],"picked":"bronze:Shield","floor":3.0},{"not_picked":["bronze:ChildClass","bronze:Frontload"],"picked":"bronze:BronzeOrb","floor":4.0},{"not_picked":["bronze:CloningBeam","bronze:BitShift"],"picked":"bronze:Iterate","floor":10.0},{"not_picked":["bronze:Overheat","bronze:ForLoop","bronze:Constructor"],"picked":"Singing Bowl","floor":13.0},{"not_picked":["bronze:DarkDash","bronze:Optimize"],"picked":"bronze:Virus","floor":14.0},{"not_picked":["bronze:Separator","bronze:Overload+1"],"picked":"bronze:Return+1","floor":15.0},{"not_picked":["bronze:Virus","bronze:Verify"],"picked":"bronze:HardenedForm","floor":16},{"not_picked":["bronze:Invalidate+1","bronze:OilSpill"],"picked":"bronze:ForceShield+1","floor":19},{"not_picked":["bronze:Allocate+1","bronze:WildBeam"],"picked":"bronze:FollowUp","floor":21},{"not_picked":["bronze:CutThrough","bronze:WhirlingStrike"],"picked":"bronze:Philosophize+1","floor":22},{"not_picked":["bronze:CutThrough+1","bronze:BuggyMess+1","bronze:WhirlingStrike"],"picked":"Singing Bowl","floor":23},{"not_picked":["bronze:DelayedSlice","bronze:Constructor+1"],"picked":"bronze:Shell+1","floor":25},{"not_picked":["bronze:HyperBeam","bronze:Deprecate+1"],"picked":"bronze:Branch","floor":27},{"not_picked":["bronze:DelayedGuard+1","bronze:Separator"],"picked":"bronze:Repair+1","floor":28},{"not_picked":["bronze:BronzeOrb","bronze:Separator","bronze:OilSpill"],"picked":"Singing Bowl","floor":31},{"not_picked":["bronze:Philosophize+1","bronze:Refactor+1"],"picked":"bronze:FollowUp+1","floor":32},{"not_picked":["bronze:BurnOut","bronze:TinkerersToolbox+1"],"picked":"bronze:Library","floor":33},{"not_picked":["bronze:CutThrough","bronze:Turbo+1","bronze:BuggyMess+1"],"picked":"Singing Bowl","floor":36},{"not_picked":["bronze:Separator","bronze:ChildClass+1","bronze:Iterate"],"picked":"Singing Bowl","floor":38},{"not_picked":["bronze:Allocate+1","bronze:BugBarrage+1"],"picked":"bronze:BronzeOrb+1","floor":39},{"not_picked":["bronze:Constructor+1","bronze:Shield+1","bronze:Overheat"],"picked":"Singing Bowl","floor":40},{"not_picked":["bronze:BronzeArmor+1","bronze:BitShift+1","bronze:CutThrough+1"],"picked":"Singing Bowl","floor":42},{"not_picked":["bronze:Allocate+1","bronze:AlphaBuild","bronze:Fortify"],"picked":"Singing Bowl","floor":43},{"not_picked":["bronze:FollowUp","bronze:BronzeOrb","bronze:Safeguard+1"],"picked":"Singing Bowl","floor":44},{"not_picked":["bronze:BronzeOrb","bronze:DigitalCarnage"],"picked":"bronze:BugBarrage","floor":46},{"not_picked":["bronze:Overheat","bronze:ChildClass+1"],"picked":"bronze:Iterate+1","floor":47},{"not_picked":["bronze:Return+1","bronze:Overheat","bronze:ForceShield+1"],"picked":"Singing Bowl","floor":49},{"not_picked":["bronze:Optimize+1","bronze:Boost+1","bronze:Safeguard+1"],"picked":"Singing Bowl","floor":52}],"player_experience":723952,"relics_obtained":[{"floor":7.0,"key":"Mercury Hourglass"},{"floor":10.0,"key":"Eternal Feather"},{"floor":12.0,"key":"Singing Bowl"},{"floor":24,"key":"bronze:DecasWashers"},{"floor":31,"key":"Incense Burner"},{"floor":47,"key":"MealTicket"},{"floor":52,"key":"Oddly Smooth Stone"}],"event_choices":[],"is_beta":false,"boss_relics":[{"not_picked":["Empty Cage","Fusion Hammer"],"picked":"Philosopher\u0027s Stone"},{"not_picked":["Runic Dome","Runic Pyramid"],"picked":"Astrolabe"}],"items_purged_floors":[14,43,45],"is_endless":false,"potions_floor_spawned":[3,4,15,21,22,23,28,33,39,42,46,49],"killed_by":"downfall:NeowBossFinal","ascension_level":12}}