{"host":"bbvmu6yleqps41w7","time":1611773723,"event":{"mods":["BaseMod","Colored Map","Colored Powertips","Downfall","Hermit","Marisa????????","Minty Spire (QoL Compilation)","StSLib","The Bug Knight","The Cursed","The Servant 0.9.4"],"gold_per_floor":[99,113,213,213,388,36,87,87,105,139,153,173,173,185,195,300,300,300,313,333,343,354,384,384,284,284,294,308,408,421,448,465,567,567,567,578,591,661,677,712,757,799,811,174,174,174,174,204,214,214,214,214],"floor_reached":50,"language":"ENG","playtime":5260,"items_purged":["Doubt","Slimebound:Strike_Slimebound"],"score":751,"play_id":"803b83a3-3b5f-46a0-b283-f6b031134a40","local_time":"20210127115523","is_ascension_mode":false,"campfire_choices":[{"data":"Slimebound:Split","floor":1.0,"key":"SMITH"},{"data":"Slimebound:MegaLick","floor":8.0,"key":"SMITH"},{"data":"Slimebound:DuplicatedForm","floor":13.0,"key":"SMITH"},{"data":"Slimebound:LeechLife","floor":18.0,"key":"SMITH"},{"data":"Slimebound:AcidTongue","floor":25.0,"key":"SMITH"},{"data":"Slimebound:OozeBath","floor":35,"key":"SMITH"},{"data":"Slimebound:SlimeSlap","floor":43,"key":"SMITH"},{"data":"Slimebound:RainOfGoop","floor":45,"key":"SMITH"},{"data":"Slimebound:SpikyOuterGoop","floor":47,"key":"SMITH"}],"circlet_count":0,"master_deck":["Slimebound:Strike_Slimebound","Slimebound:Strike_Slimebound","Slimebound:Tackle","Slimebound:Defend_Slimebound","Slimebound:Defend_Slimebound","Slimebound:Defend_Slimebound","Slimebound:Defend_Slimebound","Slimebound:Split+1","Slimebound:CorrosiveSpit","Slimebound:SpikyOuterGoop+1","Regret","Slimebound:SlimeBarrage","Slimebound:MegaLick+1","Slimebound:GoopSpray","Slimebound:ViciousTackle","Slimebound:DuplicatedForm+1","Slimebound:Nibble","Slimebound:RainOfGoop+1","Slimebound:Repurpose","Slimebound:ViciousTackle","Slimebound:LeechLife+1","Slimebound:Schlurp+1","Slimebound:AcidTongue+1","Slimebound:GoopSpray+1","Slimebound:Schlurp","Writhe","Slimebound:MegaLick+1","Slimebound:Repurpose+1","Slimebound:OozeBath+1","Slimebound:SlimeSlap+1","Slimebound:FormOfPuddle+1","Slimebound:GoopSpray+1","Slimebound:SpikyOuterGoop+1","Slimebound:SlimeSlap+1","Slimebound:Replication+1"],"relics":["Black Star","Toy Ornithopter","PreservedInsect","Strawberry","Anchor","Bronze Scales","Coffee Dripper","StoneCalendar","Juzu Bracelet","Orichalcum","downfall:HeartBlessingGreen","White Beast Statue","Happy Flower","Pen Nib","Velvet Choker","HollowMod:StagPassRelic","Centennial Puzzle","Bird Faced Urn","MawBank","Bag of Marbles","Meat on the Bone","Toolbox","TungstenRod","HollowMod:PaleOreRelic","Bag of Preparation"],"acts_visited":["Exordium","TheCity","TheBeyond"],"potions_floor_usage":[33,33,33,40,42,44,44,48,50,50],"damage_taken":[{"damage":0.0,"enemies":"Small Slimes","floor":2.0,"turns":3.0},{"damage":9.0,"enemies":"downfall:FleeingMerchant","floor":6.0,"turns":4.0},{"damage":8.0,"enemies":"Jaw Worm","floor":9.0,"turns":3.0},{"damage":6.0,"enemies":"3 Sentries","floor":10.0,"turns":4.0},{"damage":2.0,"enemies":"2 Louse","floor":11.0,"turns":3.0},{"damage":5.0,"enemies":"Exordium Wildlife","floor":12.0,"turns":4.0},{"damage":2.0,"enemies":"Gremlin Gang","floor":14.0,"turns":3.0},{"damage":0.0,"enemies":"2 Fungi Beasts","floor":15.0,"turns":3.0},{"damage":30.0,"enemies":"IC_STATUS_ARCHETYPE","floor":16.0,"turns":4.0},{"damage":18.0,"enemies":"Chosen","floor":19.0,"turns":3.0},{"damage":36.0,"enemies":"Shell Parasite","floor":20.0,"turns":5.0},{"damage":23.0,"enemies":"Cultist and Chosen","floor":21.0,"turns":5.0},{"damage":20.0,"enemies":"Snake Plant","floor":22.0,"turns":2.0},{"damage":41.0,"enemies":"HollowMod:Nosk","floor":23.0,"turns":6.0},{"damage":23.0,"enemies":"Centurion and Healer","floor":27.0,"turns":4.0},{"damage":32.0,"enemies":"Shelled Parasite and Fungi","floor":28.0,"turns":4.0},{"damage":5.0,"enemies":"3 Cultists","floor":30.0,"turns":3.0},{"damage":0.0,"enemies":"Book of Stabbing","floor":31.0,"turns":3.0},{"damage":41.0,"enemies":"Cultist and Chosen","floor":32.0,"turns":6.0},{"damage":32,"enemies":"DF_ARCHETYPE_CLAW","floor":33,"turns":7},{"damage":19,"enemies":"3 Darklings","floor":36,"turns":6},{"damage":10,"enemies":"Orb Walker","floor":37,"turns":3},{"damage":11,"enemies":"Writhing Mass","floor":39,"turns":4},{"damage":5,"enemies":"Nemesis","floor":40,"turns":3},{"damage":15,"enemies":"Giant Head","floor":42,"turns":7},{"damage":19,"enemies":"downfall:FleeingMerchant","floor":44,"turns":4},{"damage":0,"enemies":"HollowMod:StalkingDevout","floor":48,"turns":2},{"damage":5,"enemies":"3 Darklings","floor":49,"turns":4},{"damage":111,"enemies":"WA_ARCHETYPE_DIVINITY","floor":50,"turns":7}],"seed_played":"-4078534631961177871","potions_obtained":[{"floor":2.0,"key":"Explosive Potion"},{"floor":9.0,"key":"DistilledChaos"},{"floor":10.0,"key":"DuplicationPotion"},{"floor":12.0,"key":"Slimebound:SlimyTonguePotion"},{"floor":16.0,"key":"hexamod:SoulburnPotion"},{"floor":21.0,"key":"Guardian:BlockOnCardUsePotion"},{"floor":22.0,"key":"Strength Potion"},{"floor":27.0,"key":"BlessingOfTheForge"},{"floor":28.0,"key":"Swift Potion"},{"floor":30.0,"key":"SkillPotion"},{"floor":31.0,"key":"Dexterity Potion"},{"floor":32.0,"key":"BlessingOfTheForge"},{"floor":33,"key":"Swift Potion"},{"floor":36,"key":"ColorlessPotion"},{"floor":37,"key":"Strength Potion"},{"floor":40,"key":"LiquidBronze"},{"floor":42,"key":"FearPotion"},{"floor":44,"key":"Fire Potion"},{"floor":46,"key":"EssenceOfSteel"},{"floor":48,"key":"Energy Potion"}],"is_trial":false,"path_per_floor":["R","M","?","?","?","$","T","R","M","E","M","M","R","M","M","B",null,"R","M","M","M","M","E","T","R","?","M","M","?","M","E","M","B",null,"R","M","M","?","M","E","T","E","R","$","R","?","R","E","M","B"],"character_chosen":"SLIMEBOUND","items_purchased":["PreservedInsect","Slimebound:MegaLick","Slimebound:GoopSpray","Slimebound:SlimeSlap","Toolbox","TungstenRod"],"campfire_rested":0,"item_purchase_floors":[6,6,6,44,44,44],"current_hp_per_floor":[65,65,65,65,65,56,63,63,55,54,52,47,47,45,45,45,72,72,69,69,66,61,52,52,52,52,72,55,55,72,72,46,29,72,72,68,58,58,47,47,47,60,60,70,70,70,70,72,69,0,0,0],"gold":214,"neow_bonus":"BOSS_RELIC","is_daily":false,"chose_seed":false,"campfire_upgraded":9,"win_rate":0.0,"timestamp":1611773723,"path_taken":["R","M","?","?","?","$","T","R","M","E","M","M","R","M","M","BOSS","R","M","M","M","M","E","T","R","?","M","M","?","M","E","M","BOSS","R","M","M","?","M","E","T","E","R","$","R","?","R","E","M","BOSS"],"items_purchased_type":["Relic","Card","Card","Card","Relic","Relic"],"build_version":"2020-12-22","purchased_purges":2,"victory":false,"max_hp_per_floor":[65,65,65,65,65,65,72,72,72,72,72,72,72,72,72,72,72,72,72,72,72,72,72,72,72,72,72,72,72,72,72,72,72,72,72,72,72,72,72,72,72,72,72,72,72,72,72,72,72,72,72,72],"card_choices":[{"not_picked":["Slimebound:BestDefense","Slimebound:GoopTackle"],"picked":"Slimebound:SpikyOuterGoop","floor":2.0},{"not_picked":["Slimebound:LeechingTouch","Slimebound:BestDefense"],"picked":"Slimebound:SlimeBarrage","floor":6.0},{"not_picked":["Slimebound:SlimeBarrage","Slimebound:LivingWall"],"picked":"Slimebound:ViciousTackle","floor":9.0},{"not_picked":["Slimebound:ItLooksTasty","Slimebound:RainOfGoop"],"picked":"Slimebound:DuplicatedForm","floor":10.0},{"not_picked":["Slimebound:SplitBruiser","Slimebound:Schlurp"],"picked":"Slimebound:Nibble","floor":11.0},{"not_picked":["Slimebound:SplitMire","Slimebound:RejuvenatingLick"],"picked":"Slimebound:RainOfGoop","floor":12.0},{"not_picked":["Slimebound:SplitBruiser","Slimebound:LivingWall"],"picked":"Slimebound:Repurpose","floor":14.0},{"not_picked":["Slimebound:Prepare","Slimebound:ProtectTheBoss"],"picked":"Slimebound:ViciousTackle","floor":15.0},{"not_picked":["Slimebound:WasteNot","Slimebound:PrepareCrush"],"picked":"Slimebound:LeechLife","floor":16.0},{"not_picked":["Slimebound:RollThrough","Slimebound:SlimeSpikes"],"picked":"Slimebound:Schlurp+1","floor":19.0},{"not_picked":["Slimebound:FlameTackle+1","Slimebound:GoopSpray","Slimebound:SplitLeeching"],"picked":"SKIP","floor":20.0},{"not_picked":["Slimebound:FirmFortitude","Slimebound:LeechEnergy"],"picked":"Slimebound:AcidTongue","floor":21.0},{"not_picked":["Slimebound:Chomp","Slimebound:LeechingTouch"],"picked":"Slimebound:GoopSpray+1","floor":22.0},{"not_picked":["Slimebound:HauntingLick","Slimebound:Prepare"],"picked":"Slimebound:Schlurp","floor":23.0},{"not_picked":["Slimebound:Nibble","Slimebound:SplitBruiser"],"picked":"Slimebound:MegaLick+1","floor":27.0},{"not_picked":["Slimebound:SplitMire","Slimebound:RollThrough"],"picked":"Slimebound:Repurpose+1","floor":28.0},{"not_picked":["Slimebound:SplitBruiser","Slimebound:SplitMire","Slimebound:LeechEnergy"],"picked":"SKIP","floor":30.0},{"not_picked":["Slimebound:PressTheAttack","Slimebound:LeechingTouch+1"],"picked":"Slimebound:OozeBath","floor":31.0},{"not_picked":["Slimebound:Equalize","Slimebound:SplitBruiser","Slimebound:HauntingLick"],"picked":"SKIP","floor":32.0},{"not_picked":["Slimebound:MassRepurpose","Slimebound:FirmFortitude"],"picked":"Slimebound:SlimeSlap","floor":33},{"not_picked":["Slimebound:LevelUp+1","Slimebound:SamplingLick"],"picked":"Slimebound:FormOfPuddle+1","floor":36},{"not_picked":["Slimebound:TongueLash","Slimebound:ItLooksTasty"],"picked":"Slimebound:GoopSpray+1","floor":37},{"not_picked":["Slimebound:BestDefense","Slimebound:PressTheAttack","Slimebound:SplitAcid+1"],"picked":"SKIP","floor":39},{"not_picked":["Slimebound:Nibble+1","Slimebound:LeechingTouch+1"],"picked":"Slimebound:SpikyOuterGoop+1","floor":40},{"not_picked":["Slimebound:ViciousTackle","Slimebound:ItLooksTasty","Slimebound:DisruptingSlam"],"picked":"SKIP","floor":42},{"not_picked":["Slimebound:LeadByExample","Slimebound:SlimeBrawl+1","Slimebound:SplitMire"],"picked":"SKIP","floor":44},{"not_picked":["Slimebound:ForwardTackle","Slimebound:SamplingLick"],"picked":"Slimebound:Replication+1","floor":48},{"not_picked":["Slimebound:Schlurp+1","Slimebound:FlameTackle","Slimebound:Prepare"],"picked":"SKIP","floor":49}],"player_experience":597559,"relics_obtained":[{"floor":7.0,"key":"Strawberry"},{"floor":10.0,"key":"Anchor"},{"floor":10.0,"key":"Bronze Scales"},{"floor":23.0,"key":"StoneCalendar"},{"floor":23.0,"key":"Juzu Bracelet"},{"floor":24.0,"key":"Orichalcum"},{"floor":31.0,"key":"Happy Flower"},{"floor":31.0,"key":"Pen Nib"},{"floor":38,"key":"HollowMod:StagPassRelic"},{"floor":40,"key":"Centennial Puzzle"},{"floor":40,"key":"Bird Faced Urn"},{"floor":41,"key":"MawBank"},{"floor":42,"key":"Bag of Marbles"},{"floor":42,"key":"Meat on the Bone"},{"floor":48,"key":"HollowMod:PaleOreRelic"},{"floor":48,"key":"Bag of Preparation"}],"event_choices":[{"damage_healed":0.0,"max_hp_gain":0.0,"max_hp_loss":0.0,"gold_gain":0.0,"event_name":"Big Fish","player_choice":"Box","floor":4.0,"gold_loss":0.0,"damage_taken":0.0,"relics_obtained":["Toy Ornithopter"],"cards_obtained":["Regret"]},{"damage_healed":0,"gold_gain":0,"player_choice":"Got Potions","damage_taken":0,"max_hp_gain":0,"max_hp_loss":0,"event_name":"Lab","floor":46,"gold_loss":0}],"is_beta":false,"boss_relics":[{"not_picked":["Tiny House","Empty Cage"],"picked":"Coffee Dripper"},{"not_picked":["Pandora\u0027s Box","Runic Dome"],"picked":"Velvet Choker"}],"items_purged_floors":[6,44],"is_endless":false,"potions_floor_spawned":[2,9,10,12,16,21,22,27,28,30,31,32,33,36,37,39,40,42,44,48,49],"killed_by":"WA_ARCHETYPE_DIVINITY","ascension_level":0}}