{"host":"y7357sx8ps3jkgoj","time":1611732066,"event":{"mods":["BaseMod","Downfall","Friendly Minions","Minty Spire (QoL Compilation)","Permanent Neow","Relic Stats","Shop Mod","StSLib","The Animator","The Bladedancer","The Bug Knight","The Exalted","The Forsaken","The Mystic","The Necromancer","The Poker Player","The Runesmith","Uncapped","Unceasing Turn Reminder"],"gold_per_floor":[99,109,128,148,161,161,161,161,184,184,184,210,227,261,279,376,376,276,294,20,35,49,69,69,69,95,105,205,205,217,217,217,217,217],"floor_reached":32,"language":"ENG","playtime":3524,"items_purged":[],"score":274,"play_id":"247fb40a-2376-470d-8382-b462775528d4","local_time":"20210127012106","is_ascension_mode":false,"campfire_choices":[{"data":"bronze:Goto","floor":1,"key":"SMITH"},{"data":"Madness","floor":8,"key":"SMITH"},{"data":"bronze:CutThrough","floor":10,"key":"SMITH"},{"data":"bronze:FineTuning","floor":18,"key":"SMITH"},{"data":"Apotheosis","floor":25,"key":"SMITH"},{"floor":29,"key":"REST"}],"circlet_count":0,"master_deck":["bronze:Strike","bronze:Strike","bronze:Strike","bronze:Strike","bronze:Defend","bronze:Defend","bronze:Defend","bronze:Defend","bronze:Replicate+1","bronze:Goto+1","Madness+1","bronze:Iterate","bronze:CutThrough+1","bronze:Frontload+1","bronze:FineTuning+1","bronze:Verify+1","bronze:FollowUp","bronze:Mutator+1","bronze:Frontload+1","bronze:MaxOutput+1","Apotheosis+1","bronze:BugBarrage","bronze:Turbo","bronze:Verify+1","bronze:BurnOut","bronze:MaxOutput+1"],"relics":["bronze:BronzeCore","Bromod:ArcaneGuardian","Odd Mushroom","Ginger","Frozen Egg 2","bronze:MakeshiftBattery","downfall:HeartBlessingGreen","Singing Bowl","Peace Pipe","downfall:GremlinWheel"],"acts_visited":["Exordium","TheCity"],"potions_floor_usage":[12,14,26,26,28],"damage_taken":[{"damage":0,"enemies":"Cultist","floor":2,"turns":4},{"damage":3,"enemies":"Small Slimes","floor":3,"turns":3},{"damage":9,"enemies":"2 Louse","floor":4,"turns":3},{"damage":6,"enemies":"Exordium Wildlife","floor":5,"turns":4},{"damage":10,"enemies":"The Mushroom Lair","floor":9,"turns":4},{"damage":17,"enemies":"3 Sentries","floor":12,"turns":6},{"damage":0,"enemies":"Red Slaver","floor":13,"turns":4},{"damage":15,"enemies":"Gremlin Nob","floor":14,"turns":4},{"damage":0,"enemies":"Gremlin Gang","floor":15,"turns":5},{"damage":21,"enemies":"WA_ARCHETYPE_RETAIN","floor":16,"turns":9},{"damage":7,"enemies":"Spheric Guardian","floor":19,"turns":5},{"damage":0,"enemies":"downfall:FleeingMerchant","floor":20,"turns":4},{"damage":3,"enemies":"Snecko","floor":21,"turns":4},{"damage":5,"enemies":"Shelled Parasite and Fungi","floor":22,"turns":4},{"damage":16,"enemies":"Snake Plant","floor":23,"turns":6},{"damage":22,"enemies":"Book of Stabbing","floor":26,"turns":8},{"damage":5,"enemies":"Cultist and Chosen","floor":27,"turns":5},{"damage":0,"enemies":"Cultist and Chosen","floor":28,"turns":4},{"damage":17,"enemies":"Snecko","floor":30,"turns":7},{"damage":20,"enemies":"Snake Plant","floor":32,"turns":4}],"seed_played":"8865489661095889166","potions_obtained":[{"floor":2,"key":"Explosive Potion"},{"floor":9,"key":"EssenceOfSteel"},{"floor":12,"key":"Slimebound:ThreeZeroPotion"},{"floor":14,"key":"Swift Potion"},{"floor":16,"key":"SkillPotion"}],"is_trial":false,"path_per_floor":["R","M","M","M","M","?","T","R","?","R","?","E","M","E","M","B",null,"R","M","$","M","M","M","T","R","E","M","?","R","M","?","M"],"character_chosen":"THE_AUTOMATON","items_purchased":["bronze:MaxOutput+1","Apotheosis"],"campfire_rested":1,"item_purchase_floors":[20,20],"current_hp_per_floor":[70,70,67,58,52,52,52,52,42,42,65,48,48,33,33,12,70,70,63,63,60,55,39,39,39,17,12,12,33,18,18,0,0,0],"gold":217,"neow_bonus":"RANDOM_COLORLESS","is_daily":false,"chose_seed":false,"campfire_upgraded":5,"win_rate":0.0,"timestamp":1611732066,"path_taken":["R","M","M","M","?","?","T","R","?","R","?","E","?","E","M","BOSS","R","M","$","M","M","M","T","R","E","M","?","R","?","?","M"],"items_purchased_type":["Card","Card"],"build_version":"2020-12-22","purchased_purges":0,"victory":false,"max_hp_per_floor":[70,70,70,70,70,70,70,70,70,70,70,70,70,70,70,70,70,70,70,70,70,70,70,70,70,70,70,70,70,72,72,72,72,72],"relic_stats":{"Peace Pipe":0,"Singing Bowl":2,"counters":[20,97],"Ginger":[11],"obtain_stats":[{"Peace Pipe":26,"bronze:BronzeCore":0,"downfall:GremlinWheel":28,"Singing Bowl":24,"downfall:HeartBlessingGreen":18,"Ginger":12,"Odd Mushroom":9,"Frozen Egg 2":14,"Bromod:ArcaneGuardian":7,"bronze:MakeshiftBattery":17},{"Peace Pipe":16,"bronze:BronzeCore":0,"downfall:GremlinWheel":18,"Singing Bowl":15,"downfall:HeartBlessingGreen":10,"Ginger":6,"Odd Mushroom":5,"Frozen Egg 2":8,"Bromod:ArcaneGuardian":4,"bronze:MakeshiftBattery":10},{"Peace Pipe":77,"bronze:BronzeCore":0,"downfall:GremlinWheel":86,"Singing Bowl":69,"downfall:HeartBlessingGreen":46,"Ginger":24,"Odd Mushroom":18,"Frozen Egg 2":32,"Bromod:ArcaneGuardian":14,"bronze:MakeshiftBattery":46}]},"card_choices":[{"not_picked":["Trip","Bandage Up"],"picked":"Madness","floor":0},{"not_picked":["bronze:Invalidate","bronze:Overheat"],"picked":"bronze:Iterate","floor":2},{"not_picked":["bronze:Deprecate","bronze:Fortify","bronze:DigitalCarnage"],"picked":"SKIP","floor":3},{"not_picked":["bronze:WildBeam","bronze:WhirlingStrike"],"picked":"bronze:CutThrough","floor":4},{"not_picked":["bronze:OilSpill","bronze:Fortify"],"picked":"bronze:Frontload","floor":5},{"not_picked":["bronze:DigitalCarnage","bronze:BitShift"],"picked":"bronze:FineTuning","floor":12},{"not_picked":["bronze:DelayedGuard","bronze:BitShift","bronze:Shield"],"picked":"SKIP","floor":13},{"not_picked":["bronze:Overheat","bronze:SpaghettiCode"],"picked":"bronze:Verify+1","floor":14},{"not_picked":["bronze:DelayedSlice","bronze:Frontload"],"picked":"bronze:FollowUp","floor":15},{"not_picked":["bronze:CleanCode+1","bronze:SpaghettiCode"],"picked":"bronze:Mutator+1","floor":16},{"not_picked":["bronze:NullPointer","bronze:ChosenStrike","bronze:CutThrough"],"picked":"SKIP","floor":19},{"not_picked":["bronze:BitShift+1","bronze:Invalidate+1"],"picked":"bronze:Frontload","floor":20},{"not_picked":["bronze:Allocate+1","bronze:ChosenStrike"],"picked":"bronze:BugBarrage","floor":21},{"not_picked":["bronze:Safeguard+1","bronze:DelayedSlice"],"picked":"bronze:Turbo","floor":22},{"not_picked":["bronze:ChildClass","bronze:GetLatest+1"],"picked":"bronze:Verify+1","floor":23},{"not_picked":["bronze:Shield","bronze:BitShift"],"picked":"bronze:BurnOut","floor":26},{"not_picked":["bronze:BronzeOrb","bronze:Invalidate"],"picked":"bronze:MaxOutput+1","floor":27},{"not_picked":["bronze:MaxOutput+1","bronze:Deprecate","bronze:Optimize+1"],"picked":"Singing Bowl","floor":30}],"player_experience":419073,"relics_obtained":[{"floor":7,"key":"Bromod:ArcaneGuardian"},{"floor":9,"key":"Odd Mushroom"},{"floor":12,"key":"Ginger"},{"floor":14,"key":"Frozen Egg 2"},{"floor":24,"key":"Singing Bowl"},{"floor":26,"key":"Peace Pipe"},{"floor":28,"key":"downfall:GremlinWheel"}],"event_choices":[{"damage_healed":0,"gold_gain":0,"player_choice":"Fought Mushrooms","damage_taken":0,"max_hp_gain":0,"max_hp_loss":0,"event_name":"Mushrooms","floor":9,"gold_loss":0},{"damage_healed":23,"gold_gain":0,"player_choice":"Banana","damage_taken":0,"max_hp_gain":0,"max_hp_loss":0,"event_name":"Big Fish","floor":11,"gold_loss":0}],"is_beta":false,"boss_relics":[{"not_picked":["SlaversCollar","Pandora\u0027s Box"],"picked":"bronze:MakeshiftBattery"}],"items_purged_floors":[],"is_endless":false,"potions_floor_spawned":[2,9,12,14,16,19,22],"killed_by":"Snake Plant","ascension_level":0}}