{"host":"0ueeacaatm8t6jyh","time":1611755774,"event":{"mods":["AchievementEnabler","BaseMod","Colored Powertips","Minty Spire (QoL Compilation)","Quick Restart","Rare Cards Sparkle","Shop Mod","StSLib"],"gold_per_floor":[113,113,124,124,124,144,179,179,179,218,218,242,267,267,267,303,303,303,303],"floor_reached":18,"language":"ZHS","playtime":630,"items_purged":[],"score":202,"play_id":"b70b8bb9-e6a4-497e-bbf0-4266abc25ab7","local_time":"20210127215614","is_ascension_mode":true,"campfire_choices":[{"data":"Blade Dance","floor":8.0,"key":"SMITH"},{"data":"Phantasmal Killer","floor":17,"key":"SMITH"}],"circlet_count":0,"master_deck":["AscendersBane","Strike_G+1","Strike_G","Strike_G","Strike_G","Defend_G","Defend_G","Defend_G","Defend_G","Defend_G+1","Survivor","Neutralize","Storm of Steel","Blade Dance+1","Regret","Acrobatics","Die Die Die","Backstab","Phantasmal Killer+1"],"relics":["Ring of the Snake","Thread and Needle","Meat on the Bone","Golden Idol","Sundial","Mercury Hourglass","Letter Opener","Strawberry","Happy Flower"],"acts_visited":["Exordium"],"potions_floor_usage":[10,18],"damage_taken":[{"damage":7.0,"enemies":"2 Louse","floor":1.0,"turns":3.0},{"damage":5.0,"enemies":"Jaw Worm","floor":3.0,"turns":3.0},{"damage":0.0,"enemies":"Small Slimes","floor":6.0,"turns":3.0},{"damage":19.0,"enemies":"3 Sentries","floor":7.0,"turns":12.0},{"damage":18,"enemies":"Lagavulin","floor":10,"turns":9},{"damage":0,"enemies":"Looter","floor":12,"turns":2},{"damage":10,"enemies":"Exordium Thugs","floor":13,"turns":3},{"damage":3,"enemies":"3 Sentries","floor":16,"turns":4},{"damage":46,"enemies":"The Guardian","floor":18,"turns":8}],"seed_played":"-2423411754362616653","potions_obtained":[{"floor":6.0,"key":"Ancient Potion"},{"floor":10,"key":"LiquidMemories"},{"floor":13,"key":"Poison Potion"}],"is_trial":false,"path_per_floor":["M","?","M","?","?","M","E","R","?","E","T","M","M","?","T","E","R","B"],"character_chosen":"THE_SILENT","items_purchased":[],"campfire_rested":0,"item_purchase_floors":[],"current_hp_per_floor":[56,56,51,48,31,43,36,36,22,16,16,28,30,30,37,46,46,0,0],"gold":303,"neow_bonus":"ONE_RANDOM_RARE_CARD","is_daily":false,"chose_seed":false,"campfire_upgraded":2,"win_rate":0.0,"timestamp":1611755774,"path_taken":["M","?","M","?","?","M","E","R","?","E","T","?","M","?","?","E","R","BOSS"],"items_purchased_type":[],"build_version":"2020-12-22","purchased_purges":0,"victory":false,"max_hp_per_floor":[70,70,70,70,70,70,70,70,70,70,70,70,70,70,77,77,77,77,77],"card_choices":[{"not_picked":["Tactician","Dagger Spray"],"picked":"Blade Dance","floor":1.0},{"not_picked":["Bane","Setup"],"picked":"Acrobatics","floor":3.0},{"not_picked":["All Out Attack","Outmaneuver","Distraction"],"picked":"SKIP","floor":6.0},{"not_picked":["Storm of Steel","Dodge and Roll"],"picked":"Die Die Die","floor":7.0},{"not_picked":["Cloak And Dagger","Poisoned Stab","Bullet Time"],"picked":"SKIP","floor":10},{"not_picked":["Sucker Punch","Choke","Poisoned Stab"],"picked":"SKIP","floor":12},{"not_picked":["Dagger Throw","Flying Knee","Distraction"],"picked":"SKIP","floor":13},{"not_picked":["Cloak And Dagger","Underhanded Strike"],"picked":"Phantasmal Killer","floor":16}],"player_experience":476439,"relics_obtained":[{"floor":7.0,"key":"Sundial"},{"floor":10,"key":"Mercury Hourglass"},{"floor":11,"key":"Letter Opener"},{"floor":15,"key":"Strawberry"},{"floor":16,"key":"Happy Flower"}],"event_choices":[{"damage_healed":0.0,"max_hp_gain":0.0,"max_hp_loss":0.0,"gold_gain":0.0,"event_name":"Big Fish","player_choice":"Box","floor":2.0,"gold_loss":0.0,"damage_taken":0.0,"relics_obtained":["Thread and Needle"],"cards_obtained":["Regret"]},{"damage_healed":0.0,"max_hp_gain":0.0,"max_hp_loss":0.0,"gold_gain":0.0,"event_name":"Scrap Ooze","player_choice":"Success","floor":4.0,"gold_loss":0.0,"damage_taken":3.0,"relics_obtained":["Meat on the Bone"]},{"damage_healed":0.0,"max_hp_gain":0.0,"max_hp_loss":0.0,"gold_gain":0.0,"event_name":"Golden Idol","player_choice":"Take Damage","floor":5.0,"gold_loss":0.0,"damage_taken":17.0,"relics_obtained":["Golden Idol"]},{"damage_healed":0.0,"max_hp_gain":0.0,"max_hp_loss":0.0,"gold_gain":0.0,"event_name":"Shining Light","player_choice":"Entered Light","floor":9.0,"gold_loss":0.0,"damage_taken":14.0,"cards_upgraded":["Strike_G","Defend_G"]},{"damage_healed":0,"gold_gain":0,"cards_transformed":["Strike_G"],"player_choice":"Change","damage_taken":0,"max_hp_gain":0,"max_hp_loss":0,"event_name":"Living Wall","floor":14,"gold_loss":0,"cards_obtained":["Backstab"]}],"is_beta":false,"boss_relics":[],"items_purged_floors":[],"is_endless":false,"potions_floor_spawned":[6,10,13],"killed_by":"The Guardian","ascension_level":11}}