{"host":"gbufj6hc0ay5hojx","time":1611784534,"event":{"mods":["AchievementEnabler","BaseMod","Colored Map","Colored Powertips","Hermit","Highlight Path","Minty Spire (QoL Compilation)","StSLib","SuperFastMode","The Cursed","The Servant 0.9.4"],"gold_per_floor":[118,118,118,186,203,234,248,248,248,261,278,292,292,309,309,414,414,414,414],"floor_reached":18,"language":"KOR","playtime":2201,"items_purged":[],"score":168,"play_id":"dcd67d9c-3b2c-451f-acd5-d6a54e054bdb","local_time":"20210128065534","is_ascension_mode":false,"campfire_choices":[{"data":"Exchange","floor":13.0,"key":"SMITH"},{"floor":15.0,"key":"REST"}],"circlet_count":0,"master_deck":["Strike_S","Strike_S","Strike_S","Defend_S","KidneyShot","Exchange+1","SpecialFormula","StarChef","Spin","BestPractice","FastForward","Comet","Ricochet","Rearm","Misdirection","MurderousAura","Collapse+1","Hightail+1","FlawlessForm+1"],"relics":["Uniform","NeowsBlessing","Boot","SsserpentHead","Turnip","Blue Candle","Astrolabe"],"acts_visited":["TheCity"],"potions_floor_usage":[],"damage_taken":[{"damage":0.0,"enemies":"2 Louse","floor":1.0,"turns":1.0},{"damage":0.0,"enemies":"Cultist","floor":4.0,"turns":1.0},{"damage":0.0,"enemies":"Small Slimes","floor":5.0,"turns":1.0},{"damage":44.0,"enemies":"3 Sentries","floor":6.0,"turns":9.0},{"damage":7.0,"enemies":"Looter","floor":7.0,"turns":4.0},{"damage":6.0,"enemies":"Exordium Thugs","floor":10.0,"turns":6.0},{"damage":18.0,"enemies":"Exordium Wildlife","floor":11.0,"turns":6.0},{"damage":1.0,"enemies":"2 Fungi Beasts","floor":12.0,"turns":3.0},{"damage":0.0,"enemies":"3 Louse","floor":14.0,"turns":1.0},{"damage":40.0,"enemies":"Hexaghost","floor":16.0,"turns":11.0},{"damage":1,"enemies":"Chosen","floor":18,"turns":6}],"seed_played":"960052402593058651","potions_obtained":[{"floor":1.0,"key":"Weak Potion"},{"floor":6.0,"key":"DuplicationPotion"},{"floor":12.0,"key":"ColorlessPotion"},{"floor":14.0,"key":"AttackPotion"}],"is_trial":false,"path_per_floor":["M","?","?","M","M","E","M","?","T","M","M","M","R","M","R","B",null,"M"],"character_chosen":"THE_SERVANT","items_purchased":[],"campfire_rested":1,"item_purchase_floors":[],"current_hp_per_floor":[65,62,62,62,65,26,27,27,27,26,16,20,20,20,39,4,65,64,64],"gold":414,"neow_bonus":"THREE_ENEMY_KILL","is_daily":false,"chose_seed":false,"campfire_upgraded":1,"win_rate":0.0,"timestamp":1611784534,"path_taken":["M","?","?","?","M","E","M","?","T","M","M","M","R","M","R","BOSS","M"],"items_purchased_type":[],"build_version":"2020-12-22","purchased_purges":0,"victory":false,"max_hp_per_floor":[65,65,65,65,65,65,65,65,65,65,65,65,65,65,65,65,65,65,65],"card_choices":[{"not_picked":["Starlight","Unruled"],"picked":"SpecialFormula","floor":1.0},{"not_picked":["Starlight","Ricochet"],"picked":"StarChef","floor":4.0},{"not_picked":["Replace","Rewind"],"picked":"Spin","floor":5.0},{"not_picked":["Potential","Alleviate"],"picked":"BestPractice","floor":6.0},{"not_picked":["Rewind","Replace"],"picked":"FastForward","floor":7.0},{"not_picked":["Defy","Potential"],"picked":"Comet","floor":10.0},{"not_picked":["DoubleEdge","Spin"],"picked":"Ricochet","floor":11.0},{"not_picked":["Rewind","Deny"],"picked":"Rearm","floor":12.0},{"not_picked":["Starlight","Shuttle"],"picked":"Misdirection","floor":14.0},{"not_picked":["PendulumOfEternity","SoulSculpture"],"picked":"MurderousAura","floor":16.0}],"player_experience":506721,"relics_obtained":[{"floor":6.0,"key":"Turnip"},{"floor":9.0,"key":"Blue Candle"}],"event_choices":[{"damage_healed":0.0,"max_hp_gain":0.0,"max_hp_loss":0.0,"gold_gain":0.0,"event_name":"Scrap Ooze","player_choice":"Success","floor":2.0,"gold_loss":0.0,"damage_taken":3.0,"relics_obtained":["Boot"]},{"damage_healed":0.0,"max_hp_gain":0.0,"max_hp_loss":0.0,"gold_gain":0.0,"event_name":"FaceTrader","player_choice":"Trade","floor":3.0,"gold_loss":0.0,"damage_taken":0.0,"relics_obtained":["SsserpentHead"]},{"cards_removed":["Defend_S"],"damage_healed":0.0,"max_hp_gain":0.0,"max_hp_loss":0.0,"gold_gain":0.0,"event_name":"The Cleric","player_choice":"Card Removal","floor":8.0,"gold_loss":50.0,"damage_taken":0.0}],"is_beta":false,"boss_relics":[{"not_picked":["Philosopher\u0027s Stone","Runic Dome"],"picked":"Astrolabe"}],"items_purged_floors":[],"is_endless":false,"potions_floor_spawned":[1,6,12,14],"killed_by":"Chosen","ascension_level":0}}