{"host":"mi0eibewekhugwl1","time":1611719612,"event":{"mods":["AchievementEnabler","BaseMod","Colored Map","Colored Powertips","DeckTracker","Keyboard Shortcuts","Minty Spire (QoL Compilation)","Quick Restart","Rare Cards Sparkle","Relic Stats","StSLib","SuperFastMode","everything is the same but u backflip on backflip"],"gold_per_floor":[12,12,30,40,53,53,66,78,101,101,134,59,59,74,74,173,173,189,189,38,38,38,38,63,63,63,87,106,106,122,24,24,24,24],"floor_reached":33,"language":"KOR","playtime":700,"items_purged":[],"score":498,"play_id":"8f0d57b6-25be-49ff-b915-6f66b9ec494c","local_time":"20210127125332","is_ascension_mode":true,"campfire_choices":[{"data":"Wild Strike","floor":6,"key":"SMITH"},{"data":"Pommel Strike","floor":13,"key":"SMITH"},{"data":"Bash","floor":15,"key":"SMITH"},{"data":"Inflame","floor":23,"key":"SMITH"},{"data":"Battle Trance","floor":25,"key":"SMITH"},{"data":"Fire Breathing","floor":29,"key":"SMITH"},{"floor":32,"key":"REST"}],"circlet_count":0,"master_deck":["AscendersBane","Defend_R","Defend_R","Defend_R","Bash+1","Twin Strike","Second Wind","Wild Strike+1","Battle Trance+1","Feed","Pommel Strike+1","Flex+1","Impervious+1","Dark Embrace+1","Reckless Charge+1","Dropkick+1","Shrug It Off+1","Seeing Red+1","Rampage","Inflame+1","True Grit+1","Clothesline+1","Fire Breathing+1","Intimidate+1","Headbutt"],"relics":["Burning Blood","WingedGreaves","Boot","Golden Idol","Toxic Egg 2","Astrolabe","Oddly Smooth Stone"],"acts_visited":["Exordium","TheCity"],"potions_floor_usage":[11,16,18,20,27,33],"damage_taken":[{"damage":10,"enemies":"2 Louse","floor":1,"turns":3},{"damage":1,"enemies":"Cultist","floor":3,"turns":3},{"damage":9,"enemies":"Jaw Worm","floor":4,"turns":3},{"damage":18,"enemies":"Large Slime","floor":5,"turns":8},{"damage":17,"enemies":"2 Fungi Beasts","floor":7,"turns":4},{"damage":3,"enemies":"Blue Slaver","floor":8,"turns":3},{"damage":15,"enemies":"Lagavulin","floor":11,"turns":6},{"damage":14,"enemies":"Red Slaver","floor":14,"turns":2},{"damage":31,"enemies":"Hexaghost","floor":16,"turns":9},{"damage":38,"enemies":"Shell Parasite","floor":18,"turns":5},{"damage":8,"enemies":"3 Byrds","floor":24,"turns":6},{"damage":5,"enemies":"Snake Plant","floor":27,"turns":5},{"damage":12,"enemies":"Chosen and Byrds","floor":28,"turns":5},{"damage":13,"enemies":"Cultist and Chosen","floor":30,"turns":4},{"damage":73,"enemies":"Collector","floor":33,"turns":9}],"seed_played":"3514728378437034445","potions_obtained":[{"floor":7,"key":"DuplicationPotion"},{"floor":8,"key":"AttackPotion"},{"floor":11,"key":"Fire Potion"},{"floor":16,"key":"Fire Potion"},{"floor":18,"key":"SpeedPotion"}],"is_trial":false,"path_per_floor":["M","?","M","M","M","R","M","M","T","?","E","?","R","M","R","B",null,"M","?","$","?","?","R","M","R","T","M","M","R","M","$","R","B"],"character_chosen":"IRONCLAD","items_purchased":["BloodPotion","Seeing Red+1","SkillPotion","Intimidate+1","Headbutt"],"campfire_rested":1,"item_purchase_floors":[20,20,20,31,31],"current_hp_per_floor":[64,64,69,66,54,54,43,46,46,46,37,37,37,32,32,10,58,29,29,44,44,44,44,45,45,45,46,40,40,33,33,57,0,0],"gold":24,"neow_bonus":"ONE_RARE_RELIC","is_daily":false,"chose_seed":false,"campfire_upgraded":6,"win_rate":0.0,"timestamp":1611719612,"path_taken":["M","?","?","M","M","R","M","M","T","?","E","?","R","M","R","BOSS","M","?","$","?","?","R","M","R","T","M","M","R","M","?","R","BOSS"],"items_purchased_type":["Potion","Card","Potion","Card","Card"],"build_version":"2020-12-22","purchased_purges":0,"victory":false,"max_hp_per_floor":[75,75,75,75,75,75,75,75,75,68,68,68,68,71,71,74,74,77,77,77,77,77,77,80,80,80,80,80,80,80,80,80,80,80],"relic_stats":{"counters":[15,75],"Golden Idol":50,"Astrolabe":["Dark Embrace","Reckless Charge","Dropkick"],"Boot":[25],"obtain_stats":[{"Golden Idol":10,"Astrolabe":17,"Oddly Smooth Stone":26,"WingedGreaves":0,"Toxic Egg 2":11,"Boot":9,"Burning Blood":0},{"Golden Idol":6,"Astrolabe":9,"Oddly Smooth Stone":11,"WingedGreaves":0,"Toxic Egg 2":7,"Boot":6,"Burning Blood":0},{"Golden Idol":24,"Astrolabe":41,"Oddly Smooth Stone":52,"WingedGreaves":0,"Toxic Egg 2":30,"Boot":24,"Burning Blood":0}],"Burning Blood":84},"card_choices":[{"not_picked":["Armaments","Havoc"],"picked":"Twin Strike","floor":1},{"not_picked":["Anger","Clothesline","Heavy Blade"],"picked":"SKIP","floor":3},{"not_picked":["Bloodletting","Feel No Pain"],"picked":"Second Wind","floor":4},{"not_picked":["Blood for Blood","Body Slam"],"picked":"Wild Strike","floor":5},{"not_picked":["Body Slam","Wild Strike"],"picked":"Battle Trance","floor":7},{"not_picked":["Anger","Shrug It Off"],"picked":"Feed","floor":8},{"not_picked":["Warcry+1","Iron Wave"],"picked":"Pommel Strike","floor":11},{"not_picked":["Twin Strike","Sever Soul"],"picked":"Flex+1","floor":14},{"not_picked":["Juggernaut","Exhume+1"],"picked":"Impervious+1","floor":16},{"not_picked":["Wild Strike","Intimidate+1"],"picked":"Shrug It Off+1","floor":18},{"not_picked":["Second Wind+1","Armaments+1"],"picked":"True Grit+1","floor":24},{"not_picked":["Cleave","Anger"],"picked":"Clothesline+1","floor":27},{"not_picked":["Reckless Charge","Perfected Strike"],"picked":"Fire Breathing","floor":28},{"not_picked":["Berserk","Perfected Strike","Pommel Strike"],"picked":"SKIP","floor":30}],"player_experience":1765460,"relics_obtained":[{"floor":9,"key":"Boot"},{"floor":11,"key":"Toxic Egg 2"},{"floor":26,"key":"Oddly Smooth Stone"}],"event_choices":[{"damage_healed":0,"gold_gain":0,"player_choice":"0 cards matched","damage_taken":0,"max_hp_gain":0,"max_hp_loss":0,"event_name":"Match and Keep!","floor":2,"gold_loss":0,"cards_obtained":[]},{"damage_healed":0,"gold_gain":0,"player_choice":"Lose Max HP","damage_taken":0,"relics_obtained":["Golden Idol"],"max_hp_gain":0,"max_hp_loss":7,"event_name":"Golden Idol","floor":10,"gold_loss":0},{"cards_removed":["Strike_R"],"damage_healed":0,"gold_gain":0,"player_choice":"Card Removal","damage_taken":0,"max_hp_gain":0,"max_hp_loss":0,"event_name":"The Cleric","floor":12,"gold_loss":75},{"damage_healed":0,"gold_gain":0,"player_choice":"Ignored","damage_taken":0,"max_hp_gain":0,"max_hp_loss":0,"event_name":"The Mausoleum","floor":21,"gold_loss":0},{"damage_healed":0,"gold_gain":0,"cards_transformed":["Strike_R","Defend_R"],"player_choice":"Became Test Subject","damage_taken":0,"max_hp_gain":0,"max_hp_loss":0,"event_name":"Drug Dealer","floor":22,"gold_loss":0,"cards_obtained":["Rampage","Inflame"]}],"is_beta":false,"boss_relics":[{"not_picked":["Snecko Eye","Calling Bell"],"picked":"Astrolabe"}],"items_purged_floors":[],"is_endless":false,"potions_floor_spawned":[7,8,11,16,18,24],"killed_by":"Collector","ascension_level":20}}