{"host":"3po7ngt2j61s4rmj","time":1611706816,"event":{"mods":["Act Like it!","BaseMod","Elementarium","JesterMod","Minty Spire (QoL Compilation)","Relic Stats","Shade Mod","StSLib"],"gold_per_floor":[112,129,129,129,142,171,171,197,197,297,329,329,358,369,369,464,464,482,502,15,29,43,71,71,105,105,118,118,118,130,187,187,307,307,370,415,14,0,0,0,60,60,109,147,217,247,290,318,318,318,318,318,16,72,72,72],"floor_reached":55,"language":"ENG","playtime":4074,"items_purged":["Shade:Strike_Shade","Shade:Strike_Shade","Shade:CarefulCut"],"score":1429,"play_id":"cf0dd00a-a9e3-4445-8b74-54fbee999ed8","local_time":"20210126172016","is_ascension_mode":true,"campfire_choices":[{"floor":7,"key":"REST"},{"floor":12,"key":"REST"},{"data":"Shade:PoundOfFlesh","floor":15,"key":"SMITH"},{"data":"Shade:PoundOfFlesh","floor":24,"key":"SMITH"},{"data":"HandOfGreed","floor":29,"key":"SMITH"},{"floor":32,"key":"REST"},{"floor":40,"key":"RECALL"},{"floor":42,"key":"REST"},{"data":"Shade:SkeletonArmy","floor":49,"key":"SMITH"},{"data":"1","floor":52,"key":"LIFT"}],"circlet_count":0,"master_deck":["AscendersBane","Shade:Defend_Shade+1","Shade:Defend_Shade+1","Shade:Defend_Shade+1","Shade:Defend_Shade","Shade:AnimateDead+1","Shade:CallWraith+1","Shade:PotionOfRestlessness","Shade:PoundOfFlesh+1","Shade:PoundOfFlesh+1","Shade:AncientSpear+1","Shade:Putrefaction","Shade:WallOfFlesh+1","Shade:Tombstone+1","HandOfGreed+1","Shade:SkeletonArmy+1","Shade:WallOfFlesh+1","Shade:AncientSpear","Shade:WallOfFlesh+1"],"relics":["Snecko Eye","Singing Bowl","Oddly Smooth Stone","Question Card","Mummified Hand","Potion Belt","Empty Cage","Pantograph","Toy Ornithopter","Juzu Bracelet","Whetstone","The Courier","War Paint","Elementarium:ElementariumTrophy","Runic Dome","HornCleat","Orichalcum","Elementarium:GoldenMirage","Girya","Ornamental Fan","Bronze Scales","OrangePellets","Vajra"],"acts_visited":["Exordium","Exordium","TheBeyond","TheEnding"],"potions_floor_usage":[2,11,11,19,31,33,44,48,48,50,55,55],"damage_taken":[{"damage":5,"enemies":"2 Louse","floor":1,"turns":4},{"damage":7,"enemies":"Jaw Worm","floor":2,"turns":3},{"damage":5,"enemies":"Cultist","floor":5,"turns":3},{"damage":17,"enemies":"Lagavulin","floor":6,"turns":5},{"damage":19,"enemies":"Gremlin Nob","floor":8,"turns":4},{"damage":5,"enemies":"3 Sentries","floor":11,"turns":2},{"damage":5,"enemies":"Lagavulin","floor":13,"turns":3},{"damage":0,"enemies":"Gremlin Gang","floor":14,"turns":4},{"damage":7,"enemies":"Hexaghost","floor":16,"turns":8},{"damage":0,"enemies":"Elementarium:2_ELEMENTALS","floor":18,"turns":2},{"damage":0,"enemies":"Elementarium:MUD_AND_TAR_GOLEMS","floor":19,"turns":3},{"damage":7,"enemies":"Elementarium:RubyGolem","floor":21,"turns":4},{"damage":0,"enemies":"Elementarium:3_ELEMENTALS","floor":22,"turns":4},{"damage":15,"enemies":"Elementarium:WarGolem","floor":23,"turns":4},{"damage":11,"enemies":"Elementarium:ElementalPortal","floor":25,"turns":6},{"damage":2,"enemies":"Elementarium:CYCLONE_AND_ORB_OF_FIRE","floor":27,"turns":5},{"damage":4,"enemies":"Elementarium:RubyGolem","floor":30,"turns":3},{"damage":5,"enemies":"Elementarium:WarGolem","floor":31,"turns":2},{"damage":16,"enemies":"Elementarium:GoldenDragon","floor":33,"turns":8},{"damage":0,"enemies":"3 Shapes","floor":35,"turns":4},{"damage":0,"enemies":"Orb Walker","floor":36,"turns":2},{"damage":52,"enemies":"Giant Head","floor":41,"turns":9},{"damage":5,"enemies":"Writhing Mass","floor":44,"turns":6},{"damage":1,"enemies":"Sphere and 2 Shapes","floor":45,"turns":4},{"damage":5,"enemies":"Nemesis","floor":46,"turns":5},{"damage":10,"enemies":"4 Shapes","floor":47,"turns":3},{"damage":13,"enemies":"Giant Head","floor":48,"turns":7},{"damage":21,"enemies":"Donu and Deca","floor":50,"turns":9},{"damage":2,"enemies":"Shield and Spear","floor":54,"turns":7},{"damage":105,"enemies":"The Heart","floor":55,"turns":6}],"seed_played":"-2329946812986104527","potions_obtained":[{"floor":1,"key":"ColorlessPotion"},{"floor":2,"key":"PowerPotion"},{"floor":8,"key":"Dexterity Potion"},{"floor":14,"key":"SteroidPotion"},{"floor":18,"key":"SkillPotion"},{"floor":19,"key":"CultistPotion"},{"floor":25,"key":"FearPotion"},{"floor":27,"key":"CultistPotion"},{"floor":30,"key":"DistilledChaos"},{"floor":36,"key":"LiquidBronze"},{"floor":45,"key":"SpeedPotion"},{"floor":46,"key":"Regen Potion"},{"floor":48,"key":"Dexterity Potion"}],"is_trial":false,"path_per_floor":["M","M","?","?","M","E","R","E","T","?","E","R","E","M","R","B",null,"M","M","$","M","M","E","R","E","T","M","?","R","M","E","R","B",null,"M","M","$","?","?","R","E","R","T","M","M","E","M","E","R","B",null,"R","$","E","B"],"character_chosen":"SHADE","items_purchased":["Pantograph","Toy Ornithopter","HornCleat","Orichalcum","OrangePellets","Shade:AncientSpear","PowerPotion"],"campfire_rested":4,"item_purchase_floors":[20,20,37,37,53,53,53],"current_hp_per_floor":[54,47,47,34,29,14,34,15,15,15,12,32,27,29,29,22,59,59,61,61,54,56,43,43,34,34,34,36,36,34,36,62,71,83,85,87,87,87,87,87,37,64,64,66,65,62,52,65,65,74,93,93,93,91,0,0],"gold":72,"neow_bonus":"BOSS_RELIC","is_daily":false,"chose_seed":false,"campfire_upgraded":4,"win_rate":0.0,"timestamp":1611706816,"path_taken":["M","M","?","?","M","E","R","E","T","?","E","R","E","M","R","BOSS","M","M","$","M","M","E","R","E","T","M","?","R","M","E","R","BOSS","M","M","$","?","?","R","E","R","T","M","M","E","M","E","R","BOSS","R","$","E","BOSS"],"items_purchased_type":["Relic","Relic","Relic","Relic","Relic","Card","Potion"],"build_version":"2020-12-22","purchased_purges":3,"victory":false,"max_hp_per_floor":[65,65,65,65,65,67,67,67,67,67,69,69,69,71,71,71,71,71,73,73,73,75,77,77,79,79,81,83,83,85,87,87,87,87,89,91,91,91,91,91,93,93,93,95,95,97,97,99,99,99,99,99,99,99,99,99],"relic_stats":{"Singing Bowl":34,"counters":[30,139],"Juzu Bracelet":1,"Whetstone":["Shade:Tombstone","Shade:AncientSpear"],"War Paint":["Shade:Defend_Shade","Shade:CallWraith"],"Orichalcum":[18],"Question Card":25,"OrangePellets":[2],"Mummified Hand":[95],"Ornamental Fan":[8],"Pantograph":58,"Bronze Scales":[138],"Snecko Eye":[226,215,214,237],"obtain_stats":[{"Potion Belt":13,"Girya":41,"Singing Bowl":6,"Shade:YorickSkull":0,"Oddly Smooth Stone":8,"Vajra":54,"The Courier":26,"Juzu Bracelet":23,"Whetstone":25,"War Paint":31,"Orichalcum":37,"Question Card":9,"Empty Cage":17,"Elementarium:GoldenMirage":38,"Runic Dome":34,"OrangePellets":53,"HornCleat":37,"Elementarium:ElementariumTrophy":33,"Mummified Hand":11,"Ornamental Fan":46,"Pantograph":20,"Bronze Scales":48,"Snecko Eye":0,"Toy Ornithopter":20},{"Potion Belt":7,"Girya":22,"Singing Bowl":4,"Shade:YorickSkull":0,"Oddly Smooth Stone":5,"Vajra":29,"The Courier":15,"Juzu Bracelet":14,"Whetstone":15,"War Paint":18,"Orichalcum":21,"Question Card":5,"Empty Cage":9,"Elementarium:GoldenMirage":21,"Runic Dome":19,"OrangePellets":28,"HornCleat":21,"Elementarium:ElementariumTrophy":19,"Mummified Hand":6,"Ornamental Fan":25,"Pantograph":11,"Bronze Scales":27,"Snecko Eye":0,"Toy Ornithopter":11},{"Potion Belt":24,"Girya":92,"Singing Bowl":15,"Shade:YorickSkull":0,"Oddly Smooth Stone":19,"Vajra":133,"The Courier":59,"Juzu Bracelet":53,"Whetstone":59,"War Paint":69,"Orichalcum":83,"Question Card":19,"Empty Cage":36,"Elementarium:GoldenMirage":83,"Runic Dome":77,"OrangePellets":126,"HornCleat":83,"Elementarium:ElementariumTrophy":77,"Mummified Hand":21,"Ornamental Fan":107,"Pantograph":41,"Bronze Scales":117,"Snecko Eye":0,"Toy Ornithopter":41}],"Toy Ornithopter":30},"card_choices":[{"not_picked":["Shade:Carnophage","Shade:AncientSpear"],"picked":"Shade:CallWraith","floor":1},{"not_picked":["Shade:AblativeArmor","Shade:BoneShards"],"picked":"Shade:PotionOfRestlessness","floor":2},{"not_picked":["Shade:Frenzy","Shade:SensePrey"],"picked":"Shade:PoundOfFlesh","floor":5},{"not_picked":["Shade:AblativeArmor","Shade:FuneraryArmor","Shade:Excise"],"picked":"Singing Bowl","floor":6},{"not_picked":["Shade:Premonition","Shade:GreyBargain"],"picked":"Shade:PoundOfFlesh","floor":8},{"not_picked":["Shade:Trample","Shade:Bite_Shade","Shade:FuneraryArmor","Shade:AblativeArmor"],"picked":"Singing Bowl","floor":11},{"not_picked":["Shade:SkeletonHug","Shade:CoffinDance","Shade:LyeBath"],"picked":"Shade:AncientSpear","floor":13},{"not_picked":["Shade:CommandSoldier","Shade:ExtraLimbs","Shade:GraveStillness","Shade:Doomsay"],"picked":"Singing Bowl","floor":14},{"not_picked":["Shade:MadHubris","Shade:LastGasp","Shade:UnbarTheGrave"],"picked":"Shade:Putrefaction","floor":16},{"not_picked":["Shade:Carnophage","Shade:SkeletonHug+1","Shade:SpontaneousRitual+1"],"picked":"Shade:WallOfFlesh+1","floor":18},{"not_picked":["Shade:WallOfFlesh","Shade:Premonition+1","Shade:FingerOfDeath","Shade:FuneraryArmor"],"picked":"Singing Bowl","floor":19},{"not_picked":["Shade:Haruspicy","Shade:GreyBargain","Shade:SkeletonHug+1"],"picked":"Shade:Tombstone","floor":21},{"not_picked":["Shade:Bonestorm","Shade:GraveStillness","Shade:CommandSoldier","Shade:CallWraith"],"picked":"Singing Bowl","floor":22},{"not_picked":["Shade:CallOfTheGrave","Shade:Awaken+1","Shade:SpectralStrikes+1","Shade:Carnophage"],"picked":"Singing Bowl","floor":23},{"not_picked":["Shade:Frenzy","Shade:FingerOfDeath","Shade:AuraOfUnlife","Shade:Premonition"],"picked":"Singing Bowl","floor":25},{"not_picked":["Shade:SkeletonHug+1","Shade:GreyBargain+1","Shade:CommandSoldier+1","Shade:RitualOffering+1"],"picked":"Singing Bowl","floor":27},{"not_picked":["Sadistic Nature","Secret Weapon","Panache"],"picked":"HandOfGreed","floor":28},{"not_picked":["Madness","Flash of Steel","Impatience","PanicButton"],"picked":"Singing Bowl","floor":28},{"not_picked":["Shade:CallOfTheGrave","Shade:Trample","Shade:ClawBack","Shade:GraveStillness"],"picked":"Singing Bowl","floor":30},{"not_picked":["Shade:LyeBath","Shade:FuneraryArmor","Shade:Frenzy","Shade:GreyBargain"],"picked":"Singing Bowl","floor":31},{"not_picked":["Shade:Consume","Shade:Coordination","Shade:GreaterAnimation"],"picked":"Shade:Putrefaction","floor":33},{"not_picked":["Shade:LyeBath+1","Shade:GreyBargain+1","Shade:FingerOfDeath","Shade:ClawBack"],"picked":"Singing Bowl","floor":35},{"not_picked":["Shade:CommandSoldier+1","Shade:PotionOfRestlessness+1","Shade:SkeletonHug","Shade:FreshBones+1"],"picked":"Singing Bowl","floor":36},{"not_picked":["Shade:ExtraLimbs","Shade:OpenGraves+1","Shade:FleshToFlesh+1","Shade:GreyBargain"],"picked":"Singing Bowl","floor":41},{"not_picked":["Shade:GraveStillness+1","Shade:SanguineRitual","Shade:Frenzy","Shade:BoneShards"],"picked":"Singing Bowl","floor":44},{"not_picked":["Shade:ScuttlingHand+1","Shade:LyeBath","Shade:Brains+1"],"picked":"Shade:SkeletonArmy","floor":45},{"not_picked":["Shade:CommandSoldier+1","Shade:BoneShards","Shade:AblativeArmor","Shade:RavenousHorde"],"picked":"Singing Bowl","floor":46},{"not_picked":["Shade:Frenzy","Shade:GreyBargain+1","Shade:Excise"],"picked":"Shade:WallOfFlesh+1","floor":47},{"not_picked":["Shade:Patience+1","Shade:Coordination","Shade:ScuttlingHand+1","Shade:Brains"],"picked":"Singing Bowl","floor":48},{"not_picked":["Shade:CommandSoldier+1","Shade:Trample","Shade:OfferingToTheBeyond"],"picked":"Shade:WallOfFlesh+1","floor":54}],"player_experience":1100709,"relics_obtained":[{"floor":6,"key":"Singing Bowl"},{"floor":8,"key":"Oddly Smooth Stone"},{"floor":9,"key":"Question Card"},{"floor":11,"key":"Mummified Hand"},{"floor":13,"key":"Potion Belt"},{"floor":23,"key":"Juzu Bracelet"},{"floor":25,"key":"Whetstone"},{"floor":26,"key":"The Courier"},{"floor":31,"key":"War Paint"},{"floor":41,"key":"Girya"},{"floor":46,"key":"Ornamental Fan"},{"floor":48,"key":"Bronze Scales"},{"floor":54,"key":"Vajra"}],"event_choices":[{"damage_healed":0,"gold_gain":0,"player_choice":"Grow","damage_taken":0,"max_hp_gain":0,"max_hp_loss":0,"event_name":"Living Wall","floor":3,"gold_loss":0,"cards_upgraded":["Shade:AnimateDead"]},{"damage_healed":0,"gold_gain":0,"player_choice":"Entered Light","damage_taken":13,"max_hp_gain":0,"max_hp_loss":0,"event_name":"Shining Light","floor":4,"gold_loss":0,"cards_upgraded":["Shade:Defend_Shade","Shade:Defend_Shade"]},{"damage_healed":0,"gold_gain":100,"player_choice":"Pray","damage_taken":0,"max_hp_gain":0,"max_hp_loss":0,"event_name":"Golden Shrine","floor":10,"gold_loss":0},{"damage_healed":0,"gold_gain":0,"player_choice":"Machinery","damage_taken":0,"max_hp_gain":0,"max_hp_loss":0,"event_name":"Elementarium:IncubationChamber","floor":28,"gold_loss":0},{"damage_healed":0,"gold_gain":0,"player_choice":"Offer","damage_taken":0,"relics_obtained":["Elementarium:GoldenMirage"],"max_hp_gain":0,"max_hp_loss":0,"event_name":"Elementarium:ChestOfTheGoldenMirage","floor":38,"gold_loss":14},{"cards_removed":["Shade:Putrefaction"],"damage_healed":0,"gold_gain":0,"player_choice":"Removed Power","damage_taken":0,"max_hp_gain":0,"max_hp_loss":0,"event_name":"Falling","floor":39,"gold_loss":0}],"is_beta":false,"boss_relics":[{"not_picked":["Pandora\u0027s Box","jesterMod:MachoBrace"],"picked":"Empty Cage"},{"not_picked":["Black Star","SlaversCollar"],"picked":"Runic Dome"}],"items_purged_floors":[20,37,53],"is_endless":false,"potions_floor_spawned":[1,2,8,14,18,19,25,27,30,36,45,46,48],"killed_by":"The Heart","ascension_level":11}}