{"host":"lnt5dzsuhru0aonl","time":1611740634,"event":{"mods":["2.2 Compatiblity","BaseMod","Colored Map","Colored Powertips","DeckTracker","Keyboard Shortcuts","Minty Spire (QoL Compilation)","Permanent Neow","Rare Cards Sparkle","StSLib","SuperFastMode","everything is the same but u backflip on backflip"],"gold_per_floor":[116,116,116,116,133,133,58,75,75,47,47,57,88,106,106,184,184,198,211,228,246,264,264,264,53,53,3,3,3,48,76,76,149,149,168,76,76,89,114,114,129,146,169,186,218,236,268,282,282,282,282],"floor_reached":50,"language":"KOR","playtime":2232,"items_purged":["Defend_B","Defend_B","Defend_B"],"score":1173,"play_id":"bbc2106e-3093-4d23-9a7c-1578363ba33d","local_time":"20210127184354","is_ascension_mode":true,"campfire_choices":[{"data":"Zap","floor":6.0,"key":"SMITH"},{"data":"Streamline","floor":11.0,"key":"SMITH"},{"data":"Dualcast","floor":15.0,"key":"SMITH"},{"floor":23.0,"key":"REST"},{"floor":29.0,"key":"REST"},{"data":"Buffer","floor":32.0,"key":"SMITH"},{"data":"Chaos","floor":40,"key":"SMITH"},{"data":"Seek","floor":49,"key":"SMITH"}],"circlet_count":0,"master_deck":["AscendersBane","Defend_B","Zap+1","Dualcast+1","Streamline+1","Cold Snap","Sweeping Beam","Compile Driver+1","Glacier","Seek+1","Ball Lightning+1","Buffer+1","Chaos+1","Steam","Rebound+1","Lockon+1","Machine Learning","Cold Snap+1","Hologram","Creative AI+1","Compile Driver+1","Blizzard+1","Defragment+1","Hologram+1","Conserve Battery","Sunder+1","Heatsinks+1","Stack"],"relics":["Cracked Core","CaptainsWheel","Blue Candle","Molten Egg 2","Smiling Mask","Busted Crown","ClockworkSouvenir","Meat on the Bone","Happy Flower","Frozen Egg 2","Sozu","Mango","Strawberry","Incense Burner","Toy Ornithopter"],"acts_visited":["Exordium","TheCity","TheBeyond"],"potions_floor_usage":[],"damage_taken":[{"damage":15.0,"enemies":"Small Slimes","floor":1.0,"turns":5.0},{"damage":1.0,"enemies":"2 Louse","floor":5.0,"turns":2.0},{"damage":5.0,"enemies":"Jaw Worm","floor":8.0,"turns":3.0},{"damage":4.0,"enemies":"Exordium Thugs","floor":12.0,"turns":3.0},{"damage":15.0,"enemies":"Gremlin Nob","floor":13.0,"turns":5.0},{"damage":7.0,"enemies":"Red Slaver","floor":14.0,"turns":2.0},{"damage":8.0,"enemies":"The Guardian","floor":16.0,"turns":8.0},{"damage":0.0,"enemies":"Spheric Guardian","floor":18.0,"turns":3.0},{"damage":16.0,"enemies":"Shell Parasite","floor":19.0,"turns":4.0},{"damage":30.0,"enemies":"Snake Plant","floor":20.0,"turns":4.0},{"damage":0.0,"enemies":"Snecko","floor":21.0,"turns":5.0},{"damage":0.0,"enemies":"Centurion and Healer","floor":22.0,"turns":6.0},{"damage":0.0,"enemies":"Book of Stabbing","floor":31.0,"turns":4.0},{"damage":38,"enemies":"Automaton","floor":33,"turns":11},{"damage":0,"enemies":"3 Shapes","floor":35,"turns":5},{"damage":0,"enemies":"Orb Walker","floor":38,"turns":4},{"damage":0,"enemies":"Mind Bloom Boss Battle","floor":39,"turns":3},{"damage":0,"enemies":"Spire Growth","floor":41,"turns":4},{"damage":0,"enemies":"Maw","floor":42,"turns":6},{"damage":0,"enemies":"3 Darklings","floor":44,"turns":5},{"damage":25,"enemies":"Reptomancer","floor":45,"turns":6},{"damage":0,"enemies":"Sphere and 2 Shapes","floor":46,"turns":5},{"damage":0,"enemies":"Giant Head","floor":47,"turns":8},{"damage":0,"enemies":"Maw","floor":48,"turns":6},{"damage":55,"enemies":"Time Eater","floor":50,"turns":9}],"seed_played":"1204395098858100878","potions_obtained":[{"floor":5.0,"key":"CultistPotion"},{"floor":14.0,"key":"DuplicationPotion"},{"floor":16.0,"key":"AttackPotion"},{"floor":19.0,"key":"LiquidBronze"},{"floor":21.0,"key":"Swift Potion"},{"floor":22.0,"key":"PowerPotion"}],"is_trial":false,"path_per_floor":["M","?","?","?","M","R","?","M","T","$","R","M","E","M","R","B",null,"M","M","M","M","M","R","?","$","T","$","?","R","T","E","R","B",null,"M","$","?","M","?","R","M","M","T","M","E","M","E","M","R","B"],"character_chosen":"DEFECT","items_purchased":["Compile Driver+1","ClockworkSouvenir","Blizzard+1"],"campfire_rested":2,"item_purchase_floors":[10,25,36],"current_hp_per_floor":[49,44,64,57,56,56,56,51,51,51,51,47,32,25,25,17,52,52,36,6,6,6,25,25,25,25,25,8,28,28,40,40,14,55,55,55,55,55,69,69,69,69,76,76,51,51,51,51,51,0,0],"gold":282,"neow_bonus":"ONE_RARE_RELIC","is_daily":false,"chose_seed":false,"campfire_upgraded":6,"win_rate":0.0,"timestamp":1611740634,"path_taken":["M","?","?","?","M","R","?","M","T","?","R","M","E","M","R","BOSS","M","M","M","M","M","R","?","$","T","$","?","R","?","E","R","BOSS","M","$","?","?","?","R","M","M","T","M","E","M","E","M","R","BOSS"],"items_purchased_type":["Card","Relic","Card"],"build_version":"2020-12-22","purchased_purges":3,"victory":false,"max_hp_per_floor":[64,64,64,64,64,64,64,64,64,64,64,64,64,64,64,64,64,64,64,64,64,64,64,64,64,64,64,69,69,69,69,69,69,69,69,69,69,69,83,83,83,83,90,90,90,90,90,90,90,90,90],"card_choices":[{"not_picked":["Stack","Beam Cell"],"picked":"Streamline","floor":1.0},{"not_picked":["Hologram","Capacitor"],"picked":"Cold Snap","floor":5.0},{"not_picked":["Beam Cell","Steam"],"picked":"Sweeping Beam","floor":8.0},{"not_picked":["Rip and Tear+1","Redo"],"picked":"Glacier","floor":12.0},{"not_picked":["Leap","Coolheaded"],"picked":"Seek","floor":13.0},{"not_picked":["Heatsinks","BootSequence"],"picked":"Ball Lightning+1","floor":14.0},{"not_picked":["Electrodynamics","Amplify"],"picked":"Buffer","floor":16.0},{"not_picked":[],"picked":"Chaos","floor":18.0},{"not_picked":[],"picked":"Steam","floor":19.0},{"not_picked":["Hello World"],"picked":"SKIP","floor":20.0},{"not_picked":[],"picked":"Rebound+1","floor":21.0},{"not_picked":[],"picked":"Lockon+1","floor":22.0},{"not_picked":[],"picked":"Hologram","floor":31.0},{"not_picked":[],"picked":"Creative AI+1","floor":33},{"not_picked":[],"picked":"Compile Driver+1","floor":35},{"not_picked":[],"picked":"Defragment+1","floor":38},{"not_picked":[],"picked":"Hologram+1","floor":39},{"not_picked":[],"picked":"Conserve Battery","floor":41},{"not_picked":[],"picked":"Sunder+1","floor":42},{"not_picked":["Cold Snap+1"],"picked":"SKIP","floor":44},{"not_picked":[],"picked":"Heatsinks+1","floor":45},{"not_picked":["Rebound+1"],"picked":"SKIP","floor":46},{"not_picked":["Gash+1"],"picked":"SKIP","floor":47},{"not_picked":[],"picked":"Stack","floor":48}],"player_experience":772667,"relics_obtained":[{"floor":9.0,"key":"Molten Egg 2"},{"floor":13.0,"key":"Smiling Mask"},{"floor":26.0,"key":"Meat on the Bone"},{"floor":30.0,"key":"Happy Flower"},{"floor":31.0,"key":"Frozen Egg 2"},{"floor":39,"key":"Mango"},{"floor":43,"key":"Strawberry"},{"floor":45,"key":"Incense Burner"},{"floor":47,"key":"Toy Ornithopter"}],"event_choices":[{"damage_healed":0.0,"max_hp_gain":0.0,"max_hp_loss":0.0,"gold_gain":0.0,"event_name":"Scrap Ooze","player_choice":"Success","floor":2.0,"gold_loss":0.0,"damage_taken":5.0,"relics_obtained":["Blue Candle"]},{"damage_healed":21.0,"max_hp_gain":0.0,"max_hp_loss":0.0,"gold_gain":0.0,"event_name":"Big Fish","player_choice":"Banana","floor":3.0,"gold_loss":0.0,"damage_taken":0.0},{"cards_removed":["Strike_B"],"damage_healed":0.0,"max_hp_gain":0.0,"max_hp_loss":0.0,"gold_gain":0.0,"event_name":"Golden Wing","player_choice":"Card Removal","floor":4.0,"gold_loss":0.0,"damage_taken":7.0},{"cards_removed":["Strike_B"],"damage_healed":0.0,"max_hp_gain":0.0,"max_hp_loss":0.0,"gold_gain":0.0,"event_name":"The Cleric","player_choice":"Card Removal","floor":7.0,"gold_loss":75.0,"damage_taken":0.0},{"damage_healed":0.0,"max_hp_gain":0.0,"max_hp_loss":0.0,"gold_gain":0.0,"cards_transformed":["Strike_B","Strike_B"],"event_name":"Drug Dealer","player_choice":"Became Test Subject","floor":24.0,"gold_loss":0.0,"damage_taken":0.0,"cards_obtained":["Machine Learning","Cold Snap"]},{"damage_healed":0.0,"max_hp_gain":5.0,"max_hp_loss":0.0,"gold_gain":0.0,"event_name":"Forgotten Altar","player_choice":"Shed Blood","floor":28.0,"gold_loss":0.0,"damage_taken":22.0},{"damage_healed":0,"gold_gain":0,"player_choice":"Got Potions","damage_taken":0,"max_hp_gain":0,"max_hp_loss":0,"event_name":"Lab","floor":37,"gold_loss":0},{"damage_healed":0,"gold_gain":0,"player_choice":"Fight","damage_taken":0,"max_hp_gain":0,"max_hp_loss":0,"event_name":"MindBloom","floor":39,"gold_loss":0}],"is_beta":false,"boss_relics":[{"not_picked":["Runic Dome","Snecko Eye"],"picked":"Busted Crown"},{"not_picked":["Nuclear Battery","Empty Cage"],"picked":"Sozu"}],"items_purged_floors":[25,27,36],"is_endless":false,"potions_floor_spawned":[5,14,16,19,21,22,35,38,41,46],"killed_by":"Time Eater","ascension_level":20}}