{"host":"o6j8h35axmoodbwy","time":1611756608,"event":{"mods":["2.2 Compatiblity","Act Like it!","BaseMod","Colored Map","Colored Powertips","Gensokyo","MarisaÅiñ∂âJÅ@ñÇóùçπÅj","Minty Spire (QoL Compilation)","Prisma Mod","Quick Restart","Shop Mod","StSLib","SuperFastMode","Td1madao Mod"],"gold_per_floor":[113,38,51,51,71,103,103,103,103],"floor_reached":8,"language":"JPN","playtime":396,"items_purged":["Strike_R"],"score":95,"play_id":"b02a23d7-01f5-484f-a535-819d332de39b","local_time":"20210127231008","is_ascension_mode":true,"campfire_choices":[{"data":"Entrench","floor":7,"key":"SMITH"}],"circlet_count":0,"master_deck":["AscendersBane","Strike_R","Defend_R","Defend_R","Defend_R","Defend_R","Bash","Headbutt","Feel No Pain","Entrench+1","Whirlwind"],"relics":["Burning Blood","StrikeDummy"],"acts_visited":["Exordium"],"potions_floor_usage":[6],"damage_taken":[{"damage":5,"enemies":"2 Louse","floor":1,"turns":3},{"damage":1,"enemies":"Cultist","floor":3,"turns":3},{"damage":11,"enemies":"Jaw Worm","floor":5,"turns":6},{"damage":15,"enemies":"3 Sentries","floor":6,"turns":17},{"damage":50,"enemies":"Lagavulin","floor":8,"turns":7}],"seed_played":"-9079561936853826743","potions_obtained":[{"floor":5,"key":"SpeedPotion"},{"floor":6,"key":"ElixirPotion"}],"is_trial":false,"path_per_floor":["M","$","M","?","M","E","R","E"],"character_chosen":"IRONCLAD","items_purchased":[],"campfire_rested":0,"item_purchase_floors":[],"current_hp_per_floor":[51,51,56,56,51,42,42,0,0],"gold":103,"neow_bonus":"REMOVE_TWO","is_daily":false,"chose_seed":false,"campfire_upgraded":1,"win_rate":0.0,"timestamp":1611756608,"path_taken":["M","$","M","?","M","E","R","E"],"items_purchased_type":[],"build_version":"2020-12-22","purchased_purges":1,"victory":false,"max_hp_per_floor":[75,75,75,75,75,75,75,75,75],"card_choices":[{"not_picked":["Iron Wave","Dual Wield"],"picked":"Headbutt","floor":1},{"not_picked":["Perfected Strike","Armaments"],"picked":"Feel No Pain","floor":3},{"not_picked":["Clash","Havoc"],"picked":"Entrench","floor":5},{"not_picked":["Warcry","Heavy Blade"],"picked":"Whirlwind","floor":6}],"player_experience":597683,"relics_obtained":[{"floor":6,"key":"StrikeDummy"}],"event_choices":[{"cards_removed":["Strike_R"],"damage_healed":0,"gold_gain":0,"player_choice":"Offered Basic","damage_taken":0,"max_hp_gain":0,"max_hp_loss":0,"event_name":"Bonfire Elementals","floor":4,"gold_loss":0}],"is_beta":false,"boss_relics":[],"items_purged_floors":[2],"is_endless":false,"potions_floor_spawned":[5,6],"killed_by":"Lagavulin","ascension_level":14}}