{"host":"bx8ylsmj2ob6hd5u","time":1611765393,"event":{"mods":["AchievementEnabler","Act Like it!","Aspiration","BaseMod","Colored Map","Colored Powertips","Decade(???)","Downfall","Duelist Mod","Friendly Minions","Gensokyo","GifTheSpireLib","Hallownest","Hermit","Highlight Path","HololiveMod","Hubris","Infinite Spire","Jorbs\u0027s Wanderer Trilogy","KinomotoSakuraMod(????)","Kiyohime????","Koishi","KomeijiMod","Lobotomy","LobotomyExtend","Marisa????????","Minty Spire (QoL Compilation)","Prisma Mod","Rare Cards Sparkle","Reimu??????","Remilia??????","Replay The Spire","Shop Mod","StSLib","SuperFastMode","Td1madao Mod","The Administrix","The Animator","The Bug Knight","The Construct","The Cursed","The Disciple","The Hierophant","The Jungle","The Necromancer","The Poker Player","The Runesmith","The Senshi","The Servant 0.9.4","WarShipGirlsR/????R mod"],"gold_per_floor":[110,124,136,152,152,152,77,77,128,147,147,7,7,7,7,102,102,117,327,327,341,91,91,91,91],"floor_reached":24,"language":"ENG","playtime":1640,"items_purged":["Parasite"],"score":336,"play_id":"e605fa6e-832c-48ca-92e3-ded3153b4bce","local_time":"20210127183633","is_ascension_mode":false,"campfire_choices":[{"floor":6,"key":"REST"},{"data":"Eruption","floor":8,"key":"SMITH"},{"data":"Vault","floor":11,"key":"SMITH"},{"data":"ClearTheMind","floor":15,"key":"SMITH"},{"data":"GremboGang","floor":23,"key":"SMITH"}],"circlet_count":0,"master_deck":["Strike_P","Strike_P","Strike_P","Strike_P","Defend_P","Defend_P","Defend_P","Defend_P","Eruption+1","Vigilance","SpiderBud","Replay:Anticipation","WhitesApple","Pray","CrumblingArmor","LittleHelper","Evaluate","Vault+1","Parasite","BeautyBeast","ClearTheMind+1","Gensokyo:LockedMedkit","Parasite","BigBadWolf","Brilliance","Parasite","OldLady","Consecrate+1","Parasite","UniverseFragment","Consecrate+1","Parasite","BlueStar","Vengeance","GremboGang+1"],"relics":["PureWater","CogitoBucket","LetterFromLob","hubris:ToyBattleship","Gensokyo:YoukaiFlower","aspiration:RitualDagger","Simple Rune","Theresia","aspiration:RitualStick"],"acts_visited":["Exordium","TheCity"],"potions_floor_usage":[16,16],"damage_taken":[{"damage":6,"enemies":"Gensokyo:Gryphon","floor":1,"turns":5},{"damage":2,"enemies":"Gensokyo:2_Kodama","floor":2,"turns":6},{"damage":0,"enemies":"Gensokyo:Python","floor":3,"turns":4},{"damage":31,"enemies":"Gensokyo:Kitsune","floor":4,"turns":5},{"damage":0,"enemies":"Gensokyo:LivingMonolith","floor":10,"turns":5},{"damage":30,"enemies":"Gensokyo:Kokoro","floor":16,"turns":11},{"damage":36,"enemies":"2 Thieves","floor":18,"turns":5},{"damage":33,"enemies":"Spheric Guardian","floor":19,"turns":5},{"damage":14,"enemies":"Snake Plant","floor":21,"turns":4}],"seed_played":"1630943773487169652","potions_obtained":[{"floor":2,"key":"Adrenaline Potion"},{"floor":3,"key":"FairyPotion"},{"floor":10,"key":"StancePotion"},{"floor":19,"key":"BottledMiracle"},{"floor":21,"key":"sneckomod:MuddlingPotion"}],"is_trial":false,"path_per_floor":["M","M","M","M","?","R","$","R","T","M","R","COS","$","?","R","B",null,"M","M","?","M","?","R","M"],"character_chosen":"WATCHER","items_purchased":[],"campfire_rested":1,"item_purchase_floors":[],"current_hp_per_floor":[66,64,64,33,33,54,54,54,54,54,54,54,54,54,54,24,69,33,20,6,69,69,69,0,0],"gold":91,"neow_bonus":"","is_daily":false,"chose_seed":false,"campfire_upgraded":4,"win_rate":0.0,"timestamp":1611765393,"path_taken":["M","M","M","M","?","R","$","R","T","M","R","COS","?","?","R","BOSS","M","M","?","M","?","R","M"],"items_purchased_type":[],"build_version":"2020-12-22","purchased_purges":1,"victory":false,"max_hp_per_floor":[72,72,72,72,72,72,69,69,69,69,69,69,69,69,69,69,69,69,69,69,69,69,69,69,69],"card_choices":[{"not_picked":["WallGazer","VoidDream"],"picked":"SpiderBud","floor":1},{"not_picked":["Vengeance","SashWhip"],"picked":"Replay:Anticipation","floor":1},{"not_picked":["ShyLook","CrumblingArmor"],"picked":"WhitesApple","floor":2},{"not_picked":["Replay:AtTheReady","FlyingSleeves"],"picked":"Pray","floor":2},{"not_picked":["WallGazer","BeautyBeast"],"picked":"CrumblingArmor","floor":3},{"not_picked":["PathToVictory","Replay:AtTheReady"],"picked":"SignatureMove","floor":3},{"not_picked":["BigBadWolf","WallGazer"],"picked":"LittleHelper","floor":4},{"not_picked":["Protect","ThirdEye"],"picked":"Evaluate","floor":4},{"not_picked":[],"picked":"Vault","floor":5},{"not_picked":["FairyFestival","Scorched"],"picked":"BeautyBeast","floor":10},{"not_picked":["EmptyBody","CutThroughFate"],"picked":"ClearTheMind","floor":10},{"not_picked":["Bloodbath","Laetitia"],"picked":"BigBadWolf","floor":16},{"not_picked":["Establishment","Replay:AllIn"],"picked":"Brilliance","floor":16},{"not_picked":["OSAHOGD","Laetitia"],"picked":"OldLady","floor":18},{"not_picked":["EmptyFist","Fasting2"],"picked":"Consecrate+1","floor":18},{"not_picked":["CherryBlossoms","PunishingBird"],"picked":"UniverseFragment","floor":19},{"not_picked":["WheelKick","Protect"],"picked":"Consecrate+1","floor":19},{"not_picked":["CENSORED","Woodsman"],"picked":"BlueStar","floor":21},{"not_picked":["BowlingBash","Protect"],"picked":"Vengeance","floor":21}],"player_experience":1486543,"relics_obtained":[{"floor":1,"key":"LetterFromLob"},{"floor":9,"key":"hubris:ToyBattleship"}],"event_choices":[],"is_beta":false,"boss_relics":[{"not_picked":["hubris:Backtick","Kintsugi"],"picked":"aspiration:RitualDagger"}],"items_purged_floors":[7],"is_endless":false,"potions_floor_spawned":[2,3,10,19,21],"ascension_level":0}}