{"host":"8uihyzx2cncbsjod","time":1611770257,"event":{"mods":["BaseMod","Custom Start","Downfall","Hermit","Minty Spire (QoL Compilation)","StSLib","egg"],"gold_per_floor":[119,119,135,310,326,361,361,391,414,432,432,444,460,460,460,560,560,572,582,56,74,104,104,104,130,183,183,199,199,212,52,52,52,52],"floor_reached":33,"language":"ENG","playtime":1826,"items_purged":["hermit:Defend_Hermit"],"score":277,"play_id":"a950a097-46eb-4751-8ef2-04e7d5d63fd7","local_time":"20210127125737","is_ascension_mode":false,"campfire_choices":[{"data":"hermit:Vantage","floor":7,"key":"SMITH"},{"floor":11,"key":"REST"},{"floor":15,"key":"REST"},{"data":"hermit:Maintenance","floor":23,"key":"SMITH"},{"floor":27,"key":"REST"},{"data":"hermit:BlackWind","floor":29,"key":"SMITH"},{"floor":32,"key":"REST"}],"circlet_count":0,"master_deck":["hermit:Strike_Hermit","hermit:Strike_Hermit","hermit:Strike_Hermit+1","hermit:Strike_Hermit","hermit:Defend_Hermit","hermit:Defend_Hermit","hermit:Defend_Hermit","hermit:Snapshot+1","hermit:Covet+1","hermit:Quickdraw+1","hermit:ShadowCloak","Doubt","hermit:BigShot","hermit:Vantage+1","hermit:Enervate","hermit:Vantage","hermit:Showdown","hermit:Maintenance+1","hermit:Dissolve","hermit:Malice+1","hermit:Determination","hermit:BlackWind+1","hermit:FromBeyond"],"relics":["hermit:Momento","Whetstone","Potion Belt","Orichalcum","Akabeko","Bronze Scales","SlaversCollar","Thread and Needle","OrangePellets","Red Mask","GremlinMask","Art of War","Centennial Puzzle"],"acts_visited":["Exordium","TheCity"],"potions_floor_usage":[6,8,22,25,28],"damage_taken":[{"damage":5,"enemies":"Small Slimes","floor":1,"turns":3},{"damage":3,"enemies":"Jaw Worm","floor":3,"turns":2},{"damage":0,"enemies":"Cultist","floor":5,"turns":4},{"damage":12,"enemies":"3 Sentries","floor":6,"turns":10},{"damage":34,"enemies":"Lagavulin","floor":8,"turns":11},{"damage":3,"enemies":"Exordium Wildlife","floor":10,"turns":4},{"damage":0,"enemies":"Looter","floor":12,"turns":3},{"damage":11,"enemies":"Exordium Thugs","floor":13,"turns":6},{"damage":14,"enemies":"Hexaghost","floor":16,"turns":9},{"damage":13,"enemies":"Shell Parasite","floor":18,"turns":5},{"damage":10,"enemies":"3 Byrds","floor":19,"turns":4},{"damage":0,"enemies":"Snecko","floor":21,"turns":7},{"damage":14,"enemies":"Masked Bandits","floor":22,"turns":5},{"damage":30,"enemies":"Slavers","floor":25,"turns":6},{"damage":5,"enemies":"Cultist and Chosen","floor":28,"turns":6},{"damage":6,"enemies":"Centurion and Healer","floor":30,"turns":5},{"damage":49,"enemies":"Collector","floor":33,"turns":9}],"seed_played":"-6072183083994654902","potions_obtained":[{"floor":1,"key":"FearPotion"},{"floor":3,"key":"DistilledChaos"},{"floor":12,"key":"Weak Potion"},{"floor":19,"key":"GamblersBrew"},{"floor":21,"key":"Dexterity Potion"},{"floor":25,"key":"hermit:Eclipse"}],"is_trial":false,"path_per_floor":["M","?","M","?","M","E","R","E","T","M","R","M","M","?","R","B",null,"M","M","$","M","?","R","?","E","T","R","M","R","M","$","R","B"],"character_chosen":"HERMIT","items_purchased":["Thread and Needle","OrangePellets","hermit:FromBeyond"],"campfire_rested":4,"item_purchase_floors":[20,20,31],"current_hp_per_floor":[70,55,52,52,52,40,40,6,6,3,25,25,14,14,36,22,75,62,52,52,52,38,38,38,8,8,30,25,25,19,19,41,0,0],"gold":52,"neow_bonus":"RANDOM_COMMON_RELIC","is_daily":false,"chose_seed":false,"campfire_upgraded":3,"win_rate":0.0,"timestamp":1611770257,"path_taken":["M","?","M","?","M","E","R","E","T","M","R","M","M","?","R","BOSS","M","?","$","M","?","R","?","E","T","R","?","R","M","$","R","BOSS"],"items_purchased_type":["Relic","Relic","Card"],"build_version":"2020-12-22","purchased_purges":1,"victory":false,"max_hp_per_floor":[75,75,75,75,75,75,75,75,75,75,75,75,75,75,75,75,75,75,75,75,75,75,75,75,75,75,75,75,75,75,75,75,75,75],"card_choices":[{"not_picked":["hermit:LoneWolf","hermit:LuckOfTheDraw"],"picked":"hermit:Quickdraw","floor":1},{"not_picked":["hermit:Manifest","hermit:Misfire"],"picked":"hermit:ShadowCloak","floor":3},{"not_picked":["hermit:Coalescence","hermit:ShadowCloak"],"picked":"hermit:BigShot","floor":5},{"not_picked":["hermit:Virtue","hermit:Dive"],"picked":"hermit:Vantage","floor":6},{"not_picked":["hermit:Shortfuse","hermit:ItchyTrigger"],"picked":"hermit:Enervate","floor":8},{"not_picked":["hermit:LuckOfTheDraw","hermit:Shortfuse"],"picked":"hermit:Vantage","floor":10},{"not_picked":["hermit:LowProfile","hermit:Misfire"],"picked":"hermit:Showdown","floor":12},{"not_picked":["hermit:Coalescence","hermit:SprayPray"],"picked":"hermit:Maintenance","floor":13},{"not_picked":["hermit:OverwhelmingPower","hermit:Roughhouse"],"picked":"hermit:Dissolve","floor":16},{"not_picked":["hermit:Headshot+1","hermit:LuckOfTheDraw+1","hermit:WideOpen"],"picked":"SKIP","floor":18},{"not_picked":["hermit:Glare","hermit:Roulette","hermit:HoleUp"],"picked":"SKIP","floor":19},{"not_picked":["hermit:WideOpen","hermit:LuckOfTheDraw"],"picked":"hermit:Malice+1","floor":21},{"not_picked":["hermit:WideOpen+1","hermit:FullyLoaded"],"picked":"hermit:Determination","floor":22},{"not_picked":["hermit:Feint","hermit:Shortfuse"],"picked":"hermit:BlackWind","floor":25},{"not_picked":["hermit:Desperado","hermit:ItchyTrigger","hermit:WideOpen+1"],"picked":"SKIP","floor":28},{"not_picked":["hermit:Manifest","hermit:ItchyTrigger","hermit:Brawl+1"],"picked":"SKIP","floor":30}],"player_experience":620746,"relics_obtained":[{"floor":6,"key":"Potion Belt"},{"floor":8,"key":"Orichalcum"},{"floor":9,"key":"Akabeko"},{"floor":22,"key":"Red Mask"},{"floor":25,"key":"Art of War"},{"floor":26,"key":"Centennial Puzzle"}],"event_choices":[{"damage_healed":0,"gold_gain":0,"player_choice":"Entered Light","damage_taken":15,"max_hp_gain":0,"max_hp_loss":0,"event_name":"Shining Light","floor":2,"gold_loss":0,"cards_upgraded":["hermit:Quickdraw","hermit:Covet"]},{"damage_healed":0,"gold_gain":175,"player_choice":"AGREE","damage_taken":0,"max_hp_gain":0,"max_hp_loss":0,"event_name":"Liars Game","floor":4,"gold_loss":0,"cards_obtained":["Doubt"]},{"damage_healed":0,"gold_gain":0,"player_choice":"Gave Potion","damage_taken":0,"relics_obtained":["Bronze Scales"],"max_hp_gain":0,"max_hp_loss":0,"event_name":"WeMeetAgain","floor":14,"gold_loss":0},{"damage_healed":0,"gold_gain":0,"player_choice":"Fought Bandits","damage_taken":0,"max_hp_gain":0,"max_hp_loss":0,"event_name":"Masked Bandits","floor":22,"gold_loss":0},{"damage_healed":0,"gold_gain":0,"player_choice":"Trade","damage_taken":0,"relics_obtained":["GremlinMask"],"max_hp_gain":0,"max_hp_loss":0,"event_name":"FaceTrader","floor":24,"gold_loss":0}],"is_beta":false,"boss_relics":[{"not_picked":["Busted Crown","Tiny House"],"picked":"SlaversCollar"}],"items_purged_floors":[20],"is_endless":false,"potions_floor_spawned":[1,3,12,19,21,25],"killed_by":"Collector","ascension_level":0}}