{"host":"l84l8xigz5v5foa2","time":1611722137,"event":{"mods":["2.2 Compatiblity","AchievementEnabler","BaseMod","Better Note","Better Vampires","Card Filter","Colored Map","DeckTracker","Downfall","Gremlin Skip","Highlight Path","Keyboard Shortcuts","Minty Spire (QoL Compilation)","Permanent Neow","Quick Restart","Relic Filter","Relic Stats","StSLib","SuperFastMode","Transform Curses","Unknown Chances"],"gold_per_floor":[112,131,56,66,82,82,112,129,129,129,129,129,5,22,22,95,95,110,122,142,154,69,104,104,139,187,187,187,187,204,204,204,278,278,294,214,233,233,233,266,266,291,291,317,1,1,51,67,67,67,67],"floor_reached":52,"language":"ENG","playtime":2634,"items_purged":["Regret","Pain","hexamod:Strike"],"score":1896,"play_id":"7a495b50-3f64-47a5-b352-d574e98bdb49","local_time":"20210127133537","is_ascension_mode":true,"campfire_choices":[{"data":"hexamod:Float","floor":6.0,"key":"SMITH"},{"data":"hexamod:FastForward","floor":10.0,"key":"SMITH"},{"data":"hexamod:SpectralSpark","floor":12.0,"key":"SMITH"},{"data":"hexamod:GhostflameBarrier","floor":15.0,"key":"SMITH"},{"data":"hexamod:FlameSwitch","floor":24.0,"key":"SMITH"},{"data":"hexamod:ForkedFlame","floor":28.0,"key":"SMITH"},{"floor":32.0,"key":"DIG"},{"floor":41,"key":"DIG"},{"data":"hexamod:Rewind","floor":46,"key":"SMITH"},{"floor":49,"key":"DIG"}],"circlet_count":0,"master_deck":["AscendersBane","hexamod:Strike","hexamod:Strike","hexamod:Defend","hexamod:Defend","hexamod:Defend","hexamod:Defend","hexamod:Sear","hexamod:Float+1","hexamod:SpectersWail","hexamod:FastForward+1","hexamod:StepThrough","hexamod:InspiringFlames","hexamod:SpectralSpark+1","hexamod:GhostflameBarrier+1","hexamod:ThirdSeal","hexamod:StepThrough","hexamod:AdvancingGuard","hexamod:ForkedFlame+1","hexamod:TimeOfNeed","CurseOfTheBell","hexamod:Hexaguard+1","hexamod:FirstSeal","hexamod:StepThrough","hexamod:ShieldOfDarkness","hexamod:HexaLevel+1","hexamod:FlameSwitch+1","hexamod:GhostOfSpireFuture+1","hexamod:TimeWarp","hexamod:GiftsFromTheDead+1","hexamod:Hexaguard+1","hexamod:Incineration+1","hexamod:NightmareStrike+1","hexamod:Rewind+1","hexamod:StepThrough+1"],"relics":["hexamod:SpiritBrand","Du-Vu Doll","Frozen Egg 2","The Courier","Calling Bell","Oddly Smooth Stone","Matryoshka","Shovel","InkBottle","Guardian:PocketSentry","Blood Vial","Dream Catcher","Juzu Bracelet","WarpedTongs","hexamod:CandleOfCauterizing","Sozu","Bird Faced Urn","Molten Egg 2","Guardian:GemstoneGun","sneckomod:BlankCard","TungstenRod","Orichalcum","Shuriken","Centennial Puzzle"],"acts_visited":["Exordium","TheCity","TheBeyond"],"potions_floor_usage":[],"damage_taken":[{"damage":6.0,"enemies":"Jaw Worm","floor":1.0,"turns":4.0},{"damage":4.0,"enemies":"2 Louse","floor":2.0,"turns":2.0},{"damage":0.0,"enemies":"Cultist","floor":4.0,"turns":3.0},{"damage":1.0,"enemies":"Lots of Slimes","floor":5.0,"turns":2.0},{"damage":6.0,"enemies":"3 Sentries","floor":7.0,"turns":5.0},{"damage":4.0,"enemies":"Large Slime","floor":8.0,"turns":5.0},{"damage":1.0,"enemies":"Looter","floor":14.0,"turns":2.0},{"damage":18.0,"enemies":"The Guardian","floor":16.0,"turns":12.0},{"damage":0.0,"enemies":"Spheric Guardian","floor":18.0,"turns":3.0},{"damage":0.0,"enemies":"Chosen","floor":19.0,"turns":3.0},{"damage":1.0,"enemies":"Snake Plant","floor":20.0,"turns":3.0},{"damage":0.0,"enemies":"Cultist and Chosen","floor":21.0,"turns":5.0},{"damage":21.0,"enemies":"Slavers","floor":23.0,"turns":6.0},{"damage":19.0,"enemies":"Gremlin Leader","floor":25.0,"turns":7.0},{"damage":2.0,"enemies":"Centurion and Healer","floor":30.0,"turns":6.0},{"damage":17.0,"enemies":"Automaton","floor":33.0,"turns":11.0},{"damage":7.0,"enemies":"Orb Walker","floor":35.0,"turns":3.0},{"damage":11.0,"enemies":"3 Shapes","floor":37.0,"turns":4.0},{"damage":0.0,"enemies":"2 Orb Walkers","floor":38.0,"turns":3.0},{"damage":34,"enemies":"Giant Head","floor":40,"turns":7},{"damage":3,"enemies":"Mind Bloom Boss Battle","floor":42,"turns":7},{"damage":44,"enemies":"Reptomancer","floor":44,"turns":9},{"damage":0,"enemies":"3 Darklings","floor":48,"turns":4},{"damage":10,"enemies":"Awakened One","floor":50,"turns":9},{"damage":45,"enemies":"Time Eater","floor":51,"turns":11}],"seed_played":"-3043130279649071583","potions_obtained":[{"floor":1.0,"key":"Block Potion"},{"floor":7.0,"key":"EntropicBrew"},{"floor":14.0,"key":"SteroidPotion"},{"floor":18.0,"key":"LiquidMemories"},{"floor":20.0,"key":"DistilledChaos"},{"floor":25.0,"key":"DuplicationPotion"},{"floor":30.0,"key":"SmokeBomb"}],"is_trial":false,"path_per_floor":["M","M","$","M","M","R","E","M","T","R","?","R","$","M","R","B",null,"M","M","M","M","?","E","R","E","T","?","R","?","M","?","R","B",null,"M","$","M","?","?","E","R","?","T","E","$","R","?","M","R","B","B",null],"character_chosen":"THE_SPIRIT","items_purchased":["hexamod:ThirdSeal","hexamod:StepThrough","Shuriken"],"campfire_rested":0,"item_purchase_floors":[13,13,45],"current_hp_per_floor":[51,47,47,47,46,46,40,36,36,36,36,36,36,35,35,17,52,52,52,51,58,58,44,44,32,32,32,32,32,39,39,39,24,53,48,48,46,55,55,30,30,46,46,12,12,12,12,27,27,34,8],"gold":67,"neow_bonus":"ONE_RARE_RELIC","is_daily":false,"chose_seed":false,"campfire_upgraded":7,"win_rate":0.0,"timestamp":1611722137,"path_taken":["M","M","$","M","M","R","E","M","T","R","?","R","$","M","R","BOSS","M","M","M","M","?","E","R","E","T","?","R","?","M","?","R","BOSS","M","$","M","?","?","E","R","?","T","E","$","R","?","M","R","BOSS","BOSS"],"items_purchased_type":["Card","Card","Relic"],"build_version":"2020-12-22","purchased_purges":3,"victory":true,"max_hp_per_floor":[63,63,63,63,63,63,63,63,63,63,63,63,63,63,63,63,63,63,63,63,63,63,63,63,63,63,63,63,63,63,63,63,63,63,63,63,63,63,63,63,63,63,63,63,63,63,63,63,63,63,63],"relic_stats":{"counters":[25,136],"Juzu Bracelet":2,"Orichalcum":[0],"WarpedTongs":[66],"Blood Vial":22,"Sozu":3,"Dream Catcher":0,"Centennial Puzzle":[6],"Shovel":3,"Shuriken":[13],"Bird Faced Urn":[42],"obtain_stats":[{"hexamod:CandleOfCauterizing":32,"Guardian:GemstoneGun":42,"sneckomod:BlankCard":43,"Oddly Smooth Stone":17,"The Courier":9,"Guardian:PocketSentry":23,"Juzu Bracelet":29,"Frozen Egg 2":7,"Orichalcum":44,"WarpedTongs":31,"Du-Vu Doll":0,"Calling Bell":17,"Blood Vial":25,"Sozu":34,"Dream Catcher":26,"Centennial Puzzle":49,"Matryoshka":17,"Shovel":17,"Shuriken":45,"Bird Faced Urn":40,"Molten Egg 2":41,"hexamod:SpiritBrand":0,"InkBottle":22,"TungstenRod":43},{"hexamod:CandleOfCauterizing":15,"Guardian:GemstoneGun":21,"sneckomod:BlankCard":21,"Oddly Smooth Stone":8,"The Courier":6,"Guardian:PocketSentry":13,"Juzu Bracelet":14,"Frozen Egg 2":5,"Orichalcum":22,"WarpedTongs":15,"Du-Vu Doll":0,"Calling Bell":8,"Blood Vial":14,"Sozu":16,"Dream Catcher":14,"Centennial Puzzle":23,"Matryoshka":8,"Shovel":8,"Shuriken":22,"Bird Faced Urn":20,"Molten Egg 2":20,"hexamod:SpiritBrand":0,"InkBottle":12,"TungstenRod":21},{"hexamod:CandleOfCauterizing":68,"Guardian:GemstoneGun":103,"sneckomod:BlankCard":103,"Oddly Smooth Stone":35,"The Courier":21,"Guardian:PocketSentry":55,"Juzu Bracelet":62,"Frozen Egg 2":16,"Orichalcum":112,"WarpedTongs":68,"Du-Vu Doll":0,"Calling Bell":35,"Blood Vial":62,"Sozu":79,"Dream Catcher":62,"Centennial Puzzle":116,"Matryoshka":35,"Shovel":35,"Shuriken":112,"Bird Faced Urn":96,"Molten Egg 2":96,"hexamod:SpiritBrand":0,"InkBottle":49,"TungstenRod":103}],"InkBottle":[40],"TungstenRod":9},"card_choices":[{"not_picked":["hexamod:PhantomCloak","hexamod:GhostShield"],"picked":"hexamod:SpectersWail","floor":1.0},{"not_picked":["hexamod:NightmareStrike","hexamod:InspiringFlames"],"picked":"hexamod:FastForward","floor":2.0},{"not_picked":["hexamod:HeatShield","hexamod:NightmareGuise"],"picked":"hexamod:StepThrough","floor":4.0},{"not_picked":["hexamod:ThermalTransfer","hexamod:GhostLash"],"picked":"hexamod:InspiringFlames","floor":5.0},{"not_picked":["hexamod:Again","hexamod:ExtraCrispy+1"],"picked":"hexamod:SpectralSpark","floor":7.0},{"not_picked":["hexamod:FlamesFromBeyond","hexamod:BacktrackSmack"],"picked":"hexamod:GhostflameBarrier","floor":8.0},{"not_picked":["hexamod:InspiringFlames","hexamod:ParanormalForm+1"],"picked":"hexamod:AdvancingGuard","floor":14.0},{"not_picked":["hexamod:FlameSwitch","hexamod:ApocalypseNow"],"picked":"hexamod:ForkedFlame","floor":16.0},{"not_picked":["hexamod:Toasty","hexamod:SearingWound"],"picked":"hexamod:TimeOfNeed","floor":16.0},{"not_picked":["hexamod:GhostLash","hexamod:SuperheatedStrike","hexamod:FastForward"],"picked":"SKIP","floor":18.0},{"not_picked":["hexamod:FastForward+1","hexamod:BacktrackSmack"],"picked":"hexamod:Hexaguard+1","floor":19.0},{"not_picked":["hexamod:SpectersWail","hexamod:WildfireWeapon+1"],"picked":"hexamod:FirstSeal","floor":19.0},{"not_picked":["hexamod:HeatShield","hexamod:FastForward"],"picked":"hexamod:StepThrough","floor":20.0},{"not_picked":["hexamod:InspiringFlames","hexamod:FlamesFromBeyond","hexamod:GhostShield"],"picked":"SKIP","floor":20.0},{"not_picked":["hexamod:FlamesFromBeyond","hexamod:ThermalTransfer"],"picked":"hexamod:ShieldOfDarkness","floor":21.0},{"not_picked":["hexamod:Again","hexamod:PhantomCloak+1"],"picked":"hexamod:HexaLevel+1","floor":21.0},{"not_picked":["hexamod:Haunt","hexamod:FlamesFromBeyond"],"picked":"hexamod:FlameSwitch","floor":23.0},{"not_picked":["hexamod:Incineration","hexamod:HeatMetal"],"picked":"hexamod:GhostOfSpireFuture+1","floor":25.0},{"not_picked":["hexamod:GhostShield","hexamod:FlamesFromBeyond","hexamod:BacktrackSmack"],"picked":"SKIP","floor":25.0},{"not_picked":["hexamod:HeatCrush","hexamod:SwordOfDarkness","hexamod:GhostLash"],"picked":"SKIP","floor":30.0},{"not_picked":["hexamod:SpectralSpark","hexamod:Hexaguard","hexamod:NightmareGuise"],"picked":"SKIP","floor":30.0},{"not_picked":["hexamod:Toasty","hexamod:WildfireWeapon+1"],"picked":"hexamod:TimeWarp","floor":33.0},{"not_picked":["hexamod:SearingWound","hexamod:Toasty"],"picked":"hexamod:GiftsFromTheDead+1","floor":33.0},{"not_picked":["hexamod:EmpoweredFlame+1","hexamod:FlamesFromBeyond","hexamod:BurningTouch+1"],"picked":"SKIP","floor":35.0},{"not_picked":["hexamod:AdvancingGuard","hexamod:SwordOfDarkness+1"],"picked":"hexamod:Hexaguard+1","floor":37.0},{"not_picked":["hexamod:RadiantFlame+1","hexamod:RainOfEmbers","hexamod:NightmareStrike"],"picked":"SKIP","floor":37.0},{"not_picked":["hexamod:ShieldOfDarkness","hexamod:EmpoweredFlame+1","hexamod:TimeOfNeed"],"picked":"SKIP","floor":40},{"not_picked":["hexamod:Again+1","hexamod:NightmareStrike+1"],"picked":"hexamod:Incineration+1","floor":42},{"not_picked":["hexamod:FlamesFromBeyond+1","hexamod:BacktrackSmack+1"],"picked":"hexamod:NightmareStrike+1","floor":42},{"not_picked":["hexamod:TimeOfNeed","hexamod:GhostShield+1"],"picked":"hexamod:Rewind","floor":44},{"not_picked":["hexamod:Haunt","hexamod:FlamesFromBeyond"],"picked":"hexamod:StepThrough+1","floor":44},{"not_picked":["hexamod:NightmareStrike+1","hexamod:HeatMetal+1","hexamod:FlamesFromBeyond"],"picked":"SKIP","floor":48},{"not_picked":["hexamod:InspiringFlames","hexamod:RadiantFlame+1","hexamod:SuperheatedStrike+1"],"picked":"SKIP","floor":48}],"player_experience":3440150,"relics_obtained":[{"floor":7.0,"key":"Frozen Egg 2"},{"floor":9.0,"key":"The Courier"},{"floor":17.0,"key":"Oddly Smooth Stone"},{"floor":17.0,"key":"Matryoshka"},{"floor":17.0,"key":"Shovel"},{"floor":23.0,"key":"Guardian:PocketSentry"},{"floor":25.0,"key":"Blood Vial"},{"floor":26.0,"key":"Dream Catcher"},{"floor":29.0,"key":"Juzu Bracelet"},{"floor":32.0,"key":"hexamod:CandleOfCauterizing"},{"floor":40,"key":"Bird Faced Urn"},{"floor":41,"key":"Molten Egg 2"},{"floor":42,"key":"Guardian:GemstoneGun"},{"floor":43,"key":"sneckomod:BlankCard"},{"floor":43,"key":"TungstenRod"},{"floor":44,"key":"Orichalcum"},{"floor":49,"key":"Centennial Puzzle"}],"event_choices":[{"damage_healed":0.0,"max_hp_gain":0.0,"max_hp_loss":0.0,"gold_gain":0.0,"event_name":"Liars Game","player_choice":"Ignored","floor":11.0,"gold_loss":0.0,"damage_taken":0.0},{"damage_healed":0.0,"max_hp_gain":0.0,"max_hp_loss":0.0,"gold_gain":0.0,"event_name":"Addict","player_choice":"Obtained Relic","floor":22.0,"gold_loss":85.0,"damage_taken":0.0,"relics_obtained":["InkBottle"]},{"damage_healed":0.0,"max_hp_gain":0.0,"max_hp_loss":0.0,"gold_gain":0.0,"event_name":"Wheel of Change","player_choice":"Relic","floor":29.0,"gold_loss":0.0,"damage_taken":0.0},{"damage_healed":0.0,"max_hp_gain":0.0,"max_hp_loss":0.0,"gold_gain":0.0,"event_name":"Accursed Blacksmith","player_choice":"Rummage","floor":31.0,"gold_loss":0.0,"damage_taken":0.0,"relics_obtained":["WarpedTongs"],"cards_obtained":["Pain"]},{"damage_healed":0.0,"max_hp_gain":0.0,"max_hp_loss":0.0,"gold_gain":0.0,"event_name":"Mysterious Sphere","player_choice":"Fight","floor":38.0,"gold_loss":0.0,"damage_taken":0.0},{"damage_healed":0,"gold_gain":0,"player_choice":"Fight","damage_taken":0,"max_hp_gain":0,"max_hp_loss":0,"event_name":"MindBloom","floor":42,"gold_loss":0},{"damage_healed":0,"gold_gain":50,"player_choice":"Pray","damage_taken":0,"max_hp_gain":0,"max_hp_loss":0,"event_name":"Golden Shrine","floor":47,"gold_loss":0}],"is_beta":false,"boss_relics":[{"not_picked":["Cursed Key","Busted Crown"],"picked":"Calling Bell"},{"not_picked":["SlaversCollar","Astrolabe"],"picked":"Sozu"}],"items_purged_floors":[3,36,45],"is_endless":false,"potions_floor_spawned":[1,7,14,16,18,20,25,30,35,37,40],"ascension_level":20}}