{"host":"h2977v3ax51ohsow","time":1611757823,"event":{"mods":["Act Like it!","BaseMod","Colored Powertips","Koishi","Marisa（F雨　魔理沙）","Minty Spire (QoL Compilation)","Remilia（蕾米莉亚）","StSLib","The Bug Knight","WarShipGirlsR/战舰少女R mod","Yakumo Yukari mod"],"gold_per_floor":[110,110,110,130,151,185,35,35,35,35,60,73,73,89,89,215,215,238,238,249,259,259,293,293,311,311,330,344,372,23,34,34,132,132,151,165,165,65,84,84,99,112,112,112,128,68,99,99,99],"floor_reached":48,"language":"ZHS","playtime":2876,"items_purged":["HollowMod:FocusHealStart","HollowMod:NailStrikeStart"],"score":508,"play_id":"5d1e4dd8-1096-434a-90e0-a5b6885dee8c","local_time":"20210127223023","is_ascension_mode":false,"campfire_choices":[{"data":"HollowMod:HuntersJournal","floor":8.0,"key":"SMITH"},{"data":"HollowMod:DescendingDark","floor":10.0,"key":"SMITH"},{"floor":15.0,"key":"REST"},{"data":"HollowMod:QuickDashStart","floor":32.0,"key":"PURGE"},{"data":"HollowMod:NailStrikeStart","floor":44,"key":"PURGE"}],"circlet_count":0,"master_deck":["HollowMod:NailStrikeStart+1","HollowMod:NailStrikeStart+1","HollowMod:QuickDashStart","HollowMod:DescendingDark+1","HollowMod:SharpenedShadows","HollowMod:SiblingsSouls+1","HollowMod:HuntersJournal+1","HollowMod:ShadowDash","HollowMod:FastStrike","HollowMod:Weaversong","CurseOfTheBell","HollowMod:VengefulVoid","HollowMod:ShadowDash","HollowMod:DashSlash","Necronomicurse","HollowMod:FallenFury+1","HollowMod:SlysStrikes","HollowMod:CloakDash","HollowMod:ElderbugsWisdom","Enlightenment","Jack Of All Trades+1","Flash of Steel","HollowMod:AbyssShriek+1","HollowMod:CycloneSlash+1","HollowMod:ElderbugsWisdom","HollowMod:LordofShades","HollowMod:CloakDash"],"relics":["Busted Crown","Mummified Hand","Bloody Idol","Strawberry","Eternal Feather","Calling Bell","Juzu Bracelet","HornCleat","TungstenRod","Peace Pipe","Necronomicon","Bottled Flame","Lizard Tail","Ornamental Fan","Fusion Hammer","Molten Egg 2","War Paint","Gremlin Horn"],"acts_visited":["Exordium","TheCity","TheBeyond"],"potions_floor_usage":[39,41],"damage_taken":[{"damage":1.0,"enemies":"Cultist","floor":1.0,"turns":3.0},{"damage":0.0,"enemies":"Small Slimes","floor":4.0,"turns":2.0},{"damage":0.0,"enemies":"2 Louse","floor":5.0,"turns":1.0},{"damage":17.0,"enemies":"3 Sentries","floor":6.0,"turns":7.0},{"damage":0.0,"enemies":"2 Fungi Beasts","floor":11.0,"turns":2.0},{"damage":0.0,"enemies":"Looter","floor":12.0,"turns":2.0},{"damage":4.0,"enemies":"Lots of Slimes","floor":14.0,"turns":2.0},{"damage":29.0,"enemies":"The Guardian","floor":16.0,"turns":8.0},{"damage":9.0,"enemies":"2 Thieves","floor":18.0,"turns":2.0},{"damage":0.0,"enemies":"Chosen","floor":20.0,"turns":3.0},{"damage":24.0,"enemies":"Snake Plant","floor":21.0,"turns":3.0},{"damage":8.0,"enemies":"HollowMod:Nosk","floor":23.0,"turns":5.0},{"damage":0.0,"enemies":"3 Cultists","floor":25.0,"turns":2.0},{"damage":9.0,"enemies":"Centurion and Healer","floor":27.0,"turns":3.0},{"damage":12.0,"enemies":"Shelled Parasite and Fungi","floor":28.0,"turns":3.0},{"damage":22.0,"enemies":"Book of Stabbing","floor":29.0,"turns":4.0},{"damage":0.0,"enemies":"Snecko","floor":31.0,"turns":3.0},{"damage":11.0,"enemies":"Automaton","floor":33.0,"turns":6.0},{"damage":3.0,"enemies":"Orb Walker","floor":35.0,"turns":2.0},{"damage":22.0,"enemies":"3 Darklings","floor":36.0,"turns":5.0},{"damage":0,"enemies":"Jaw Worm Horde","floor":39,"turns":3},{"damage":22,"enemies":"Writhing Mass","floor":41,"turns":5},{"damage":0,"enemies":"4 Shapes","floor":42,"turns":1},{"damage":52,"enemies":"HollowMod:SlobberingHusk","floor":45,"turns":5},{"damage":33,"enemies":"Reptomancer","floor":47,"turns":4},{"damage":72,"enemies":"Writhing Mass","floor":48,"turns":5}],"seed_played":"5436845287390766538","potions_obtained":[{"floor":1.0,"key":"Explosive Potion"},{"floor":11.0,"key":"FearPotion"},{"floor":12.0,"key":"Strength Potion"},{"floor":14.0,"key":"Fire Potion"},{"floor":18.0,"key":"ColorlessPotion"},{"floor":25.0,"key":"Dexterity Potion"},{"floor":28.0,"key":"BlessingOfTheForge"},{"floor":31.0,"key":"BlessingOfTheForge"},{"floor":36.0,"key":"Swift Potion"},{"floor":39,"key":"Block Potion"},{"floor":42,"key":"LiquidBronze"},{"floor":45,"key":"FairyPotion"}],"is_trial":false,"path_per_floor":["M","?","?","M","M","E","$","R","T","R","M","M","?","M","R","B",null,"M","?","M","M","?","E","?","M","T","M","M","E","$","M","R","B",null,"M","M","?","$","M","T","M","M","T","R","M","?","E","M"],"character_chosen":"THE_BUGKNIGHT","items_purchased":["HollowMod:HuntersJournal","Ornamental Fan","HollowMod:CloakDash","PowerPotion"],"campfire_rested":1,"item_purchase_floors":[7,30,30,30],"current_hp_per_floor":[74,56,38,38,38,28,28,28,28,34,34,34,18,14,47,18,82,73,73,78,59,59,56,44,49,49,45,38,21,21,26,38,32,82,82,65,56,56,61,61,44,49,49,64,17,17,13,0,0],"gold":99,"neow_bonus":"BOSS_RELIC","is_daily":false,"chose_seed":false,"campfire_upgraded":2,"win_rate":0.0,"timestamp":1611757823,"path_taken":["M","?","?","M","M","E","$","R","T","R","M","M","?","M","R","BOSS","M","?","M","M","?","E","?","M","T","M","M","E","$","M","R","BOSS","M","M","?","$","M","?","M","M","T","R","M","?","E","M"],"items_purchased_type":["Card","Relic","Card","Potion"],"build_version":"2020-12-22","purchased_purges":2,"victory":false,"max_hp_per_floor":[75,75,75,75,75,82,82,82,82,82,82,82,82,82,82,82,82,82,82,82,82,82,82,82,82,82,82,82,82,82,82,82,82,82,82,82,82,82,82,82,82,82,82,82,82,82,82,82,82],"card_choices":[{"not_picked":["HollowMod:InfectionAssault"],"picked":"SKIP","floor":1.0},{"not_picked":[],"picked":"HollowMod:DescendingDark","floor":4.0},{"not_picked":[],"picked":"HollowMod:SharpenedShadows","floor":5.0},{"not_picked":[],"picked":"HollowMod:SiblingsSouls","floor":6.0},{"not_picked":[],"picked":"HollowMod:ShadowDash","floor":11.0},{"not_picked":["HollowMod:BrokenVessel"],"picked":"SKIP","floor":12.0},{"not_picked":[],"picked":"HollowMod:FastStrike","floor":14.0},{"not_picked":[],"picked":"HollowMod:Weaversong","floor":16.0},{"not_picked":["HollowMod:PureNailStrike"],"picked":"SKIP","floor":18.0},{"not_picked":[],"picked":"HollowMod:VengefulVoid","floor":20.0},{"not_picked":[],"picked":"HollowMod:ShadowDash","floor":21.0},{"not_picked":["HollowMod:DashSlash"],"picked":"SKIP","floor":23.0},{"not_picked":[],"picked":"HollowMod:FallenFury+1","floor":25.0},{"not_picked":["HollowMod:SoulSplash"],"picked":"SKIP","floor":27.0},{"not_picked":["HollowMod:SoulStrike"],"picked":"SKIP","floor":28.0},{"not_picked":[],"picked":"HollowMod:SlysStrikes","floor":29.0},{"not_picked":["HollowMod:MothsMistake"],"picked":"SKIP","floor":31.0},{"not_picked":[],"picked":"HollowMod:ElderbugsWisdom","floor":33.0},{"not_picked":["HollowMod:TaintedHusks+1"],"picked":"SKIP","floor":35.0},{"not_picked":["HollowMod:MawleksShell+1"],"picked":"SKIP","floor":36.0},{"not_picked":[],"picked":"Enlightenment","floor":37.0},{"not_picked":[],"picked":"Jack Of All Trades","floor":37.0},{"not_picked":[],"picked":"Flash of Steel","floor":37.0},{"not_picked":[],"picked":"HollowMod:AbyssShriek+1","floor":39},{"not_picked":[],"picked":"HollowMod:CycloneSlash+1","floor":41},{"not_picked":["HollowMod:HowlingWraiths+1"],"picked":"SKIP","floor":42},{"not_picked":["HollowMod:GrimmsGift"],"picked":"SKIP","floor":45},{"not_picked":[],"picked":"HollowMod:CloakDash","floor":47}],"player_experience":83599,"relics_obtained":[{"floor":6.0,"key":"Strawberry"},{"floor":9.0,"key":"Eternal Feather"},{"floor":17.0,"key":"Juzu Bracelet"},{"floor":17.0,"key":"HornCleat"},{"floor":17.0,"key":"TungstenRod"},{"floor":23.0,"key":"Peace Pipe"},{"floor":24.0,"key":"Necronomicon"},{"floor":26.0,"key":"Bottled Flame"},{"floor":29.0,"key":"Lizard Tail"},{"floor":40,"key":"Molten Egg 2"},{"floor":43,"key":"War Paint"},{"floor":47,"key":"Gremlin Horn"}],"event_choices":[{"damage_healed":0.0,"max_hp_gain":0.0,"max_hp_loss":0.0,"gold_gain":0.0,"event_name":"Scrap Ooze","player_choice":"Success","floor":2.0,"gold_loss":0.0,"damage_taken":18.0,"relics_obtained":["Mummified Hand"]},{"damage_healed":0.0,"max_hp_gain":0.0,"max_hp_loss":0.0,"gold_gain":0.0,"event_name":"Golden Idol","player_choice":"Take Damage","floor":3.0,"gold_loss":0.0,"damage_taken":18.0,"relics_obtained":["Golden Idol"]},{"damage_healed":0.0,"max_hp_gain":0.0,"max_hp_loss":0.0,"gold_gain":0.0,"event_name":"Shining Light","player_choice":"Entered Light","floor":13.0,"gold_loss":0.0,"damage_taken":16.0,"cards_upgraded":["HollowMod:NailStrikeStart","HollowMod:NailStrikeStart"]},{"damage_healed":0.0,"max_hp_gain":0.0,"max_hp_loss":0.0,"gold_gain":0.0,"event_name":"Forgotten Altar","player_choice":"Gave Idol","floor":19.0,"relics_lost":["Golden Idol"],"gold_loss":0.0,"damage_taken":0.0,"relics_obtained":["Bloody Idol"]},{"damage_healed":0.0,"max_hp_gain":0.0,"max_hp_loss":0.0,"gold_gain":0.0,"cards_transformed":["HollowMod:QuickDashStart"],"event_name":"Transmorgrifier","player_choice":"Transformed","floor":22.0,"gold_loss":0.0,"damage_taken":0.0,"cards_obtained":["HollowMod:DashSlash"]},{"damage_healed":0.0,"max_hp_gain":0.0,"max_hp_loss":0.0,"gold_gain":0.0,"event_name":"Cursed Tome","player_choice":"Obtained Book","floor":24.0,"gold_loss":0.0,"damage_taken":16.0},{"damage_healed":0.0,"max_hp_gain":0.0,"max_hp_loss":0.0,"gold_gain":0.0,"event_name":"SensoryStone","player_choice":"Memory 3","floor":37.0,"gold_loss":0.0,"damage_taken":10.0},{"damage_healed":0,"gold_gain":0,"cards_transformed":["HollowMod:PogoStrike","HollowMod:QuickDashStart"],"player_choice":"Transformed Cards","damage_taken":0,"max_hp_gain":0,"max_hp_loss":0,"event_name":"Designer","floor":46,"gold_loss":60,"cards_obtained":["HollowMod:ElderbugsWisdom","HollowMod:LordofShades"]}],"is_beta":false,"boss_relics":[{"not_picked":["Coffee Dripper","SacredBark"],"picked":"Calling Bell"},{"not_picked":["Sozu","Velvet Choker"],"picked":"Fusion Hammer"}],"items_purged_floors":[7,38],"is_endless":false,"potions_floor_spawned":[1,11,12,14,18,21,25,28,31,36,39,42,45],"killed_by":"Writhing Mass","ascension_level":0}}