{"host":"lrlw254gqe5layub","time":1611727586,"event":{"mods":["AchievementEnabler","BaseMod","Colored Map","Colored Powertips","Minty Spire (QoL Compilation)","Rare Cards Sparkle","SuperFastMode"],"gold_per_floor":[109,120,120,130,147,147,161,195,195,195,120,140,315,315,315,411,411,425,425,425,164,229,229,229],"floor_reached":23,"language":"KOR","playtime":1040,"items_purged":["Defend_B","Doubt"],"score":277,"play_id":"543f80b8-8d58-4be0-9b2d-eedcab0c57a1","local_time":"20210127150626","is_ascension_mode":true,"campfire_choices":[{"data":"Fusion","floor":6.0,"key":"SMITH"},{"floor":10.0,"key":"REST"},{"floor":15.0,"key":"RECALL"}],"circlet_count":0,"master_deck":["Strike_B","Defend_B","Defend_B","Zap+1","Dualcast","Loop","Fusion+1","Cold Snap","Coolheaded","Gash","Beam Cell","Glacier","Redo","Defragment","Coolheaded+1"],"relics":["Cracked Core","Regal Pillow","Cables","Empty Cage","SsserpentHead"],"acts_visited":["Exordium","TheCity"],"potions_floor_usage":[23],"damage_taken":[{"damage":5.0,"enemies":"Cultist","floor":1.0,"turns":4.0},{"damage":8.0,"enemies":"2 Louse","floor":2.0,"turns":3.0},{"damage":2.0,"enemies":"Small Slimes","floor":4.0,"turns":3.0},{"damage":9.0,"enemies":"Blue Slaver","floor":5.0,"turns":4.0},{"damage":14.0,"enemies":"Gremlin Gang","floor":7.0,"turns":4.0},{"damage":21.0,"enemies":"3 Sentries","floor":8.0,"turns":14.0},{"damage":8.0,"enemies":"Red Slaver","floor":12.0,"turns":5.0},{"damage":49.0,"enemies":"Slime Boss","floor":16.0,"turns":14.0},{"damage":26.0,"enemies":"Spheric Guardian","floor":18.0,"turns":5.0},{"damage":5.0,"enemies":"Shell Parasite","floor":22.0,"turns":11.0},{"damage":31,"enemies":"Book of Stabbing","floor":23,"turns":5}],"seed_played":"-5114658675540073976","potions_obtained":[{"floor":2.0,"key":"BlessingOfTheForge"},{"floor":4.0,"key":"Weak Potion"},{"floor":12.0,"key":"PotionOfCapacity"},{"floor":16.0,"key":"LiquidBronze"},{"floor":18.0,"key":"ColorlessPotion"}],"is_trial":false,"path_per_floor":["M","M","?","M","M","R","M","E","T","R","$","M","?","?","R","B",null,"M","?","?","$","M","E"],"character_chosen":"DEFECT","items_purchased":["Glacier","Redo","Defragment"],"campfire_rested":1,"item_purchase_floors":[21,21,21],"current_hp_per_floor":[63,55,48,46,37,37,23,2,2,39,39,31,31,56,56,7,58,32,32,32,32,27,0,0],"gold":229,"neow_bonus":"UPGRADE_CARD","is_daily":false,"chose_seed":false,"campfire_upgraded":1,"win_rate":0.0,"timestamp":1611727586,"path_taken":["M","M","?","M","M","R","M","E","T","R","$","M","?","?","R","BOSS","M","?","?","$","?","E"],"items_purchased_type":["Card","Card","Card"],"build_version":"2020-12-22","purchased_purges":2,"victory":false,"max_hp_per_floor":[75,75,75,75,75,75,75,75,75,75,75,75,75,75,75,75,75,75,75,75,75,75,75,75],"card_choices":[{"not_picked":["Steam","Leap"],"picked":"Loop","floor":1.0},{"not_picked":["Ball Lightning","Rebound"],"picked":"Fusion","floor":2.0},{"not_picked":["Beam Cell","Rebound","Go for the Eyes"],"picked":"SKIP","floor":4.0},{"not_picked":["Rip and Tear","Conserve Battery"],"picked":"Cold Snap","floor":5.0},{"not_picked":["Compile Driver","Chill"],"picked":"Coolheaded","floor":7.0},{"not_picked":["Rebound","Leap"],"picked":"Gash","floor":8.0},{"not_picked":["Fusion","Melter"],"picked":"Beam Cell","floor":12.0},{"not_picked":["Stack","Sweeping Beam+1","Storm"],"picked":"SKIP","floor":18.0},{"not_picked":["Redo","Hologram"],"picked":"Coolheaded+1","floor":22.0}],"player_experience":469862,"relics_obtained":[{"floor":8.0,"key":"Regal Pillow"},{"floor":9.0,"key":"Cables"}],"event_choices":[{"cards_removed":["Strike_B"],"damage_healed":0.0,"max_hp_gain":0.0,"max_hp_loss":0.0,"gold_gain":0.0,"event_name":"Golden Wing","player_choice":"Card Removal","floor":3.0,"gold_loss":0.0,"damage_taken":7.0},{"damage_healed":0.0,"max_hp_gain":0.0,"max_hp_loss":0.0,"gold_gain":175.0,"event_name":"Liars Game","player_choice":"AGREE","floor":13.0,"gold_loss":0.0,"damage_taken":0.0,"cards_obtained":["Doubt"]},{"damage_healed":25.0,"max_hp_gain":0.0,"max_hp_loss":0.0,"gold_gain":0.0,"event_name":"Big Fish","player_choice":"Banana","floor":14.0,"gold_loss":0.0,"damage_taken":0.0},{"cards_removed":["Strike_B"],"damage_healed":0.0,"max_hp_gain":0.0,"max_hp_loss":0.0,"gold_gain":0.0,"event_name":"Back to Basics","player_choice":"Elegance","floor":19.0,"gold_loss":0.0,"damage_taken":0.0},{"damage_healed":0.0,"max_hp_gain":0.0,"max_hp_loss":0.0,"gold_gain":0.0,"event_name":"FaceTrader","player_choice":"Trade","floor":20.0,"gold_loss":0.0,"damage_taken":0.0,"relics_obtained":["SsserpentHead"]}],"is_beta":false,"boss_relics":[{"not_picked":["SlaversCollar","Coffee Dripper"],"picked":"Empty Cage"}],"items_purged_floors":[11,21],"is_endless":false,"potions_floor_spawned":[2,4,12,16,18],"killed_by":"Book of Stabbing","ascension_level":9}}