{"host":"45gjn1i9lq2ky2i9","time":1611740009,"event":{"mods":["2.2 Compatiblity","Act Like it!","Aspiration","BaseMod","Beaked The Cultist","Better Altar","Better Match","Better Note","Better Sensory Stone","Better Skull","Better Third Choice","Better Vampires","Conspire","Downfall","Halation","Hubris","Infinite Spire","Jedi Mod","Lobotomy","LobotomyExtend","Minty Spire (QoL Compilation)","Pale of the Ancients","Permanent Neow","Shop Mod","Spikes Relics","StSLib","The Runesmith","The Wild Card"],"gold_per_floor":[115,115,115,115,115,115,153,178,178,193,213,213,237,72,72,161,161,185,185,185,198,198,198,198],"floor_reached":23,"language":"RUS","playtime":734,"items_purged":[],"score":421,"play_id":"132a5767-e872-42ae-af8c-41d386777389","local_time":"20210127173329","is_ascension_mode":true,"campfire_choices":[{"floor":6,"key":"REST"},{"floor":12,"key":"REST"},{"floor":15,"key":"REST"}],"circlet_count":0,"master_deck":["AscendersBane","Defend_B+1","Defend_B","Defend_B","Defend_B","Zap+1","Dualcast","Beam Cell","BootSequence","Hologram","Reinforced Body","Capacitor","Echo Form","Bite","Bite","Bite","Bite","hubris:InfiniteBlow+80","Conserve Battery"],"relics":["Cracked Core","halation:PinkSoulGem","Golden Idol","conspire:DeflatedDodgeball","hubris:SoftwareUpdate","Pen Nib","Runic Dome","halation:PrussianBluePaint"],"acts_visited":["Exordium","TheCity"],"potions_floor_usage":[],"damage_taken":[{"damage":3,"enemies":"2 Louse","floor":1,"turns":2},{"damage":24,"enemies":"3 Sentries","floor":7,"turns":9},{"damage":4,"enemies":"Small Slimes","floor":8,"turns":4},{"damage":0,"enemies":"Jaw Worm","floor":10,"turns":3},{"damage":0,"enemies":"3 Louse","floor":11,"turns":3},{"damage":2,"enemies":"conspire:2 RoseBushes","floor":13,"turns":5},{"damage":11,"enemies":"Slime Boss","floor":16,"turns":6},{"damage":24,"enemies":"Chosen","floor":18,"turns":6},{"damage":11,"enemies":"Shell Parasite","floor":21,"turns":3},{"damage":30,"enemies":"Slavers","floor":23,"turns":3}],"seed_played":"-2533509310627767279","potions_obtained":[{"floor":1,"key":"bronze:BurnAndBuffPotion"},{"floor":7,"key":"bronze:BurnAndBuffPotion"},{"floor":13,"key":"Energy Potion"},{"floor":16,"key":"infinitespire:BlackPotion"}],"is_trial":false,"path_per_floor":["M","?","?","?","?","R","E","M","T","M","M","R","M","$","R","B",null,"M","?","?","M","?","E"],"character_chosen":"DEFECT","items_purchased":["Pen Nib"],"campfire_rested":3,"item_purchase_floors":[14],"current_hp_per_floor":[61,61,40,40,16,37,13,9,9,9,9,30,28,28,49,38,63,39,39,26,21,21,0,0],"gold":198,"neow_bonus":"UPGRADE_CARD","is_daily":false,"chose_seed":false,"campfire_upgraded":0,"win_rate":0.0,"timestamp":1611740009,"path_taken":["M","?","?","?","?","R","E","?","T","M","M","R","M","$","R","BOSS","M","?","?","M","?","E"],"items_purchased_type":["Relic"],"build_version":"2020-12-22","purchased_purges":0,"victory":false,"max_hp_per_floor":[71,71,71,71,71,71,71,71,71,71,71,71,71,71,71,71,71,71,53,53,53,53,53,53],"card_choices":[{"not_picked":["Conserve Battery","Cold Snap"],"picked":"Beam Cell","floor":1},{"not_picked":["jedi:blockon","Beam Cell"],"picked":"BootSequence","floor":7},{"not_picked":["Barrage","aspiration:Polymerization"],"picked":"Hologram","floor":8},{"not_picked":["Go for the Eyes","Stack"],"picked":"Reinforced Body","floor":10},{"not_picked":["Fusion","Ball Lightning"],"picked":"Capacitor","floor":11},{"not_picked":["Sweeping Beam","Steam","Recycle"],"picked":"SKIP","floor":13},{"not_picked":["hubris:SpecializedCircuitry","Thunder Strike"],"picked":"Echo Form","floor":16},{"not_picked":["Beam Cell","Compile Driver","Hologram"],"picked":"SKIP","floor":18},{"not_picked":["infinitespire:NeuralNetwork","infinitespire:SealOfDarkness+"],"picked":"hubris:InfiniteBlow+80","floor":20},{"not_picked":["Compile Driver+1","Sweeping Beam"],"picked":"Conserve Battery","floor":21}],"player_experience":550720,"relics_obtained":[{"floor":7,"key":"conspire:DeflatedDodgeball"},{"floor":9,"key":"hubris:SoftwareUpdate"},{"floor":22,"key":"halation:PrussianBluePaint"}],"event_choices":[{"damage_healed":0,"gold_gain":0,"player_choice":"Ignored","damage_taken":0,"max_hp_gain":0,"max_hp_loss":0,"event_name":"Golden Wing","floor":2,"gold_loss":0},{"damage_healed":61,"gold_gain":0,"player_choice":"Upgrade","damage_taken":21,"max_hp_gain":0,"max_hp_loss":71,"event_name":"betterThird:BetterShining","floor":3,"gold_loss":0,"cards_upgraded":["Defend_B","Strike_B"]},{"damage_healed":0,"gold_gain":0,"player_choice":"Take Damage","damage_taken":24,"relics_obtained":["Golden Idol"],"max_hp_gain":0,"max_hp_loss":0,"event_name":"Golden Idol","floor":5,"gold_loss":0},{"damage_healed":0,"gold_gain":0,"player_choice":"Became a vampire","damage_taken":0,"max_hp_gain":0,"max_hp_loss":18,"event_name":"Vampires","floor":19,"gold_loss":0,"cards_obtained":["Bite","Bite","Bite","Bite"]}],"is_beta":false,"boss_relics":[{"not_picked":["halation:HeavySnake","Sandwich"],"picked":"Runic Dome"}],"items_purged_floors":[],"is_endless":false,"potions_floor_spawned":[1,7,13,16],"killed_by":"Slavers","ascension_level":17}}