{"host":"r4aerl4ckfvw1dw3","time":1611705748,"event":{"mods":["BaseMod","BetterRewards","Minty Spire (QoL Compilation)","Quick Restart","StSLib"],"gold_per_floor":[109,125,200,217,217,252,262,262,340,351,378,396,431,444,444,549,549,559,593,604,153,172,172,172,184,237,255,255,286,286,286,286,286,286],"floor_reached":33,"language":"ENG","playtime":3422,"items_purged":[],"score":433,"play_id":"6e3c7ed1-c823-43bc-9e9d-1cb553a7e707","local_time":"20210126160228","is_ascension_mode":true,"campfire_choices":[{"floor":8.0,"key":"REST"},{"floor":15.0,"key":"REST"},{"floor":23.0,"key":"REST"},{"floor":28.0,"key":"REST"},{"floor":30.0,"key":"REST"},{"floor":32.0,"key":"REST"}],"circlet_count":0,"master_deck":["Strike_G","Strike_G","Strike_G","Strike_G","Strike_G","Defend_G","Defend_G","Defend_G","Defend_G","Defend_G","Survivor","Neutralize","Accuracy","Terror","Deflect","PiercingWail","Poisoned Stab","Backstab","Noxious Fumes","Caltrops","Cloak And Dagger","Poisoned Stab","Deflect","Cloak And Dagger","Burst","CurseOfTheBell","Dagger Spray+1","Bane","Footwork","Catalyst","Deadly Poison","Writhe","Poisoned Stab","Phantasmal Killer","PiercingWail"],"relics":["Ring of the Snake","CaptainsWheel","Kunai","Happy Flower","White Beast Statue","Calling Bell","Nunchaku","Singing Bowl","Ginger","Red Mask","FossilizedHelix","Akabeko","Strawberry"],"acts_visited":["Exordium","TheCity"],"potions_floor_usage":[33],"damage_taken":[{"damage":0.0,"enemies":"Cultist","floor":1.0,"turns":4.0},{"damage":6.0,"enemies":"Jaw Worm","floor":2.0,"turns":5.0},{"damage":6.0,"enemies":"2 Louse","floor":4.0,"turns":3.0},{"damage":45.0,"enemies":"3 Sentries","floor":6.0,"turns":14.0},{"damage":2.0,"enemies":"Exordium Wildlife","floor":7.0,"turns":6.0},{"damage":3.0,"enemies":"2 Fungi Beasts","floor":10.0,"turns":3.0},{"damage":7.0,"enemies":"Lagavulin","floor":11.0,"turns":7.0},{"damage":0.0,"enemies":"Large Slime","floor":12.0,"turns":5.0},{"damage":8.0,"enemies":"3 Sentries","floor":13.0,"turns":7.0},{"damage":1.0,"enemies":"Gremlin Gang","floor":14.0,"turns":5.0},{"damage":4.0,"enemies":"The Guardian","floor":16.0,"turns":10.0},{"damage":7.0,"enemies":"Spheric Guardian","floor":18.0,"turns":5.0},{"damage":23.0,"enemies":"Masked Bandits","floor":19.0,"turns":6.0},{"damage":3.0,"enemies":"Shell Parasite","floor":20.0,"turns":7.0},{"damage":17.0,"enemies":"Centurion and Healer","floor":22.0,"turns":8.0},{"damage":26.0,"enemies":"Cultist and Chosen","floor":25.0,"turns":7.0},{"damage":0.0,"enemies":"Snecko","floor":27.0,"turns":4.0},{"damage":22.0,"enemies":"Slavers","floor":29.0,"turns":7.0},{"damage":59,"enemies":"Automaton","floor":33,"turns":10}],"seed_played":"-3962244086005763899","potions_obtained":[{"floor":5.0,"key":"GamblersBrew"},{"floor":5.0,"key":"FairyPotion"},{"floor":5.0,"key":"LiquidMemories"},{"floor":6.0,"key":"Swift Potion"},{"floor":11.0,"key":"Fire Potion"},{"floor":14.0,"key":"PowerPotion"},{"floor":18.0,"key":"Dexterity Potion"},{"floor":19.0,"key":"SteroidPotion"},{"floor":20.0,"key":"Ancient Potion"},{"floor":27.0,"key":"CunningPotion"},{"floor":29.0,"key":"Ancient Potion"}],"is_trial":false,"path_per_floor":["M","M","?","M","?","E","M","R","T","M","E","M","E","M","R","B",null,"M","?","M","$","M","R","?","M","T","M","R","E","R","?","R","B"],"character_chosen":"THE_SILENT","items_purchased":["Accuracy","Terror","Footwork","Catalyst","FossilizedHelix"],"campfire_rested":6,"item_purchase_floors":[0,0,21,21,21],"current_hp_per_floor":[70,64,53,47,47,2,21,42,42,39,32,32,24,23,44,40,70,65,42,39,39,22,43,43,17,17,17,38,23,46,31,56,0,0],"gold":286,"neow_bonus":"","is_daily":false,"chose_seed":false,"campfire_upgraded":0,"win_rate":0.0,"timestamp":1611705748,"path_taken":["M","M","?","M","?","E","M","R","T","M","E","M","E","M","R","BOSS","M","?","M","$","M","R","?","M","T","M","R","E","R","?","R","BOSS"],"items_purchased_type":["Card","Card","Card","Card","Relic"],"build_version":"2020-12-22","purchased_purges":0,"victory":false,"max_hp_per_floor":[70,70,70,70,70,70,70,70,70,70,70,70,70,70,70,70,70,72,72,72,72,72,72,72,72,72,72,72,79,79,84,84,84,84],"card_choices":[{"not_picked":["Skewer","Outmaneuver"],"picked":"Deflect","floor":1.0},{"not_picked":["Slice","Catalyst"],"picked":"PiercingWail","floor":2.0},{"not_picked":["Deflect","Flying Knee"],"picked":"Poisoned Stab","floor":4.0},{"not_picked":["Flechettes","Accuracy"],"picked":"Backstab","floor":6.0},{"not_picked":["Predator","Outmaneuver"],"picked":"Noxious Fumes","floor":7.0},{"not_picked":["Deadly Poison","Crippling Poison"],"picked":"Caltrops","floor":10.0},{"not_picked":["Endless Agony","Corpse Explosion"],"picked":"Cloak And Dagger","floor":11.0},{"not_picked":["Expertise","Underhanded Strike"],"picked":"Poisoned Stab","floor":12.0},{"not_picked":["Terror","Expertise"],"picked":"Deflect","floor":13.0},{"not_picked":["Deadly Poison","Deflect"],"picked":"Cloak And Dagger","floor":14.0},{"not_picked":["Night Terror","A Thousand Cuts"],"picked":"Burst","floor":16.0},{"not_picked":["Acrobatics","Dodge and Roll","Escape Plan"],"picked":"Singing Bowl","floor":18.0},{"not_picked":["Sucker Punch+1","Expertise"],"picked":"Dagger Spray+1","floor":19.0},{"not_picked":["Backflip","Expertise"],"picked":"Bane","floor":20.0},{"not_picked":["Outmaneuver","Unload"],"picked":"Deadly Poison","floor":22.0},{"not_picked":["Prepared","Dagger Throw"],"picked":"Poisoned Stab","floor":25.0},{"not_picked":["Flying Knee+1","Quick Slash"],"picked":"Phantasmal Killer","floor":27.0},{"not_picked":["Dagger Spray","Sucker Punch"],"picked":"PiercingWail","floor":29.0}],"player_experience":413593,"relics_obtained":[{"floor":6.0,"key":"CaptainsWheel"},{"floor":9.0,"key":"Kunai"},{"floor":11.0,"key":"Happy Flower"},{"floor":13.0,"key":"White Beast Statue"},{"floor":17.0,"key":"Nunchaku"},{"floor":17.0,"key":"Singing Bowl"},{"floor":17.0,"key":"Ginger"},{"floor":19.0,"key":"Red Mask"},{"floor":29.0,"key":"Strawberry"}],"event_choices":[{"damage_healed":0.0,"max_hp_gain":0.0,"max_hp_loss":0.0,"gold_gain":75.0,"event_name":"World of Goop","player_choice":"Gather Gold","floor":3.0,"gold_loss":0.0,"damage_taken":11.0},{"damage_healed":0.0,"max_hp_gain":0.0,"max_hp_loss":0.0,"gold_gain":0.0,"event_name":"Lab","player_choice":"Got Potions","floor":5.0,"gold_loss":0.0,"damage_taken":0.0},{"damage_healed":0.0,"max_hp_gain":0.0,"max_hp_loss":0.0,"gold_gain":0.0,"event_name":"Masked Bandits","player_choice":"Fought Bandits","floor":19.0,"gold_loss":0.0,"damage_taken":0.0},{"damage_healed":0.0,"max_hp_gain":0.0,"max_hp_loss":0.0,"gold_gain":0.0,"event_name":"The Mausoleum","player_choice":"Opened","floor":24.0,"gold_loss":0.0,"damage_taken":0.0,"relics_obtained":["Akabeko"],"cards_obtained":["Writhe"]},{"damage_healed":0.0,"max_hp_gain":5.0,"max_hp_loss":0.0,"gold_gain":0.0,"event_name":"Forgotten Altar","player_choice":"Shed Blood","floor":31.0,"gold_loss":0.0,"damage_taken":20.0}],"is_beta":false,"boss_relics":[{"not_picked":["Pandora\u0027s Box","Empty Cage"],"picked":"Calling Bell"}],"items_purged_floors":[],"is_endless":false,"potions_floor_spawned":[6,11,14,16,18,19,20,22,25,27,29],"killed_by":"Automaton","ascension_level":1}}