{"host":"q57ekfojy3i00x9o","time":1611773091,"event":{"mods":["Arknights The Spire","Aspiration","BaseMod","Colored Map","Energized Spire","Hermit","Minty Spire (QoL Compilation)","Quick Restart","Spicy Shops","Spikes Relics","StSLib","slay the spire mod where everything is the same but ironclad has a cowboy hat"],"gold_per_floor":[114,114,124,140,315,315,345,345,368,368,384,384,395,409,409,507,507,523,253,269,289,289,289,289,303,303,317,317,329,329,354,354,456,456,469,744,401,411,428,428,10,29,56,86,86,86,136,146,146,146],"floor_reached":51,"language":"RUS","playtime":1360,"items_purged":["Doubt","Regret","Writhe","ats:Strike V"],"score":864,"play_id":"e00ebd34-f738-4b53-a920-245ea14c65ba","local_time":"20210127234451","is_ascension_mode":true,"campfire_choices":[{"data":"ats:Closed Bolt Burst Fire","floor":6.0,"key":"SMITH"},{"data":"ats:Hammer On","floor":10.0,"key":"SMITH"},{"floor":15.0,"key":"REST"},{"data":"ats:Poison Spread","floor":23.0,"key":"SMITH"},{"data":"ats:Nebulous Foxfire","floor":28.0,"key":"SMITH"},{"data":"ats:Magnetic Hammer","floor":30.0,"key":"SMITH"},{"data":"ats:Powerful Strike","floor":32.0,"key":"SMITH"},{"floor":40.0,"key":"REST"},{"data":"ats:Disruption Kick","floor":46.0,"key":"SMITH"},{"data":"ats:Thorns","floor":49,"key":"SMITH"}],"circlet_count":0,"master_deck":["ats:Strike C","ats:Strike S","ats:Armor Crushing Shot","ats:Defend+1","ats:Defend","ats:Defend","ats:Defend","ats:Emotion Absorption+1","ats:Powerful Strike+1","ats:Hammer On+1","ats:Closed Bolt Burst Fire+1","ats:Leaping Hammer","ats:Sashimi Platter","ats:Powerful Strike+1","ats:Apocalypse","ats:Nebulous Foxfire+1","ats:Closed Bolt Burst Fire+1","ats:Blood Oath","ats:Poison Spread+1","ats:Explosion Area Strengthen+1","ats:Explosion Area Strengthen+1","ats:Sword Rain+1","ats:Magnetic Hammer+1","ats:Closed Bolt Burst Fire+1","ats:Disruption Kick+1","ats:Poison Spread+1","Writhe","ats:Explosion Area Strengthen","ats:Revitalization","ats:Poison Spread+1","ats:Magnetic Hammer","ats:Encircling Forest+1","Writhe","ats:Thorns+1","ats:Red Shift+1"],"relics":["ats:Sanity","NeowsBlessing","ats:Originium","SpikesRelics:ToyHorsey","War Paint","Pantograph","Philosopher\u0027s Stone","Vajra","Question Card","RoseTintedShades","Smiling Mask","Sandwich","Kunai","HandDrill","aspiration:KaomsHeart"],"acts_visited":["Exordium","TheCity","TheBeyond"],"potions_floor_usage":[50],"damage_taken":[{"damage":0.0,"enemies":"Small Slimes","floor":1.0,"turns":1.0},{"damage":0.0,"enemies":"Cultist","floor":3.0,"turns":1.0},{"damage":0.0,"enemies":"Jaw Worm","floor":4.0,"turns":1.0},{"damage":30.0,"enemies":"3 Sentries","floor":7.0,"turns":9.0},{"damage":9.0,"enemies":"Lots of Slimes","floor":11.0,"turns":3.0},{"damage":25.0,"enemies":"Exordium Thugs","floor":13.0,"turns":3.0},{"damage":0.0,"enemies":"Blue Slaver","floor":14.0,"turns":1.0},{"damage":101.0,"enemies":"The Guardian","floor":16.0,"turns":10.0},{"damage":0.0,"enemies":"Spheric Guardian","floor":18.0,"turns":3.0},{"damage":4.0,"enemies":"Chosen","floor":20.0,"turns":3.0},{"damage":41.0,"enemies":"Snake Plant","floor":21.0,"turns":3.0},{"damage":10.0,"enemies":"Chosen and Byrds","floor":25.0,"turns":4.0},{"damage":20.0,"enemies":"Centurion and Healer","floor":27.0,"turns":4.0},{"damage":24.0,"enemies":"Snake Plant","floor":29.0,"turns":4.0},{"damage":11.0,"enemies":"Gremlin Leader","floor":31.0,"turns":5.0},{"damage":36.0,"enemies":"Champ","floor":33.0,"turns":10.0},{"damage":0.0,"enemies":"3 Darklings","floor":35.0,"turns":2.0},{"damage":14.0,"enemies":"Orb Walker","floor":38.0,"turns":3.0},{"damage":28.0,"enemies":"Spire Growth","floor":39.0,"turns":3.0},{"damage":45.0,"enemies":"Writhing Mass","floor":42.0,"turns":4.0},{"damage":41.0,"enemies":"Nemesis","floor":44.0,"turns":6.0},{"damage":0.0,"enemies":"Mind Bloom Boss Battle","floor":47.0,"turns":3.0},{"damage":15,"enemies":"Transient","floor":48,"turns":5},{"damage":140,"enemies":"Time Eater","floor":50,"turns":14}],"seed_played":"5359325966977678070","potions_obtained":[{"floor":1.0,"key":"PowerPotion"},{"floor":13.0,"key":"DuplicationPotion"},{"floor":14.0,"key":"SkillPotion"},{"floor":21.0,"key":"Dexterity Potion"},{"floor":25.0,"key":"SkillPotion"},{"floor":27.0,"key":"BlessingOfTheForge"},{"floor":29.0,"key":"SpeedPotion"},{"floor":38.0,"key":"Energy Potion"},{"floor":42.0,"key":"GamblersBrew"},{"floor":48,"key":"Weak Potion"}],"is_trial":false,"path_per_floor":["M","?","M","M","?","R","E","?","T","R","M","T","M","M","R","B",null,"M","$","M","M","?","R","?","M","T","M","R","M","R","E","R","B",null,"M","?","$","M","M","R","$","M","T","E","?","R","?","M","R","B",null],"character_chosen":"DOCTOR_CLASS","items_purchased":["Vajra","ats:Blood Oath","Kunai","ats:Explosion Area Strengthen","ats:Revitalization","HandDrill","aspiration:KaomsHeart"],"campfire_rested":2,"item_purchase_floors":[19,19,37,37,37,37,41],"current_hp_per_floor":[72,72,72,72,72,72,42,42,42,42,33,33,16,16,37,42,72,72,72,68,48,72,72,72,68,68,68,68,54,54,65,65,59,72,72,72,72,72,47,68,168,136,136,109,152,152,172,157,157,80],"gold":146,"neow_bonus":"THREE_ENEMY_KILL","is_daily":false,"chose_seed":false,"campfire_upgraded":8,"win_rate":0.0,"timestamp":1611773091,"path_taken":["M","?","M","?","?","R","E","?","T","R","?","?","M","M","R","BOSS","M","$","M","?","?","R","?","M","T","M","R","M","R","E","R","BOSS","M","?","$","M","?","R","$","?","T","E","?","R","?","M","R","BOSS"],"items_purchased_type":["Relic","Card","Relic","Card","Card","Relic","Relic"],"build_version":"2020-12-22","purchased_purges":4,"victory":true,"max_hp_per_floor":[72,72,72,72,72,72,72,72,72,72,72,72,72,72,72,72,72,72,72,72,72,72,72,72,72,72,72,72,72,72,72,72,72,72,72,72,72,72,72,72,172,172,172,172,172,172,172,172,172,172],"card_choices":[{"not_picked":["ats:Flame Of Heaven","ats:Assault Order"],"picked":"ats:Powerful Strike","floor":1.0},{"not_picked":["ats:Ignite","ats:Guard Mode"],"picked":"ats:Hammer On","floor":3.0},{"not_picked":["ats:Support Order","ats:Magnetic Hammer"],"picked":"ats:Closed Bolt Burst Fire","floor":4.0},{"not_picked":["ats:Curse Doll","ats:Blood Oath"],"picked":"ats:Leaping Hammer","floor":7.0},{"not_picked":["ats:Burning Ground","ats:Sunburst"],"picked":"ats:Sashimi Platter","floor":11.0},{"not_picked":["ats:Flexible Camouflage","ats:Very Hot Blade"],"picked":"ats:Powerful Strike","floor":13.0},{"not_picked":["ats:Sashimi Platter","ats:Soul Absorption"],"picked":"ats:Apocalypse","floor":14.0},{"not_picked":["ats:Roar Of Ursus","ats:Durian"],"picked":"ats:Nebulous Foxfire","floor":16.0},{"not_picked":["ats:Ignite","ats:Thermite Blade"],"picked":"ats:Closed Bolt Burst Fire+1","floor":18.0},{"not_picked":["ats:Hammer On+1","ats:Serious Mode"],"picked":"ats:Poison Spread","floor":20.0},{"not_picked":["ats:Guardian Obelisk","ats:Powerful Strike+1"],"picked":"ats:Explosion Area Strengthen+1","floor":21.0},{"not_picked":["ats:Soul Absorption","ats:Burning Ground","ats:Guardian Obelisk"],"picked":"ats:Explosion Area Strengthen+1","floor":25.0},{"not_picked":["ats:Counter Healing Mode+1","ats:Revitalization","ats:Mental Burst"],"picked":"ats:Sword Rain+1","floor":27.0},{"not_picked":["ats:Thermite Blade+1","ats:Explosion Area Strengthen","ats:Cat Scratch"],"picked":"ats:Magnetic Hammer","floor":29.0},{"not_picked":["ats:Guardian Obelisk","ats:Hook Shot+1","ats:Apocalypse"],"picked":"ats:Closed Bolt Burst Fire+1","floor":31.0},{"not_picked":["ats:Rat Pack","ats:Durian","ats:Wolf Pack"],"picked":"ats:Disruption Kick","floor":33.0},{"not_picked":["ats:Curse Doll","ats:Blood Oath+1","ats:Collapsing Strike"],"picked":"ats:Poison Spread+1","floor":35.0},{"not_picked":["ats:Consecutive Shot Auto","ats:Very Hot Blade+1","ats:Sashimi Platter+1"],"picked":"ats:Poison Spread+1","floor":38.0},{"not_picked":["ats:Blood Oath","ats:Defend Order+1","ats:Consecutive Shot Auto"],"picked":"ats:Magnetic Hammer","floor":39.0},{"not_picked":["ats:Revitalization","ats:Assault Order","ats:Demon Strength","ats:Beaten Up+1"],"picked":"SKIP","floor":42.0},{"not_picked":["ats:Flexible Camouflage","ats:Soul Absorption+1","ats:Blood Oath"],"picked":"ats:Encircling Forest+1","floor":44.0},{"not_picked":["ats:Blood Oath+1","ats:Soul Absorption+1","ats:Volcano"],"picked":"ats:Thorns","floor":47.0},{"not_picked":["ats:Collapsing Strike+1","ats:Thermite Blade+1","ats:Poison Spread"],"picked":"ats:Red Shift+1","floor":48}],"player_experience":735748,"relics_obtained":[{"floor":7.0,"key":"ats:Originium"},{"floor":7.0,"key":"SpikesRelics:ToyHorsey"},{"floor":9.0,"key":"War Paint"},{"floor":12.0,"key":"Pantograph"},{"floor":26.0,"key":"RoseTintedShades"},{"floor":31.0,"key":"ats:Originium"},{"floor":31.0,"key":"Smiling Mask"},{"floor":43.0,"key":"aspiration:KMNothing"},{"floor":44.0,"key":"ats:Originium"},{"floor":44.0,"key":"aspiration:KMNothing"},{"floor":47.0,"key":"aspiration:KMNothing"}],"event_choices":[{"cards_removed":["ats:Strike G"],"damage_healed":0.0,"max_hp_gain":0.0,"max_hp_loss":0.0,"gold_gain":0.0,"event_name":"Bonfire Elementals","player_choice":"Offered Basic","floor":2.0,"gold_loss":0.0,"damage_taken":0.0},{"damage_healed":0.0,"max_hp_gain":0.0,"max_hp_loss":0.0,"gold_gain":175.0,"event_name":"Liars Game","player_choice":"AGREE","floor":5.0,"gold_loss":0.0,"damage_taken":0.0,"cards_obtained":["Doubt"]},{"damage_healed":0.0,"max_hp_gain":0.0,"max_hp_loss":0.0,"gold_gain":0.0,"event_name":"Accursed Blacksmith","player_choice":"Forge","floor":8.0,"gold_loss":0.0,"damage_taken":0.0,"cards_upgraded":["ats:Powerful Strike"]},{"damage_healed":24.0,"max_hp_gain":0.0,"max_hp_loss":0.0,"gold_gain":0.0,"event_name":"The Library","player_choice":"Heal","floor":22.0,"gold_loss":0.0,"damage_taken":0.0},{"damage_healed":0.0,"max_hp_gain":0.0,"max_hp_loss":0.0,"gold_gain":0.0,"event_name":"The Mausoleum","player_choice":"Opened","floor":24.0,"gold_loss":0.0,"damage_taken":0.0,"relics_obtained":["Question Card"],"cards_obtained":["Writhe"]},{"damage_healed":0.0,"max_hp_gain":0.0,"max_hp_loss":0.0,"gold_gain":275.0,"event_name":"Golden Shrine","player_choice":"Desecrate","floor":36.0,"gold_loss":0.0,"damage_taken":0.0,"cards_obtained":["Regret"]},{"damage_healed":43.0,"max_hp_gain":0.0,"max_hp_loss":0.0,"gold_gain":0.0,"event_name":"Winding Halls","player_choice":"Writhe","floor":45.0,"gold_loss":0.0,"damage_taken":0.0,"cards_obtained":["Writhe"]},{"damage_healed":0.0,"max_hp_gain":0.0,"max_hp_loss":0.0,"gold_gain":0.0,"event_name":"MindBloom","player_choice":"Fight","floor":47.0,"gold_loss":0.0,"damage_taken":0.0}],"is_beta":false,"boss_relics":[{"not_picked":["aspiration:IroncladSkillbook","Calling Bell"],"picked":"Philosopher\u0027s Stone"},{"not_picked":["Snecko Eye","Velvet Choker"],"picked":"Sandwich"}],"items_purged_floors":[19,37,37,41],"is_endless":false,"potions_floor_spawned":[1,13,14,21,25,27,29,38,42,48],"ascension_level":2}}