{"host":"6r9t33axn0fzb9aq","time":1611768710,"event":{"mods":["Aspiration","BaseMod","Better Altar","Better Match","Better Note","Better Third Choice","CatGirl Mod","Clockwork Mod","Colored Map","Colored Powertips","Conspire","Curses Come First","Custom Start","Energized Spire","Halation","Hubris","Infinite Spire","Koishi","Marisa????????","Minty Spire (QoL Compilation)","Onozuka Komachi Mod","Poor People Problems","Reliquary","Remilia??????","Replay The Spire","Reworked Bosses","Shade Mod","Spicy Shops","Spire Arcade","StSLib","The Blue Laboratory","The Cursed","The Death Knight","The Hierophant","The Marked","The Necromancer","The Servant 0.9.4","TheHero","Trackpad","Waifu the Spire","Wandering Minibosses"],"gold_per_floor":[116,116,128,128,203,231,249,96,96,112,136,136,136,146,146,242,242,259,259,271,288,288,288,320,320,320,320,359,382,305,326,326,463,463,483,583,599,599,621,621,721,721,771,709,733,755,770,809,809,821,821,821,115,158,198],"floor_reached":56,"language":"ENG","playtime":3976,"items_purged":[],"score":1290,"play_id":"289fb6ab-239e-4577-996f-b1cf813034c2","local_time":"20210127173150","is_ascension_mode":false,"campfire_choices":[{"data":"Koishi:ImGoingToCallYouNow","floor":15.0,"key":"SMITH"},{"data":"Koishi:ImGoingToCallYouNow","floor":23.0,"key":"SMITH"},{"data":"Koishi:ImGoingToCallYouNow","floor":25.0,"key":"SMITH"},{"data":"Koishi:EmbryosDream","floor":27.0,"key":"SMITH"},{"data":"Koishi:PredatoryInstincts","floor":32.0,"key":"SMITH"},{"data":"Koishi:HeartStoppingHorror","floor":40.0,"key":"SMITH"},{"floor":42.0,"key":"RECALL"},{"data":"Koishi:BramblyRoseGarden","floor":49.0,"key":"SMITH"},{"data":"Koishi:ApparitionsStalkTheNight","floor":52.0,"key":"SMITH"}],"circlet_count":0,"master_deck":["Koishi:BasicStrike","Koishi:BasicStrike","Koishi:BasicStrike","Koishi:BasicStrike+1","Koishi:BasicDefend","Koishi:BasicDefend","Koishi:BasicDefend","Koishi:BasicDefend","Koishi:Provoke","Koishi:HauntingSlash","Koishi:ParalyzingFear","Koishi:Catatonia","Koishi:Catatonia","Koishi:PredatoryInstincts+1","Koishi:BramblyRoseGarden+1","Koishi:RacingHeart+1","Koishi:ImGoingToCallYouNow+1","Koishi:ImGoingToCallYouNow+1","Koishi:StingingMind","Koishi:ImGoingToCallYouNow+1","Koishi:FidgetySnatcher+1","infinitespire:Fortify","Koishi:ApparitionsStalkTheNight+1","Koishi:DreadfulBlow","Koishi:EmbryosDream+1","Koishi:EmbersOfLove+1","Koishi:RacingHeart+1","Koishi:HeartStoppingHorror+1","Koishi:FidgetySnatcher+1","Shame","Koishi:StingingMind","Koishi:BramblyRoseGarden+1","Koishi:DreadfulBlow","Koishi:PhantomBarrier","Koishi:FidgetySnatcher+1"],"relics":["Koishi:ImaginaryFriend","NeowsBlessing","hubris:Towel","reliquary:PartyBalloon","Question Card","Blood Vial","DollysMirror","hubris:EvacipatedBox","trackpad:Coffee","Centennial Puzzle","Coffee Dripper","aspiration:FrozenJewel","infinitespire:Midas Blood","Pocketwatch","reliquary:Stiletto","Whetstone","Runic Pyramid","Anchor","Replay:Wanted Poster","hubris:Icosahedron","reliquary:RoseTintedGlasses","wanderingMiniBosses:AbyssPearl","Orichalcum","infinitespire:Bottled Soul","Cauldron","Replay:WaspNest"],"acts_visited":["Exordium","TheCity","TheBeyond","TheEnding"],"potions_floor_usage":[],"damage_taken":[{"damage":0.0,"enemies":"Cultist","floor":1.0,"turns":1.0},{"damage":0.0,"enemies":"Small Slimes","floor":3.0,"turns":1.0},{"damage":0.0,"enemies":"Lagavulin","floor":6.0,"turns":1.0},{"damage":1.0,"enemies":"2 Louse","floor":7.0,"turns":3.0},{"damage":13.0,"enemies":"Large Slime","floor":10.0,"turns":7.0},{"damage":7.0,"enemies":"Looter","floor":14.0,"turns":4.0},{"damage":32.0,"enemies":"Hexaghost","floor":16.0,"turns":7.0},{"damage":19.0,"enemies":"conspire:FuzzyDice","floor":18.0,"turns":6.0},{"damage":2.0,"enemies":"Chosen","floor":20.0,"turns":3.0},{"damage":41.0,"enemies":"Snake Plant","floor":21.0,"turns":6.0},{"damage":24.0,"enemies":"Replay:Snechameleon","floor":24.0,"turns":5.0},{"damage":30.0,"enemies":"conspire:Head Lice","floor":28.0,"turns":6.0},{"damage":10.0,"enemies":"Snecko","floor":31.0,"turns":5.0},{"damage":18.0,"enemies":"conspire:MysteriousRune","floor":33.0,"turns":7.0},{"damage":21.0,"enemies":"Orb Walker","floor":35.0,"turns":3.0},{"damage":15.0,"enemies":"3 Shapes","floor":37.0,"turns":3.0},{"damage":16.0,"enemies":"Transient","floor":39.0,"turns":4.0},{"damage":27.0,"enemies":"Sphere and 2 Shapes","floor":45.0,"turns":4.0},{"damage":25.0,"enemies":"Spire Growth","floor":46.0,"turns":5.0},{"damage":14.0,"enemies":"Maw","floor":47.0,"turns":4.0},{"damage":53.0,"enemies":"Reptomancer","floor":48.0,"turns":3.0},{"damage":18.0,"enemies":"infinitespire:MassOfShapes","floor":50.0,"turns":6.0},{"damage":9.0,"enemies":"Shield and Spear","floor":54.0,"turns":6.0},{"damage":37,"enemies":"The Heart","floor":55,"turns":5}],"seed_played":"3173527137956936989","potions_obtained":[{"floor":1.0,"key":"blueLaboratory:FruitPunch"},{"floor":6.0,"key":"AttackPotion"},{"floor":16.0,"key":"blueLaboratory:BubblePotion"},{"floor":20.0,"key":"AttackPotion"},{"floor":21.0,"key":"BlessingOfTheForge"},{"floor":24.0,"key":"blueLaboratory:EmptyBottle"},{"floor":28.0,"key":"blueLaboratory:PhilterOfMotion"},{"floor":35.0,"key":"AttackPotion"},{"floor":37.0,"key":"Energy Potion"},{"floor":39.0,"key":"PowerPotion"},{"floor":46.0,"key":"DeathKnight:RimePotion"},{"floor":53.0,"key":"blueLaboratory:RememoryPotion"},{"floor":53.0,"key":"blueLaboratory:FruitPreserves"},{"floor":53.0,"key":"blueLaboratory:BottledHope"},{"floor":53.0,"key":"blueLaboratory:HorrorPotion"}],"is_trial":false,"path_per_floor":["M","$","M","?","?","E","M","$","T","M","T","?","$","M","R","B",null,"M","AVR","M","M","?","R","E","R","T","R","E","T","$","M","R","B",null,"M","AVR","M","?","M","R","?","R","T","$","M","M","M","E","R","B",null,"R","$","E","B",null],"character_chosen":"KOISHI","items_purchased":["Koishi:BramblyRoseGarden","Koishi:RacingHeart","DollysMirror","hubris:EvacipatedBox","Whetstone","reliquary:RoseTintedGlasses","Koishi:DreadfulBlow","infinitespire:Bottled Soul","Cauldron","DuplicationPotion","Koishi:PhantomBarrier"],"campfire_rested":0,"item_purchase_floors":[8,8,13,13,30,44,53,53,53,53,53],"current_hp_per_floor":[60,60,60,60,49,50,52,52,52,48,48,53,24,56,56,67,67,67,67,67,62,62,62,67,67,67,67,67,67,67,67,67,67,67,67,67,56,56,67,67,67,67,67,67,67,67,67,67,67,67,67,67,67,67,67],"gold":198,"neow_bonus":"THREE_ENEMY_KILL","is_daily":false,"chose_seed":false,"campfire_upgraded":8,"win_rate":0.0,"timestamp":1611768710,"path_taken":["M","$","?","?","?","E","M","$","T","M","?","?","?","M","R","BOSS","M","AVR","M","M","?","R","E","R","T","R","E","?","?","M","R","BOSS","M","AVR","M","?","M","R","?","R","T","$","M","?","M","E","R","BOSS","R","$","E","BOSS"],"items_purchased_type":["Card","Card","Relic","Relic","Relic","Relic","Card","Relic","Relic","Potion","Card"],"build_version":"2020-12-22","purchased_purges":0,"victory":true,"max_hp_per_floor":[60,60,60,60,60,60,62,62,62,62,62,67,67,67,67,67,67,67,67,67,67,67,67,67,67,67,67,67,67,67,67,67,67,67,67,67,67,67,67,67,67,67,67,67,67,67,67,67,67,67,67,67,67,67,67],"card_choices":[{"not_picked":["Koishi:BloodcurdlingScream","Koishi:SprinkleStarAndHeart"],"picked":"Koishi:ParalyzingFear","floor":1.0},{"not_picked":["Koishi:DNAsFlaw","Koishi:JumpScare"],"picked":"Koishi:Catatonia","floor":3.0},{"not_picked":["Koishi:CatchAndRose","Koishi:SubterraneanRose"],"picked":"Koishi:Catatonia","floor":6.0},{"not_picked":["Koishi:EmbryosDream","Koishi:ApparitionsStalkTheNight"],"picked":"Koishi:PredatoryInstincts","floor":7.0},{"not_picked":["Koishi:CatchAndRose","Koishi:UnansweredLove","Koishi:SprinkleStarAndHeart"],"picked":"Koishi:ImGoingToCallYouNow","floor":10.0},{"not_picked":["Koishi:ParalyzingFear","Koishi:Bloodlust","Koishi:SubconsciousSweep"],"picked":"Koishi:StingingMind","floor":14.0},{"not_picked":["Koishi:ConditionedTeleport","Koishi:ConfinedInnocent","Koishi:MindStellarRelief"],"picked":"Koishi:ImGoingToCallYouNow","floor":16.0},{"not_picked":["Koishi:PhantomStrike","Koishi:FormlessExistence","Koishi:Whimsy"],"picked":"Koishi:FidgetySnatcher+1","floor":18.0},{"not_picked":["Koishi:RacingHeart","Koishi:DNAsFlaw","Koishi:DreadfulBlow"],"picked":"Koishi:ApparitionsStalkTheNight","floor":20.0},{"not_picked":["Koishi:UnseenTerror","Koishi:BramblyRoseGarden+1","Koishi:UnansweredLove"],"picked":"Koishi:DreadfulBlow","floor":21.0},{"not_picked":["Koishi:RuptureMind","Koishi:FourthEye","Koishi:MentalBreakdown"],"picked":"Koishi:EmbryosDream","floor":24.0},{"not_picked":["Koishi:Jaunt","Koishi:Catatonia","Koishi:Heartbroken"],"picked":"Koishi:EmbersOfLove+1","floor":28.0},{"not_picked":["Koishi:RorschachInDanmaku+1","Koishi:ReflexRadar","Koishi:SuperEgo"],"picked":"Koishi:RacingHeart+1","floor":31.0},{"not_picked":["Koishi:GrowingPain","Koishi:Heartbroken","Koishi:FormlessExistence"],"picked":"Koishi:HeartStoppingHorror","floor":33.0},{"not_picked":["Koishi:GhostParty+1","Koishi:UnansweredLove","Koishi:PhantomBarrier"],"picked":"Koishi:FidgetySnatcher+1","floor":35.0},{"not_picked":["Koishi:PhantomStrike","Koishi:PhantomBarrier","Koishi:GrowingPain","Koishi:GeneticsOfTheUnconscious+1"],"picked":"SKIP","floor":37.0},{"not_picked":["Koishi:EmbersOfLove+1","Koishi:SubterraneanRose","Koishi:FleetingPhantom+1","Koishi:ParalyzingFear+1"],"picked":"SKIP","floor":39.0},{"not_picked":["Koishi:Whimsy+1","Koishi:Vanish","Koishi:PhilosophyOfTheDespised"],"picked":"Koishi:StingingMind","floor":45.0},{"not_picked":["Koishi:PhantomStrike","Koishi:PhilosophyOfTheDespised+1","Koishi:SubterraneanRose+1","Koishi:FreudianInstinct+1"],"picked":"SKIP","floor":46.0},{"not_picked":["Koishi:ReflexRadar","Koishi:GeneticsOfTheUnconscious+1","Koishi:SpiritedAway+1","Koishi:UnansweredLove+1"],"picked":"SKIP","floor":47.0},{"not_picked":["Koishi:FourthEye+1","Koishi:ConditionedTeleport","Koishi:SubconsciousSweep+1"],"picked":"Koishi:BramblyRoseGarden","floor":48.0},{"not_picked":["Koishi:GhostParty+1","Koishi:SubterraneanRose","Koishi:HeartAttack"],"picked":"Koishi:FidgetySnatcher+1","floor":54.0}],"player_experience":409949,"relics_obtained":[{"floor":6.0,"key":"reliquary:PartyBalloon"},{"floor":9.0,"key":"Question Card"},{"floor":11.0,"key":"Blood Vial"},{"floor":24.0,"key":"aspiration:FrozenJewel"},{"floor":26.0,"key":"infinitespire:Midas Blood"},{"floor":28.0,"key":"Pocketwatch"},{"floor":29.0,"key":"reliquary:Stiletto"},{"floor":46.0,"key":"wanderingMiniBosses:AbyssPearl"},{"floor":48.0,"key":"Orichalcum"},{"floor":54.0,"key":"Replay:WaspNest"}],"event_choices":[{"damage_healed":0.0,"max_hp_gain":0.0,"max_hp_loss":0.0,"gold_gain":75.0,"event_name":"betterThird:BetterGoop","player_choice":"Gold","floor":5.0,"gold_loss":0.0,"damage_taken":11.0},{"damage_healed":0.0,"max_hp_gain":5.0,"max_hp_loss":0.0,"gold_gain":0.0,"event_name":"Big Fish","player_choice":"Donut","floor":12.0,"gold_loss":0.0,"damage_taken":0.0},{"damage_healed":0.0,"max_hp_gain":0.0,"max_hp_loss":0.0,"gold_gain":0.0,"event_name":"Upgrade Shrine","player_choice":"Upgraded","floor":22.0,"gold_loss":0.0,"damage_taken":0.0,"cards_upgraded":["Koishi:BramblyRoseGarden"]},{"damage_healed":0.0,"max_hp_gain":0.0,"max_hp_loss":0.0,"gold_gain":100.0,"event_name":"Golden Shrine","player_choice":"Pray","floor":41.0,"gold_loss":0.0,"damage_taken":0.0}],"is_beta":false,"boss_relics":[{"not_picked":["reliquary:Ember","Replay:Grab Bag","Philosopher\u0027s Stone"],"picked":"trackpad:Coffee"},{"not_picked":["energizedSpire:NeverEndingSparkler","aspiration:FutureDiary","Velvet Choker"],"picked":"Runic Pyramid"}],"items_purged_floors":[],"is_endless":false,"potions_floor_spawned":[1,6,16,20,21,24,28,35,37,39,46],"ascension_level":0}}