{"host":"oz4ht6ec7xzo36kd","time":1611757681,"event":{"mods":["Act Like it!","BaseMod","Friendly Minions","Marisa¡]Ãú«B¡@Å]²z¨F¡^","Minty Spire (QoL Compilation)","Remilia¡]Á¢¦Ì²ú?¡^","StSLib","The Marked","The Servant 0.9.4","WarShipGirlsR/??¤Ö¤kR mod","Youmu¡]»î¾z§¯?¡^"],"gold_per_floor":[114,32,47,64,64,95,114,114,114,145,7,7,7,22,22,152,152,167,167,167,167,187,187,187],"floor_reached":23,"language":"ZHT","playtime":801,"items_purged":[],"score":299,"play_id":"8fc9a2f1-7195-4558-a797-66856bf5eb5f","local_time":"20210127222801","is_ascension_mode":false,"campfire_choices":[{"floor":8,"key":"RECALL"},{"data":"Apotheosis","floor":12,"key":"SMITH"},{"floor":15,"key":"REST"}],"circlet_count":0,"master_deck":["rmod:defend","rmod:defend","rmod:defend","rmod:basicallowance","rmod:maingunfire","rmod:advancebysurprise","rmod:salvage","rmod:chargemoney","rmod:luckystar+1","rmod:fletcherpendant","rmod:firesupport","Injury","rmod:fletcherpendant","rmod:fuelsupply","rmod:stealaluminum","rmod:steelsupply","Apotheosis+1","rmod:fletcher+1","rmod:intelligenceanalysis","rmod:fletcherpendant+1","rmod:abidefaith","rmod:fletcherpendant","rmod:openingtorpedo+1","Bite","Bite","Bite","Bite","Bite","RitualDagger","rmod:slowdown"],"relics":["rmod:firstchargereward","Golden Idol","Whetstone","The Courier","rmod:equipmentrecovery","Black Star"],"acts_visited":["Exordium","TheCity"],"potions_floor_usage":[6,6,16,18],"damage_taken":[{"damage":0,"enemies":"Small Slimes","floor":1,"turns":1},{"damage":5,"enemies":"2 Louse","floor":3,"turns":2},{"damage":5,"enemies":"Jaw Worm","floor":4,"turns":3},{"damage":11,"enemies":"3 Sentries","floor":6,"turns":3},{"damage":10,"enemies":"Looter","floor":7,"turns":2},{"damage":25,"enemies":"Lagavulin","floor":10,"turns":6},{"damage":0,"enemies":"3 Louse","floor":14,"turns":3},{"damage":0,"enemies":"Slime Boss","floor":16,"turns":6},{"damage":6,"enemies":"3 Byrds","floor":18,"turns":4},{"damage":42,"enemies":"Shell Parasite","floor":22,"turns":6},{"damage":27,"enemies":"Gremlin Leader","floor":23,"turns":5}],"seed_played":"7787721366448565162","potions_obtained":[{"floor":1,"key":"ColorlessPotion"},{"floor":4,"key":"Explosive Potion"},{"floor":6,"key":"SkillPotion"},{"floor":7,"key":"SteroidPotion"},{"floor":16,"key":"Fruit Juice"}],"is_trial":false,"path_per_floor":["M","$","M","M","?","E","M","R","T","E","$","R","?","M","R","B",null,"M","?","?","?","M","E"],"character_chosen":"PRAEFECT","items_purchased":["rmod:chargemoney","Apotheosis"],"campfire_rested":1,"item_purchase_floors":[2,11],"current_hp_per_floor":[75,75,70,65,65,54,44,44,44,19,19,19,16,16,38,38,75,74,58,56,50,17,0,0],"gold":187,"neow_bonus":"TRANSFORM_CARD","is_daily":false,"chose_seed":false,"campfire_upgraded":1,"win_rate":0.0,"timestamp":1611757681,"path_taken":["M","$","M","M","?","E","M","R","T","E","$","R","?","M","R","BOSS","M","?","?","?","M","E"],"items_purchased_type":["Card","Card"],"build_version":"2020-12-22","purchased_purges":0,"victory":false,"max_hp_per_floor":[75,75,75,75,75,75,75,75,75,75,75,75,75,75,75,75,75,80,80,56,56,56,56,56],"card_choices":[{"not_picked":["rmod:ammunitionsupply","rmod:aviationdawn"],"picked":"rmod:salvage","floor":1},{"not_picked":["rmod:wolves","rmod:tearstotiara"],"picked":"rmod:luckystar","floor":3},{"not_picked":["rmod:aviationdawn","rmod:slowdown"],"picked":"rmod:firesupport","floor":4},{"not_picked":["rmod:gendarmerie","rmod:luckystar"],"picked":"rmod:fuelsupply","floor":6},{"not_picked":["rmod:victimresponsibility","rmod:sl"],"picked":"rmod:stealaluminum","floor":7},{"not_picked":["rmod:tearstotiara","rmod:ammunitionsupply"],"picked":"rmod:steelsupply","floor":10},{"not_picked":["rmod:lonelyqueen","rmod:steelsupply"],"picked":"rmod:intelligenceanalysis","floor":14},{"not_picked":["rmod:supriseattacks","rmod:windflower"],"picked":"rmod:abidefaith","floor":16},{"not_picked":["rmod:luckystar","rmod:launchingtorpedo+1"],"picked":"rmod:openingtorpedo+1","floor":18},{"not_picked":["rmod:intelligenceanalysis","rmod:aviationdawn"],"picked":"rmod:slowdown","floor":22}],"player_experience":405925,"relics_obtained":[{"floor":6,"key":"Whetstone"},{"floor":10,"key":"The Courier"}],"event_choices":[{"damage_healed":0,"gold_gain":0,"player_choice":"Take Wound","damage_taken":0,"relics_obtained":["Golden Idol"],"max_hp_gain":0,"max_hp_loss":0,"event_name":"Golden Idol","floor":5,"gold_loss":0,"cards_obtained":["Injury"]},{"damage_healed":0,"gold_gain":0,"player_choice":"Success","damage_taken":3,"relics_obtained":["rmod:equipmentrecovery"],"max_hp_gain":0,"max_hp_loss":0,"event_name":"Scrap Ooze","floor":13,"gold_loss":0},{"damage_healed":0,"gold_gain":0,"player_choice":"Obtained Book","damage_taken":16,"max_hp_gain":0,"max_hp_loss":0,"event_name":"Cursed Tome","floor":19,"gold_loss":0},{"damage_healed":0,"gold_gain":0,"player_choice":"Became a vampire","damage_taken":0,"max_hp_gain":0,"max_hp_loss":24,"event_name":"Vampires","floor":20,"gold_loss":0,"cards_obtained":["Bite","Bite","Bite","Bite","Bite"]},{"damage_healed":0,"gold_gain":0,"player_choice":"Joined the Cult","damage_taken":6,"max_hp_gain":0,"max_hp_loss":0,"event_name":"Nest","floor":21,"gold_loss":0,"cards_obtained":["RitualDagger"]}],"is_beta":false,"boss_relics":[{"not_picked":["Busted Crown","Cursed Key"],"picked":"Black Star"}],"items_purged_floors":[],"is_endless":false,"potions_floor_spawned":[1,4,6,7,16],"killed_by":"Gremlin Leader","ascension_level":0}}