{"host":"opyh6vr790e42ffe","time":1611779554,"event":{"mods":["BaseMod","Bestiary","Colored Map","Downfall","Highlight Path","Minty Spire (QoL Compilation)","Relic Stats","StSLib"],"gold_per_floor":[349,365,379,27,27,27,50,50,70,70,96,96,113,123,140,140,140],"floor_reached":16,"language":"ENG","playtime":865,"items_purged":[],"score":92,"play_id":"567a1332-5af9-4fb0-ae24-a7f16c604c0f","local_time":"20210127123234","is_ascension_mode":false,"campfire_choices":[{"floor":1,"key":"RECALL"},{"data":"bronze:Fortify","floor":6,"key":"SMITH"},{"data":"bronze:Repulsor","floor":12,"key":"SMITH"}],"circlet_count":0,"master_deck":["bronze:Strike","bronze:Strike","bronze:Strike","bronze:Defend","bronze:Defend","bronze:Defend","bronze:Defend","bronze:Replicate","bronze:Goto","bronze:Fortify+1","bronze:FineTuning","bronze:BronzeOrb","bronze:Repulsor+1","bronze:Constructor","bronze:OilSpill","bronze:MaxOutput","bronze:ChosenStrike","bronze:CleanCode"],"relics":["bronze:BronzeCore","Guardian:GemstoneGun","bronze:SilverBullet","Blue Candle","PreservedInsect"],"acts_visited":["Exordium"],"potions_floor_usage":[],"damage_taken":[{"damage":0,"enemies":"2 Louse","floor":2,"turns":3},{"damage":5,"enemies":"Small Slimes","floor":3,"turns":3},{"damage":2,"enemies":"downfall:FleeingMerchant","floor":4,"turns":4},{"damage":0,"enemies":"Cultist","floor":9,"turns":4},{"damage":1,"enemies":"Gremlin Gang","floor":13,"turns":4},{"damage":6,"enemies":"2 Fungi Beasts","floor":14,"turns":3},{"damage":0,"enemies":"Blue Slaver","floor":15,"turns":3},{"damage":51,"enemies":"IC_STATUS_ARCHETYPE","floor":16,"turns":8}],"seed_played":"-816873864405625692","potions_obtained":[{"floor":2,"key":"Strength Potion"},{"floor":13,"key":"Ancient Potion"}],"is_trial":false,"path_per_floor":["R","M","M","$","?","R","T","?","M","?","T","R","M","M","M","B"],"character_chosen":"THE_AUTOMATON","items_purchased":["Guardian:GemstoneGun","bronze:Repulsor"],"campfire_rested":0,"item_purchase_floors":[4,4],"current_hp_per_floor":[63,63,58,56,56,56,56,51,51,56,56,56,55,49,49,0,0,0],"gold":140,"neow_bonus":"TWO_FIFTY_GOLD","is_daily":false,"chose_seed":false,"campfire_upgraded":2,"win_rate":0.0,"timestamp":1611779554,"path_taken":["R","M","M","$","?","R","T","?","M","?","?","R","?","?","M","BOSS"],"items_purchased_type":["Relic","Card"],"build_version":"2020-12-22","purchased_purges":0,"victory":false,"max_hp_per_floor":[63,63,63,63,63,63,63,63,63,68,68,68,68,68,68,68,68,68],"relic_stats":{"counters":[8,32],"Blue Candle":[0],"PreservedInsect":0,"obtain_stats":[{"bronze:BronzeCore":0,"Guardian:GemstoneGun":4,"Blue Candle":8,"PreservedInsect":11,"bronze:SilverBullet":7},{"bronze:BronzeCore":0,"Guardian:GemstoneGun":3,"Blue Candle":3,"PreservedInsect":4,"bronze:SilverBullet":3},{"bronze:BronzeCore":0,"Guardian:GemstoneGun":10,"Blue Candle":10,"PreservedInsect":14,"bronze:SilverBullet":10}]},"card_choices":[{"not_picked":["bronze:Overload","bronze:Overheat"],"picked":"bronze:Fortify","floor":2},{"not_picked":["bronze:Turbo","bronze:Iterate"],"picked":"bronze:FineTuning","floor":3},{"not_picked":["bronze:Flail","bronze:DelayedGuard"],"picked":"bronze:BronzeOrb","floor":4},{"not_picked":["bronze:Overheat","bronze:ForceShield"],"picked":"bronze:OilSpill","floor":9},{"not_picked":["bronze:OilSpill","bronze:FollowUp"],"picked":"bronze:MaxOutput","floor":13},{"not_picked":["bronze:BugBarrage","bronze:BitShift"],"picked":"bronze:ChosenStrike","floor":14},{"not_picked":["bronze:Safeguard","bronze:Iterate"],"picked":"bronze:CleanCode","floor":15}],"player_experience":2663545,"relics_obtained":[{"floor":7,"key":"bronze:SilverBullet"},{"floor":11,"key":"PreservedInsect"}],"event_choices":[{"damage_healed":0,"gold_gain":0,"player_choice":"Donut","damage_taken":0,"max_hp_gain":5,"max_hp_loss":0,"event_name":"Big Fish","floor":10,"gold_loss":0}],"is_beta":false,"boss_relics":[],"items_purged_floors":[],"is_endless":false,"potions_floor_spawned":[2,13],"killed_by":"IC_STATUS_ARCHETYPE","ascension_level":0}}