{"host":"snn1c4qsf0fj7fzf","time":1611766281,"event":{"mods":["AchievementEnabler","Aspiration","Astrologer","BaseMod","Colored Powertips","Downfall","Hermit","Infinite Spire","Lobotomy","Marisa????????","Minty Spire (QoL Compilation)","Random Character Button","Rare Cards Sparkle","Reimu??????","Reliquary","Replay The Spire","Shop Mod","Spire Arcade","StSLib","The Administrix","The Cursed","The Gatherer","The Hierophant","The Poker Player","The Runesmith","Wandering Minibosses"],"gold_per_floor":[109,34,34,45,45,78,78,78,102,132,132,142,42,57,57,154,154,172,87,147,147,147,178,193,228,228,228,256,256,266,284,284,381,381,394,18,63,76,176,205,205,218,218,248,248,280,291,343,343,343,343],"floor_reached":52,"language":"ENG","playtime":3638,"items_purged":["Gatherer:Defend_Gatherer","Gatherer:Strike_Gatherer","Gatherer:Strike_Gatherer","Gatherer:Strike_Gatherer","Gatherer:CollectorsShot"],"score":1052,"play_id":"cb5f71f9-164d-4a19-8d69-1ad200d3d92c","local_time":"20210128005121","is_ascension_mode":true,"metric_token":1681,"campfire_choices":[{"data":"Gatherer:CollectorsShot","floor":8,"key":"SMITH"},{"data":"Gatherer:LuckyClover","floor":29,"key":"SMITH"},{"data":"downfall:Bewildered","floor":32,"key":"PURGE"},{"data":"Gatherer:Overflowing","floor":41,"key":"SMITH"},{"data":"Gatherer:StoneFence","floor":41,"key":"SMITH"},{"floor":49,"key":"REST"}],"circlet_count":0,"master_deck":["Gatherer:Defend_Gatherer","Gatherer:Defend_Gatherer","Gatherer:Centralize","Gatherer:FlowerWhip","Gatherer:Pollute+1","Gatherer:CollectorsShot+1","Gatherer:FlowerShield","Gatherer:LuckyClover+1","Gatherer:GlowingPlant","Gatherer:Shadow","Gatherer:Light","Gatherer:Overflowing+1","Gatherer:FlowerFalling","ReplayTheSpireMod:Book of Names","Gatherer:FlowerFalling","Gatherer:WoolGloves","Gatherer:SaveValuables","Gatherer:FeelingFine+1","Gatherer:GatherMaterial","Gatherer:StoneFence+1","Gatherer:FragileHammer+1","Gatherer:AcidicSpray","Gatherer:PotentialSlash","infinitespire:UltimateForm","Gatherer:SaveValuables","Gatherer:OddSpoils","Gatherer:CollectorsShot+1","ReplayTheSpireMod:??????????????????????","Infernal Blade"],"relics":["Gatherer:AlchemyBag","ReplayTheSpireMod:Lightbulb","HornCleat","Tiny Chest","infinitespire:CheckeredPen","ChewingGum","Onion Ring","Replay:Accelerometer","Gatherer:ExplorersPath","reliquary:JackalopeAntler","ReplayTheSpireMod:TigerMarble","Ginger","Bronze Scales","sneckomod:BabySnecko","Replay:Rubber Ducky","Replay:Drink Me","infinitespire:Bottled Soul","Replay:Arrowhead","Ice Cream","aspiration:SeaSaltIceCream","infinitespire:BottledMercury","infinitespire:Midas Blood","Pet Ghost","Bag of Marbles","aspiration:IroncladSkillbook","infinitespire:ShieldingShard","Regal Pillow"],"acts_visited":["Exordium","TheCity","TheBeyond"],"potions_floor_usage":[33,33,33,35,39,50],"damage_taken":[{"damage":6,"enemies":"Jaw Worm","floor":1,"turns":3},{"damage":0,"enemies":"Cultist","floor":4,"turns":3},{"damage":8,"enemies":"Lagavulin","floor":6,"turns":6},{"damage":2,"enemies":"3 Sentries","floor":10,"turns":9},{"damage":0,"enemies":"2 Louse","floor":12,"turns":1},{"damage":6,"enemies":"2 Fungi Beasts","floor":14,"turns":3},{"damage":11,"enemies":"Slime Boss","floor":16,"turns":9},{"damage":0,"enemies":"Spheric Guardian","floor":18,"turns":3},{"damage":13,"enemies":"Nightmare","floor":23,"turns":6},{"damage":0,"enemies":"3 Byrds","floor":24,"turns":3},{"damage":0,"enemies":"Gremlin Leader","floor":25,"turns":4},{"damage":20,"enemies":"Slavers","floor":28,"turns":3},{"damage":0,"enemies":"Cultist and Chosen","floor":30,"turns":3},{"damage":0,"enemies":"Snecko","floor":31,"turns":3},{"damage":0,"enemies":"Champ","floor":33,"turns":6},{"damage":0,"enemies":"3 Darklings","floor":35,"turns":3},{"damage":1,"enemies":"2 Orb Walkers","floor":37,"turns":3},{"damage":0,"enemies":"3 Shapes","floor":38,"turns":2},{"damage":0,"enemies":"infinitespire:Three Voidlings","floor":39,"turns":2},{"damage":30,"enemies":"Nightmare_Alpha","floor":39,"turns":8},{"damage":0,"enemies":"Nemesis","floor":40,"turns":3},{"damage":0,"enemies":"Transient","floor":42,"turns":5},{"damage":5,"enemies":"R_Hoarder","floor":44,"turns":4},{"damage":0,"enemies":"Reptomancer","floor":46,"turns":3},{"damage":0,"enemies":"Spire Growth","floor":47,"turns":2},{"damage":0,"enemies":"Awakened One","floor":50,"turns":6}],"seed_played":"-5803002787158111214","potions_obtained":[{"floor":10,"key":"PowerPotion"},{"floor":12,"key":"Strength Potion"},{"floor":14,"key":"Strength Potion"},{"floor":28,"key":"GhostInAJar"},{"floor":38,"key":"BottledMiracle"},{"floor":39,"key":"sneckomod:MuddlingPotion"},{"floor":44,"key":"Death Potion"},{"floor":46,"key":"Block Potion"}],"is_trial":false,"path_per_floor":["M","$","?","M","$","E","?","R","T","E","?","M","$","M","R","B",null,"M","?","?","AVR","T","NM","M","E","T","?","E","R","M","M","R","B",null,"M","$","?","M","?","E","R","M","T","E","AVR","E","M","T","R","B",null,null],"character_chosen":"THE_GATHERER","items_purchased":["infinitespire:Bottled Soul"],"campfire_rested":1,"item_purchase_floors":[36],"current_hp_per_floor":[66,66,66,66,66,58,72,72,72,70,70,70,70,64,72,61,72,72,72,72,72,72,59,62,64,64,64,44,44,44,44,44,44,57,57,57,56,57,29,29,29,29,29,24,24,28,32,32,57,57,57],"gold":343,"neow_bonus":"RANDOM_COMMON_RELIC","is_daily":false,"chose_seed":false,"campfire_upgraded":4,"win_rate":0.0,"timestamp":1611766281,"path_taken":["M","$","?","?","?","E","?","R","T","E","?","M","$","M","R","BOSS","M","?","?","AVR","?","NM","M","E","T","?","E","R","M","M","R","BOSS","M","$","?","M","?","E","R","M","T","E","AVR","E","M","?","R","BOSS"],"items_purchased_type":["Relic"],"build_version":"2020-12-22","purchased_purges":5,"victory":true,"max_hp_per_floor":[72,72,72,72,72,72,72,72,72,72,72,72,72,72,72,72,72,72,72,72,72,72,72,75,75,75,75,75,75,75,75,75,75,57,57,57,57,57,57,57,57,57,57,57,57,57,57,57,57,57,57],"card_choices":[{"not_picked":["Gatherer:Uplift","Gatherer:SaveValuables"],"picked":"Gatherer:BambuSword","floor":1},{"not_picked":["Gatherer:Frenzy","Gatherer:PotentialSlash"],"picked":"Gatherer:CollectorsShot","floor":4},{"not_picked":["Gatherer:Frenzy","Gatherer:AromaProtection"],"picked":"Gatherer:FlowerShield","floor":6},{"not_picked":["Gatherer:GatherMaterial","Gatherer:RecipeChange"],"picked":"Gatherer:LuckyClover","floor":10},{"not_picked":["Gatherer:TacticalStrike","Gatherer:BambuSword","Gatherer:AcidicSpray"],"picked":"SKIP","floor":12},{"not_picked":["Gatherer:CollectorsShot","Gatherer:Duplicator"],"picked":"Gatherer:GlowingPlant","floor":14},{"not_picked":["Gatherer:ScrollOfPurity","Gatherer:Examine"],"picked":"Gatherer:Overflowing","floor":16},{"not_picked":["Gatherer:GatherMaterial","Gatherer:ScherryThrow"],"picked":"Gatherer:FlowerFalling","floor":18},{"not_picked":["Gatherer:MiningStrike","Gatherer:Snatch"],"picked":"Gatherer:FlowerFalling","floor":23},{"not_picked":["Gatherer:BambuSword","Gatherer:BigPouch"],"picked":"Gatherer:WoolGloves","floor":24},{"not_picked":["Gatherer:TacticalStrike","Gatherer:DrugPower"],"picked":"Gatherer:SaveValuables","floor":25},{"not_picked":["Gatherer:TreeGrowth","Gatherer:Duplicator","Gatherer:WoolGloves"],"picked":"SKIP","floor":28},{"not_picked":["Gatherer:Uplift","Gatherer:GrowBook"],"picked":"Gatherer:FeelingFine+1","floor":30},{"not_picked":["Gatherer:CollectorsShot","Gatherer:PotentialSlash"],"picked":"Gatherer:GatherMaterial","floor":31},{"not_picked":["Gatherer:Examine","Gatherer:LuckyClover"],"picked":"Gatherer:StoneFence","floor":33},{"not_picked":["Gatherer:EchoOfNature+1","Gatherer:CollectorsShot"],"picked":"Gatherer:FragileHammer+1","floor":35},{"not_picked":["Gatherer:Snatch","Gatherer:EnergyBasket"],"picked":"Gatherer:AcidicSpray","floor":37},{"not_picked":["Gatherer:Liquidism","Gatherer:FlowerBeam"],"picked":"Gatherer:PotentialSlash","floor":38},{"not_picked":["infinitespire:NeuralNetwork","infinitespire:Punishment"],"picked":"infinitespire:UltimateForm","floor":39},{"not_picked":["Gatherer:TreeGrowth","Gatherer:TacticalStrike"],"picked":"Gatherer:SaveValuables","floor":39},{"not_picked":["Gatherer:GrowBook","Gatherer:HeartToFruit"],"picked":"Gatherer:OddSpoils","floor":40},{"not_picked":["Gatherer:ScherryThrow+1","Gatherer:TacticalStrike"],"picked":"Gatherer:CollectorsShot","floor":42},{"not_picked":["Gatherer:Duplicator+1","Gatherer:EnergyBasket"],"picked":"Gatherer:CollectorsShot+1","floor":44},{"not_picked":["Heavy Blade","Gatherer:SmartManeuver+1","ReplayTheSpireMod:Strike From Hell"],"picked":"Infernal Blade","floor":46},{"not_picked":["Gatherer:UpgradeBag+1","Wild Strike","Clash","Gatherer:EchoOfNature"],"picked":"SKIP","floor":47}],"player_experience":353693,"relics_obtained":[{"floor":6,"key":"HornCleat"},{"floor":9,"key":"Tiny Chest"},{"floor":10,"key":"infinitespire:CheckeredPen"},{"floor":22,"key":"reliquary:JackalopeAntler"},{"floor":23,"key":"ReplayTheSpireMod:TigerMarble"},{"floor":25,"key":"Ginger"},{"floor":26,"key":"Bronze Scales"},{"floor":28,"key":"Replay:Rubber Ducky"},{"floor":37,"key":"Replay:Arrowhead"},{"floor":39,"key":"Ice Cream"},{"floor":40,"key":"aspiration:SeaSaltIceCream"},{"floor":43,"key":"infinitespire:Midas Blood"},{"floor":44,"key":"Pet Ghost"},{"floor":46,"key":"infinitespire:ShieldingShard"},{"floor":48,"key":"Regal Pillow"}],"event_choices":[{"damage_healed":0,"gold_gain":0,"cards_transformed":["Gatherer:Strike_Gatherer"],"player_choice":"Transformed","damage_taken":0,"max_hp_gain":0,"max_hp_loss":0,"event_name":"Transmorgrifier","floor":3,"gold_loss":0,"cards_obtained":["Gatherer:Pollute"]},{"damage_healed":24,"gold_gain":0,"player_choice":"Banana","damage_taken":0,"max_hp_gain":0,"max_hp_loss":0,"event_name":"Big Fish","floor":7,"gold_loss":0},{"cards_removed":["Gatherer:Defend_Gatherer"],"damage_healed":0,"gold_gain":0,"player_choice":"Purged","damage_taken":0,"max_hp_gain":0,"max_hp_loss":0,"event_name":"Purifier","floor":11,"gold_loss":0},{"damage_healed":0,"gold_gain":0,"player_choice":"Obtained Relic","damage_taken":0,"relics_obtained":["Onion Ring"],"max_hp_gain":0,"max_hp_loss":0,"event_name":"Addict","floor":19,"gold_loss":85},{"damage_healed":0,"gold_gain":0,"player_choice":"Fight","damage_taken":0,"max_hp_gain":0,"max_hp_loss":0,"event_name":"Mysterious Sphere","floor":37,"gold_loss":0}],"is_beta":false,"boss_relics":[{"not_picked":["Painkiller Herb","reliquary:Ember"],"picked":"ChewingGum"},{"not_picked":["Coffee Dripper","Velvet Choker"],"picked":"Replay:Drink Me"}],"items_purged_floors":[2,13,21,36,45],"is_endless":false,"potions_floor_spawned":[10,12,14,16,24,28,33,38,39,42,44,46,47],"ascension_level":1}}