{"host":"tr12w2fixbnujl15","time":1611763311,"event":{"mods":["100% Spire Juice","2.2 Compatiblity","A Penny For Your Troubles","Arknights The Spire","BaseMod","Better Skull","Better Vampires","BetterRewards","CapriCore","Clockwork Mod","Colored Powertips","Evolution","Gremlin Skip","Hermit","Hubris","Infinite Spire","JesterMod","Kalas","KinomotoSakuraMod(????)","Koishi","Mad Scientist","Magitek Elite","Mathematician","Minty Spire (QoL Compilation)","Permanent Neow","Quick Restart","Reimu??????","Relic Filter","Remilia_Scarlet Moed?????·?????3.3.5","Replay The Spire","Shop Mod","StSLib","SuperFastMode","The Accelerator","The Animator","The Bug Knight","The Construct","The Cursed","The Hayseed","The Hierophant","The Immortal","The Mystic","The Necromancer","The Runesmith","The Sage","The Senshi","The Servant 0.9.4","The Spell Scribe","The Vixen","TheFirefly","TheSwordswoman","TheVelvet","Transform Curses","WarShipGirlsR/????R mod","Yakumo Yukari mod","[IsaacMod]????"],"gold_per_floor":[213,231,248,1,13,13,88,103,127,127,127],"floor_reached":10,"language":"ENG","playtime":397,"items_purged":[],"score":60,"play_id":"d6f67476-7fa0-48db-ba5f-6730a2d551af","local_time":"20210127110151","is_ascension_mode":false,"campfire_choices":[],"circlet_count":0,"master_deck":["ClowCardTheShot","ClowCardTheSword","ClowCardTheSword","ClowCardTheSword","ClowCardTheShield","ClowCardTheShield","ClowCardTheShield","ClowCardTheShield","SpellCardSeal","SpellCardRelease","ClowCardTheRain","ClowCardTheWindy","ClowCardTheShot","sagemod:Refine","ClowCardTheTwin"],"relics":["KSMOD_SealedBook","KSMOD_SealedWand","EVO:Axolotl","HushsDoor","PillsDrop","MerchantsRug","KSMOD_TeddyBear","Gremlin Food"],"acts_visited":["Exordium"],"potions_floor_usage":[],"damage_taken":[{"damage":1,"enemies":"Cultist","floor":1,"turns":3},{"damage":0,"enemies":"2 Louse","floor":2,"turns":3},{"damage":0,"enemies":"Small Slimes","floor":3,"turns":2},{"damage":4,"enemies":"2 Fungi Beasts","floor":5,"turns":4},{"damage":6,"enemies":"Exordium Wildlife","floor":8,"turns":6},{"damage":59,"enemies":"Gremlin Nob","floor":10,"turns":5}],"seed_played":"988287074098470461","potions_obtained":[{"floor":1,"key":"SneckoOil"},{"floor":3,"key":"KSMOD_MagickBottle"}],"is_trial":false,"path_per_floor":["M","M","M","$","M","?","?","M","T","E"],"character_chosen":"KINOMOTOSAKURA","items_purchased":["MerchantsRug","KSMOD_TeddyBear"],"campfire_rested":0,"item_purchase_floors":[4,4],"current_hp_per_floor":[69,69,69,69,65,65,58,52,52,0,0],"gold":127,"neow_bonus":"HUNDRED_GOLD","is_daily":false,"chose_seed":false,"campfire_upgraded":0,"win_rate":0.0,"timestamp":1611763311,"path_taken":["M","M","M","$","M","?","?","M","T","E"],"items_purchased_type":["Relic","Relic"],"build_version":"2020-12-22","purchased_purges":0,"victory":false,"max_hp_per_floor":[70,70,70,70,70,70,70,70,70,70,70],"card_choices":[{"not_picked":[],"picked":"ChaosCard","floor":0},{"not_picked":["ClowCardTheMove","ClowCardTheArrow"],"picked":"ClowCardTheRain","floor":1},{"not_picked":["ClowCardTheChange","ClowCardTheCloud"],"picked":"Bomb","floor":2},{"not_picked":["ClowCardTheFirey","ClowCardTheSand"],"picked":"ClowCardTheWindy","floor":3},{"not_picked":["ClowCardTheMist","ClowCardTheSand"],"picked":"ClowCardTheShot","floor":5},{"not_picked":["ClowCardTheSong","ClowCardTheSleep"],"picked":"ClowCardTheTwin","floor":8}],"player_experience":83195,"relics_obtained":[{"floor":9,"key":"Gremlin Food"}],"event_choices":[{"damage_healed":0,"gold_gain":0,"player_choice":"2 cards matched","damage_taken":0,"max_hp_gain":0,"max_hp_loss":0,"event_name":"Match and Keep!","floor":6,"gold_loss":0,"cards_obtained":["ClowCardTheCreate","sagemod:Refine"]},{"damage_healed":0,"gold_gain":75,"player_choice":"Touch","damage_taken":7,"max_hp_gain":0,"max_hp_loss":0,"event_name":"FaceTrader","floor":7,"gold_loss":0}],"is_beta":false,"boss_relics":[],"items_purged_floors":[],"is_endless":false,"potions_floor_spawned":[1,3],"killed_by":"Gremlin Nob","ascension_level":0}}