{"host":"v3mpq6flurzldi5g","time":1611767429,"event":{"mods":["AchievementEnabler","BaseMod","Colored Powertips","Highlight Path","Minty Spire (QoL Compilation)","StSLib"],"gold_per_floor":[117,42,58,133,152,152,179,196,222,187,187,205,215,228,228,306,306,321,332,247,259,281,293,324,336,430,457,469,481,493,493],"floor_reached":30,"language":"ENG","playtime":1546,"items_purged":["Writhe"],"score":411,"play_id":"12cc4511-5a68-4f0b-ae62-5d36154c9bf1","local_time":"20210127121029","is_ascension_mode":true,"campfire_choices":[{"floor":6.0,"key":"REST"},{"data":"Accuracy","floor":11.0,"key":"SMITH"},{"floor":15.0,"key":"REST"},{"floor":23.0,"key":"REST"},{"floor":25.0,"key":"REST"},{"floor":28.0,"key":"REST"}],"circlet_count":0,"master_deck":["AscendersBane","Strike_G","Strike_G","Strike_G","Strike_G","Defend_G","Defend_G","Defend_G","Defend_G","Defend_G","Survivor","Neutralize","Accuracy+1","Blade Dance","Blade Dance","Blade Dance","Poisoned Stab","PiercingWail","Envenom","Crippling Poison","Blur+1","Accuracy+1"],"relics":["Ring of the Snake","Thread and Needle","Dream Catcher","Nunchaku","Sozu","MawBank","Pear"],"acts_visited":["Exordium","TheCity"],"potions_floor_usage":[],"damage_taken":[{"damage":13.0,"enemies":"Jaw Worm","floor":1.0,"turns":10.0},{"damage":0.0,"enemies":"2 Louse","floor":3.0,"turns":3.0},{"damage":3.0,"enemies":"Small Slimes","floor":5.0,"turns":2.0},{"damage":11.0,"enemies":"Lagavulin","floor":7.0,"turns":5.0},{"damage":2.0,"enemies":"Exordium Thugs","floor":8.0,"turns":4.0},{"damage":4.0,"enemies":"Blue Slaver","floor":12.0,"turns":3.0},{"damage":12.0,"enemies":"3 Louse","floor":13.0,"turns":2.0},{"damage":6.0,"enemies":"Exordium Thugs","floor":14.0,"turns":4.0},{"damage":22.0,"enemies":"Hexaghost","floor":16.0,"turns":8.0},{"damage":25.0,"enemies":"2 Thieves","floor":18.0,"turns":5.0},{"damage":11.0,"enemies":"Shell Parasite","floor":19.0,"turns":5.0},{"damage":37.0,"enemies":"Cultist and Chosen","floor":22.0,"turns":7.0},{"damage":39.0,"enemies":"Snecko","floor":24.0,"turns":6.0},{"damage":22.0,"enemies":"Snake Plant","floor":27.0,"turns":4.0},{"damage":38,"enemies":"Book of Stabbing","floor":30,"turns":5}],"seed_played":"-6522695436083585120","potions_obtained":[{"floor":1.0,"key":"SmokeBomb"},{"floor":3.0,"key":"Weak Potion"},{"floor":8.0,"key":"SkillPotion"},{"floor":13.0,"key":"Swift Potion"},{"floor":14.0,"key":"Fruit Juice"}],"is_trial":false,"path_per_floor":["M","$","M","?","M","R","E","M","T","?","R","M","M","M","R","B",null,"M","M","?","?","M","R","M","R","T","M","R","?","E"],"character_chosen":"THE_SILENT","items_purchased":[],"campfire_rested":5,"item_purchase_floors":[],"current_hp_per_floor":[50,50,50,39,36,57,46,44,44,61,61,57,45,39,60,43,67,42,31,31,56,19,41,2,24,34,12,37,37,0,0],"gold":493,"neow_bonus":"ONE_RARE_RELIC","is_daily":false,"chose_seed":false,"campfire_upgraded":1,"win_rate":0.0,"timestamp":1611767429,"path_taken":["M","$","M","?","M","R","E","M","T","?","R","M","M","M","R","BOSS","M","M","?","?","M","R","M","R","T","M","R","?","E"],"items_purchased_type":[],"build_version":"2020-12-22","purchased_purges":1,"victory":false,"max_hp_per_floor":[70,70,70,70,70,70,70,70,70,70,70,70,70,70,70,75,75,75,75,75,75,75,75,75,75,85,85,85,85,85,85],"card_choices":[{"not_picked":["Backflip","Deadly Poison"],"picked":"Accuracy","floor":1.0},{"not_picked":["Escape Plan","Bouncing Flask"],"picked":"Blade Dance","floor":3.0},{"not_picked":["Outmaneuver","Deflect"],"picked":"Blade Dance","floor":5.0},{"not_picked":["Deadly Poison","Reflex"],"picked":"Blade Dance","floor":7.0},{"not_picked":["Flying Knee","Choke","Concentrate"],"picked":"SKIP","floor":8.0},{"not_picked":["Bane","Deflect"],"picked":"Poisoned Stab","floor":12.0},{"not_picked":["Deflect","Blade Dance","All Out Attack"],"picked":"SKIP","floor":13.0},{"not_picked":["Deflect","Blade Dance","All Out Attack"],"picked":"SKIP","floor":13.0},{"not_picked":["Bane","Bullet Time"],"picked":"PiercingWail","floor":14.0},{"not_picked":["Doppelganger","Malaise"],"picked":"Envenom","floor":16.0},{"not_picked":["Underhanded Strike","Sucker Punch"],"picked":"Crippling Poison","floor":18.0},{"not_picked":["Dagger Throw","Deflect","Dodge and Roll"],"picked":"SKIP","floor":19.0},{"not_picked":["Quick Slash","Flying Knee"],"picked":"Blur+1","floor":22.0},{"not_picked":["Prepared","Skewer+1"],"picked":"Accuracy+1","floor":24.0},{"not_picked":["Flechettes","Acrobatics","PiercingWail"],"picked":"SKIP","floor":27.0}],"player_experience":1080039,"relics_obtained":[{"floor":7.0,"key":"Dream Catcher"},{"floor":9.0,"key":"Nunchaku"},{"floor":26.0,"key":"Pear"}],"event_choices":[{"damage_healed":0.0,"max_hp_gain":0.0,"max_hp_loss":0.0,"gold_gain":75.0,"event_name":"World of Goop","player_choice":"Gather Gold","floor":4.0,"gold_loss":0.0,"damage_taken":11.0},{"damage_healed":17.0,"max_hp_gain":0.0,"max_hp_loss":0.0,"gold_gain":0.0,"event_name":"The Cleric","player_choice":"Healed","floor":10.0,"gold_loss":35.0,"damage_taken":0.0},{"damage_healed":0.0,"max_hp_gain":0.0,"max_hp_loss":0.0,"gold_gain":0.0,"event_name":"Addict","player_choice":"Obtained Relic","floor":20.0,"gold_loss":85.0,"damage_taken":0.0,"relics_obtained":["MawBank"]},{"damage_healed":25.0,"max_hp_gain":0.0,"max_hp_loss":0.0,"gold_gain":0.0,"event_name":"The Library","player_choice":"Heal","floor":21.0,"gold_loss":0.0,"damage_taken":0.0},{"cards_removed":["Strike_G"],"damage_healed":0.0,"max_hp_gain":0.0,"max_hp_loss":0.0,"gold_gain":0.0,"event_name":"Purifier","player_choice":"Purged","floor":29.0,"gold_loss":0.0,"damage_taken":0.0}],"is_beta":false,"boss_relics":[{"not_picked":["Runic Pyramid","Empty Cage"],"picked":"Sozu"}],"items_purged_floors":[2],"is_endless":false,"potions_floor_spawned":[1,3,5,8,13,14,18,24,27],"killed_by":"Book of Stabbing","ascension_level":13}}