{"host":"Qube","time":1611787180,"event":{"mods":["AchievementEnabler","BaseMod","Colored Map","Colored Powertips","Highlight Path","Minty Spire (QoL Compilation)","Permanent Neow","Quick Restart","Random Character Button","StSLib"],"gold_per_floor":[116,136,151,165,175,175,204,204,204,229,229,256,331,331,331,422,422,422,422],"floor_reached":18,"language":"ENG","playtime":885,"items_purged":[],"score":360,"play_id":"0e682083-8978-46da-91ec-986eb04b9587","local_time":"20210127143940","is_ascension_mode":true,"campfire_choices":[{"data":"Dash","floor":6,"key":"SMITH"},{"data":"Skewer","floor":8,"key":"SMITH"},{"data":"Endless Agony","floor":11,"key":"SMITH"},{"floor":15,"key":"REST"}],"circlet_count":0,"master_deck":["AscendersBane","Strike_G","Strike_G","Strike_G","Strike_G","Strike_G","Defend_G","Defend_G","Defend_G","Defend_G","Defend_G","Survivor","Neutralize","Slice","Deflect","Dodge and Roll","Skewer+1","Dash+1","Endless Agony+1","Leg Sweep","Venomology"],"relics":["SlaversCollar","Eternal Feather","Ornamental Fan","Peace Pipe","Shuriken","Golden Idol","Philosopher\u0027s Stone"],"acts_visited":["Exordium","TheCity"],"potions_floor_usage":[4,7,16],"damage_taken":[{"damage":5.0,"enemies":"Small Slimes","floor":1.0,"turns":4.0},{"damage":0.0,"enemies":"Jaw Worm","floor":2.0,"turns":5.0},{"damage":7.0,"enemies":"2 Louse","floor":3.0,"turns":3.0},{"damage":3,"enemies":"Looter","floor":4,"turns":4},{"damage":14,"enemies":"Red Slaver","floor":5,"turns":3},{"damage":4,"enemies":"Lagavulin","floor":7,"turns":5},{"damage":5,"enemies":"Gremlin Nob","floor":10,"turns":4},{"damage":2,"enemies":"3 Sentries","floor":12,"turns":5},{"damage":23,"enemies":"Hexaghost","floor":16,"turns":11},{"damage":13,"enemies":"Chosen","floor":18,"turns":5}],"seed_played":"825397203332911266","potions_obtained":[{"floor":2.0,"key":"CultistPotion"},{"floor":3.0,"key":"BlessingOfTheForge"},{"floor":12,"key":"EssenceOfSteel"},{"floor":16,"key":"Explosive Potion"}],"is_trial":false,"path_per_floor":["M","M","M","M","M","R","E","R","T","E","R","E","?","?","R","B",null,"M"],"character_chosen":"THE_SILENT","items_purchased":[],"campfire_rested":1,"item_purchase_floors":[],"current_hp_per_floor":[54,54,47,44,30,30,26,35,35,30,39,37,26,3,34,11,52,39,39],"gold":422,"neow_bonus":"BOSS_RELIC","is_daily":false,"chose_seed":false,"campfire_upgraded":3,"win_rate":0.0,"timestamp":1611787180,"path_taken":["M","M","M","M","M","R","E","R","T","E","R","E","?","?","R","BOSS","M"],"items_purchased_type":[],"build_version":"2020-12-18","purchased_purges":0,"victory":false,"max_hp_per_floor":[66,66,66,66,66,66,66,66,66,66,66,66,66,66,66,66,66,66,66],"card_choices":[{"not_picked":["Dodge and Roll","Expertise"],"picked":"Slice","floor":1.0},{"not_picked":["PiercingWail","Deadly Poison"],"picked":"Deflect","floor":2.0},{"not_picked":["Outmaneuver","Blade Dance"],"picked":"Dodge and Roll","floor":3.0},{"not_picked":["Dodge and Roll","Finisher"],"picked":"Skewer","floor":4},{"not_picked":["Choke","Riddle With Holes"],"picked":"Dash","floor":5},{"not_picked":["Accuracy","Reflex","Deadly Poison"],"picked":"SKIP","floor":7},{"not_picked":["Dodge and Roll","Prepared"],"picked":"Endless Agony","floor":10},{"not_picked":["Dodge and Roll","Flying Knee"],"picked":"Leg Sweep","floor":12},{"not_picked":["Burst","Tools of the Trade"],"picked":"Venomology","floor":16}],"player_experience":981180,"relics_obtained":[{"floor":7,"key":"Eternal Feather"},{"floor":9,"key":"Ornamental Fan"},{"floor":10,"key":"Peace Pipe"},{"floor":12,"key":"Shuriken"}],"event_choices":[{"damage_healed":0,"gold_gain":75,"player_choice":"Gather Gold","damage_taken":11,"max_hp_gain":0,"max_hp_loss":0,"event_name":"World of Goop","floor":13,"gold_loss":0},{"damage_healed":0,"gold_gain":0,"player_choice":"Take Damage","damage_taken":23,"relics_obtained":["Golden Idol"],"max_hp_gain":0,"max_hp_loss":0,"event_name":"Golden Idol","floor":14,"gold_loss":0}],"is_beta":true,"boss_relics":[{"not_picked":["Fusion Hammer","Ectoplasm"],"picked":"Philosopher\u0027s Stone"}],"items_purged_floors":[],"is_endless":false,"potions_floor_spawned":[2,3,12,16],"killed_by":"Chosen","ascension_level":20}}