{"host":"w6bv7e6dabj27l4i","time":1611723255,"event":{"mods":["Act Like it!","BaseMod","Colored Map","Custom Start","Downfall","Minty Spire (QoL Compilation)","Quick Restart","StSLib","Synergy Search","Unceasing Turn Reminder","slay the spire mod where everything is the same but ironclad has a cowboy hat"],"gold_per_floor":[99,99,99,99,99,132,132,144,170,188,188,205,225,25,44,44,44,44],"floor_reached":16,"language":"ENG","playtime":809,"items_purged":[],"score":142,"play_id":"097534c1-ffc6-43bc-8a2d-e37e08cec68c","local_time":"20210126225415","is_ascension_mode":true,"campfire_choices":[{"floor":1,"key":"RECALL"}],"circlet_count":0,"master_deck":["sneckomod:Strike","sneckomod:Strike","sneckomod:Defend","sneckomod:Defend+1","sneckomod:Defend","sneckomod:TailWhip+1","sneckomod:SnekBite","sneckomod:Unknown","sneckomod:Unknown","sneckomod:Nope","sneckomod:QuickBite","sneckomod:CheapStock","sneckomod:PureSnecko","sneckomod:UnknownExhaust","sneckomod:Unknown3Cost+1","downfall:Malfunctioning","sneckomod:PureSnecko","sneckomod:PureSnecko","sneckomod:UnknownUncommonPower","sneckomod:UnlimitedRolls"],"relics":["sneckomod:SneckoSoul","downfall:HeartsMalice","downfall:BrokenWingStatue","Guardian:PocketSentry","FossilizedHelix","Ancient Tea Set","Membership Card"],"acts_visited":["Exordium"],"potions_floor_usage":[16],"damage_taken":[{"damage":0,"enemies":"Cultist","floor":2,"turns":1},{"damage":0,"enemies":"Small Slimes","floor":4,"turns":1},{"damage":0,"enemies":"Gremlin Nob","floor":6,"turns":1},{"damage":0,"enemies":"2 Louse","floor":8,"turns":1},{"damage":20,"enemies":"Lagavulin","floor":9,"turns":4},{"damage":0,"enemies":"Exordium Wildlife","floor":10,"turns":3},{"damage":0,"enemies":"Blue Slaver","floor":12,"turns":1},{"damage":0,"enemies":"Red Slaver","floor":13,"turns":3},{"damage":8,"enemies":"downfall:FleeingMerchant","floor":14,"turns":4},{"damage":9,"enemies":"Exordium Thugs","floor":15,"turns":4},{"damage":55,"enemies":"DF_ARCHETYPE_STREAMLINE","floor":16,"turns":9}],"seed_played":"709115343421298480","potions_obtained":[{"floor":8,"key":"bronze:BurnAndBuffPotion"},{"floor":9,"key":"sneckomod:DiceRollPotion"},{"floor":12,"key":"Strength Potion"}],"is_trial":false,"path_per_floor":["R","M","?","M","?","E","T","M","E","M","?","M","M","$","M","B"],"character_chosen":"THE_SNECKO","items_purchased":["Membership Card","sneckomod:UnknownUncommonPower"],"campfire_rested":0,"item_purchase_floors":[14,14],"current_hp_per_floor":[90,90,90,90,90,90,90,90,70,70,70,70,70,62,53,0,0,0],"gold":44,"neow_bonus":"THREE_ENEMY_KILL","is_daily":false,"chose_seed":false,"campfire_upgraded":0,"win_rate":0.0,"timestamp":1611723255,"path_taken":["R","M","?","M","?","E","T","M","E","M","?","M","M","$","M","BOSS"],"items_purchased_type":["Relic","Card"],"build_version":"2020-12-22","purchased_purges":0,"victory":false,"max_hp_per_floor":[90,90,90,90,90,90,90,90,90,90,90,90,90,90,90,90,90,90],"card_choices":[{"not_picked":["sneckomod:TrashToTreasure","sneckomod:UnknownCommonAttack"],"picked":"sneckomod:Nope","floor":2},{"not_picked":["sneckomod:WideSting","sneckomod:SnekBeam"],"picked":"sneckomod:QuickBite","floor":4},{"not_picked":["sneckomod:UnknownStrength","sneckomod:UnknownDraw"],"picked":"sneckomod:CheapStock","floor":6},{"not_picked":["sneckomod:WideSting","sneckomod:IronFang"],"picked":"sneckomod:PureSnecko","floor":8},{"not_picked":["sneckomod:RainOfDice","sneckomod:DiceCrush"],"picked":"sneckomod:UnknownExhaust","floor":9},{"not_picked":["sneckomod:UnknownColorless","sneckomod:UnknownCommonAttack"],"picked":"sneckomod:Unknown3Cost","floor":10},{"not_picked":["sneckomod:UnknownCommonAttack","sneckomod:DiceBoulder"],"picked":"sneckomod:PureSnecko","floor":12},{"not_picked":["sneckomod:UnknownBlock","sneckomod:RainOfDice"],"picked":"sneckomod:PureSnecko","floor":13},{"not_picked":["sneckomod:UnknownCommonSkill","sneckomod:UnknownUncommonAttack","sneckomod:UnknownDraw"],"picked":"SKIP","floor":14},{"not_picked":["sneckomod:UnknownUncommonSkill","sneckomod:IronFang"],"picked":"sneckomod:UnlimitedRolls","floor":15}],"player_experience":491807,"relics_obtained":[{"floor":6,"key":"Guardian:PocketSentry"},{"floor":7,"key":"FossilizedHelix"},{"floor":9,"key":"Ancient Tea Set"}],"event_choices":[],"is_beta":false,"boss_relics":[],"items_purged_floors":[],"is_endless":false,"potions_floor_spawned":[8,9,12],"killed_by":"DF_ARCHETYPE_STREAMLINE","ascension_level":1}}