{"host":"vumwfieg2b2mnrfl","time":1611718023,"event":{"mods":["AchievementEnabler","BaseMod","Minty Spire (QoL Compilation)","Rare Cards Sparkle","Relic Stats"],"gold_per_floor":[115,190,208,208,225,225,251,263,298,330,180,253,309,274,274,374,374,393,413,488,529,109,109,178,234,279,321,321,349,389,416,416,515,515,532,572,584,626,452,477,144,197,251,251,301,358,93,157,157,157],"floor_reached":51,"language":"ENG","playtime":1658,"items_purged":["Defend_P","Strike_P","Defend_P","Defend_P"],"score":1337,"play_id":"aa5329e9-5235-44bf-b82d-c8082150157f","local_time":"20210126212703","is_ascension_mode":true,"campfire_choices":[{"data":"Vigilance","floor":6.0,"key":"SMITH"},{"floor":8.0,"key":"REST"},{"data":"HandOfGreed","floor":15.0,"key":"SMITH"},{"data":"Ragnarok","floor":23,"key":"SMITH"},{"data":"Ragnarok","floor":28,"key":"SMITH"},{"data":"Wallop","floor":32,"key":"SMITH"},{"data":"DevaForm","floor":49,"key":"SMITH"}],"circlet_count":0,"master_deck":["Strike_P","Strike_P","Strike_P","Defend_P+1","Eruption+1","Vigilance+1","Swivel","ClearTheMind+1","FlurryOfBlows+1","Ragnarok+1","TalkToTheHand","HandOfGreed+1","CutThroughFate+1","TalkToTheHand","Ragnarok+1","Wallop+1","Vengeance","Tantrum+1","DevaForm+1","WheelKick+1","Wish","Apotheosis","MentalFortress","MentalFortress","Parasite","FearNoEvil+1","Vault","Ragnarok","Swivel"],"relics":["PureWater","Akabeko","MawBank","PreservedInsect","Ancient Tea Set","Snecko Eye","Membership Card","Meat on the Bone","War Paint","Strawberry","Nunchaku","StrikeDummy","Bag of Preparation","Cursed Key","Bottled Flame","CloakClasp","Medical Kit","Calipers","Regal Pillow","Dead Branch","Whetstone","White Beast Statue"],"acts_visited":["Exordium","TheCity","TheBeyond"],"potions_floor_usage":[30,38,50],"damage_taken":[{"damage":0.0,"enemies":"2 Louse","floor":1.0,"turns":2.0},{"damage":0.0,"enemies":"Small Slimes","floor":3.0,"turns":3.0},{"damage":0.0,"enemies":"Cultist","floor":5.0,"turns":3.0},{"damage":32.0,"enemies":"Gremlin Nob","floor":7.0,"turns":4.0},{"damage":0.0,"enemies":"Red Slaver","floor":10.0,"turns":2.0},{"damage":13.0,"enemies":"3 Sentries","floor":12.0,"turns":6.0},{"damage":7.0,"enemies":"Exordium Wildlife","floor":13.0,"turns":6.0},{"damage":23.0,"enemies":"The Guardian","floor":16.0,"turns":12.0},{"damage":0.0,"enemies":"Spheric Guardian","floor":18.0,"turns":1.0},{"damage":11.0,"enemies":"2 Thieves","floor":19.0,"turns":2.0},{"damage":0,"enemies":"Centurion and Healer","floor":21,"turns":7},{"damage":0,"enemies":"3 Cultists","floor":24,"turns":3},{"damage":6,"enemies":"Slavers","floor":25,"turns":2},{"damage":15,"enemies":"Shelled Parasite and Fungi","floor":27,"turns":2},{"damage":0,"enemies":"Book of Stabbing","floor":29,"turns":1},{"damage":5,"enemies":"Chosen and Byrds","floor":30,"turns":3},{"damage":13,"enemies":"Gremlin Leader","floor":31,"turns":3},{"damage":0,"enemies":"Champ","floor":33,"turns":5},{"damage":0,"enemies":"Orb Walker","floor":35,"turns":2},{"damage":5,"enemies":"3 Shapes","floor":36,"turns":2},{"damage":0,"enemies":"Transient","floor":37,"turns":5},{"damage":0,"enemies":"Jaw Worm Horde","floor":38,"turns":3},{"damage":0,"enemies":"Giant Head","floor":40,"turns":3},{"damage":34,"enemies":"Nemesis","floor":42,"turns":3},{"damage":6,"enemies":"Mind Bloom Boss Battle","floor":45,"turns":4},{"damage":0,"enemies":"Giant Head","floor":46,"turns":3},{"damage":0,"enemies":"Reptomancer","floor":48,"turns":2},{"damage":3,"enemies":"Awakened One","floor":50,"turns":5}],"seed_played":"1460761636438591147","potions_obtained":[{"floor":1.0,"key":"Fire Potion"},{"floor":3.0,"key":"SteroidPotion"},{"floor":7.0,"key":"LiquidBronze"},{"floor":18.0,"key":"Fire Potion"},{"floor":29,"key":"Fire Potion"},{"floor":31,"key":"FairyPotion"},{"floor":40,"key":"Strength Potion"}],"is_trial":false,"path_per_floor":["M","?","M","?","M","R","E","R","T","M","$","E","M","?","R","B",null,"M","M","?","M","$","R","M","E","T","M","R","E","M","E","R","B",null,"M","M","M","M","$","E","$","E","T","?","?","E","$","E","R","B",null],"character_chosen":"WATCHER","items_purchased":["HandOfGreed","Membership Card","Meat on the Bone","War Paint","Vengeance","Apotheosis","MentalFortress","MentalFortress","CloakClasp","Medical Kit","Vault","Ragnarok","Swivel"],"campfire_rested":1,"item_purchase_floors":[11,22,22,22,22,39,39,41,41,41,47,47,47],"current_hp_per_floor":[65,54,54,54,54,54,22,43,43,43,43,30,23,41,41,18,59,59,48,41,41,41,41,41,54,54,51,51,51,46,45,45,45,71,71,66,66,66,66,66,66,44,44,44,50,50,50,50,50,47],"gold":157,"neow_bonus":"RANDOM_COMMON_RELIC","is_daily":false,"chose_seed":false,"campfire_upgraded":6,"win_rate":0.0,"timestamp":1611718023,"path_taken":["M","?","M","?","M","R","E","R","T","?","?","E","M","?","R","BOSS","M","M","?","M","$","R","M","E","T","M","R","E","M","E","R","BOSS","M","M","M","?","$","E","$","E","T","?","?","E","?","E","R","BOSS"],"items_purchased_type":["Card","Relic","Relic","Relic","Card","Card","Card","Card","Relic","Relic","Card","Card","Card"],"build_version":"2020-12-22","purchased_purges":4,"victory":true,"max_hp_per_floor":[72,72,72,72,72,72,72,72,72,72,72,72,72,72,72,72,72,72,72,72,72,72,72,72,79,79,79,79,79,79,79,79,79,79,79,79,79,79,79,79,79,79,79,79,79,79,79,79,79,79],"relic_stats":{"Regal Pillow":0,"counters":[28,99],"Dead Branch":[13],"PreservedInsect":516,"Bag of Preparation":[22],"CloakClasp":[71],"Whetstone":["CutThroughFate","FlurryOfBlows"],"War Paint":["Defend_P","ClearTheMind"],"MawBank":48,"Cursed Key":1,"Medical Kit":[0],"Nunchaku":[12],"Snecko Eye":[124,108,115,128],"obtain_stats":[{"Regal Pillow":43,"Calipers":42,"Dead Branch":45,"PreservedInsect":9,"Bag of Preparation":31,"CloakClasp":41,"Whetstone":46,"War Paint":22,"MawBank":7,"Ancient Tea Set":12,"Cursed Key":34,"Medical Kit":41,"Akabeko":0,"White Beast Statue":48,"Nunchaku":26,"Bottled Flame":40,"Strawberry":25,"Snecko Eye":17,"Membership Card":22,"PureWater":0,"StrikeDummy":29,"Meat on the Bone":22},{"Regal Pillow":24,"Calipers":24,"Dead Branch":25,"PreservedInsect":4,"Bag of Preparation":17,"CloakClasp":23,"Whetstone":26,"War Paint":11,"MawBank":4,"Ancient Tea Set":6,"Cursed Key":18,"Medical Kit":23,"Akabeko":0,"White Beast Statue":27,"Nunchaku":13,"Bottled Flame":23,"Strawberry":13,"Snecko Eye":8,"Membership Card":11,"PureWater":0,"StrikeDummy":15,"Meat on the Bone":11},{"Regal Pillow":85,"Calipers":85,"Dead Branch":89,"PreservedInsect":12,"Bag of Preparation":62,"CloakClasp":82,"Whetstone":92,"War Paint":48,"MawBank":12,"Ancient Tea Set":20,"Cursed Key":67,"Medical Kit":82,"Akabeko":0,"White Beast Statue":94,"Nunchaku":53,"Bottled Flame":82,"Strawberry":53,"Snecko Eye":38,"Membership Card":48,"PureWater":0,"StrikeDummy":56,"Meat on the Bone":48}],"Meat on the Bone":60},"card_choices":[{"not_picked":["Crescendo","CrushJoints"],"picked":"Swivel","floor":1.0},{"not_picked":["Halt","PathToVictory"],"picked":"ClearTheMind","floor":3.0},{"not_picked":["Crescendo","FollowUp"],"picked":"FlurryOfBlows","floor":5.0},{"not_picked":["SashWhip","EmptyBody"],"picked":"Ragnarok","floor":7.0},{"not_picked":["Halt","EmptyFist"],"picked":"TalkToTheHand","floor":10.0},{"not_picked":["SandsOfTime","Protect"],"picked":"CutThroughFate","floor":12.0},{"not_picked":["Collect","EmptyMind"],"picked":"TalkToTheHand","floor":13.0},{"not_picked":["Judgement","Scrawl"],"picked":"Ragnarok","floor":16.0},{"not_picked":["Protect","CarveReality"],"picked":"Wallop","floor":18.0},{"not_picked":["Halt+1","EmptyMind","CutThroughFate"],"picked":"SKIP","floor":19.0},{"not_picked":["ClearTheMind+1","EmptyFist","Worship"],"picked":"SKIP","floor":21},{"not_picked":["SashWhip+1","EmptyFist"],"picked":"Tantrum+1","floor":24},{"not_picked":["BowlingBash","PathToVictory+1","DeceiveReality"],"picked":"SKIP","floor":25},{"not_picked":["CrushJoints","EmptyBody+1","LikeWater"],"picked":"SKIP","floor":27},{"not_picked":["Establishment","CarveReality+1","Fasting2+1"],"picked":"SKIP","floor":29},{"not_picked":["Establishment","CarveReality+1","Fasting2+1"],"picked":"SKIP","floor":29},{"not_picked":["Wireheading","CrushJoints+1","JustLucky"],"picked":"SKIP","floor":30},{"not_picked":["FlyingSleeves","MasterReality","Vengeance"],"picked":"SKIP","floor":31},{"not_picked":["Establishment","Devotion"],"picked":"DevaForm","floor":33},{"not_picked":["Sanctity+1","CutThroughFate","Protect"],"picked":"SKIP","floor":35},{"not_picked":["FollowUp+1","Prostrate+1"],"picked":"WheelKick+1","floor":36},{"not_picked":["ReachHeaven+1","PathToVictory+1","Consecrate"],"picked":"SKIP","floor":37},{"not_picked":["FlurryOfBlows+1","Perseverance"],"picked":"Wish","floor":38},{"not_picked":["Crescendo","Prostrate+1","PathToVictory"],"picked":"SKIP","floor":40},{"not_picked":["Meditate","ReachHeaven+1","Indignation+1"],"picked":"SKIP","floor":42},{"not_picked":["ReachHeaven+1","CrushJoints"],"picked":"FearNoEvil+1","floor":46},{"not_picked":["CrushJoints","Blasphemy","Consecrate"],"picked":"SKIP","floor":48}],"player_experience":474482,"relics_obtained":[{"floor":7.0,"key":"MawBank"},{"floor":9.0,"key":"PreservedInsect"},{"floor":12.0,"key":"Ancient Tea Set"},{"floor":25,"key":"Strawberry"},{"floor":26,"key":"Nunchaku"},{"floor":29,"key":"StrikeDummy"},{"floor":31,"key":"Bag of Preparation"},{"floor":40,"key":"Bottled Flame"},{"floor":42,"key":"Calipers"},{"floor":43,"key":"Regal Pillow"},{"floor":45,"key":"Dead Branch"},{"floor":46,"key":"Whetstone"},{"floor":48,"key":"White Beast Statue"}],"event_choices":[{"damage_healed":0.0,"max_hp_gain":0.0,"max_hp_loss":0.0,"gold_gain":75.0,"event_name":"World of Goop","player_choice":"Gather Gold","floor":2.0,"gold_loss":0.0,"damage_taken":11.0},{"damage_healed":0.0,"max_hp_gain":0.0,"max_hp_loss":0.0,"gold_gain":0.0,"event_name":"Upgrade Shrine","player_choice":"Upgraded","floor":4.0,"gold_loss":0.0,"damage_taken":0.0,"cards_upgraded":["Eruption"]},{"damage_healed":18.0,"max_hp_gain":0.0,"max_hp_loss":0.0,"gold_gain":0.0,"event_name":"The Cleric","player_choice":"Healed","floor":14.0,"gold_loss":35.0,"damage_taken":0.0},{"damage_healed":0,"gold_gain":75,"player_choice":"Touch","damage_taken":7,"max_hp_gain":0,"max_hp_loss":0,"event_name":"FaceTrader","floor":20,"gold_loss":0},{"damage_healed":0,"gold_gain":0,"player_choice":"Ignored","damage_taken":0,"max_hp_gain":0,"max_hp_loss":0,"event_name":"Tomb of Lord Red Mask","floor":44,"gold_loss":0},{"damage_healed":0,"gold_gain":0,"player_choice":"Fight","damage_taken":0,"max_hp_gain":0,"max_hp_loss":0,"event_name":"MindBloom","floor":45,"gold_loss":0}],"is_beta":false,"boss_relics":[{"not_picked":["Pandora\u0027s Box","VioletLotus"],"picked":"Snecko Eye"},{"not_picked":["Black Star","Runic Dome"],"picked":"Cursed Key"}],"items_purged_floors":[22,39,41,47],"is_endless":false,"potions_floor_spawned":[1,3,7,10,18,21,25,29,31,35,36,40,46],"ascension_level":7}}