{"host":"6r9t33axn0fzb9aq","time":1611759978,"event":{"mods":["Aspiration","BaseMod","Better Altar","Better Match","Better Note","Better Third Choice","CatGirl Mod","Clockwork Mod","Colored Map","Colored Powertips","Conspire","Curses Come First","Custom Start","Energized Spire","Halation","Hubris","Infinite Spire","Marisa????????","Minty Spire (QoL Compilation)","Onozuka Komachi Mod","Poor People Problems","Reliquary","Remilia??????","Replay The Spire","Reworked Bosses","Shade Mod","Spicy Shops","Spire Arcade","StSLib","The Blue Laboratory","The Death Knight","The Hierophant","The Marked","The Necromancer","The Servant 0.9.4","TheHero","Trackpad","Waifu the Spire","Wandering Minibosses"],"gold_per_floor":[118,118,68,68,85,136,179,179,179,213,252,293,293,327,327,434,534,546,546,569,719,766,793,849,900,900,900,934,987,1059,1059,1171,1171,1203,1203,1203,1230,1271,1271,1295,1295],"floor_reached":41,"language":"ENG","playtime":2628,"items_purged":[],"score":714,"play_id":"6c84bed3-2b84-4cb9-ab60-046c65ba66fc","local_time":"20210127150618","daily_mods":["Vintage","Heirloom","Time Dilation","Flight","DeadlyEvents","Elite Swarm","Binary"],"is_ascension_mode":false,"campfire_choices":[{"floor":8.0,"key":"REST"},{"data":"Shade:AnimateDead","floor":13.0,"key":"SMITH"},{"data":"Shade:CarefulCut","floor":15.0,"key":"SMITH"},{"data":"Shade:FreshBones","floor":28.0,"key":"SMITH"},{"data":"Wraith","floor":40,"key":"SMITH"}],"circlet_count":0,"master_deck":["Shade:Strike_Shade","Shade:Strike_Shade+2","Shade:Strike_Shade","Shade:Defend_Shade","Shade:Defend_Shade","Shade:Defend_Shade","Shade:AnimateDead+1","Shade:CarefulCut+1","conspire:SpireCoStock+1","Replay:Sluggish","Shade:FreshBones+1","Shade:FreshBones","Shade:SoulPierce","Shade:Bonestorm"],"relics":["Shade:YorickSkull","Busted Crown","replay:Trail_Library","halation:SwordOfLegend","Simple Rune","reliquary:WeakTea","War Paint","Dream Catcher","TungstenRod","hubris:MysteriousPyramids","hubris:Teleporter","Replay:Rubber Ducky","reliquary:WeakTea","Replay:Wanted Poster","halation:PrussianBluePaint","infinitespire:Broken Mirror","ReplayTheSpireMod:CursedCoin","infinitespire:FocusingShard","trackpad:ByrdBGone","halation:TwoAmDonut","Replay:Wax Seal","theCatGirl:Ambush","infinitespire:CheckeredPen","Runic Pyramid","Kunai","Toy Ornithopter","Frozen Egg 2"],"acts_visited":["Exordium","TheCity","TheBeyond"],"potions_floor_usage":[41],"damage_taken":[{"damage":0.0,"enemies":"Cultist","floor":1.0,"turns":3.0},{"damage":0.0,"enemies":"Jaw Worm","floor":5.0,"turns":2.0},{"damage":20.0,"enemies":"Gremlin Nob","floor":6.0,"turns":4.0},{"damage":6.0,"enemies":"Lagavulin","floor":7.0,"turns":5.0},{"damage":11.0,"enemies":"Gremlin Nob","floor":10.0,"turns":3.0},{"damage":0.0,"enemies":"Lagavulin","floor":11.0,"turns":5.0},{"damage":11.0,"enemies":"3 Sentries","floor":12.0,"turns":6.0},{"damage":0.0,"enemies":"Lagavulin","floor":14.0,"turns":5.0},{"damage":14.0,"enemies":"Slime Boss","floor":16.0,"turns":10.0},{"damage":0.0,"enemies":"Chosen","floor":18.0,"turns":3.0},{"damage":0.0,"enemies":"Shell Parasite","floor":20.0,"turns":3.0},{"damage":2.0,"enemies":"Snecko","floor":22.0,"turns":7.0},{"damage":4.0,"enemies":"Book of Stabbing","floor":23.0,"turns":4.0},{"damage":1.0,"enemies":"Gremlin Leader","floor":24.0,"turns":6.0},{"damage":0.0,"enemies":"Centurion and Healer","floor":25.0,"turns":4.0},{"damage":0.0,"enemies":"Book of Stabbing","floor":29.0,"turns":3.0},{"damage":14.0,"enemies":"Slavers","floor":30.0,"turns":4.0},{"damage":15.0,"enemies":"bossMod:newChamp","floor":33.0,"turns":9.0},{"damage":0.0,"enemies":"3 Darklings","floor":35.0,"turns":3.0},{"damage":14,"enemies":"R_Hoarder","floor":39,"turns":5},{"damage":62,"enemies":"Giant Head","floor":41,"turns":7}],"seed_played":"935089464725481934","potions_obtained":[{"floor":5.0,"key":"Explosive Potion"},{"floor":7.0,"key":"Venom Potion"},{"floor":10.0,"key":"Regen Potion"},{"floor":12.0,"key":"blueLaboratory:LouseDecoction"},{"floor":18.0,"key":"blueLaboratory:BottleOfRum"},{"floor":23.0,"key":"blueLaboratory:PhilterOfMotion"},{"floor":33.0,"key":"blueLaboratory:EmptyBottle"},{"floor":35.0,"key":"Milkshake"}],"is_trial":true,"path_per_floor":["M","?","?","?","M","E","E","R","T","E","E","E","R","E","R","B",null,"M","?","M","AVR","M","E","E","M","T","R","E","E","T","R_BF","B",null,"M","?","?","T","E","R","E"],"character_chosen":"SHADE","items_purchased":[],"campfire_rested":1,"item_purchase_floors":[],"current_hp_per_floor":[65,65,65,65,65,45,39,65,65,54,54,55,61,61,64,50,65,65,65,65,65,63,59,58,58,58,65,65,51,51,54,39,65,65,65,65,65,51,57,0,0],"gold":1295,"neow_bonus":"","is_daily":false,"chose_seed":false,"campfire_upgraded":4,"win_rate":0.0,"timestamp":1611759978,"path_taken":["M","?","?","?","?","E","E","R","T","E","?","E","R","E","R","BOSS","M","?","?","AVR","?","E","E","?","T","R","E","?","?","R_BF","BOSS","M","?","?","?","?","R","E"],"items_purchased_type":[],"build_version":"2020-12-22","purchased_purges":0,"victory":false,"max_hp_per_floor":[65,65,65,65,65,65,65,65,65,65,65,65,65,65,65,65,65,65,65,65,65,65,65,65,65,65,65,65,65,65,65,65,65,65,65,65,65,65,65,65,65],"card_choices":[],"player_experience":407298,"relics_obtained":[{"floor":1.0,"key":"Simple Rune"},{"floor":5.0,"key":"reliquary:WeakTea"},{"floor":6.0,"key":"War Paint"},{"floor":7.0,"key":"Dream Catcher"},{"floor":9.0,"key":"TungstenRod"},{"floor":10.0,"key":"hubris:MysteriousPyramids"},{"floor":11.0,"key":"hubris:Teleporter"},{"floor":12.0,"key":"Replay:Rubber Ducky"},{"floor":14.0,"key":"reliquary:SculptingSteel"},{"floor":18.0,"key":"halation:PrussianBluePaint"},{"floor":20.0,"key":"infinitespire:Broken Mirror"},{"floor":22.0,"key":"infinitespire:FocusingShard"},{"floor":23.0,"key":"trackpad:ByrdBGone"},{"floor":25.0,"key":"halation:TwoAmDonut"},{"floor":26.0,"key":"Replay:Wax Seal"},{"floor":30.0,"key":"theCatGirl:Ambush"},{"floor":31.0,"key":"infinitespire:CheckeredPen"},{"floor":35.0,"key":"Kunai"},{"floor":38,"key":"Toy Ornithopter"},{"floor":39,"key":"Frozen Egg 2"}],"event_choices":[{"damage_healed":0.0,"max_hp_gain":0.0,"max_hp_loss":0.0,"gold_gain":0.0,"event_name":"Golden Wing","player_choice":"Ignored","floor":2.0,"gold_loss":0.0,"damage_taken":0.0},{"damage_healed":0.0,"max_hp_gain":0.0,"max_hp_loss":0.0,"gold_gain":0.0,"event_name":"conspire:Investor","player_choice":"Invest 1","floor":3.0,"gold_loss":0.0,"damage_taken":0.0},{"cards_removed":["Shade:Defend_Shade"],"damage_healed":0.0,"max_hp_gain":0.0,"max_hp_loss":0.0,"gold_gain":0.0,"event_name":"Bonfire Elementals","player_choice":"Offered Basic","floor":4.0,"gold_loss":0.0,"damage_taken":0.0},{"damage_healed":0.0,"max_hp_gain":0.0,"max_hp_loss":0.0,"gold_gain":0.0,"event_name":"betterNote:BetterNote","player_choice":"Ignored","floor":19.0,"gold_loss":0.0,"damage_taken":0.0,"cards_obtained":["Shade:LoseControl"]},{"damage_healed":0.0,"max_hp_gain":0.0,"max_hp_loss":0.0,"gold_gain":0.0,"cards_transformed":["Shade:Strike_Shade"],"event_name":"Transmorgrifier","player_choice":"Transformed","floor":32.0,"gold_loss":0.0,"damage_taken":0.0,"cards_obtained":["Shade:SoulPierce"]},{"damage_healed":0,"gold_gain":0,"player_choice":"Ignored","damage_taken":0,"max_hp_gain":0,"max_hp_loss":0,"event_name":"OrinTheCat","floor":37,"gold_loss":0}],"is_beta":false,"boss_relics":[{"not_picked":["Empty Cage","Honey Jar"],"picked":"Replay:Wanted Poster"},{"not_picked":["hubris:TerracottaHorce","SacredBark"],"picked":"Runic Pyramid"}],"items_purged_floors":[],"is_endless":false,"potions_floor_spawned":[5,7,10,12,14,18,23,30,33,35],"killed_by":"Giant Head","ascension_level":0}}