{"host":"0iuhrgzkozzv273x","time":1611718944,"event":{"mods":["2.2 Compatiblity","BaseMod","Colored Map","Curses Come First","Downfall","Minty Spire (QoL Compilation)","Spire Arcade","StSLib","The Construct","Unceasing Turn Reminder"],"gold_per_floor":[99,111,131,148,168,195,195,211,11,39,139,139,49,67,81,81,81,81],"floor_reached":16,"language":"ENG","playtime":1716,"items_purged":["bronze:Strike"],"score":131,"play_id":"34fd0383-a1ad-47fb-a863-f7b6a8a2ccb8","local_time":"20210126224224","is_ascension_mode":true,"campfire_choices":[{"floor":1.0,"key":"RECALL"},{"floor":9,"key":"REST"},{"floor":12,"key":"REST"}],"circlet_count":0,"master_deck":["bronze:Strike","bronze:Strike","bronze:Strike","bronze:Defend","bronze:Defend","bronze:Defend","bronze:Defend","bronze:Replicate","bronze:Goto","Purity","bronze:BronzeOrb","bronze:InfiniteBeams","bronze:Constructor","bronze:Refactor","bronze:Repulsor","bronze:WhirlingStrike"],"relics":["bronze:BronzeCore","PreservedInsect","downfall:HeartBlessingRed","downfall:HeartBlessingBlue","Bottled Flame","White Beast Statue"],"acts_visited":["Exordium"],"potions_floor_usage":[11,13,15,16],"damage_taken":[{"damage":3.0,"enemies":"Small Slimes","floor":2.0,"turns":3.0},{"damage":1.0,"enemies":"Cultist","floor":3.0,"turns":4.0},{"damage":1.0,"enemies":"Jaw Worm","floor":4.0,"turns":4.0},{"damage":24,"enemies":"Gremlin Gang","floor":5,"turns":7},{"damage":14,"enemies":"3 Sentries","floor":6,"turns":10},{"damage":4,"enemies":"Large Slime","floor":8,"turns":7},{"damage":15,"enemies":"Lagavulin","floor":10,"turns":5},{"damage":8,"enemies":"downfall:LadyInBlue","floor":11,"turns":8},{"damage":0,"enemies":"downfall:FleeingMerchant","floor":13,"turns":4},{"damage":2,"enemies":"Blue Slaver","floor":14,"turns":3},{"damage":0,"enemies":"2 Fungi Beasts","floor":15,"turns":5},{"damage":58,"enemies":"SI_SHIV_ARCHETYPE","floor":16,"turns":7}],"seed_played":"-40419405024891294","potions_obtained":[{"floor":5,"key":"AttackPotion"},{"floor":10,"key":"DuplicationPotion"},{"floor":11,"key":"bronze:CleanCodePotion"},{"floor":11,"key":"AttackPotion"},{"floor":13,"key":"ColorlessPotion"},{"floor":14,"key":"Energy Potion"},{"floor":15,"key":"LiquidMemories"}],"is_trial":false,"path_per_floor":["R","M","M","M","M","E","T","M","R","E","?","R","$","M","M","B"],"character_chosen":"THE_AUTOMATON","items_purchased":[],"campfire_rested":2,"item_purchase_floors":[],"current_hp_per_floor":[70,67,66,65,41,27,27,23,57,42,34,58,58,56,56,0,0,0],"gold":81,"neow_bonus":"RANDOM_COLORLESS","is_daily":false,"chose_seed":false,"campfire_upgraded":0,"win_rate":0.0,"timestamp":1611718944,"path_taken":["R","M","M","M","M","E","T","M","R","E","?","R","$","?","M","BOSS"],"items_purchased_type":[],"build_version":"2020-12-22","purchased_purges":1,"victory":false,"max_hp_per_floor":[70,70,70,70,70,70,70,70,80,80,80,80,80,80,80,80,80,80],"card_choices":[{"not_picked":["Trip","Panacea"],"picked":"Purity","floor":0.0},{"not_picked":["bronze:Invalidate","bronze:Shield"],"picked":"bronze:BronzeOrb","floor":2.0},{"not_picked":["bronze:Frontload","bronze:FollowUp"],"picked":"bronze:InfiniteBeams","floor":3.0},{"not_picked":["bronze:ClassDefault","bronze:BitShift"],"picked":"bronze:Constructor","floor":4.0},{"not_picked":["bronze:DelayedSlice","bronze:DelayedGuard","bronze:ClassDefault"],"picked":"SKIP","floor":5},{"not_picked":["bronze:Return","bronze:ChildClass"],"picked":"bronze:Refactor","floor":6},{"not_picked":["bronze:CutThrough","bronze:DelayedGuard","bronze:CloningBeam"],"picked":"SKIP","floor":8},{"not_picked":["bronze:NullPointer","bronze:Frontload","bronze:ItsAFeature"],"picked":"SKIP","floor":10},{"not_picked":["bronze:BronzeOrb","bronze:WildBeam"],"picked":"bronze:Repulsor","floor":11},{"not_picked":["bronze:WildBeam","bronze:OilSpill","bronze:Overheat"],"picked":"SKIP","floor":13},{"not_picked":["bronze:OilSpill","bronze:Boost"],"picked":"bronze:WhirlingStrike","floor":14},{"not_picked":["bronze:Invalidate","bronze:DelayedSlice","bronze:OilSpill"],"picked":"SKIP","floor":15}],"player_experience":811066,"relics_obtained":[{"floor":6,"key":"PreservedInsect"},{"floor":10,"key":"Bottled Flame"},{"floor":11,"key":"White Beast Statue"}],"event_choices":[],"is_beta":false,"boss_relics":[],"items_purged_floors":[13],"is_endless":false,"potions_floor_spawned":[5,10,11,13,14,15],"killed_by":"SI_SHIV_ARCHETYPE","ascension_level":3}}