{"host":"msmkw03x1o7nq45i","time":1611772723,"event":{"mods":["AchievementEnabler","BaseMod","Bestiary","Colored Powertips","GifTheSpireLib","Highlight Path","Minty Spire (QoL Compilation)","Random Character Button","StSLib","everything is the same but u backflip on backflip"],"gold_per_floor":[116,126,140,159,334,334,409,442,442,454,7,23,58,73,73,150,150,162,182,197,107,124,124,156,156,156],"floor_reached":25,"language":"ENG","playtime":2241,"items_purged":[],"score":403,"play_id":"3888e70e-af6b-4f88-b9bb-15db5a6858ab","local_time":"20210127203843","is_ascension_mode":true,"campfire_choices":[{"data":"Ball Lightning","floor":6,"key":"SMITH"},{"data":"Coolheaded","floor":15,"key":"SMITH"},{"floor":23,"key":"REST"}],"circlet_count":0,"master_deck":["AscendersBane","Strike_B","Strike_B","Strike_B","Defend_B+1","Defend_B","Defend_B","Zap","Dualcast","Steam+1","Leap","Ball Lightning+1","Coolheaded+1","Fission","Hologram+1","Sweeping Beam","Turbo","Creative AI","Static Discharge","Darkness+1","Double Energy"],"relics":["Cracked Core","Pear","Cables","Mummified Hand","DataDisk","InkBottle","Inserter","War Paint"],"acts_visited":["Exordium","TheCity"],"potions_floor_usage":[4,8,22,24,24],"damage_taken":[{"damage":0,"enemies":"Cultist","floor":1,"turns":4},{"damage":2,"enemies":"Jaw Worm","floor":2,"turns":3},{"damage":2,"enemies":"2 Louse","floor":3,"turns":3},{"damage":0,"enemies":"Exordium Thugs","floor":4,"turns":4},{"damage":13,"enemies":"Lagavulin","floor":8,"turns":8},{"damage":9,"enemies":"Red Slaver","floor":10,"turns":5},{"damage":0,"enemies":"3 Louse","floor":12,"turns":3},{"damage":7,"enemies":"3 Sentries","floor":13,"turns":5},{"damage":0,"enemies":"Blue Slaver","floor":14,"turns":3},{"damage":17,"enemies":"The Guardian","floor":16,"turns":14},{"damage":20,"enemies":"Shell Parasite","floor":18,"turns":6},{"damage":21,"enemies":"3 Byrds","floor":19,"turns":6},{"damage":2,"enemies":"Snecko","floor":20,"turns":4},{"damage":4,"enemies":"Centurion and Healer","floor":22,"turns":8},{"damage":22,"enemies":"Book of Stabbing","floor":24,"turns":5},{"damage":13,"enemies":"Cultist and Chosen","floor":25,"turns":4}],"seed_played":"5967558068118831375","potions_obtained":[{"floor":1,"key":"Dexterity Potion"},{"floor":2,"key":"SkillPotion"},{"floor":13,"key":"Swift Potion"},{"floor":22,"key":"ColorlessPotion"}],"is_trial":false,"path_per_floor":["M","M","M","M","?","R","?","E","T","M","$","M","E","M","R","B",null,"M","M","M","?","M","R","E","M"],"character_chosen":"DEFECT","items_purchased":["Mummified Hand","DataDisk","Weak Potion"],"campfire_rested":1,"item_purchase_floors":[11,11,11],"current_hp_per_floor":[64,62,60,60,60,60,54,51,51,42,42,42,35,35,35,18,60,40,19,17,17,13,35,13,0,0],"gold":156,"neow_bonus":"TRANSFORM_TWO_CARDS","is_daily":false,"chose_seed":false,"campfire_upgraded":2,"win_rate":0.0,"timestamp":1611772723,"path_taken":["M","M","?","M","?","R","?","E","T","M","$","M","E","M","R","BOSS","M","M","M","?","M","R","E","?"],"items_purchased_type":["Relic","Relic","Potion"],"build_version":"2020-12-22","purchased_purges":0,"victory":false,"max_hp_per_floor":[64,64,64,64,64,64,64,74,74,74,74,74,74,74,74,74,74,74,74,74,74,74,74,74,74,74],"card_choices":[{"not_picked":["Chill","Barrage","Undo"],"picked":"SKIP","floor":1},{"not_picked":["Conserve Battery","Stack","Leap"],"picked":"SKIP","floor":2},{"not_picked":["Static Discharge","Coolheaded"],"picked":"Ball Lightning","floor":3},{"not_picked":["Go for the Eyes","Leap"],"picked":"Coolheaded","floor":4},{"not_picked":["Double Energy","Genetic Algorithm"],"picked":"Fission","floor":8},{"not_picked":["Streamline","Gash"],"picked":"Hologram","floor":10},{"not_picked":["Go for the Eyes","BootSequence","Storm"],"picked":"SKIP","floor":12},{"not_picked":["Go for the Eyes","Barrage"],"picked":"Sweeping Beam","floor":13},{"not_picked":["Stack","Conserve Battery"],"picked":"Turbo","floor":14},{"not_picked":["Buffer","All For One"],"picked":"Creative AI","floor":16},{"not_picked":["Sweeping Beam","Blizzard","Streamline"],"picked":"SKIP","floor":18},{"not_picked":["Go for the Eyes","Redo"],"picked":"Static Discharge","floor":19},{"not_picked":["Streamline","Barrage","Blizzard"],"picked":"SKIP","floor":20},{"not_picked":["Conserve Battery","Streamline"],"picked":"Darkness+1","floor":22},{"not_picked":["Aggregate","Go for the Eyes"],"picked":"Double Energy","floor":24}],"player_experience":418888,"relics_obtained":[{"floor":8,"key":"Pear"},{"floor":9,"key":"Cables"},{"floor":13,"key":"InkBottle"},{"floor":24,"key":"War Paint"}],"event_choices":[{"damage_healed":0,"gold_gain":175,"player_choice":"AGREE","damage_taken":0,"max_hp_gain":0,"max_hp_loss":0,"event_name":"Liars Game","floor":5,"gold_loss":0,"cards_obtained":["Doubt"]},{"damage_healed":0,"gold_gain":75,"player_choice":"Touch","damage_taken":6,"max_hp_gain":0,"max_hp_loss":0,"event_name":"FaceTrader","floor":7,"gold_loss":0},{"cards_removed":["Doubt"],"damage_healed":0,"gold_gain":0,"player_choice":"Upgrade and Remove","damage_taken":0,"max_hp_gain":0,"max_hp_loss":0,"event_name":"Designer","floor":21,"gold_loss":90,"cards_upgraded":["Steam"]}],"is_beta":false,"boss_relics":[{"not_picked":["FrozenCore","Pandora\u0027s Box"],"picked":"Inserter"}],"items_purged_floors":[],"is_endless":false,"potions_floor_spawned":[1,2,13,22],"killed_by":"Cultist and Chosen","ascension_level":14}}