{"host":"9n6i2vl93jt4o42q","time":1611752099,"event":{"mods":["BaseMod","Minty Spire (QoL Compilation)","Relic Stats"],"gold_per_floor":[115,115,40,60,60,60,75,75,75,75,98,98,132,146,146,235,235,256,31,52,52,52,52],"floor_reached":22,"language":"ENG","playtime":1301,"items_purged":["Regret"],"score":368,"play_id":"aceeedae-79b4-46b7-b250-9c3312bddd58","local_time":"20210127135459","is_ascension_mode":true,"campfire_choices":[{"data":"Cloak And Dagger","floor":6.0,"key":"SMITH"},{"data":"Neutralize","floor":8.0,"key":"SMITH"},{"floor":10.0,"key":"REST"},{"floor":15.0,"key":"REST"}],"circlet_count":0,"master_deck":["AscendersBane","Strike_G","Strike_G","Strike_G","Strike_G","Strike_G","Defend_G","Defend_G","Defend_G","Defend_G","Defend_G","Survivor","Neutralize+1","Panache","Cloak And Dagger+1","Outmaneuver","Dagger Spray","Endless Agony","Heel Hook","Night Terror","CurseOfTheBell","Slice+1","Infinite Blades","Deflect","Well Laid Plans","Quick Slash","Reflex","Necronomicurse"],"relics":["Ring of the Snake","Pear","Golden Idol","Kunai","The Courier","Calling Bell","Toy Ornithopter","Letter Opener","TungstenRod","Necronomicon"],"acts_visited":["Exordium","TheCity"],"potions_floor_usage":[18],"damage_taken":[{"damage":7.0,"enemies":"Small Slimes","floor":1.0,"turns":4.0},{"damage":5.0,"enemies":"Jaw Worm","floor":4.0,"turns":5.0},{"damage":2.0,"enemies":"2 Louse","floor":7.0,"turns":4.0},{"damage":12.0,"enemies":"Gremlin Gang","floor":11.0,"turns":4.0},{"damage":6.0,"enemies":"3 Sentries","floor":13.0,"turns":7.0},{"damage":8.0,"enemies":"3 Louse","floor":14.0,"turns":3.0},{"damage":25.0,"enemies":"Slime Boss","floor":16.0,"turns":8.0},{"damage":17,"enemies":"Chosen","floor":18,"turns":8},{"damage":2,"enemies":"3 Byrds","floor":20,"turns":6},{"damage":28,"enemies":"3 Cultists","floor":22,"turns":3}],"seed_played":"1145199186977261247","potions_obtained":[{"floor":7.0,"key":"Poison Potion"},{"floor":12.0,"key":"Poison Potion"},{"floor":12.0,"key":"Ancient Potion"},{"floor":13.0,"key":"EntropicBrew"},{"floor":16,"key":"ColorlessPotion"},{"floor":20,"key":"Dexterity Potion"}],"is_trial":false,"path_per_floor":["M","?","$","M","?","R","M","R","T","R","M","?","E","M","R","B",null,"M","$","M","?","M"],"character_chosen":"THE_SILENT","items_purchased":["Infinite Blades","Deflect","Well Laid Plans","Quick Slash"],"campfire_rested":2,"item_purchase_floors":[19,19,19,19],"current_hp_per_floor":[52,36,36,31,31,31,29,29,29,49,37,37,31,23,43,18,56,44,44,42,25,0,0],"gold":52,"neow_bonus":"RANDOM_COLORLESS_2","is_daily":false,"chose_seed":false,"campfire_upgraded":2,"win_rate":0.0,"timestamp":1611752099,"path_taken":["M","?","$","M","?","R","M","R","T","R","M","?","E","M","R","BOSS","BOSS","M","$","?","?","M"],"items_purchased_type":["Card","Card","Card","Card"],"build_version":"2020-12-22","purchased_purges":1,"victory":false,"max_hp_per_floor":[66,76,76,76,69,69,69,69,69,69,69,69,69,69,69,69,69,69,69,69,69,69,69],"relic_stats":{"counters":[10,52],"Golden Idol":62,"Necronomicon":[0],"Kunai":[21],"Letter Opener":[15],"obtain_stats":[{"Calling Bell":17,"Pear":2,"Golden Idol":5,"The Courier":13,"Necronomicon":21,"Kunai":9,"Letter Opener":17,"Toy Ornithopter":17,"TungstenRod":17,"Ring of the Snake":0},{"Calling Bell":7,"Pear":1,"Golden Idol":2,"The Courier":5,"Necronomicon":9,"Kunai":3,"Letter Opener":7,"Toy Ornithopter":7,"TungstenRod":7,"Ring of the Snake":0},{"Calling Bell":35,"Pear":4,"Golden Idol":9,"The Courier":24,"Necronomicon":49,"Kunai":13,"Letter Opener":35,"Toy Ornithopter":35,"TungstenRod":35,"Ring of the Snake":0}],"Toy Ornithopter":5,"TungstenRod":37,"Ring of the Snake":[21]},"card_choices":[{"not_picked":["Master of Strategy","Mayhem"],"picked":"Panache","floor":0.0},{"not_picked":["Quick Slash","Outmaneuver"],"picked":"Cloak And Dagger","floor":1.0},{"not_picked":["Backflip","Bane"],"picked":"Outmaneuver","floor":4.0},{"not_picked":["Caltrops","Bane","Outmaneuver"],"picked":"SKIP","floor":7.0},{"not_picked":["Bane","Tactician"],"picked":"Dagger Spray","floor":11.0},{"not_picked":["Backflip","Distraction"],"picked":"Endless Agony","floor":13.0},{"not_picked":["Backstab","Backflip"],"picked":"Heel Hook","floor":14.0},{"not_picked":["Glass Knife","Phantasmal Killer"],"picked":"Night Terror","floor":16},{"not_picked":["Dodge and Roll","Deflect"],"picked":"Slice+1","floor":18},{"not_picked":["Deadly Poison","Deflect"],"picked":"Reflex","floor":20}],"player_experience":2306231,"relics_obtained":[{"floor":9.0,"key":"Kunai"},{"floor":13.0,"key":"The Courier"},{"floor":17,"key":"Toy Ornithopter"},{"floor":17,"key":"Letter Opener"},{"floor":17,"key":"TungstenRod"},{"floor":21,"key":"Necronomicon"}],"event_choices":[{"damage_healed":0.0,"max_hp_gain":0.0,"max_hp_loss":0.0,"gold_gain":0.0,"event_name":"Scrap Ooze","player_choice":"Success","floor":2.0,"gold_loss":0.0,"damage_taken":26.0,"relics_obtained":["Pear"]},{"damage_healed":0.0,"max_hp_gain":0.0,"max_hp_loss":7.0,"gold_gain":0.0,"event_name":"Golden Idol","player_choice":"Lose Max HP","floor":5.0,"gold_loss":0.0,"damage_taken":0.0,"relics_obtained":["Golden Idol"]},{"damage_healed":0.0,"max_hp_gain":0.0,"max_hp_loss":0.0,"gold_gain":0.0,"event_name":"Lab","player_choice":"Got Potions","floor":12.0,"gold_loss":0.0,"damage_taken":0.0},{"damage_healed":0,"gold_gain":0,"player_choice":"Obtained Book","damage_taken":21,"max_hp_gain":0,"max_hp_loss":0,"event_name":"Cursed Tome","floor":21,"gold_loss":0}],"is_beta":false,"boss_relics":[{"not_picked":["Tiny House","Philosopher\u0027s Stone"],"picked":"Calling Bell"}],"items_purged_floors":[3],"is_endless":false,"potions_floor_spawned":[7,13,16,20],"killed_by":"3 Cultists","ascension_level":20}}