{"host":"uv5ws9rdk87e8i5k","time":1611719406,"event":{"mods":["AchievementEnabler","BaseMod","Colored Map","Minty Spire (QoL Compilation)","Permanent Neow","Quick Restart","StSLib","SuperFastMode","The Animator","The Cursed","The Hierophant","The Necromancer"],"gold_per_floor":[110,1,1,17,30,30,64,81,132,159,172,199,199,211,211,307,307,318,332,257,276,375,405,405,405,405],"floor_reached":25,"language":"ENG","playtime":565,"items_purged":["Regret"],"score":389,"play_id":"cb2516b4-7530-4d03-9277-792db626b0e8","local_time":"20210126215006","is_ascension_mode":true,"campfire_choices":[{"data":"Summon_Vampire_Lady","floor":6.0,"key":"SMITH"},{"data":"Summon_Undead_Army","floor":13,"key":"SMITH"},{"data":"Bone_Prison","floor":15,"key":"SMITH"},{"data":"Summon_Vampire_Lady","floor":24,"key":"SMITH"}],"circlet_count":0,"master_deck":["AscendersBane","Strike_W","Strike_W","Strike_W","Defend_W","Defend_W","Defend_W","Defend_W","Negative_Energy_Arrows","Bone_Wall","Summon_Vampire_Lady+1","Negative_Energy_Sphere","Summon_Undead_Army+1","Life_Tap","Vampiric_Strike","Bone_Prison+1","Negative_Energy_Sphere","Death_Knell","Summon_Vampire_Lady+1","Necrotic_Claws","Summon_Undead_Army"],"relics":["Vampire_Amulet","Matryoshka","MealTicket","Dream Catcher","Lantern","The Courier","Oddly Smooth Stone","Cursed Key","Juzu Bracelet"],"acts_visited":["Exordium","TheCity"],"potions_floor_usage":[12,16,16,19,19],"damage_taken":[{"damage":15.0,"enemies":"Jaw Worm","floor":1.0,"turns":5.0},{"damage":13.0,"enemies":"Small Slimes","floor":4.0,"turns":5.0},{"damage":0.0,"enemies":"2 Louse","floor":5.0,"turns":3.0},{"damage":30.0,"enemies":"Gremlin Nob","floor":7.0,"turns":4.0},{"damage":15.0,"enemies":"Red Slaver","floor":8.0,"turns":4.0},{"damage":29.0,"enemies":"3 Sentries","floor":10.0,"turns":7.0},{"damage":8.0,"enemies":"Blue Slaver","floor":11.0,"turns":4.0},{"damage":11,"enemies":"Gremlin Nob","floor":12,"turns":4},{"damage":3,"enemies":"Exordium Wildlife","floor":14,"turns":2},{"damage":37,"enemies":"Hexaghost","floor":16,"turns":9},{"damage":18,"enemies":"Spheric Guardian","floor":18,"turns":4},{"damage":15,"enemies":"2 Thieves","floor":19,"turns":4},{"damage":26,"enemies":"Centurion and Healer","floor":21,"turns":5},{"damage":54,"enemies":"Book of Stabbing","floor":23,"turns":6},{"damage":49,"enemies":"Slavers","floor":25,"turns":2}],"seed_played":"-2936323472800387722","potions_obtained":[{"floor":4.0,"key":"LiquidMemories"},{"floor":5.0,"key":"LiquidBronze"},{"floor":12,"key":"Weak Potion"},{"floor":14,"key":"DuplicationPotion"},{"floor":16,"key":"FearPotion"},{"floor":18,"key":"Fire Potion"}],"is_trial":false,"path_per_floor":["M","$","?","M","M","R","E","M","T","E","M","E","R","M","R","B",null,"M","M","?","M","?","E","R","E"],"character_chosen":"NECROMANCER","items_purchased":["Summon_Undead_Army"],"campfire_rested":0,"item_purchase_floors":[2],"current_hp_per_floor":[55,55,52,52,56,56,37,32,32,29,31,33,33,40,40,51,69,65,66,66,71,71,36,36,0,0],"gold":405,"neow_bonus":"THREE_RARE_CARDS","is_daily":false,"chose_seed":false,"campfire_upgraded":4,"win_rate":0.0,"timestamp":1611719406,"path_taken":["M","$","?","M","M","R","E","M","T","E","M","E","R","M","R","BOSS","M","M","?","M","?","E","R","E"],"items_purchased_type":["Card"],"build_version":"2020-12-22","purchased_purges":1,"victory":false,"max_hp_per_floor":[75,75,75,75,75,75,75,75,75,75,75,75,75,75,75,75,75,75,75,75,75,75,75,75,75,75],"card_choices":[{"not_picked":["Cloudkill","Hellfire"],"picked":"Summon_Vampire_Lady","floor":0.0},{"not_picked":["Scare","Bone_Spikes"],"picked":"Negative_Energy_Sphere","floor":1.0},{"not_picked":["Negative_Energy_Javelin","Bone_Shift","Toxic_Smoke_Screen"],"picked":"SKIP","floor":4.0},{"not_picked":["Toxic_Smoke_Screen","Slay_Living"],"picked":"Life_Tap","floor":5.0},{"not_picked":["Chill_Blood","Death_March_Dance"],"picked":"Vampiric_Strike","floor":7.0},{"not_picked":["Bone_Shift","Negative_Energy_Bomb"],"picked":"Bone_Prison","floor":8.0},{"not_picked":["Chill_Blood","Skeleton_Dragon"],"picked":"Negative_Energy_Sphere","floor":10.0},{"not_picked":["Bones_to_Steel","Bone_Bullets","Negative_Energy_Javelin"],"picked":"SKIP","floor":11.0},{"not_picked":["Bone_Shift","Corrupt"],"picked":"Death_Knell","floor":12},{"not_picked":["Bones_to_Steel","Corrupt","Death_Coil"],"picked":"SKIP","floor":14},{"not_picked":["Blood_Wake","Grasp_Heart"],"picked":"Summon_Vampire_Lady","floor":16},{"not_picked":["Siphon_Strength","Finger_Of_Death"],"picked":"Necrotic_Claws","floor":18},{"not_picked":["Chill_Blood","Epidemic+1","Toxic_Smoke_Screen"],"picked":"SKIP","floor":19},{"not_picked":["Negative_Energy_Javelin","Pandemic+1","Toxic_Smoke_Screen"],"picked":"SKIP","floor":21},{"not_picked":["Chill_Blood","Bone_Bullets"],"picked":"Summon_Undead_Army","floor":23}],"player_experience":298216,"relics_obtained":[{"floor":7.0,"key":"MealTicket"},{"floor":9.0,"key":"Dream Catcher"},{"floor":9.0,"key":"Lantern"},{"floor":10.0,"key":"The Courier"},{"floor":12,"key":"Oddly Smooth Stone"},{"floor":23,"key":"Juzu Bracelet"}],"event_choices":[{"damage_healed":0.0,"max_hp_gain":0.0,"max_hp_loss":0.0,"gold_gain":0.0,"event_name":"Scrap Ooze","player_choice":"Success","floor":3.0,"gold_loss":0.0,"damage_taken":3.0,"relics_obtained":["Matryoshka"]},{"cards_removed":["Strike_W"],"damage_healed":0,"gold_gain":0,"player_choice":"Gave Gold","damage_taken":0,"max_hp_gain":0,"max_hp_loss":0,"event_name":"Beggar","floor":20,"gold_loss":75},{"damage_healed":0,"gold_gain":99,"player_choice":"Stole From Cult","damage_taken":0,"max_hp_gain":0,"max_hp_loss":0,"event_name":"Nest","floor":22,"gold_loss":0}],"is_beta":false,"boss_relics":[{"not_picked":["Velvet Choker","Astrolabe"],"picked":"Cursed Key"}],"items_purged_floors":[2],"is_endless":false,"potions_floor_spawned":[4,5,12,14,16,18],"killed_by":"Slavers","ascension_level":12}}