{"host":"me30ioratabihv4r","time":1611770495,"event":{"mods":["AchievementEnabler","Act Like it!","BaseMod","Hallownest","Minty Spire (QoL Compilation)","StSLib","The Bug Knight","UnlockEverythingMod","everything is the same but u backflip on backflip"],"gold_per_floor":[111,129,139,150,161,161,177,177,177,177,187,187,187,187,187,187,187],"floor_reached":16,"language":"ENG","playtime":768,"items_purged":[],"score":94,"play_id":"ee9205be-f22e-45fd-b771-84edc608b2bd","local_time":"20210127140135","is_ascension_mode":false,"campfire_choices":[{"data":"HollowMod:WraithStrike","floor":6,"key":"SMITH"},{"data":"HollowMod:WraithStrike","floor":8,"key":"SMITH"},{"data":"HollowMod:MothsMistake","floor":10,"key":"SMITH"},{"data":"HollowMod:FocusHealStart","floor":12,"key":"SMITH"},{"floor":15,"key":"REST"}],"circlet_count":0,"master_deck":["HollowMod:NailStrikeStart","HollowMod:NailStrikeStart","HollowMod:NailStrikeStart","HollowMod:NailStrikeStart","HollowMod:QuickDashStart","HollowMod:QuickDashStart","HollowMod:QuickDashStart","HollowMod:QuickDashStart","HollowMod:FocusHealStart+1","HollowMod:PogoStrike","HollowMod:MothsMistake+1","HollowMod:HowlingWraiths","HollowMod:WraithStrike+1","HollowMod:HeavyBlow","HollowMod:DescendingDark","HollowMod:DescendingDark","HollowMod:WraithStrike+1","HollowMod:GreatSlash","Injury"],"relics":["HollowMod:VesselMask","StoneCalendar","Golden Idol"],"acts_visited":["Exordium"],"potions_floor_usage":[16],"damage_taken":[{"damage":0,"enemies":"Cultist","floor":1,"turns":4},{"damage":5,"enemies":"Small Slimes","floor":2,"turns":3},{"damage":1,"enemies":"2 Louse","floor":3,"turns":2},{"damage":26,"enemies":"Large Slime","floor":4,"turns":6},{"damage":0,"enemies":"2 Fungi Beasts","floor":5,"turns":2},{"damage":16,"enemies":"Lots of Slimes","floor":7,"turns":3},{"damage":8,"enemies":"Exordium Thugs","floor":11,"turns":3},{"damage":51,"enemies":"HollowMod:FalseKnight","floor":16,"turns":6}],"seed_played":"5891775243099273995","potions_obtained":[{"floor":4,"key":"Weak Potion"},{"floor":7,"key":"SteroidPotion"}],"is_trial":false,"path_per_floor":["M","M","M","M","M","R","M","R","T","R","M","R","?","?","R","B"],"character_chosen":"THE_BUGKNIGHT","items_purchased":[],"campfire_rested":1,"item_purchase_floors":[],"current_hp_per_floor":[75,70,69,43,43,43,27,27,27,27,19,19,19,19,41,0,0],"gold":187,"neow_bonus":"THREE_CARDS","is_daily":false,"chose_seed":false,"campfire_upgraded":4,"win_rate":0.0,"timestamp":1611770495,"path_taken":["M","?","M","?","M","R","M","R","T","R","M","R","?","?","R","BOSS"],"items_purchased_type":[],"build_version":"2020-12-22","purchased_purges":0,"victory":false,"max_hp_per_floor":[75,75,75,75,75,75,75,75,75,75,75,75,75,75,75,75,75],"card_choices":[{"not_picked":["HollowMod:ShadowDash","HollowMod:CornifersMapStart"],"picked":"HollowMod:MothsMistake","floor":0},{"not_picked":["HollowMod:NewLittleFool","HollowMod:DoubleDash"],"picked":"HollowMod:HowlingWraiths","floor":1},{"not_picked":["HollowMod:DescendingDark","HollowMod:HeavyBlow"],"picked":"HollowMod:WraithStrike","floor":2},{"not_picked":["HollowMod:InfectedCysts","HollowMod:LifebloodCocoon"],"picked":"HollowMod:HeavyBlow","floor":3},{"not_picked":["HollowMod:GrimmsGift","HollowMod:SoulVessel"],"picked":"HollowMod:DescendingDark","floor":4},{"not_picked":["HollowMod:LifebloodCocoon","HollowMod:HornetsHelp"],"picked":"HollowMod:DescendingDark","floor":5},{"not_picked":["HollowMod:SiblingsSouls","HollowMod:InfectedAttack"],"picked":"HollowMod:WraithStrike","floor":7},{"not_picked":["HollowMod:DescendingDark","HollowMod:HowlingWraiths"],"picked":"HollowMod:GreatSlash","floor":11}],"player_experience":38730,"relics_obtained":[{"floor":9,"key":"StoneCalendar"}],"event_choices":[{"damage_healed":0,"gold_gain":0,"player_choice":"Take Wound","damage_taken":0,"relics_obtained":["Golden Idol"],"max_hp_gain":0,"max_hp_loss":0,"event_name":"Golden Idol","floor":13,"gold_loss":0,"cards_obtained":["Injury"]},{"damage_healed":0,"gold_gain":0,"player_choice":"Ignored","damage_taken":0,"max_hp_gain":0,"max_hp_loss":0,"event_name":"Shining Light","floor":14,"gold_loss":0}],"is_beta":false,"boss_relics":[],"items_purged_floors":[],"is_endless":false,"potions_floor_spawned":[4,7],"killed_by":"HollowMod:FalseKnight","ascension_level":0}}