{"host":"z16h96csw6gsetxl","time":1611733802,"event":{"mods":["BaseMod","Minty Spire (QoL Compilation)"],"gold_per_floor":[113,127,46,46,46,58,87,87,114,139,151,151,151,165,165,266,316,330,99,119,34,59,59,59],"floor_reached":23,"language":"ZHS","playtime":856,"items_purged":["Defend_G"],"score":199,"play_id":"1983ca33-b64c-4c44-8ba7-ad75846a6f15","local_time":"20210127155002","is_ascension_mode":false,"campfire_choices":[{"data":"Accuracy","floor":8.0,"key":"SMITH"},{"data":"Infinite Blades","floor":12.0,"key":"SMITH"},{"data":"Infinite Blades","floor":15.0,"key":"SMITH"}],"circlet_count":0,"master_deck":["Strike_G+1","Strike_G","Strike_G+1","Strike_G","Defend_G","Defend_G","Defend_G","Defend_G","Survivor","Neutralize","Infinite Blades+1","Acrobatics+1","Accuracy+1","Infinite Blades+1","Prepared","Backflip","Phantasmal Killer","Terror","Calculated Gamble"],"relics":["Ring of the Snake","NeowsBlessing","Vajra","Whetstone","Bronze Scales","Tiny House","Lantern","Anchor","Art of War"],"acts_visited":["Exordium","TheCity"],"potions_floor_usage":[18,23],"damage_taken":[{"damage":0.0,"enemies":"2 Louse","floor":1.0,"turns":1.0},{"damage":0.0,"enemies":"Cultist","floor":2.0,"turns":1.0},{"damage":0.0,"enemies":"Small Slimes","floor":6.0,"turns":1.0},{"damage":11.0,"enemies":"Lagavulin","floor":7.0,"turns":6.0},{"damage":23.0,"enemies":"3 Sentries","floor":10.0,"turns":5.0},{"damage":0.0,"enemies":"2 Fungi Beasts","floor":11.0,"turns":3.0},{"damage":19.0,"enemies":"Exordium Wildlife","floor":14.0,"turns":3.0},{"damage":9,"enemies":"Hexaghost","floor":16,"turns":8},{"damage":5,"enemies":"Spheric Guardian","floor":18,"turns":3},{"damage":6,"enemies":"Chosen","floor":20,"turns":3},{"damage":7,"enemies":"Slavers","floor":23,"turns":2}],"seed_played":"-5023947171973141901","potions_obtained":[{"floor":2.0,"key":"Block Potion"},{"floor":7.0,"key":"DuplicationPotion"},{"floor":10.0,"key":"AttackPotion"},{"floor":16,"key":"AttackPotion"},{"floor":17,"key":"Ancient Potion"},{"floor":20,"key":"CultistPotion"}],"is_trial":false,"path_per_floor":["M","M","$","?","$","M","E","R","T","E","M","R","?","M","R","B",null,"M","$","M","?","T","E"],"character_chosen":"THE_SILENT","items_purchased":["Accuracy","Lantern"],"campfire_rested":0,"item_purchase_floors":[3,19],"current_hp_per_floor":[70,70,70,70,70,70,59,59,59,36,36,36,59,40,40,31,75,70,70,64,64,64,57,57],"gold":59,"neow_bonus":"THREE_ENEMY_KILL","is_daily":false,"chose_seed":false,"campfire_upgraded":3,"win_rate":0.0,"timestamp":1611733802,"path_taken":["M","M","$","?","?","?","E","R","T","E","M","R","?","M","R","BOSS","M","$","M","?","?","E"],"items_purchased_type":["Card","Relic"],"build_version":"2020-12-22","purchased_purges":1,"victory":false,"max_hp_per_floor":[70,70,70,70,70,70,70,70,70,70,70,70,70,70,70,70,75,75,75,75,75,75,75,75],"card_choices":[{"not_picked":["Prepared","Poisoned Stab"],"picked":"Infinite Blades","floor":1.0},{"not_picked":["Quick Slash","Distraction"],"picked":"Acrobatics","floor":2.0},{"not_picked":["Dagger Spray","Cloak And Dagger"],"picked":"Infinite Blades","floor":6.0},{"not_picked":["Deflect","Outmaneuver"],"picked":"Prepared","floor":7.0},{"not_picked":["Slice","Blur","Reflex"],"picked":"SKIP","floor":10.0},{"not_picked":["Wraith Form v2","Distraction","Deflect"],"picked":"SKIP","floor":11.0},{"not_picked":["Dagger Spray","Outmaneuver"],"picked":"Backflip","floor":14.0},{"not_picked":["Unload","Night Terror"],"picked":"Phantasmal Killer","floor":16},{"not_picked":["Predator","Dagger Throw"],"picked":"Terror","floor":17},{"not_picked":["Heel Hook+1","Acrobatics","Sucker Punch"],"picked":"SKIP","floor":18},{"not_picked":["Predator+1","Expertise"],"picked":"Calculated Gamble","floor":20}],"player_experience":56430,"relics_obtained":[{"floor":7.0,"key":"Vajra"},{"floor":9.0,"key":"Whetstone"},{"floor":10.0,"key":"Bronze Scales"},{"floor":22,"key":"Art of War"}],"event_choices":[{"cards_removed":["Strike_G"],"damage_healed":0.0,"max_hp_gain":0.0,"max_hp_loss":0.0,"gold_gain":0.0,"event_name":"Bonfire Elementals","player_choice":"Offered Basic","floor":4.0,"gold_loss":0.0,"damage_taken":0.0},{"damage_healed":23.0,"max_hp_gain":0.0,"max_hp_loss":0.0,"gold_gain":0.0,"event_name":"Big Fish","player_choice":"Banana","floor":13.0,"gold_loss":0.0,"damage_taken":0.0},{"damage_healed":0,"gold_gain":0,"player_choice":"Obtained Relic","damage_taken":0,"relics_obtained":["Anchor"],"max_hp_gain":0,"max_hp_loss":0,"event_name":"Addict","floor":21,"gold_loss":85}],"is_beta":false,"boss_relics":[{"not_picked":["Ring of the Serpent","Velvet Choker"],"picked":"Tiny House"}],"items_purged_floors":[19],"is_endless":false,"potions_floor_spawned":[2,7,10,16,20],"killed_by":"Slavers","ascension_level":0}}