{"host":"x3xr1fzypq6qqz5s","time":1611745445,"event":{"mods":["BaseMod","Better Vampires","Colored Powertips","DeckTracker","Highlight Path","Minty Spire (QoL Compilation)","Quick Restart","Rare Cards Sparkle","Relic Stats"],"gold_per_floor":[116,391,403,7,23,55,67,67,67,67,78,78,94,111,111,211,211,228,238,256,256,256,256,279,279,279,279,291,491,491,491,491],"floor_reached":31,"language":"ZHS","playtime":2529,"items_purged":["Regret"],"score":237,"play_id":"caa1fa18-73e2-4424-af8c-618fcc876f64","local_time":"20210127190405","is_ascension_mode":false,"campfire_choices":[{"data":"Noxious Fumes","floor":8,"key":"SMITH"},{"data":"Noxious Fumes","floor":12,"key":"SMITH"},{"data":"Neutralize","floor":15,"key":"SMITH"},{"data":"Footwork","floor":23,"key":"SMITH"},{"data":"Burst","floor":25,"key":"SMITH"},{"data":"Good Instincts","floor":27,"key":"SMITH"},{"floor":30,"key":"REST"}],"circlet_count":0,"master_deck":["Strike_G+1","Strike_G","Strike_G","Strike_G","Strike_G","Defend_G","Defend_G","Defend_G","Defend_G","Defend_G","Survivor","Neutralize+1","Die Die Die+1","Noxious Fumes+1","Good Instincts+1","Deadly Poison","Noxious Fumes+1","Dagger Spray+1","Burst+1","Footwork+1","Writhe"],"relics":["Ring of the Snake","TwistedFunnel","Molten Egg 2","Black Star","Blue Candle","Whetstone","StrikeDummy"],"acts_visited":["Exordium","TheCity"],"potions_floor_usage":[28],"damage_taken":[{"damage":0.0,"enemies":"2 Louse","floor":1.0,"turns":2.0},{"damage":3,"enemies":"Cultist","floor":3,"turns":5},{"damage":0,"enemies":"Jaw Worm","floor":5,"turns":3},{"damage":13,"enemies":"3 Sentries","floor":6,"turns":6},{"damage":6,"enemies":"Large Slime","floor":7,"turns":4},{"damage":0,"enemies":"Blue Slaver","floor":11,"turns":3},{"damage":0,"enemies":"2 Fungi Beasts","floor":13,"turns":2},{"damage":0,"enemies":"Lots of Slimes","floor":14,"turns":1},{"damage":6,"enemies":"The Guardian","floor":16,"turns":8},{"damage":0,"enemies":"Spheric Guardian","floor":18,"turns":3},{"damage":0,"enemies":"Shell Parasite","floor":19,"turns":7},{"damage":26,"enemies":"Shelled Parasite and Fungi","floor":20,"turns":9},{"damage":18,"enemies":"Snake Plant","floor":28,"turns":4},{"damage":49,"enemies":"Slavers","floor":31,"turns":3}],"seed_played":"-8261734973573064425","potions_obtained":[{"floor":5,"key":"Energy Potion"},{"floor":11,"key":"EssenceOfSteel"},{"floor":16,"key":"DistilledChaos"}],"is_trial":false,"path_per_floor":["M","?","M","$","M","E","M","R","T","?","M","R","M","M","R","B",null,"M","M","M","?","?","R","T","R","T","R","M","?","R","E"],"character_chosen":"THE_SILENT","items_purchased":["TwistedFunnel","Noxious Fumes","Good Instincts"],"campfire_rested":1,"item_purchase_floors":[4,4,4],"current_hp_per_floor":[70,70,67,67,67,54,48,48,48,48,48,48,48,48,48,42,70,70,70,44,44,44,44,44,44,44,44,26,26,47,0,0],"gold":491,"neow_bonus":"ONE_RANDOM_RARE_CARD","is_daily":false,"chose_seed":false,"campfire_upgraded":6,"win_rate":0.0,"timestamp":1611745445,"path_taken":["M","?","?","$","M","E","M","R","T","?","M","R","M","M","R","BOSS","M","M","M","?","?","R","?","R","T","R","M","?","R","E"],"items_purchased_type":["Relic","Card","Card"],"build_version":"2020-12-22","purchased_purges":1,"victory":false,"max_hp_per_floor":[70,70,70,70,70,70,70,70,70,70,70,70,70,70,70,70,70,70,70,70,70,70,70,70,70,70,70,70,70,70,70,70],"relic_stats":{"counters":[14,60],"Blue Candle":[2],"Black Star":0,"Whetstone":["Die Die Die","Strike_G"],"obtain_stats":[{"TwistedFunnel":4,"Blue Candle":22,"Molten Egg 2":6,"Black Star":17,"Whetstone":24,"StrikeDummy":26,"Ring of the Snake":0},{"TwistedFunnel":2,"Blue Candle":12,"Molten Egg 2":4,"Black Star":9,"Whetstone":12,"StrikeDummy":12,"Ring of the Snake":0},{"TwistedFunnel":7,"Blue Candle":53,"Molten Egg 2":16,"Black Star":34,"Whetstone":53,"StrikeDummy":53,"Ring of the Snake":0}],"Ring of the Snake":[28]},"card_choices":[{"not_picked":["PiercingWail","Backflip","Prepared"],"picked":"SKIP","floor":1.0},{"not_picked":["Slice","Backflip","Terror"],"picked":"SKIP","floor":3},{"not_picked":["Distraction","Dagger Spray"],"picked":"Deadly Poison","floor":5},{"not_picked":["Escape Plan","Acrobatics"],"picked":"Noxious Fumes","floor":6},{"not_picked":["Flechettes+1","Tactician","Endless Agony+1"],"picked":"SKIP","floor":7},{"not_picked":["Underhanded Strike+1","Prepared"],"picked":"Dagger Spray+1","floor":11},{"not_picked":["Slice+1","Dagger Throw+1","Acrobatics"],"picked":"SKIP","floor":13},{"not_picked":["Prepared","Wraith Form v2","Accuracy"],"picked":"SKIP","floor":14},{"not_picked":["Glass Knife+1","Night Terror"],"picked":"Burst","floor":16},{"not_picked":["Cloak And Dagger","Dagger Spray+1"],"picked":"Footwork","floor":18},{"not_picked":["Choke+1","Dagger Spray+1","Dagger Throw+1"],"picked":"SKIP","floor":19},{"not_picked":["Heel Hook+1","Accuracy+1","Terror"],"picked":"SKIP","floor":20},{"not_picked":["Flying Knee+1","Quick Slash+1","Deadly Poison"],"picked":"SKIP","floor":28}],"player_experience":647977,"relics_obtained":[{"floor":6,"key":"Molten Egg 2"},{"floor":24,"key":"Whetstone"},{"floor":26,"key":"StrikeDummy"}],"event_choices":[{"damage_healed":0.0,"max_hp_gain":0.0,"max_hp_loss":0.0,"gold_gain":275.0,"event_name":"Golden Shrine","player_choice":"Desecrate","floor":2.0,"gold_loss":0.0,"damage_taken":0.0,"cards_obtained":["Regret"]},{"damage_healed":0,"gold_gain":0,"player_choice":"Searched \u00271\u0027 times","damage_taken":0,"max_hp_gain":0,"max_hp_loss":0,"event_name":"Dead Adventurer","floor":10,"gold_loss":0},{"damage_healed":0,"gold_gain":0,"player_choice":"Ignored","damage_taken":0,"max_hp_gain":0,"max_hp_loss":0,"event_name":"Ghosts","floor":21,"gold_loss":0},{"damage_healed":0,"gold_gain":0,"player_choice":"Opened","damage_taken":0,"relics_obtained":["Blue Candle"],"max_hp_gain":0,"max_hp_loss":0,"event_name":"The Mausoleum","floor":22,"gold_loss":0,"cards_obtained":["Writhe"]},{"damage_healed":0,"gold_gain":250,"player_choice":"Bet on Owner","damage_taken":0,"max_hp_gain":0,"max_hp_loss":0,"event_name":"The Joust","floor":29,"gold_loss":50}],"is_beta":false,"boss_relics":[{"not_picked":["Pandora\u0027s Box","WristBlade"],"picked":"Black Star"}],"items_purged_floors":[4],"is_endless":false,"potions_floor_spawned":[5,11,16,18],"killed_by":"Slavers","ascension_level":0}}