{"host":"6q94iy5iz6612v89","time":1611781676,"event":{"mods":["2.2 Compatiblity","AchievementEnabler","BaseMod","Colored Map","DeckTracker","Keyboard Shortcuts","Marisa£¨Ùöéë¡¡Øª×âÞÞ£©","Minty Spire (QoL Compilation)","Permanent Neow","StSLib","SuperFastMode"],"gold_per_floor":[12,26,40,50,63,130,130,185,209,209,223,223,223,238,238,330,330,384,404,532,532,532],"floor_reached":21,"language":"KOR","playtime":695,"items_purged":[],"score":363,"play_id":"6f551963-7d4c-43f0-ba20-516d9509ef1e","local_time":"20210128060756","is_ascension_mode":true,"campfire_choices":[{"data":"Apotheosis","floor":7,"key":"SMITH"},{"floor":12,"key":"REST"},{"floor":15,"key":"RECALL"}],"circlet_count":0,"master_deck":["AscendersBane","Strike_MRS","Strike_MRS","Strike_MRS","Defend_MRS","Defend_MRS","Defend_MRS","Defend_MRS","MasterSpark","UpSweep","Apotheosis+1","MilkyWay","ShootingEcho","AsteroidBelt","Robbery","ChargingUp","GalacticHalo","EnergyRecoil"],"relics":["MiniHakkero","Pantograph","Centennial Puzzle","Sozu"],"acts_visited":["Exordium","TheCity"],"potions_floor_usage":[6,11,16,19,20],"damage_taken":[{"damage":0,"enemies":"Cultist","floor":1,"turns":3},{"damage":1,"enemies":"2 Louse","floor":2,"turns":4},{"damage":7,"enemies":"Small Slimes","floor":3,"turns":4},{"damage":5,"enemies":"Blue Slaver","floor":4,"turns":4},{"damage":7,"enemies":"Exordium Wildlife","floor":5,"turns":4},{"damage":9,"enemies":"Lagavulin","floor":6,"turns":7},{"damage":28,"enemies":"Gremlin Nob","floor":8,"turns":4},{"damage":0,"enemies":"Gremlin Gang","floor":11,"turns":3},{"damage":8,"enemies":"3 Louse","floor":14,"turns":4},{"damage":7,"enemies":"Hexaghost","floor":16,"turns":6},{"damage":8,"enemies":"Spheric Guardian","floor":18,"turns":4},{"damage":9,"enemies":"2 Thieves","floor":19,"turns":4},{"damage":29,"enemies":"Centurion and Healer","floor":20,"turns":10},{"damage":19,"enemies":"3 Cultists","floor":21,"turns":5}],"seed_played":"-9177306818979330623","potions_obtained":[{"floor":3,"key":"Explosive Potion"},{"floor":5,"key":"BottledSpark"},{"floor":8,"key":"SkillPotion"},{"floor":14,"key":"SteroidPotion"},{"floor":16,"key":"Explosive Potion"}],"is_trial":false,"path_per_floor":["M","M","M","M","M","E","R","E","T","?","M","R","?","M","R","B",null,"M","M","M","M"],"character_chosen":"MARISA","items_purchased":[],"campfire_rested":1,"item_purchase_floors":[],"current_hp_per_floor":[68,67,60,55,48,39,39,11,11,4,4,26,26,18,18,36,65,57,48,19,0,0],"gold":532,"neow_bonus":"RANDOM_COLORLESS_2","is_daily":false,"chose_seed":false,"campfire_upgraded":1,"win_rate":0.0,"timestamp":1611781676,"path_taken":["M","M","M","M","M","E","R","E","T","?","M","R","?","M","R","BOSS","M","?","M","M"],"items_purchased_type":[],"build_version":"2020-12-22","purchased_purges":0,"victory":false,"max_hp_per_floor":[75,75,75,75,75,75,75,75,75,75,75,75,75,75,75,75,75,75,75,75,75,75],"card_choices":[{"not_picked":["Thinking Ahead","Metamorphosis"],"picked":"Apotheosis","floor":0},{"not_picked":["FairyDestructionRay","ChargeUpSpray"],"picked":"MilkyWay","floor":1},{"not_picked":["GravityBeat","RefractionSpark"],"picked":"ShootingEcho","floor":2},{"not_picked":["OrrerysSun","OneTimeOff","DoubleSpark"],"picked":"SKIP","floor":3},{"not_picked":["WitchLeyline","GrandCross"],"picked":"AsteroidBelt","floor":4},{"not_picked":["DC","DoubleSpark"],"picked":"Robbery","floor":5},{"not_picked":["EventHorizon","SuperPerseids","Acceleration"],"picked":"SKIP","floor":6},{"not_picked":["WitchOfGreed","StarBarrage"],"picked":"ChargingUp","floor":8},{"not_picked":["Acceleration","GasGiant","MagicChant"],"picked":"SKIP","floor":11},{"not_picked":["WitchLeyline","Acceleration"],"picked":"EnergyRecoil","floor":14},{"not_picked":["Occultation","DragonMeteor","GravityBeat"],"picked":"SKIP","floor":18},{"not_picked":["OneTimeOff","UnstableBomb","GrandCross+1"],"picked":"SKIP","floor":19},{"not_picked":["UnstableBomb","MysteriousBeam","EventHorizon"],"picked":"SKIP","floor":20}],"player_experience":1506115,"relics_obtained":[{"floor":6,"key":"Pantograph"},{"floor":8,"key":"Centennial Puzzle"}],"event_choices":[{"cards_removed":["Strike_MRS"],"damage_healed":0,"gold_gain":0,"player_choice":"Card Removal","damage_taken":7,"max_hp_gain":0,"max_hp_loss":0,"event_name":"Golden Wing","floor":10,"gold_loss":0},{"damage_healed":0,"gold_gain":0,"player_choice":"1 cards matched","damage_taken":0,"max_hp_gain":0,"max_hp_loss":0,"event_name":"Match and Keep!","floor":13,"gold_loss":0,"cards_obtained":["GalacticHalo"]}],"is_beta":false,"boss_relics":[{"not_picked":["SlaversCollar","SacredBark"],"picked":"Sozu"}],"items_purged_floors":[],"is_endless":false,"potions_floor_spawned":[3,5,8,14,16,18],"killed_by":"3 Cultists","ascension_level":13}}