{"host":"zksvs3x2ysy9npnz","time":1611769448,"event":{"mods":["Aspiration","BaseMod","Beaked The Cultist","BetterRewards","Clockwork Mod","Colored Map","Conspire","Downfall","Duelist Mod","Halation","Highlight Path","Hubris","Infinite Spire","Jedi Mod","Magitek Elite","Minty Spire (QoL Compilation)","Permanent Neow","Quick Restart","Relic Stats","Shop Mod","StSLib","The Runesmith","The Witch"],"gold_per_floor":[0,0,175,185,196,196,196,231,131,151,61,73,73,73,126,227,227,227,244,254,254,254,267,267,287,287,0,0,20,20,52,70,167,167,167,167,195,211,211,211,211,224,224,224,243,143,159,191,205,205],"floor_reached":51,"language":"FRA","playtime":3853,"items_purged":["Doubt","theDuelist:Nameless:Magic:GravityLash","sneckomod:Strike"],"score":747,"play_id":"997850df-e584-4f9d-b12c-2abc4d07d51c","local_time":"20210127184408","is_ascension_mode":false,"campfire_choices":[{"data":"sneckomod:DiceBoulder","floor":6,"key":"SMITH"},{"data":"sneckomod:DiceBoulder+1","floor":9,"key":"SMITH"},{"floor":13,"key":"REST"},{"data":"sneckomod:DiceBoulder+2","floor":18,"key":"SMITH"},{"data":"sneckomod:DiceBoulder+4","floor":26,"key":"SMITH"},{"data":"sneckomod:DiceBoulder+5","floor":30,"key":"SMITH"},{"data":"sneckomod:DiceBoulder+6","floor":35,"key":"SMITH"},{"data":"infinitespire:NeuralNetwork","floor":40,"key":"SMITH"},{"floor":43,"key":"RECALL"},{"data":"sneckomod:DiceBoulder+7","floor":46,"key":"SMITH"}],"circlet_count":0,"master_deck":["sneckomod:Defend","sneckomod:Defend","sneckomod:Defend","sneckomod:TailWhip","sneckomod:SnekBite","sneckomod:DiceBoulder+8","sneckomod:SoulRoll+1","sneckomod:UnknownClassRUNESMITH_BEIGE+1","sneckomod:UnendingSupply","sneckomod:ImprovisedGuard+1","sneckomod:UnknownBoss+1","sneckomod:UnknownRarePower","sneckomod:SerpentIdol+1","sneckomod:QuickMove+1","sneckomod:QuickMove+1","sneckomod:UnlimitedRolls","sneckomod:SerpentIdol+1","sneckomod:UnknownRarePower","sneckomod:QuickMove+1","infinitespire:Gouge","infinitespire:NeuralNetwork+1","sneckomod:UnknownExhaust+1","Flechettes","Die Die Die","jedi:rejectivetoxin+1","sneckomod:SoulRoll+1","sneckomod:UnknownRarePower","sneckomod:ImprovisedGuard+1","sneckomod:ImprovisedGuard+1"],"relics":["sneckomod:SneckoSoul","hubris:MedicalManual","Toxic Egg 2","hubris:CrystalStatue","Bronze Scales","downfall:HeartBlessingGreen","Coffee Dripper","Runesmith:Nanobots","Guardian:PocketSentry","halation:PromiseList","hubris:Backtick","beaked:MendingPlumage","hubris:SphereOfDissonance","PreservedInsect","MealTicket","aspiration:HummingbirdHeart","downfall:HeartBlessingRed","Thread and Needle"],"acts_visited":["Exordium","TheCity","TheBeyond"],"potions_floor_usage":[23,33,50],"damage_taken":[{"damage":7.0,"enemies":"Small Slimes","floor":4.0,"turns":5.0},{"damage":3,"enemies":"2 Louse","floor":5,"turns":4},{"damage":12,"enemies":"Gremlin Nob","floor":8,"turns":3},{"damage":5,"enemies":"Jaw Worm","floor":10,"turns":2},{"damage":4,"enemies":"downfall:FleeingMerchant","floor":11,"turns":4},{"damage":12,"enemies":"Blue Slaver","floor":12,"turns":3},{"damage":7,"enemies":"2 Fungi Beasts","floor":15,"turns":3},{"damage":45,"enemies":"DF_ARCHETYPE_STREAMLINE","floor":16,"turns":11},{"damage":9,"enemies":"3 Byrds","floor":19,"turns":3},{"damage":6,"enemies":"Chosen","floor":20,"turns":3},{"damage":13,"enemies":"Shelled Parasite and Fungi","floor":23,"turns":4},{"damage":19,"enemies":"Cultist and Chosen","floor":25,"turns":6},{"damage":5,"enemies":"downfall:FleeingMerchant","floor":27,"turns":4},{"damage":0,"enemies":"Snake Plant","floor":29,"turns":2},{"damage":0,"enemies":"theDuelist:KaibaA2","floor":31,"turns":2},{"damage":9,"enemies":"Centurion and Healer","floor":32,"turns":7},{"damage":20,"enemies":"IC_MUSHROOM_ARCHETYPE","floor":33,"turns":5},{"damage":24,"enemies":"conspire:MimicChest","floor":37,"turns":6},{"damage":0,"enemies":"Orb Walker","floor":38,"turns":1},{"damage":0,"enemies":"3 Darklings","floor":42,"turns":4},{"damage":0,"enemies":"Maw","floor":45,"turns":6},{"damage":16,"enemies":"Spire Growth","floor":47,"turns":4},{"damage":17,"enemies":"Nightmare","floor":48,"turns":5},{"damage":0,"enemies":"Transient","floor":49,"turns":5},{"damage":66,"enemies":"SI_POISON_ARCHETYPE","floor":50,"turns":6}],"seed_played":"4591354219955153919","potions_obtained":[{"floor":4.0,"key":"infinitespire:BlackPotion"},{"floor":10,"key":"Regen Potion"},{"floor":12,"key":"jedi:wingpotion"},{"floor":28,"key":"conspire:TimeTravelPotion"},{"floor":37,"key":"hexamod:SoulburnPotion"},{"floor":42,"key":"sneckomod:MuddlingPotion"}],"is_trial":false,"path_per_floor":["R","?","?","M","M","R","T","E","R","M","$","M","R","?","M","B",null,"R","M","M","?","?","M","T","M","R","$","?","M","R","E","M","B",null,"R","T","?","M","AVR","R","T","M","R","?","M","R","M","NM","M","B",null],"character_chosen":"THE_SNECKO","items_purchased":["sneckomod:QuickMove+1","Guardian:PocketSentry"],"campfire_rested":1,"item_purchase_floors":[27,27],"current_hp_per_floor":[90,90,90,83,80,80,80,68,68,63,59,47,74,74,67,22,90,90,81,75,75,75,74,74,55,55,50,50,50,50,50,41,21,90,90,90,83,89,89,89,89,90,90,90,90,90,83,83,90,64],"gold":205,"neow_bonus":"ONE_RARE_RELIC","is_daily":false,"chose_seed":false,"campfire_upgraded":8,"win_rate":0.0,"timestamp":1611769448,"path_taken":["R","?","?","M","M","R","T","E","R","M","?","M","R","?","M","BOSS","R","M","M","?","?","M","T","M","R","$","?","M","R","E","M","BOSS","R","?","?","?","AVR","R","T","?","R","?","?","R","M","NM","M","BOSS"],"items_purchased_type":["Card","Relic"],"build_version":"2020-12-22","purchased_purges":3,"victory":true,"max_hp_per_floor":[90,90,90,90,90,90,90,90,90,90,90,90,90,90,90,90,90,90,90,90,90,90,90,90,90,90,90,90,90,90,90,90,90,90,90,90,90,90,90,90,90,90,90,90,90,90,90,90,90,90],"relic_stats":{"counters":[25,107],"Bronze Scales":[310],"MealTicket":0,"PreservedInsect":75,"obtain_stats":[{"Runesmith:Nanobots":24,"hubris:CrystalStatue":7,"downfall:HeartBlessingRed":46,"hubris:SphereOfDissonance":36,"downfall:HeartBlessingGreen":9,"Thread and Needle":48,"hubris:MedicalManual":0,"PreservedInsect":37,"Guardian:PocketSentry":27,"aspiration:HummingbirdHeart":41,"sneckomod:SneckoSoul":0,"hubris:Backtick":34,"Bronze Scales":8,"MealTicket":39,"Coffee Dripper":17,"halation:PromiseList":31,"Toxic Egg 2":2,"beaked:MendingPlumage":34},{"Runesmith:Nanobots":11,"hubris:CrystalStatue":2,"downfall:HeartBlessingRed":21,"hubris:SphereOfDissonance":17,"downfall:HeartBlessingGreen":3,"Thread and Needle":23,"hubris:MedicalManual":0,"PreservedInsect":18,"Guardian:PocketSentry":13,"aspiration:HummingbirdHeart":19,"sneckomod:SneckoSoul":0,"hubris:Backtick":17,"Bronze Scales":3,"MealTicket":19,"Coffee Dripper":8,"halation:PromiseList":15,"Toxic Egg 2":0,"beaked:MendingPlumage":17},{"Runesmith:Nanobots":44,"hubris:CrystalStatue":9,"downfall:HeartBlessingRed":87,"hubris:SphereOfDissonance":70,"downfall:HeartBlessingGreen":12,"Thread and Needle":96,"hubris:MedicalManual":0,"PreservedInsect":76,"Guardian:PocketSentry":54,"aspiration:HummingbirdHeart":77,"sneckomod:SneckoSoul":0,"hubris:Backtick":70,"Bronze Scales":12,"MealTicket":77,"Coffee Dripper":35,"halation:PromiseList":58,"Toxic Egg 2":0,"beaked:MendingPlumage":70}]},"card_choices":[{"not_picked":["sneckomod:SoulDraw+1","sneckomod:WideSting"],"picked":"sneckomod:DiceBoulder","floor":4.0},{"not_picked":["sneckomod:DiceCrush","sneckomod:SoulDraw+1"],"picked":"sneckomod:SoulRoll+1","floor":5},{"not_picked":["sneckomod:UnknownDraw+1","sneckomod:QuickBite"],"picked":"sneckomod:UnknownClassRUNESMITH_BEIGE+1","floor":8},{"not_picked":["sneckomod:DiceBlock+1","sneckomod:UnknownCommonAttack"],"picked":"sneckomod:UnendingSupply","floor":10},{"not_picked":["sneckomod:UnknownStrike","sneckomod:UnknownWeak+1","sneckomod:RainOfDice"],"picked":"SKIP","floor":11},{"not_picked":["sneckomod:UnknownClassDUELIST_SPECIAL+1","sneckomod:MasterEye","sneckomod:UnknownX+1"],"picked":"SKIP","floor":12},{"not_picked":["sneckomod:UnknownClassDUELIST_SPECIAL+1","sneckomod:Mudshield"],"picked":"sneckomod:ImprovisedGuard+1","floor":15},{"not_picked":["sneckomod:UnlimitedRolls","sneckomod:UnknownRareAttack"],"picked":"sneckomod:UnknownBoss+1","floor":16},{"not_picked":["sneckomod:DiceCrush","sneckomod:Nope+1","sneckomod:WideSting"],"picked":"SKIP","floor":19},{"not_picked":["sneckomod:SoulDraw+1","sneckomod:Unknown0Cost+1","sneckomod:DiceBoulder"],"picked":"SKIP","floor":20},{"not_picked":["sneckomod:SoulDraw+1","sneckomod:QuickBite","sneckomod:ImprovisedAttack"],"picked":"SKIP","floor":23},{"not_picked":["sneckomod:UnknownBlock+1","sneckomod:UnendingSupply"],"picked":"sneckomod:UnknownRarePower","floor":25},{"not_picked":["sneckomod:Nope+1","sneckomod:UnendingSupply"],"picked":"sneckomod:SerpentIdol+1","floor":27},{"not_picked":["sneckomod:SlitherStrike","sneckomod:WideSting+1"],"picked":"sneckomod:QuickMove+1","floor":29},{"not_picked":["sneckomod:SlitherStrike","sneckomod:UnknownStrike"],"picked":"sneckomod:UnlimitedRolls","floor":31},{"not_picked":["sneckomod:SoulRoll+1","sneckomod:Unknown0Cost+1"],"picked":"sneckomod:SerpentIdol+1","floor":32},{"not_picked":["sneckomod:UnknownBoss+1","sneckomod:UnknownRareAttack"],"picked":"sneckomod:UnknownRarePower","floor":33},{"not_picked":["sneckomod:UnknownCommonAttack+1","sneckomod:SerpentIdol+1"],"picked":"sneckomod:QuickMove+1","floor":38},{"not_picked":["sneckomod:UnknownUncommonAttack+1","sneckomod:Unknown1Cost+1"],"picked":"sneckomod:UnknownExhaust+1","floor":42},{"not_picked":["sneckomod:Unknown1Cost+1","sneckomod:UnknownUncommonAttack"],"picked":"sneckomod:SoulRoll+1","floor":45},{"not_picked":["sneckomod:RainOfDice+1","sneckomod:QuickBite"],"picked":"sneckomod:UnknownRarePower","floor":47},{"not_picked":["sneckomod:SlitherStrike","sneckomod:UnknownCommonAttack+1"],"picked":"sneckomod:ImprovisedGuard+1","floor":48},{"not_picked":["sneckomod:TrashToTreasure+1","sneckomod:UnknownCommonAttack+1"],"picked":"sneckomod:ImprovisedGuard+1","floor":49}],"player_experience":2075467,"relics_obtained":[{"floor":7,"key":"hubris:CrystalStatue"},{"floor":8,"key":"Bronze Scales"},{"floor":24,"key":"Runesmith:Nanobots"},{"floor":31,"key":"halation:PromiseList"},{"floor":36,"key":"hubris:SphereOfDissonance"},{"floor":37,"key":"PreservedInsect"},{"floor":41,"key":"aspiration:HummingbirdHeart"},{"floor":48,"key":"Thread and Needle"}],"event_choices":[{"cards_removed":["Injury"],"damage_healed":0,"gold_gain":0,"player_choice":"Card Removal","damage_taken":0,"max_hp_gain":0,"max_hp_loss":0,"event_name":"The Cleric","floor":14,"gold_loss":0},{"damage_healed":0,"gold_gain":0,"player_choice":"Got Potions","damage_taken":0,"max_hp_gain":0,"max_hp_loss":0,"event_name":"Lab","floor":28,"gold_loss":0}],"is_beta":false,"boss_relics":[{"not_picked":["Runic Dome","Runic Pyramid"],"picked":"Coffee Dripper"},{"not_picked":["aspiration:DefectSkillbook","Velvet Choker"],"picked":"hubris:Backtick"}],"items_purged_floors":[11,27,39],"is_endless":false,"potions_floor_spawned":[4,10,12,15,19,20,29,31,37,42,45,47],"ascension_level":0}}