{"host":"jhywql2x2v3ppvhm","time":1611761995,"event":{"mods":["BaseMod","Colored Map","Colored Powertips","Downfall","Googly Eyes","Hermit","Marisa????????","Minty Spire (QoL Compilation)","Rare Cards Sparkle","Slay the Relics Exporter","StSLib","The Animator","The Bug Knight","The Cursed","The Disciple","The Necromancer","The Runesmith","The Servant 0.9.4","slay the spire mod where everything is the same but ironclad has a cowboy hat"],"gold_per_floor":[99,119,219,61,161,336,363,163,197,197,221,237,254,128,144,144,144,144],"floor_reached":16,"language":"ENG","playtime":1000,"items_purged":[],"score":123,"play_id":"7ed9b950-c619-42e0-8ee6-b94123692f0b","local_time":"20210127103955","is_ascension_mode":false,"campfire_choices":[{"floor":1,"key":"RECALL"},{"data":"Slimebound:Split","floor":8,"key":"SMITH"}],"circlet_count":0,"master_deck":["Slimebound:Strike_Slimebound","Slimebound:Strike_Slimebound","Slimebound:Strike_Slimebound","Slimebound:Tackle","Slimebound:Defend_Slimebound+1","Slimebound:Defend_Slimebound","Slimebound:Defend_Slimebound+1","Slimebound:Defend_Slimebound","Slimebound:Split+1","Slimebound:CorrosiveSpit","Slimebound:ForwardTackle+1","Slimebound:DivideAndConquer","Doubt","Slimebound:ForwardTackle","downfall:Malfunctioning","Slimebound:SplitLeeching","Slimebound:SplitAcid","Slimebound:SplitLeeching","Slimebound:ServeAndProtect","Slimebound:SlimeBarrage","Slimebound:SamplingLick"],"relics":["Slimebound:AbsorbEndCombat","Slimebound:SelfDamagePreventRelic","downfall:HeartBlessingRed","downfall:HeartBlessingBlue","Juzu Bracelet","Slimebound:AggressiveSlimeRelic"],"acts_visited":["Exordium"],"potions_floor_usage":[15],"damage_taken":[{"damage":2,"enemies":"2 Louse","floor":2,"turns":2},{"damage":0,"enemies":"downfall:FleeingMerchant","floor":4,"turns":4},{"damage":52,"enemies":"Lagavulin","floor":9,"turns":9},{"damage":0,"enemies":"Small Slimes","floor":12,"turns":2},{"damage":5,"enemies":"Jaw Worm","floor":13,"turns":2},{"damage":1,"enemies":"downfall:FleeingMerchant","floor":14,"turns":4},{"damage":16,"enemies":"Exordium Thugs","floor":15,"turns":5},{"damage":35,"enemies":"DF_ARCHETYPE_STREAMLINE","floor":16,"turns":4}],"seed_played":"-5492491333347901488","potions_obtained":[{"floor":9,"key":"Dexterity Potion"},{"floor":13,"key":"ColorlessPotion"}],"is_trial":false,"path_per_floor":["R","M","?","$","?","?","T","R","E","?","T","M","M","$","M","B"],"character_chosen":"SLIMEBOUND","items_purchased":["Slimebound:SelfDamagePreventRelic","Slimebound:ServeAndProtect","Slimebound:SlimeBarrage"],"campfire_rested":0,"item_purchase_floors":[4,14,14],"current_hp_per_floor":[71,69,69,71,71,71,71,81,37,37,37,39,36,41,27,0,0,0],"gold":144,"neow_bonus":"TEN_PERCENT_HP_BONUS","is_daily":false,"chose_seed":false,"campfire_upgraded":1,"win_rate":0.0,"timestamp":1611761995,"path_taken":["R","M","?","$","?","?","T","R","E","?","?","M","M","?","M","BOSS"],"items_purchased_type":["Relic","Card","Card"],"build_version":"2020-12-22","purchased_purges":0,"victory":false,"max_hp_per_floor":[71,71,71,71,71,71,71,81,81,81,81,81,81,81,81,81,81,81],"card_choices":[{"not_picked":["Slimebound:FinishingTackle","Slimebound:Prepare"],"picked":"Slimebound:ForwardTackle","floor":2},{"not_picked":["Slimebound:PressTheAttack","Slimebound:Replication"],"picked":"Slimebound:DivideAndConquer","floor":4},{"not_picked":["Slimebound:FormOfPuddle","Slimebound:PressTheAttack"],"picked":"Slimebound:ForwardTackle","floor":9},{"not_picked":["Slimebound:SlimeSpikes","Slimebound:DivideAndConquer"],"picked":"Slimebound:SplitLeeching","floor":12},{"not_picked":["Slimebound:SlimeSpikes","Slimebound:RejuvenatingLick"],"picked":"Slimebound:SplitAcid","floor":13},{"not_picked":["Slimebound:LivingWall","Slimebound:LeechEnergy"],"picked":"Slimebound:SplitLeeching","floor":14},{"not_picked":["Slimebound:Teamwork","Slimebound:FormOfPuddle"],"picked":"Slimebound:SamplingLick","floor":15}],"player_experience":169771,"relics_obtained":[{"floor":9,"key":"Juzu Bracelet"},{"floor":11,"key":"Slimebound:AggressiveSlimeRelic"}],"event_choices":[],"is_beta":false,"boss_relics":[],"items_purged_floors":[],"is_endless":false,"potions_floor_spawned":[9,13],"killed_by":"DF_ARCHETYPE_STREAMLINE","ascension_level":0}}