{"host":"tr12w2fixbnujl15","time":1611767520,"event":{"mods":["100% Spire Juice","2.2 Compatiblity","A Penny For Your Troubles","Arknights The Spire","BaseMod","Better Skull","Better Vampires","BetterRewards","CapriCore","Clockwork Mod","Colored Powertips","Evolution","Gremlin Skip","Hermit","Hubris","Infinite Spire","JesterMod","Kalas","KinomotoSakuraMod(????)","Koishi","Mad Scientist","Magitek Elite","Mathematician","Minty Spire (QoL Compilation)","Permanent Neow","Quick Restart","Reimu??????","Relic Filter","Remilia_Scarlet Moed?????·?????3.3.5","Replay The Spire","Shop Mod","StSLib","SuperFastMode","The Accelerator","The Animator","The Bug Knight","The Construct","The Cursed","The Hayseed","The Hierophant","The Immortal","The Mystic","The Necromancer","The Runesmith","The Sage","The Senshi","The Servant 0.9.4","The Spell Scribe","The Vixen","TheFirefly","TheSwordswoman","TheVelvet","Transform Curses","WarShipGirlsR/????R mod","Yakumo Yukari mod","[IsaacMod]????"],"gold_per_floor":[128,140,152,180,202,214,241,253,265,293,325,58,69,35,5,55,55,87,87,362,385,116,116,129,142,180,180,283,283,303,303,318,338,338,369,382,397,397,397,422,433,433,433,433,534,534,549,549,342,356,17,17,17,17,66,66,66,66],"floor_reached":45,"language":"ENG","playtime":2788,"items_purged":["Regret","Panic Button"],"score":659,"play_id":"b9a3eed5-0f1c-467c-ba17-3fa22a6b0df5","local_time":"20210127121200","is_ascension_mode":false,"campfire_choices":[{"data":"Genetic Algorithm","floor":6,"key":"SMITH"},{"data":"Zap","floor":8,"key":"SMITH"},{"floor":13,"key":"REST"},{"floor":7,"key":"REST"},{"floor":11,"key":"REST"},{"data":"ReplayRNGCard","floor":15,"key":"SMITH"},{"floor":30,"key":"REST"},{"data":"Storm","floor":32,"key":"SMITH"},{"data":"Echo Form","floor":40,"key":"SMITH"}],"circlet_count":0,"master_deck":["Barrage","Barrage","Barrage","Barrage","Conserve Battery+1","Conserve Battery+1","Conserve Battery","Conserve Battery","Zap+1","Dualcast","Genetic Algorithm+1","Streamline","White Noise+1","Turbo+1","FIFO Queue+1","Jack Of All Trades+1","Streamline","Sweeping Beam","Compile Driver","ReplayRNGCard+1","Capacitor","Doom and Gloom","Self Repair","Coolheaded","Self Repair","ElectricPowerLearning","Distribution","BootSequence","hubris:InfiniteBlow+12","infinitespire:UltimateForm","ReplayTheSpireMod:Black Plague","infinitespire:NeuralNetwork","Gash","Cancel","Rebound+1","Static Discharge","ReplayGash","Storm+1","Echo Form+1","Coolheaded+1","Static Discharge","Cold Snap","Redo+1","Hello World","hubris:Insight","HandOfGreed","hubris:Ssssneak"],"relics":["Replay:Antivirus Software","Antimatter_spacedebris","infinitespire:Beetle Shell","TheSimpletonMod:Moonshine","Inserter","theSenshi:CutieMoonRodRelic","hubris:RGBLights","ats:Spiritual Recovery","infinitespire:DarkRift","TungstenRod","KSMOD_Compass","Girya","sagemod:Flying_Carpet","hierophant:PropheticMaskRelic","animator:CerealBox","Ginger","Clockwork:SomewhatSmoothStone","ats:Sanity","animator:ColorlessFragment","thefirefly:PhaseCrystal","infinitespire:Chaos"],"acts_visited":["Exordium","TheCity","TheBeyond"],"potions_floor_usage":[7,7,23,33],"damage_taken":[{"damage":0,"enemies":"Cultist","floor":1,"turns":4},{"damage":3,"enemies":"Small Slimes","floor":4,"turns":3},{"damage":3,"enemies":"2 Louse","floor":5,"turns":2},{"damage":1,"enemies":"Gremlin Gang","floor":7,"turns":2},{"damage":3,"enemies":"Looter","floor":10,"turns":3},{"damage":4,"enemies":"Exordium Thugs","floor":11,"turns":3},{"damage":0,"enemies":"Cultist","floor":1,"turns":2},{"damage":50,"enemies":"Hiden Room Battle","floor":4,"turns":5},{"damage":0,"enemies":"Gremlin Nob","floor":6,"turns":4},{"damage":0,"enemies":"Small Slimes","floor":12,"turns":3},{"damage":4,"enemies":"Jaw Worm","floor":13,"turns":3},{"damage":7,"enemies":"Fading Forest","floor":16,"turns":11},{"damage":12,"enemies":"3 Byrds","floor":18,"turns":4},{"damage":11,"enemies":"Shell Parasite","floor":20,"turns":5},{"damage":18,"enemies":"Cultist and Chosen","floor":21,"turns":6},{"damage":51,"enemies":"Slavers","floor":23,"turns":5},{"damage":0,"enemies":"Shelled Parasite and Fungi","floor":24,"turns":3},{"damage":0,"enemies":"Snake Plant","floor":25,"turns":1},{"damage":6,"enemies":"Gremlin Leader","floor":28,"turns":5},{"damage":0,"enemies":"Snecko","floor":29,"turns":1},{"damage":18,"enemies":"hubris:MusketHawk","floor":33,"turns":6},{"damage":0,"enemies":"3 Shapes","floor":35,"turns":4},{"damage":11,"enemies":"Orb Walker","floor":38,"turns":3}],"seed_played":"3845988094029335428","potions_obtained":[{"floor":1,"key":"ColorlessPotion"},{"floor":5,"key":"Energy Potion"},{"floor":7,"key":"construct:ShiftPotion"},{"floor":11,"key":"PowerPotion"},{"floor":6,"key":"LiquidBronze"},{"floor":13,"key":"PotionOfCapacity"},{"floor":16,"key":"DuplicationPotion"},{"floor":21,"key":"BlessingOfTheForge"},{"floor":23,"key":"SteroidPotion"},{"floor":35,"key":"Death Potion"}],"is_trial":false,"path_per_floor":["M","?","?","M","M","R","M","R","T","M","M","$","R","M","$","?","?","?","E","R","?","T","$","R","M","M","$","R","B",null,"M","?","M","M","AVR","E","M","M","T","?","E","M","R","?","R","B",null,"M","?","$","M","$","R","?","$","T","?","AVR"],"character_chosen":"DEFECT","items_purchased":["MerchantsRug","FIFO Queue","Jack Of All Trades","Guide Book","jesterMod:MirrorMask","Self Repair","RuthlessExorcism:ReiMu","Static Discharge","Cold Snap","hubris:BallOfYels","Hello World","TentaclePot:ReiMu"],"campfire_rested":4,"item_purchase_floors":[12,12,12,2,10,10,37,37,37,39,39,39],"current_hp_per_floor":[76,61,58,58,58,58,67,67,67,64,60,60,82,82,82,17,16,16,40,40,40,40,64,64,60,60,60,77,82,82,82,78,74,74,35,35,35,35,35,36,36,75,75,75,77,82,82,82,82,78,78,78,78,78,78,68,68,68],"gold":66,"neow_bonus":"RANDOM_COMMON_RELIC","is_daily":false,"chose_seed":false,"campfire_upgraded":5,"win_rate":0.0,"timestamp":1611767520,"path_taken":["M","?","?","M","M","R","M","R","T","M","M","$","R","M","$","?","?","?","E","R","?","T","?","R","M","M","$","R","BOSS","M","?","M","M","AVR","E","M","M","T","?","E","M","R","?","R","BOSS","M","?","$","M","$","R","?","?","T","?","AVR"],"items_purchased_type":["Relic","Card","Card","Relic","Relic","Card","Relic","Card","Card","Relic","Card","Relic"],"build_version":"2020-12-22","purchased_purges":2,"victory":false,"max_hp_per_floor":[76,76,76,79,82,82,82,82,82,82,82,82,82,82,82,82,82,82,82,82,82,82,82,82,82,82,82,82,82,82,82,82,82,82,82,82,82,82,82,82,82,82,82,82,82,82,82,82,82,82,82,82,82,82,82,82,82,82],"card_choices":[{"not_picked":[],"picked":"ChaosCard","floor":0},{"not_picked":["Cold Snap","Conserve Battery"],"picked":"Genetic Algorithm","floor":1},{"not_picked":["Panic Button","Cold Snap"],"picked":"Streamline","floor":4},{"not_picked":["Gash","Turbo"],"picked":"Bomb","floor":5},{"not_picked":["Conserve Battery","Streamline"],"picked":"Bomb","floor":7},{"not_picked":["Leap","Cold Snap"],"picked":"White Noise","floor":10},{"not_picked":["Gash","Time Bomb"],"picked":"Turbo","floor":11},{"not_picked":["hubris:Ukulele","Redo"],"picked":"Streamline","floor":1},{"not_picked":[],"picked":"Redo","floor":3},{"not_picked":[],"picked":"Sweeping Beam","floor":3},{"not_picked":[],"picked":"Compile Driver","floor":3},{"not_picked":[],"picked":"ReplayRNGCard","floor":3},{"not_picked":["Go for the Eyes","Stack"],"picked":"Capacitor","floor":4},{"not_picked":["Chaos","Sunder"],"picked":"Doom and Gloom","floor":6},{"not_picked":["ReplayTheSpireMod:Reroute Power","Beam Cell"],"picked":"Coolheaded","floor":12},{"not_picked":["ReplaySolidLightProjector","Hologram"],"picked":"Self Repair","floor":13},{"not_picked":["ReplayTheSpireMod:Omega Cannon","ReplayRNGCard"],"picked":"ElectricPowerLearning","floor":16},{"not_picked":["Hologram","Beam Cell+1"],"picked":"Panic Button","floor":18},{"not_picked":["Hologram+1","Coolheaded"],"picked":"Distribution","floor":20},{"not_picked":["Steam","Streamline+1"],"picked":"BootSequence","floor":21},{"not_picked":["ReplayTheSpireMod:GoodbyeWorld","Panic Button"],"picked":"Gash","floor":23},{"not_picked":["Go for the Eyes+1","Compile Driver"],"picked":"Cancel","floor":24},{"not_picked":["Conserve Battery","Compile Driver"],"picked":"Rebound+1","floor":25},{"not_picked":["Machine Learning","BasicCrystalCard"],"picked":"Static Discharge","floor":28},{"not_picked":["Gash","Undo"],"picked":"ReplayGash","floor":29},{"not_picked":["Buffer","Seek"],"picked":"Echo Form","floor":33},{"not_picked":["ReplaySort+1","Beam Cell+1"],"picked":"Coolheaded+1","floor":35},{"not_picked":["Stack","Go for the Eyes+1"],"picked":"Redo+1","floor":38},{"not_picked":["ReplayTheSpireMod:Private Reserves","sagemod:Perplexing_Glare"],"picked":"hubris:Insight","floor":44},{"not_picked":["Flash of Steel","Deep Breath"],"picked":"HandOfGreed","floor":44},{"not_picked":["Thinking Ahead","Specialist"],"picked":"hubris:Ssssneak","floor":44}],"player_experience":84924,"relics_obtained":[{"floor":9,"key":"ForgetMeNow"},{"floor":4,"key":"DeadEye"},{"floor":4,"key":"BookOfRevelations"},{"floor":6,"key":"Mythril_Glove"},{"floor":9,"key":"hubris:SlimyHat"},{"floor":23,"key":"Regal Pillow"},{"floor":26,"key":"hubris:Reverence"},{"floor":28,"key":"ReplayFunnel"},{"floor":43,"key":"War Paint"}],"event_choices":[{"damage_healed":0,"gold_gain":0,"player_choice":"Success","damage_taken":3,"relics_obtained":["Toy Ornithopter"],"max_hp_gain":0,"max_hp_loss":0,"event_name":"Scrap Ooze","floor":3,"gold_loss":0},{"damage_healed":0,"gold_gain":0,"player_choice":"Fight","damage_taken":0,"max_hp_gain":0,"max_hp_loss":0,"event_name":"HidenRoomEvent","floor":4,"gold_loss":0},{"damage_healed":0,"gold_gain":275,"player_choice":"Desecrate","damage_taken":0,"max_hp_gain":0,"max_hp_loss":0,"event_name":"Golden Shrine","floor":8,"gold_loss":0,"cards_obtained":["Regret"]},{"damage_healed":0,"gold_gain":0,"player_choice":"Simplicity","damage_taken":0,"max_hp_gain":0,"max_hp_loss":0,"event_name":"Back to Basics","floor":19,"gold_loss":0,"cards_upgraded":[]},{"damage_healed":0,"gold_gain":0,"player_choice":"Upgraded","damage_taken":0,"max_hp_gain":0,"max_hp_loss":0,"event_name":"Upgrade Shrine","floor":27,"gold_loss":0,"cards_upgraded":["Turbo"]},{"damage_healed":0,"gold_gain":0,"player_choice":"Memory 3","damage_taken":10,"max_hp_gain":0,"max_hp_loss":0,"event_name":"SensoryStone","floor":44,"gold_loss":0}],"is_beta":false,"boss_relics":[{"not_picked":["construct:ClawGrip","Replay:Bronze Core"],"picked":"Ring of Chaos"},{"not_picked":[]},{"not_picked":["hubris:CrackedHourglass","hubris:VirtuousBlindfold"],"picked":"Cursed Key"},{"not_picked":[]}],"items_purged_floors":[10,37],"is_endless":false,"potions_floor_spawned":[1,5,7,11,6,13,16,21,23,25,35],"ascension_level":0}}