{"host":"fevvm7bbzuh4s1jc","time":1611766860,"event":{"mods":["BaseMod","Highlight Path","Minty Spire (QoL Compilation)","Relic Stats"],"gold_per_floor":[118,40,53,66,66,66,91,91,91,110,136,163,163,193,193,267,267,285,285,300,300,320,82,99,133,212,238,257,257,283,299,299,375,375,391,410,424,434,434,434,461,474,525,525,437,762,774,395,395,395,395],"floor_reached":50,"language":"ENG","playtime":2531,"items_purged":["Armaments+1","Anger+1"],"score":1129,"play_id":"54b33e86-03ca-46ca-81f2-e7f9650c96e3","local_time":"20210127120100","is_ascension_mode":true,"campfire_choices":[{"data":"Blood for Blood","floor":6.0,"key":"SMITH"},{"data":"Bash","floor":8.0,"key":"SMITH"},{"data":"Clothesline","floor":13.0,"key":"SMITH"},{"data":"Pommel Strike","floor":15.0,"key":"SMITH"},{"data":"Battle Trance","floor":29,"key":"SMITH"},{"data":"Battle Trance","floor":32,"key":"SMITH"},{"floor":40,"key":"RECALL"},{"data":"Evolve","floor":44,"key":"SMITH"},{"data":"Dark Embrace","floor":49,"key":"SMITH"}],"circlet_count":0,"master_deck":["AscendersBane","Strike_R+1","Defend_R+1","Defend_R+1","Defend_R+1","Defend_R+1","Bash+1","Pommel Strike+1","Pommel Strike+1","Blood for Blood+1","Clothesline+1","Body Slam+1","Power Through+1","Whirlwind+1","Bludgeon+1","Battle Trance+1","Battle Trance+1","Evolve+1","Wild Strike+1","Pommel Strike+1","Shrug It Off+1","Impervious+1","Rampage+1","Second Wind+1","Impervious+1","Searing Blow+1","Clash+1","Shrug It Off+1","Burning Pact+1","Shockwave+1","Entrench+1","Dark Embrace+1","True Grit+1","Exhume+1"],"relics":["Burning Blood","Oddly Smooth Stone","Mercury Hourglass","Molten Egg 2","Orichalcum","War Paint","Omamori","Velvet Choker","OrangePellets","Whetstone","Toxic Egg 2","Happy Flower","Nunchaku","Astrolabe","Question Card","Old Coin","Bronze Scales"],"acts_visited":["Exordium","TheCity","TheBeyond"],"potions_floor_usage":[27,30,33,50],"damage_taken":[{"damage":6.0,"enemies":"2 Louse","floor":1.0,"turns":3.0},{"damage":7.0,"enemies":"Jaw Worm","floor":3.0,"turns":3.0},{"damage":6.0,"enemies":"Small Slimes","floor":4.0,"turns":4.0},{"damage":18.0,"enemies":"Lagavulin","floor":7.0,"turns":6.0},{"damage":7.0,"enemies":"Blue Slaver","floor":10.0,"turns":3.0},{"damage":23.0,"enemies":"Gremlin Nob","floor":12.0,"turns":4.0},{"damage":8.0,"enemies":"3 Sentries","floor":14.0,"turns":6.0},{"damage":30.0,"enemies":"Hexaghost","floor":16.0,"turns":10.0},{"damage":18.0,"enemies":"2 Thieves","floor":18.0,"turns":3.0},{"damage":0.0,"enemies":"Chosen","floor":20.0,"turns":3.0},{"damage":6.0,"enemies":"3 Cultists","floor":22.0,"turns":3.0},{"damage":12.0,"enemies":"Snake Plant","floor":24.0,"turns":3.0},{"damage":1,"enemies":"Gremlin Leader","floor":25,"turns":6},{"damage":2,"enemies":"Slavers","floor":27,"turns":4},{"damage":24,"enemies":"Shelled Parasite and Fungi","floor":28,"turns":4},{"damage":14,"enemies":"Book of Stabbing","floor":30,"turns":4},{"damage":0,"enemies":"Cultist and Chosen","floor":31,"turns":3},{"damage":16,"enemies":"Automaton","floor":33,"turns":8},{"damage":0,"enemies":"3 Darklings","floor":35,"turns":5},{"damage":0,"enemies":"3 Shapes","floor":36,"turns":4},{"damage":15,"enemies":"Transient","floor":37,"turns":6},{"damage":3,"enemies":"3 Darklings","floor":38,"turns":3},{"damage":9,"enemies":"Nemesis","floor":41,"turns":13},{"damage":16,"enemies":"Maw","floor":42,"turns":7},{"damage":0,"enemies":"Mind Bloom Boss Battle","floor":46,"turns":6},{"damage":19,"enemies":"4 Shapes","floor":47,"turns":6},{"damage":58,"enemies":"Awakened One","floor":50,"turns":14}],"seed_played":"2934653626736341241","potions_obtained":[{"floor":1.0,"key":"Block Potion"},{"floor":10.0,"key":"EssenceOfSteel"},{"floor":12.0,"key":"Dexterity Potion"},{"floor":18.0,"key":"Energy Potion"},{"floor":22.0,"key":"CultistPotion"},{"floor":27,"key":"BlessingOfTheForge"},{"floor":28,"key":"LiquidMemories"},{"floor":31,"key":"EntropicBrew"},{"floor":33,"key":"AttackPotion"},{"floor":38,"key":"SteroidPotion"},{"floor":47,"key":"GamblersBrew"}],"is_trial":false,"path_per_floor":["M","$","M","M","?","R","E","R","T","M","T","E","R","E","R","B",null,"M","?","M","?","M","$","M","E","T","E","M","R","E","M","R","B",null,"M","M","M","M","?","R","E","M","T","R","$","?","M","$","R","B"],"character_chosen":"IRONCLAD","items_purchased":["Pommel Strike","Energy Potion","OrangePellets","Dark Embrace","Bronze Scales","CultistPotion"],"campfire_rested":0,"item_purchase_floors":[2,2,23,45,48,48],"current_hp_per_floor":[68,68,67,67,67,67,55,55,55,54,54,37,37,35,35,11,59,47,47,53,53,53,53,47,52,52,56,38,38,30,36,36,26,63,69,75,66,69,69,69,66,56,56,56,56,62,49,49,49,0,0],"gold":395,"neow_bonus":"RANDOM_COMMON_RELIC","is_daily":false,"chose_seed":false,"campfire_upgraded":8,"win_rate":0.0,"timestamp":1611766860,"path_taken":["M","$","M","M","?","R","E","R","T","M","?","E","R","E","R","BOSS","M","?","M","?","M","$","M","E","T","E","M","R","E","M","R","BOSS","M","M","M","M","?","R","E","M","T","R","$","?","M","$","R","BOSS"],"items_purchased_type":["Card","Potion","Relic","Card","Relic","Potion"],"build_version":"2020-12-22","purchased_purges":2,"victory":false,"max_hp_per_floor":[75,75,75,75,75,75,75,75,75,75,75,75,75,75,75,75,75,75,75,75,75,75,75,75,75,75,75,75,75,75,75,75,75,75,75,75,75,75,75,75,75,75,75,75,75,75,75,75,75,75,75],"relic_stats":{"Happy Flower":[27],"counters":[27,143],"Astrolabe":["Anger","Searing Blow","Clash"],"Whetstone":["Pommel Strike"],"Orichalcum":[198],"War Paint":["Power Through","Armaments"],"Question Card":3,"Burning Blood":156,"Mercury Hourglass":[498],"OrangePellets":[7],"Nunchaku":[15],"Bronze Scales":[78],"obtain_stats":[{"Happy Flower":27,"Astrolabe":34,"Oddly Smooth Stone":0,"Velvet Choker":17,"Omamori":14,"Whetstone":25,"Orichalcum":11,"War Paint":12,"Question Card":41,"Burning Blood":0,"Mercury Hourglass":7,"Old Coin":46,"OrangePellets":23,"Nunchaku":30,"Bronze Scales":48,"Molten Egg 2":9,"Toxic Egg 2":26},{"Happy Flower":14,"Astrolabe":18,"Oddly Smooth Stone":0,"Velvet Choker":8,"Omamori":7,"Whetstone":13,"Orichalcum":5,"War Paint":6,"Question Card":23,"Burning Blood":0,"Mercury Hourglass":4,"Old Coin":25,"OrangePellets":11,"Nunchaku":16,"Bronze Scales":26,"Molten Egg 2":4,"Toxic Egg 2":13},{"Happy Flower":60,"Astrolabe":79,"Oddly Smooth Stone":0,"Velvet Choker":39,"Omamori":29,"Whetstone":56,"Orichalcum":19,"War Paint":23,"Question Card":110,"Burning Blood":0,"Mercury Hourglass":16,"Old Coin":123,"OrangePellets":48,"Nunchaku":68,"Bronze Scales":129,"Molten Egg 2":16,"Toxic Egg 2":56}]},"card_choices":[{"not_picked":["Bloodletting","Heavy Blade"],"picked":"Pommel Strike","floor":1.0},{"not_picked":["Metallicize","Shockwave"],"picked":"Blood for Blood","floor":3.0},{"not_picked":["Body Slam","Clash"],"picked":"Clothesline","floor":4.0},{"not_picked":["Flex","Entrench"],"picked":"Armaments","floor":7.0},{"not_picked":["Wild Strike+1","Heavy Blade+1"],"picked":"Body Slam+1","floor":10.0},{"not_picked":["Armaments","Clash+1"],"picked":"Power Through","floor":12.0},{"not_picked":["Flex","Pummel+1"],"picked":"Whirlwind+1","floor":14.0},{"not_picked":["Exhume","Limit Break"],"picked":"Bludgeon+1","floor":16.0},{"not_picked":["Sever Soul+1","Body Slam+1"],"picked":"Battle Trance","floor":18.0},{"not_picked":["Flex","Dual Wield"],"picked":"Battle Trance","floor":20.0},{"not_picked":["Seeing Red","Iron Wave+1"],"picked":"Wild Strike+1","floor":22.0},{"not_picked":["Twin Strike+1","Iron Wave+1"],"picked":"Pommel Strike+1","floor":24.0},{"not_picked":["Thunderclap+1","Pommel Strike+1","Headbutt+1"],"picked":"SKIP","floor":25},{"not_picked":["Cleave+1","Bloodletting+1"],"picked":"Shrug It Off+1","floor":27},{"not_picked":["Anger+1","Headbutt+1"],"picked":"Impervious+1","floor":28},{"not_picked":["Pommel Strike+1","Sentinel+1"],"picked":"Rampage+1","floor":30},{"not_picked":["Body Slam+1","Flex+1"],"picked":"Second Wind+1","floor":31},{"not_picked":["Brutality","Corruption"],"picked":"Impervious+1","floor":33},{"not_picked":["Iron Wave+1","Perfected Strike+1","Warcry+1"],"picked":"SKIP","floor":35},{"not_picked":["Ghostly Armor+1","Iron Wave+1"],"picked":"Shrug It Off+1","floor":36},{"not_picked":["Rampage+1","Warcry+1","Pommel Strike+1"],"picked":"SKIP","floor":37},{"not_picked":["Power Through+1","Shrug It Off+1"],"picked":"Burning Pact+1","floor":38},{"not_picked":["Heavy Blade+1","Flame Barrier+1"],"picked":"Shockwave+1","floor":41},{"not_picked":["Hemokinesis+1","Pummel+1","Sever Soul+1"],"picked":"Entrench+1","floor":42},{"not_picked":["Shockwave+1","Wild Strike+1","Havoc+1"],"picked":"True Grit+1","floor":46},{"not_picked":["Infernal Blade+1","Iron Wave+1","Dark Embrace+1"],"picked":"Exhume+1","floor":47}],"player_experience":2757582,"relics_obtained":[{"floor":7.0,"key":"Mercury Hourglass"},{"floor":9.0,"key":"Molten Egg 2"},{"floor":11.0,"key":"Orichalcum"},{"floor":12.0,"key":"War Paint"},{"floor":14.0,"key":"Omamori"},{"floor":25,"key":"Whetstone"},{"floor":26,"key":"Toxic Egg 2"},{"floor":27,"key":"Happy Flower"},{"floor":30,"key":"Nunchaku"},{"floor":41,"key":"Question Card"},{"floor":46,"key":"Old Coin"}],"event_choices":[{"cards_removed":["Strike_R"],"damage_healed":0.0,"max_hp_gain":0.0,"max_hp_loss":0.0,"gold_gain":0.0,"event_name":"Living Wall","player_choice":"Forget","floor":5.0,"gold_loss":0.0,"damage_taken":0.0},{"damage_healed":0.0,"max_hp_gain":0.0,"max_hp_loss":0.0,"gold_gain":0.0,"event_name":"Back to Basics","player_choice":"Simplicity","floor":19.0,"gold_loss":0.0,"damage_taken":0.0,"cards_upgraded":["Strike_R","Strike_R","Strike_R","Strike_R","Defend_R","Defend_R","Defend_R","Defend_R"]},{"damage_healed":0.0,"max_hp_gain":0.0,"max_hp_loss":0.0,"gold_gain":0.0,"event_name":"The Library","player_choice":"Read","floor":21.0,"gold_loss":0.0,"damage_taken":0.0,"cards_obtained":["Evolve"]},{"damage_healed":0,"gold_gain":0,"player_choice":"Ignored","damage_taken":0,"max_hp_gain":0,"max_hp_loss":0,"event_name":"Tomb of Lord Red Mask","floor":39,"gold_loss":0},{"damage_healed":0,"gold_gain":0,"player_choice":"Fight","damage_taken":0,"max_hp_gain":0,"max_hp_loss":0,"event_name":"MindBloom","floor":46,"gold_loss":0}],"is_beta":false,"boss_relics":[{"not_picked":["Calling Bell","Busted Crown"],"picked":"Velvet Choker"},{"not_picked":["Mark of Pain","SlaversCollar"],"picked":"Astrolabe"}],"items_purged_floors":[23,48],"is_endless":false,"potions_floor_spawned":[1,10,12,18,22,27,28,31,33,35,38,41,47],"killed_by":"Awakened One","ascension_level":20}}