{"host":"jnjxzd6rarbui4j8","time":1611769902,"event":{"mods":["AchievementEnabler","BaseMod","Colored Map","Highlight Path","Minty Spire (QoL Compilation)","Relic Stats","StSLib"],"gold_per_floor":[212,287,287,308,321,321,357,105,105,124,124,167,167,186,186,276,276,294,26,26,26,49,49,92,92,115,149,149,149,149],"floor_reached":29,"language":"ENG","playtime":3928,"items_purged":["Strike_G","Strike_G"],"score":688,"play_id":"0b4ba83d-c51b-47ed-b2b4-fc783f8d2de1","local_time":"20210127125142","is_ascension_mode":true,"campfire_choices":[{"data":"Blade Dance","floor":6.0,"key":"SMITH"},{"data":"Bouncing Flask","floor":11.0,"key":"SMITH"},{"data":"Venomology","floor":13.0,"key":"SMITH"},{"data":"Burst","floor":15.0,"key":"SMITH"},{"data":"RitualDagger","floor":23.0,"key":"SMITH"},{"data":"Survivor","floor":25.0,"key":"SMITH"},{"data":"Well Laid Plans","floor":28,"key":"SMITH"}],"circlet_count":0,"master_deck":["AscendersBane","Strike_G","Strike_G","Strike_G","Defend_G","Defend_G","Defend_G","Defend_G","Defend_G","Survivor+1","Neutralize","Blade Dance+1","Blade Dance","Venomology+1","Burst+1","Bouncing Flask+1","Swift Strike","Leg Sweep+1","Catalyst+1","Malaise+1","Dodge and Roll+1","Well Laid Plans+1","PanicButton+1","RitualDagger+1","PiercingWail+1","Bouncing Flask+1","Backflip+1"],"relics":["Ring of the Snake","Golden Idol","Torii","Toxic Egg 2","Tiny Chest","Coffee Dripper","The Courier","Bronze Scales"],"acts_visited":["Exordium","TheCity"],"potions_floor_usage":[27,27,29],"damage_taken":[{"damage":1.0,"enemies":"Cultist","floor":1.0,"turns":5.0},{"damage":4.0,"enemies":"Small Slimes","floor":4.0,"turns":5.0},{"damage":1.0,"enemies":"2 Louse","floor":5.0,"turns":3.0},{"damage":38.0,"enemies":"Gremlin Nob","floor":7.0,"turns":4.0},{"damage":1.0,"enemies":"Looter","floor":10.0,"turns":4.0},{"damage":2.0,"enemies":"Lagavulin","floor":12.0,"turns":9.0},{"damage":0.0,"enemies":"2 Fungi Beasts","floor":14.0,"turns":4.0},{"damage":0.0,"enemies":"Hexaghost","floor":16.0,"turns":6.0},{"damage":0.0,"enemies":"2 Thieves","floor":18.0,"turns":3.0},{"damage":1.0,"enemies":"Spheric Guardian","floor":22.0,"turns":6.0},{"damage":35.0,"enemies":"Slavers","floor":24.0,"turns":9.0},{"damage":1,"enemies":"Gremlin Leader","floor":27,"turns":7},{"damage":10,"enemies":"Book of Stabbing","floor":29,"turns":4}],"seed_played":"9105881376788034617","potions_obtained":[{"floor":4.0,"key":"Dexterity Potion"},{"floor":5.0,"key":"LiquidMemories"},{"floor":16.0,"key":"Poison Potion"}],"is_trial":false,"path_per_floor":["M","?","?","M","M","R","E","$","T","M","R","E","R","M","R","B",null,"M","$","?","?","M","R","E","R","T","E","R","E"],"character_chosen":"THE_SILENT","items_purchased":["Bouncing Flask","Swift Strike","Well Laid Plans","PanicButton+1"],"campfire_rested":0,"item_purchase_floors":[8,8,19,19],"current_hp_per_floor":[58,47,47,43,42,42,4,4,4,17,17,15,15,15,15,15,49,49,49,49,43,42,42,7,7,7,6,6,0,0],"gold":149,"neow_bonus":"HUNDRED_GOLD","is_daily":false,"chose_seed":false,"campfire_upgraded":7,"win_rate":0.0,"timestamp":1611769902,"path_taken":["M","?","?","M","M","R","E","$","T","M","R","E","R","M","R","BOSS","M","$","?","?","M","R","E","R","T","E","R","E"],"items_purchased_type":["Card","Card","Card","Card"],"build_version":"2020-12-22","purchased_purges":2,"victory":false,"max_hp_per_floor":[66,66,60,60,60,60,60,60,60,60,60,60,60,60,60,60,60,60,60,60,60,60,60,60,60,60,60,60,60,60],"relic_stats":{"Torii":17,"counters":[13,69],"Golden Idol":74,"Bronze Scales":[24],"Tiny Chest":0,"obtain_stats":[{"Torii":7,"Golden Idol":3,"Bronze Scales":27,"Tiny Chest":12,"The Courier":24,"Coffee Dripper":17,"Toxic Egg 2":9,"Ring of the Snake":0},{"Torii":4,"Golden Idol":1,"Bronze Scales":12,"Tiny Chest":6,"The Courier":11,"Coffee Dripper":8,"Toxic Egg 2":4,"Ring of the Snake":0},{"Torii":17,"Golden Idol":5,"Bronze Scales":65,"Tiny Chest":30,"The Courier":58,"Coffee Dripper":40,"Toxic Egg 2":17,"Ring of the Snake":0}],"Ring of the Snake":[26]},"card_choices":[{"not_picked":["Underhanded Strike","Noxious Fumes"],"picked":"Blade Dance","floor":1.0},{"not_picked":["Dodge and Roll","Skewer"],"picked":"Blade Dance","floor":4.0},{"not_picked":["Deadly Poison","Distraction"],"picked":"Venomology","floor":5.0},{"not_picked":["Cloak And Dagger","Setup"],"picked":"Burst","floor":7.0},{"not_picked":["Outmaneuver+1","Cloak And Dagger+1"],"picked":"Leg Sweep+1","floor":10.0},{"not_picked":["Tactician+1","Outmaneuver+1","Masterful Stab"],"picked":"SKIP","floor":12.0},{"not_picked":["Outmaneuver+1","Sucker Punch"],"picked":"Catalyst+1","floor":14.0},{"not_picked":["A Thousand Cuts","Phantasmal Killer+1"],"picked":"Malaise+1","floor":16.0},{"not_picked":["Cloak And Dagger+1","Blade Dance+1"],"picked":"Dodge and Roll+1","floor":18.0},{"not_picked":["Skewer","Dagger Throw"],"picked":"PiercingWail+1","floor":22.0},{"not_picked":["Masterful Stab+1","Escape Plan+1"],"picked":"Bouncing Flask+1","floor":24.0},{"not_picked":["Distraction+1","Setup+1"],"picked":"Backflip+1","floor":27}],"player_experience":2552297,"relics_obtained":[{"floor":7.0,"key":"Torii"},{"floor":9.0,"key":"Toxic Egg 2"},{"floor":12.0,"key":"Tiny Chest"},{"floor":24.0,"key":"The Courier"},{"floor":27,"key":"Bronze Scales"}],"event_choices":[{"damage_healed":0.0,"max_hp_gain":0.0,"max_hp_loss":0.0,"gold_gain":75.0,"event_name":"World of Goop","player_choice":"Gather Gold","floor":2.0,"gold_loss":0.0,"damage_taken":11.0},{"damage_healed":0.0,"max_hp_gain":0.0,"max_hp_loss":6.0,"gold_gain":0.0,"event_name":"Golden Idol","player_choice":"Lose Max HP","floor":3.0,"gold_loss":0.0,"damage_taken":0.0,"relics_obtained":["Golden Idol"]},{"damage_healed":0.0,"max_hp_gain":0.0,"max_hp_loss":0.0,"gold_gain":0.0,"event_name":"Cursed Tome","player_choice":"Ignored","floor":20.0,"gold_loss":0.0,"damage_taken":0.0},{"damage_healed":0.0,"max_hp_gain":0.0,"max_hp_loss":0.0,"gold_gain":0.0,"event_name":"Nest","player_choice":"Joined the Cult","floor":21.0,"gold_loss":0.0,"damage_taken":6.0,"cards_obtained":["RitualDagger"]}],"is_beta":false,"boss_relics":[{"not_picked":["Sozu","Black Star"],"picked":"Coffee Dripper"}],"items_purged_floors":[8,19],"is_endless":false,"potions_floor_spawned":[4,5,10,16,18],"killed_by":"Book of Stabbing","ascension_level":20}}