{"host":"51f0ad793vly1w6u","time":1611726054,"event":{"mods":["BaseMod","Colored Map","DeckTracker","Minty Spire (QoL Compilation)","Replay The Spire","StSLib","SuperFastMode"],"gold_per_floor":[368,368,381,396,72,72,107,107,107,107,120,120,146,146,146,250,250,260,260,292,217,233,233,75,75,75,25,44,44,57,7,7,107,107,124,137,137,154,164,194,194,225,225,239,273,288,299,333,333,333,333,333,27,54,54],"floor_reached":56,"language":"KOR","playtime":1467,"items_purged":["Amnesia","Strike_P","Strike_P","Strike_P"],"score":1581,"play_id":"31f65621-ba34-44b4-a467-2ec657be1fda","local_time":"20210127144054","is_ascension_mode":true,"campfire_choices":[{"data":"Eruption","floor":6,"key":"SMITH"},{"data":"Meditate","floor":8,"key":"SMITH"},{"data":"TalkToTheHand","floor":10,"key":"SMITH"},{"data":"FlurryOfBlows","floor":12,"key":"SMITH"},{"data":"Vigilance","floor":15,"key":"SMITH"},{"data":"Establishment","floor":23,"key":"SMITH"},{"data":"Ragnarok","floor":25,"key":"SMITH"},{"data":"DeceiveReality","floor":29,"key":"SMITH"},{"data":"FearNoEvil","floor":32,"key":"SMITH"},{"floor":49,"key":"REST"},{"data":"Defend_P","floor":52,"key":"SMITH"},{"data":"Defend_P","floor":52,"key":"SMITH"}],"circlet_count":0,"master_deck":["Defend_P","Defend_P+1","Defend_P+1","Eruption+1","Vigilance+1","FearNoEvil+1","Meditate+1","TalkToTheHand+1","FlurryOfBlows+1","Establishment+1","CurseOfTheBell","DeceiveReality+1","EmptyMind+1","Ragnarok+1","SandsOfTime+1","Indignation+1","Study+1"],"relics":["PureWater","Ring of Hypnosis","Sundial","Incense Burner","Replay:Bottled Snecko","Smiling Mask","Calling Bell","Replay:Purple Gloves","Toy Ornithopter","The Courier","Red Mask","Mummified Hand","Painkiller Herb","Art of War","Pen Nib","Blue Doll","Replay:WaspNest","Replay:Arrowhead","InkBottle","Nunchaku","Kunai","Mercury Hourglass"],"acts_visited":["Exordium","TheCity","TheBeyond","TheEnding"],"potions_floor_usage":[16,18,20,30,35,40,48,50,55],"damage_taken":[{"damage":1,"enemies":"Jaw Worm","floor":1,"turns":3},{"damage":0,"enemies":"Small Slimes","floor":3,"turns":2},{"damage":0,"enemies":"2 Louse","floor":4,"turns":2},{"damage":4,"enemies":"Replay:BlueRogue","floor":7,"turns":4},{"damage":2,"enemies":"2 Fungi Beasts","floor":11,"turns":3},{"damage":0,"enemies":"Gremlin Nob","floor":13,"turns":2},{"damage":0,"enemies":"Slime Boss","floor":16,"turns":3},{"damage":4,"enemies":"Shell Parasite","floor":18,"turns":9},{"damage":2,"enemies":"Masked Bandits","floor":20,"turns":5},{"damage":0,"enemies":"2 Thieves","floor":22,"turns":4},{"damage":0,"enemies":"Centurion and Healer","floor":28,"turns":3},{"damage":3,"enemies":"Snecko","floor":30,"turns":5},{"damage":3,"enemies":"Automaton","floor":33,"turns":6},{"damage":7,"enemies":"3 Darklings","floor":35,"turns":4},{"damage":0,"enemies":"Orb Walker","floor":36,"turns":3},{"damage":0,"enemies":"Maw","floor":38,"turns":6},{"damage":0,"enemies":"3 Darklings","floor":39,"turns":4},{"damage":0,"enemies":"R_Hoarder","floor":40,"turns":2},{"damage":0,"enemies":"Nemesis","floor":42,"turns":5},{"damage":9,"enemies":"4 Shapes","floor":44,"turns":4},{"damage":5,"enemies":"Giant Head","floor":45,"turns":4},{"damage":0,"enemies":"Spire Growth","floor":46,"turns":3},{"damage":1,"enemies":"Maw","floor":47,"turns":4},{"damage":29,"enemies":"Reptomancer","floor":48,"turns":4},{"damage":19,"enemies":"Time Eater","floor":50,"turns":5},{"damage":0,"enemies":"Shield and Spear","floor":54,"turns":4},{"damage":59,"enemies":"The Heart","floor":55,"turns":8}],"seed_played":"1454572568481272323","potions_obtained":[{"floor":4,"key":"BlessingOfTheForge"},{"floor":7,"key":"SkillPotion"},{"floor":16,"key":"Weak Potion"},{"floor":18,"key":"LiquidBronze"},{"floor":20,"key":"AttackPotion"},{"floor":30,"key":"Ambrosia"},{"floor":33,"key":"AttackPotion"},{"floor":36,"key":"AttackPotion"},{"floor":39,"key":"SkillPotion"},{"floor":42,"key":"ColorlessPotion"},{"floor":44,"key":"Elixir"},{"floor":45,"key":"GamblersBrew"}],"is_trial":false,"path_per_floor":["M","?","M","M","$","R","E","R","T","R","M","R","E","?","R","B",null,"M","?","?","?","M","R","$","R","T","$","M","R","M","$","R","B",null,"?","?","?","?","?","E","T","E","T","?","E","?","?","E","T","B",null,"T","T","E","B",null],"character_chosen":"WATCHER","items_purchased":["Sundial","Ragnarok","Nunchaku","Kunai"],"campfire_rested":1,"item_purchase_floors":[5,24,53,53],"current_hp_per_floor":[50,50,50,50,50,50,46,46,46,46,44,44,44,37,37,37,72,70,57,60,60,60,60,60,60,60,60,60,60,62,62,62,59,77,70,70,70,70,70,73,73,73,73,64,59,59,58,34,55,41,73,73,73,73,14],"gold":54,"neow_bonus":"TWO_FIFTY_GOLD","is_daily":false,"chose_seed":false,"campfire_upgraded":11,"win_rate":0.0,"timestamp":1611726054,"path_taken":["M","?","M","M","$","R","E","R","T","R","M","R","E","?","R","BOSS","M","?","?","?","M","R","$","R","T","?","M","R","M","$","R","BOSS","?","?","?","?","?","E","?","E","T","?","E","?","?","E","T","BOSS","T","T","E","BOSS"],"items_purchased_type":["Relic","Card","Relic","Relic"],"build_version":"2020-12-22","purchased_purges":4,"victory":true,"max_hp_per_floor":[72,72,72,72,72,72,72,72,72,72,72,72,72,72,72,72,72,72,77,77,77,77,77,77,77,77,77,77,77,77,77,77,77,77,77,77,73,73,73,73,73,73,73,73,73,73,73,73,73,73,73,73,73,73,73],"card_choices":[{"not_picked":["Crescendo","BowlingBash"],"picked":"FearNoEvil","floor":1},{"not_picked":["Replay:AtTheReady","JustLucky"],"picked":"Meditate","floor":3},{"not_picked":["Swivel","Halt"],"picked":"TalkToTheHand","floor":4},{"not_picked":["JustLucky","Collect","DeceiveReality"],"picked":"SKIP","floor":7},{"not_picked":["Alpha","SashWhip"],"picked":"FlurryOfBlows","floor":11},{"not_picked":["Perseverance","FearNoEvil","FlyingSleeves"],"picked":"SKIP","floor":13},{"not_picked":["Omniscience","Replay:AllIn"],"picked":"Establishment","floor":16},{"not_picked":["Wireheading+1","CrushJoints"],"picked":"DeceiveReality","floor":18},{"not_picked":["ThirdEye","FlyingSleeves"],"picked":"EmptyMind+1","floor":20},{"not_picked":["LikeWater+1","FearNoEvil","Replay:BluntJabs"],"picked":"SKIP","floor":22},{"not_picked":["WreathOfFlame","ClearTheMind","ForeignInfluence"],"picked":"SKIP","floor":28},{"not_picked":["WreathOfFlame","ClearTheMind","ForeignInfluence"],"picked":"SKIP","floor":28},{"not_picked":["WaveOfTheHand","Weave","ClearTheMind+1"],"picked":"SKIP","floor":30},{"not_picked":["DeceiveReality+1","Replay:BluntJabs","ThirdEye"],"picked":"SKIP","floor":35},{"not_picked":["Pray+1","ClearTheMind"],"picked":"SandsOfTime+1","floor":36},{"not_picked":["CutThroughFate+1","Protect+1","JustLucky"],"picked":"SKIP","floor":38},{"not_picked":["Replay:Vibes","Replay:BluntJabs"],"picked":"Indignation+1","floor":39},{"not_picked":["SpiritShield","BowlingBash+1","Replay:BluntJabs"],"picked":"SKIP","floor":40},{"not_picked":["Protect+1","Evaluate","SashWhip"],"picked":"SKIP","floor":42},{"not_picked":["Pray+1","FollowUp","Prostrate"],"picked":"SKIP","floor":44},{"not_picked":["SashWhip","FollowUp+1","CutThroughFate+1"],"picked":"SKIP","floor":45},{"not_picked":["CrushJoints+1","Collect+1"],"picked":"Study+1","floor":46},{"not_picked":["CrushJoints+1","Protect","Establishment"],"picked":"SKIP","floor":47},{"not_picked":["SashWhip+1","Vengeance+1","DeceiveReality+1"],"picked":"SKIP","floor":48},{"not_picked":["PathToVictory+1","ThirdEye+1","Consecrate+1"],"picked":"SKIP","floor":54}],"player_experience":1418986,"relics_obtained":[{"floor":2,"key":"Ring of Hypnosis"},{"floor":7,"key":"Incense Burner"},{"floor":9,"key":"Replay:Bottled Snecko"},{"floor":13,"key":"Smiling Mask"},{"floor":17,"key":"Replay:Purple Gloves"},{"floor":17,"key":"Toy Ornithopter"},{"floor":17,"key":"The Courier"},{"floor":20,"key":"Red Mask"},{"floor":26,"key":"Mummified Hand"},{"floor":40,"key":"Art of War"},{"floor":41,"key":"Pen Nib"},{"floor":42,"key":"Blue Doll"},{"floor":43,"key":"Replay:WaspNest"},{"floor":45,"key":"Replay:Arrowhead"},{"floor":48,"key":"InkBottle"},{"floor":54,"key":"Mercury Hourglass"}],"event_choices":[{"cards_removed":["Strike_P"],"damage_healed":0,"gold_gain":0,"player_choice":"Card Removal","damage_taken":7,"max_hp_gain":0,"max_hp_loss":0,"event_name":"Golden Wing","floor":14,"gold_loss":0},{"damage_healed":0,"gold_gain":0,"player_choice":"Shed Blood","damage_taken":18,"max_hp_gain":5,"max_hp_loss":0,"event_name":"Forgotten Altar","floor":19,"gold_loss":0},{"damage_healed":0,"gold_gain":0,"player_choice":"Fought Bandits","damage_taken":0,"max_hp_gain":0,"max_hp_loss":0,"event_name":"Masked Bandits","floor":20,"gold_loss":0},{"cards_removed":["Defend_P"],"damage_healed":0,"gold_gain":0,"player_choice":"Gave Gold","damage_taken":0,"max_hp_gain":0,"max_hp_loss":0,"event_name":"Beggar","floor":21,"gold_loss":75},{"damage_healed":0,"gold_gain":0,"player_choice":"Max HP","damage_taken":0,"max_hp_gain":0,"max_hp_loss":4,"event_name":"Winding Halls","floor":37,"gold_loss":0}],"is_beta":false,"boss_relics":[{"not_picked":["Replay:Wanted Poster","Snecko Eye"],"picked":"Calling Bell"},{"not_picked":["Astrolabe","Honey Jar"],"picked":"Painkiller Herb"}],"items_purged_floors":[5,24,27,31],"is_endless":false,"potions_floor_spawned":[4,7,16,18,20,30,33,36,39,42,44,45,46],"ascension_level":1}}