{"host":"juoup3p5tvzzktl5","time":1611715014,"event":{"mods":["Aspiration","BaseMod","Better Vampires","BetterRewards","Colored Map","Colored Powertips","Friendly Minions","GifTheSpireLib","Hermit","Hubris","Infinite Spire","KinomotoSakuraMod(ƒæ÷Æ±æ”£)","Koishi","KomeijiMod","Marisa£®ÏF”Í°°ƒß¿Ì…≥£©","Minty Spire (QoL Compilation)","Quick Restart","Reimu£®≤©¿ˆ¡È√Œ£©","Replay The Spire","Shop Mod","StSLib","The Administrix","The Alterego","The Bug Knight","The Construct","The Cursed","The Jungle","The Mystic","The Runesmith","The Senshi","Youmu£®ªÍ∆«—˝√Œ£©","Yuyuko"],"gold_per_floor":[23,23,43,43,58,58,68,68,68,68],"floor_reached":9,"language":"ZHS","playtime":544,"items_purged":[],"score":106,"play_id":"6af5abbc-76dd-4521-8acc-feb586d542f7","local_time":"20210127113654","is_ascension_mode":true,"campfire_choices":[{"data":"Bloodletting","floor":8.0,"key":"SMITH"}],"circlet_count":0,"master_deck":["AscendersBane","Strike_R+1","Strike_R","Strike_R","Strike_R+1","Defend_R","Defend_R","Defend_R","Defend_R","Bash","Second Wind","Bloodletting+1","Shrug It Off","Barricade"],"relics":["Burning Blood","Simple Rune"],"acts_visited":["Exordium"],"potions_floor_usage":[9],"damage_taken":[{"damage":5.0,"enemies":"Small Slimes","floor":1.0,"turns":4.0},{"damage":0.0,"enemies":"Jaw Worm","floor":3.0,"turns":2.0},{"damage":3.0,"enemies":"2 Louse","floor":5.0,"turns":3.0},{"damage":6.0,"enemies":"Looter","floor":7.0,"turns":4.0},{"damage":61,"enemies":"3 Sentries","floor":9,"turns":9}],"seed_played":"-1212967013933580179","potions_obtained":[{"floor":1.0,"key":"Block Potion"},{"floor":3.0,"key":"FairyPotion"},{"floor":7.0,"key":"Block Potion"}],"is_trial":false,"path_per_floor":["M","?","M","$","M","?","M","R","E"],"character_chosen":"IRONCLAD","items_purchased":["Simple Rune"],"campfire_rested":0,"item_purchase_floors":[0],"current_hp_per_floor":[69,69,75,75,75,68,68,68,7,7],"gold":68,"neow_bonus":"","is_daily":false,"chose_seed":false,"campfire_upgraded":1,"win_rate":0.0,"timestamp":1611715014,"path_taken":["M","?","M","?","M","?","M","R","E"],"items_purchased_type":["Relic"],"build_version":"2020-12-22","purchased_purges":0,"victory":false,"max_hp_per_floor":[75,75,75,75,75,75,75,75,75,75],"card_choices":[{"not_picked":["Iron Wave","Dropkick"],"picked":"Second Wind","floor":1.0},{"not_picked":["Thunderclap","Shrug It Off"],"picked":"Bloodletting","floor":3.0},{"not_picked":["Replay:Undeath\u0027s Touch","Whirlwind"],"picked":"Shrug It Off","floor":5.0},{"not_picked":["ReplayTheSpireMod:LeadingStrike","Intimidate"],"picked":"Barricade","floor":7.0}],"player_experience":1025462,"relics_obtained":[],"event_choices":[{"damage_healed":0.0,"max_hp_gain":0.0,"max_hp_loss":0.0,"gold_gain":0.0,"event_name":"Living Wall","player_choice":"Grow","floor":2.0,"gold_loss":0.0,"damage_taken":0.0,"cards_upgraded":["Strike_R"]},{"cards_removed":["Strike_R"],"damage_healed":0.0,"max_hp_gain":0.0,"max_hp_loss":0.0,"gold_gain":0.0,"event_name":"Golden Wing","player_choice":"Card Removal","floor":6.0,"gold_loss":0.0,"damage_taken":7.0}],"is_beta":false,"boss_relics":[],"items_purged_floors":[],"is_endless":false,"potions_floor_spawned":[1,3,7],"killed_by":"3 Sentries","ascension_level":20}}