{"host":"7eytxr1oawi6r5nr","time":1611777676,"event":{"mods":["BaseMod","Better Third Choice","Curses Come First","Dark Map","Hermit","Hubris","Ironclad Rager","Jorbs\u0027s Wanderer Trilogy","Minty Spire (QoL Compilation)","Permanent Neow","Quick Restart","Rare Cards Sparkle","Reliquary","Replay The Spire","Robot Space Explorer","StSLib","The Cursed","The Disciple","The Dragon Tamer","The Forsaken","The Marked","The Mystic","The Runesmith","UnlockEverythingMod","Wide Potions"],"gold_per_floor":[10,29,39,53,53,80,96,21,21,32,32,45,72,91,91,196,196,209,209,221,249,179,206,206,233,233,250,250,285,285,285,285,380,380,392,157,117,135,151,151,43,43,43,53,85,85,101,114,114,114,114,114,40,74,74,74],"floor_reached":55,"language":"ENG","playtime":4506,"items_purged":["SwitchConfidence"],"score":1118,"play_id":"210c51f5-fb1f-45b6-af99-2663a0b4e51f","local_time":"20210127200116","is_ascension_mode":true,"campfire_choices":[{"data":"Uppercut","floor":11.0,"key":"SMITH"},{"floor":15.0,"key":"DIG"},{"data":"Flex","floor":24.0,"key":"SMITH"},{"floor":28.0,"key":"DIG"},{"floor":32.0,"key":"REST"},{"floor":40,"key":"REST"},{"floor":42,"key":"REST"},{"data":"Power Through","floor":46,"key":"SMITH"},{"floor":49,"key":"RECALL"},{"data":"Rupture","floor":52,"key":"SMITH"}],"circlet_count":0,"master_deck":["Bash","Twin Strike","Twin Strike","Twin Strike","Twin Strike","Iron Wave","Iron Wave","Iron Wave+1","Iron Wave","Uppercut+1","Battle Trance","Intimidate","Cleave","Anger+1","Feed","Flex+1","Shame","Voices","Fire Breathing","Brutality","Entrench+1","Shrug It Off","theForsaken:PlagueCurse","Eclipse","stsjorbsmod:PollutedStrike","Writhe","Wild Strike","Evolve","Armaments","Ghostly Armor+1","Rupture+1","ReplayTheSpireMod:Stacked","Hemokinesis+1","Power Through+1","Flex+1","Bloodletting"],"relics":["Burning Blood","hubris:SlimyHat","Lizard Tail","Toy Ornithopter","Shovel","Philosopher\u0027s Stone","MawBank","Ring of Misfortune","ReplayTheSpireMod:Ring of Collecting","reliquary:RoseTintedGlasses","reliquary:SharkskinSheath","ReplayTheSpireMod:Ring of Addiction","White Beast Statue","hubris:EmptyBottle","Pear","Paper Frog","reliquary:FeatherDuster","theForsaken:PlagueMask","Nilry\u0027s Codex","Kintsugi","Membership Card","Ring of Searing","Eternal Feather","Strawberry","hubris:DisguiseKit"],"acts_visited":["Exordium","TheCity","TheBeyond","TheEnding"],"potions_floor_usage":[39,45,48,50,50,50,54,55,55],"damage_taken":[{"damage":0.0,"enemies":"Small Slimes","floor":1.0,"turns":2.0},{"damage":0.0,"enemies":"Cultist","floor":2.0,"turns":2.0},{"damage":4.0,"enemies":"Jaw Worm","floor":3.0,"turns":2.0},{"damage":0.0,"enemies":"Large Slime","floor":4.0,"turns":4.0},{"damage":15.0,"enemies":"Gremlin Nob","floor":6.0,"turns":4.0},{"damage":9.0,"enemies":"Blue Slaver","floor":7.0,"turns":3.0},{"damage":12.0,"enemies":"Exordium Thugs","floor":10.0,"turns":4.0},{"damage":5.0,"enemies":"2 Fungi Beasts","floor":12.0,"turns":2.0},{"damage":28.0,"enemies":"Lagavulin","floor":13.0,"turns":7.0},{"damage":1.0,"enemies":"Blue Slaver","floor":14.0,"turns":2.0},{"damage":19.0,"enemies":"Slime Boss","floor":16.0,"turns":8.0},{"damage":0.0,"enemies":"Chosen","floor":18.0,"turns":4.0},{"damage":2.0,"enemies":"Spheric Guardian","floor":21.0,"turns":3.0},{"damage":28.0,"enemies":"Gremlin Leader","floor":23.0,"turns":7.0},{"damage":18.0,"enemies":"Replay:Snechameleon","floor":25.0,"turns":3.0},{"damage":31.0,"enemies":"Snake Plant","floor":27.0,"turns":4.0},{"damage":50.0,"enemies":"Book of Stabbing","floor":29.0,"turns":5.0},{"damage":108.0,"enemies":"Automaton","floor":33.0,"turns":12.0},{"damage":27,"enemies":"Orb Walker","floor":35,"turns":5},{"damage":16,"enemies":"3 Darklings","floor":38,"turns":5},{"damage":58,"enemies":"Maw","floor":39,"turns":8},{"damage":46,"enemies":"4 Shapes","floor":44,"turns":5},{"damage":16,"enemies":"R_Hoarder","floor":45,"turns":6},{"damage":24,"enemies":"Sphere and 2 Shapes","floor":47,"turns":5},{"damage":15,"enemies":"Transient","floor":48,"turns":5},{"damage":153,"enemies":"Awakened One","floor":50,"turns":13},{"damage":163,"enemies":"Shield and Spear","floor":54,"turns":9},{"damage":88,"enemies":"The Heart","floor":55,"turns":5}],"seed_played":"7396901675986108243","potions_obtained":[{"floor":2.0,"key":"DistilledChaos"},{"floor":3.0,"key":"Cursed Concoction"},{"floor":7.0,"key":"SpeedPotion"},{"floor":12.0,"key":"BloodPotion"},{"floor":13.0,"key":"SkillPotion"},{"floor":21.0,"key":"Reflective Coating"},{"floor":23.0,"key":"Fire Potion"},{"floor":25.0,"key":"BloodPotion"},{"floor":33.0,"key":"Fruit Juice"},{"floor":35,"key":"SteroidPotion"},{"floor":54,"key":"AttackPotion"}],"is_trial":false,"path_per_floor":["M","M","M","M","?","E","M","$","T","M","R","M","E","M","R","B",null,"M","?","?","M","$","E","R","E","T","M","R","E","?","?","R","B",null,"M","$","?","M","M","R","$","R","T","M","E","R","M","M","R","B",null,"R","$","E","B"],"character_chosen":"IRONCLAD","items_purchased":["Fire Breathing","Membership Card","SteroidPotion","Evolve","Armaments","Rupture","ReplayTheSpireMod:Stacked","BloodPotion","Strawberry"],"campfire_rested":3,"item_purchase_floors":[22,36,36,36,36,41,41,41,53],"current_hp_per_floor":[57,63,65,71,71,62,59,59,59,53,53,54,32,37,37,24,72,75,75,75,75,75,56,56,52,62,37,37,48,48,32,59,58,116,98,98,98,88,41,76,76,111,111,74,92,110,95,91,112,31,124,124,131,68,0,0],"gold":74,"neow_bonus":"IRONCLAD_BERSERKER","is_daily":false,"chose_seed":false,"campfire_upgraded":4,"win_rate":0.0,"timestamp":1611777676,"path_taken":["M","M","M","M","?","E","?","$","T","?","R","M","E","M","R","BOSS","M","?","?","M","$","E","R","E","T","M","R","E","?","?","R","BOSS","M","$","?","M","M","R","$","R","T","M","E","R","?","M","R","BOSS","R","$","E","BOSS"],"items_purchased_type":["Card","Relic","Potion","Card","Card","Card","Card","Potion","Relic"],"build_version":"2020-12-22","purchased_purges":1,"victory":false,"max_hp_per_floor":[72,72,72,72,72,72,72,72,72,72,72,72,72,72,72,72,72,75,75,75,75,75,78,78,81,91,91,91,91,91,91,91,116,116,119,119,119,117,117,117,117,117,115,118,118,118,121,121,121,124,124,124,131,129,129,129],"card_choices":[{"not_picked":["Warcry","Defy Death"],"picked":"Uppercut","floor":1.0},{"not_picked":["Twin Strike","Clash"],"picked":"Battle Trance","floor":2.0},{"not_picked":["Havoc","Exhume"],"picked":"Intimidate","floor":3.0},{"not_picked":["Perfected Strike","Body Slam"],"picked":"Cleave","floor":4.0},{"not_picked":["Intimidate","Dual Wield"],"picked":"Burning Pact","floor":6.0},{"not_picked":["Run Through","Searing Blow","Anger"],"picked":"SKIP","floor":7.0},{"not_picked":["Heavy Blade","Warcry","Headbutt"],"picked":"SKIP","floor":10.0},{"not_picked":["Anger","Corruption"],"picked":"Cleave","floor":12.0},{"not_picked":["Warcry","Massacre"],"picked":"Anger","floor":13.0},{"not_picked":["Wild Strike","Body Slam","Havoc"],"picked":"SKIP","floor":14.0},{"not_picked":["Hemogenesis","Offering"],"picked":"Feed","floor":16.0},{"not_picked":["Havoc","Shockwave"],"picked":"Flex","floor":18.0},{"not_picked":["Searing Blow+1","ICR:PowerAttack"],"picked":"hubris:SharpeningStone","floor":21.0},{"not_picked":["Body Slam","Pommel Strike","Evolve"],"picked":"SKIP","floor":23.0},{"not_picked":["ReplayTheSpireMod:Limb From Limb+1","Run Through"],"picked":"Brutality","floor":25.0},{"not_picked":["Disarm+1","Replay:Undeath\u0027s Touch"],"picked":"Entrench+1","floor":27.0},{"not_picked":["Thunderclap+1","Wild Strike"],"picked":"Shrug It Off","floor":29.0},{"not_picked":["Brutality","hubris:StunningStrike"],"picked":"Eclipse","floor":33.0},{"not_picked":["Twin Strike+1","ReplayTheSpireMod:Strike From Hell"],"picked":"Wild Strike","floor":35},{"not_picked":["Iron Wave+1","Carnage+1"],"picked":"Ghostly Armor+1","floor":38},{"not_picked":["Body Slam+1","Heavy Blade","Wild Strike+1"],"picked":"SKIP","floor":39},{"not_picked":["Wild Strike","ReplayTheSpireMod:Strike From Hell+1"],"picked":"Hemokinesis+1","floor":44},{"not_picked":["Feel No Pain+1","Shrug It Off"],"picked":"Power Through","floor":45},{"not_picked":["hubris:StunningStrike","Pummel"],"picked":"Flex+1","floor":47},{"not_picked":["Replay:Undeath\u0027s Touch","Shrug It Off+1","Headbutt+1"],"picked":"SKIP","floor":48},{"not_picked":["Barricade","ReplayTheSpireMod:Corrosion Curse+1"],"picked":"Bloodletting","floor":54}],"player_experience":149777,"relics_obtained":[{"floor":6.0,"key":"hubris:SlimyHat"},{"floor":9.0,"key":"Lizard Tail"},{"floor":13.0,"key":"Toy Ornithopter"},{"floor":15.0,"key":"Shovel"},{"floor":20.0,"key":"Ring of Misfortune"},{"floor":20.0,"key":"ReplayTheSpireMod:Ring of Collecting"},{"floor":23.0,"key":"reliquary:RoseTintedGlasses"},{"floor":25.0,"key":"reliquary:SharkskinSheath"},{"floor":26.0,"key":"ReplayTheSpireMod:Ring of Addiction"},{"floor":26.0,"key":"White Beast Statue"},{"floor":26.0,"key":"hubris:EmptyBottle"},{"floor":26.0,"key":"Pear"},{"floor":28.0,"key":"Paper Frog"},{"floor":29.0,"key":"reliquary:FeatherDuster"},{"floor":31.0,"key":"Nilry\u0027s Codex"},{"floor":43,"key":"Ring of Searing"},{"floor":45,"key":"Eternal Feather"},{"floor":54,"key":"hubris:DisguiseKit"}],"event_choices":[{"damage_healed":0.0,"max_hp_gain":0.0,"max_hp_loss":0.0,"gold_gain":0.0,"event_name":"NoteForYourself","player_choice":"Ignored","floor":5.0,"gold_loss":0.0,"damage_taken":0.0},{"damage_healed":0.0,"max_hp_gain":0.0,"max_hp_loss":0.0,"gold_gain":0.0,"event_name":"Addict","player_choice":"Stole Relic","floor":19.0,"gold_loss":0.0,"damage_taken":0.0,"relics_obtained":["MawBank"],"cards_obtained":["Shame"]},{"damage_healed":0.0,"max_hp_gain":0.0,"max_hp_loss":0.0,"gold_gain":0.0,"event_name":"Plague Doctor","player_choice":"Obtain Plague Curse","floor":30.0,"gold_loss":0.0,"damage_taken":0.0,"cards_obtained":["theForsaken:PlagueCurse"]},{"damage_healed":0.0,"max_hp_gain":0.0,"max_hp_loss":0.0,"gold_gain":0.0,"event_name":"Cursed Tome","player_choice":"Obtained Book","floor":31.0,"gold_loss":0.0,"damage_taken":16.0},{"damage_healed":0,"gold_gain":0,"player_choice":"Upgraded Two","damage_taken":0,"max_hp_gain":0,"max_hp_loss":0,"event_name":"Designer","floor":37,"gold_loss":40,"cards_upgraded":["Iron Wave","Anger"]}],"is_beta":false,"boss_relics":[{"not_picked":["reliquary:KinkedSpring","hubris:GrandSneckoEye"],"picked":"Philosopher\u0027s Stone"},{"not_picked":["Electric Blood","hubris:ScarierMask"],"picked":"Kintsugi"}],"items_purged_floors":[8],"is_endless":false,"potions_floor_spawned":[2,3,7,12,13,21,23,25,27,29,33,35,38,39,44,45,47,48,54],"killed_by":"The Heart","ascension_level":4}}