{"host":"hfxahm4y1ssattqc","time":1611781619,"event":{"mods":["2.2 Compatiblity","Act Like it!","Aspiration","BaseMod","Beaked The Cultist","Better Third Choice","BetterRewards","Colored Map","Colored Powertips","Custom Start","Googly Eyes","Halation","Hallownest","Hermit","Highlight Path","Hubris","Mimic Mod","Minty Spire (QoL Compilation)","Reorder Act Four","Replay The Spire","Shop Mod","Spikes Relics","StSLib","The Bug Knight","The IronCluck","The Jungle","Unknown Chances","slay the spire mod where everything is the same but ironclad has a cowboy hat"],"gold_per_floor":[109,121,121,136,154,185,185,185,220,233,233,243,263,280,280,382,382,398,244,334,351,371,371,371,371],"floor_reached":24,"language":"ENG","playtime":844,"items_purged":["hubris:Compulsion"],"score":327,"play_id":"a4b134c3-b6f1-4a2a-82fb-a3af01338076","local_time":"20210127130659","is_ascension_mode":false,"campfire_choices":[{"data":"ReplayTheSpireMod:Omega Cannon","floor":7,"key":"SMITH"},{"data":"Glacier","floor":11,"key":"SMITH"},{"data":"Double Energy","floor":23,"key":"SMITH"}],"circlet_count":0,"master_deck":["Strike_B","Strike_B","Strike_B","Strike_B","Defend_B","Defend_B","Defend_B","Defend_B","Zap","Dualcast","Doom and Gloom+1","aspiration:Polymerization","Time Bomb","Echo Form","hubris:DuctTapeCard","CurseOfTheBell","Hallucinations","Machine Learning","Double Energy+1"],"relics":["Cracked Core","aspiration:HatOfInfinitePower","PreservedInsect","RollingBoulder","Sling","Potion Belt","Replay:WaspNest","Replay:Ancient Bell","halation:LettersToHer","hubris:DuctTape","Mango"],"acts_visited":["Exordium","TheCity"],"potions_floor_usage":[21,24],"damage_taken":[{"damage":1,"enemies":"Cultist","floor":1,"turns":3},{"damage":0,"enemies":"Jaw Worm","floor":2,"turns":2},{"damage":0,"enemies":"Small Slimes","floor":4,"turns":3},{"damage":0,"enemies":"Exordium Wildlife","floor":5,"turns":1},{"damage":0,"enemies":"3 Sentries","floor":6,"turns":2},{"damage":6,"enemies":"Gremlin Gang","floor":9,"turns":4},{"damage":0,"enemies":"Gremlin Gang","floor":10,"turns":3},{"damage":5,"enemies":"Looter","floor":12,"turns":3},{"damage":0,"enemies":"Exordium Wildlife","floor":13,"turns":1},{"damage":7,"enemies":"2 Fungi Beasts","floor":14,"turns":3},{"damage":18,"enemies":"The Guardian","floor":16,"turns":10},{"damage":22,"enemies":"3 Byrds","floor":18,"turns":5},{"damage":28,"enemies":"Chosen","floor":21,"turns":6},{"damage":0,"enemies":"Snecko","floor":22,"turns":4},{"damage":30,"enemies":"Centurion and Healer","floor":24,"turns":4}],"seed_played":"2327742599375735832","potions_obtained":[{"floor":1,"key":"Toxic Potion"},{"floor":6,"key":"SteroidPotion"},{"floor":10,"key":"GamblersBrew"},{"floor":16,"key":"LifebloodPotion"},{"floor":18,"key":"SkillPotion"}],"is_trial":false,"path_per_floor":["M","M","$","M","M","E","R","?","MIM","M","R","M","M","M","R_BF","B",null,"M","$","?","M","M","R","M"],"character_chosen":"DEFECT","items_purchased":["ReplayTheSpireMod:Omega Cannon","aspiration:HatOfInfinitePower","PreservedInsect","RollingBoulder","Sling","Double Energy"],"campfire_rested":0,"item_purchase_floors":[0,0,0,0,0,19],"current_hp_per_floor":[74,74,74,74,74,74,74,74,68,68,68,63,63,56,75,57,89,67,67,55,27,27,27,0,0],"gold":371,"neow_bonus":"","is_daily":false,"chose_seed":false,"campfire_upgraded":3,"win_rate":0.0,"timestamp":1611781619,"path_taken":["M","M","$","M","?","E","R","?","MIM","M","R","M","M","?","R_BF","BOSS","M","$","?","M","?","R","M"],"items_purchased_type":["Card","Relic","Relic","Relic","Relic","Card"],"build_version":"2020-12-22","purchased_purges":1,"victory":false,"max_hp_per_floor":[75,75,75,75,75,75,75,75,75,75,75,75,75,75,75,75,89,89,89,89,89,89,89,89,89],"card_choices":[{"not_picked":["Sweeping Beam","Redo"],"picked":"Glacier","floor":1},{"not_picked":["Redo","BasicCrystalCard"],"picked":"Doom and Gloom","floor":2},{"not_picked":["Redo","ReplaySort","Stack"],"picked":"SKIP","floor":4},{"not_picked":["Coolheaded","BootSequence"],"picked":"aspiration:Polymerization","floor":5},{"not_picked":["Steam","Go for the Eyes","Panic Button"],"picked":"SKIP","floor":6},{"not_picked":["Sweeping Beam","Redo"],"picked":"Time Bomb","floor":9},{"not_picked":["Redo","Rebound","Beam Cell"],"picked":"SKIP","floor":10},{"not_picked":["Leap","Redo","hubris:DoWhile"],"picked":"SKIP","floor":12},{"not_picked":["Cold Snap","ReplayTheSpireMod:Repulse","Barrage"],"picked":"SKIP","floor":13},{"not_picked":["Compile Driver","Panic Button","Ball Lightning"],"picked":"SKIP","floor":14},{"not_picked":["All For One","Seek"],"picked":"Echo Form","floor":16},{"not_picked":["Pain","Languid"],"picked":"CurseOfTheBell","floor":17},{"not_picked":["Languid","Normality"],"picked":"hubris:Compulsion","floor":17},{"not_picked":["Amnesia","Hatred"],"picked":"Hallucinations","floor":17},{"not_picked":["Cold Snap","Darkness"],"picked":"Machine Learning","floor":18},{"not_picked":["Steam","Cold Snap","Reinforced Body"],"picked":"SKIP","floor":21},{"not_picked":["hubris:Ukulele","Ball Lightning","Beam Cell"],"picked":"SKIP","floor":22}],"player_experience":931973,"relics_obtained":[{"floor":6,"key":"Potion Belt"},{"floor":9,"key":"Replay:WaspNest"}],"event_choices":[{"damage_healed":0,"gold_gain":90,"player_choice":"GOLD ","damage_taken":12,"max_hp_gain":0,"max_hp_loss":0,"event_name":"Knowing Skull","floor":20,"potions_obtained":[],"gold_loss":0,"cards_obtained":[]}],"is_beta":false,"boss_relics":[{"not_picked":["aspiration:RunicSpoon","Sozu"],"picked":"Replay:Ancient Bell"},{"not_picked":["aspiration:HiddenCompartment","aspiration:Lifesprig"],"picked":"halation:LettersToHer"},{"not_picked":["hubris:Reverence","BrokenLever"],"picked":"hubris:DuctTape"},{"not_picked":["Thread and Needle","Unceasing Top"],"picked":"Mango"}],"items_purged_floors":[19],"is_endless":false,"potions_floor_spawned":[1,6,10,16,18],"killed_by":"Centurion and Healer","ascension_level":0}}