{"host":"sav7uxregyirlf69","time":1611752552,"event":{"mods":["AchievementEnabler","BaseMod","Colored Map","DeckTracker","Keyboard Shortcuts","Minty Spire (QoL Compilation)","READ ME - Guardian Mod","StSLib","SuperFastMode"],"gold_per_floor":[119,138,22,22,67,100,115,132,159,175,208,188,188,218,218,294,294,311,311,329,60,60,60,74,74,74,74,74,102,152,171,171,245,245,262,282,282,295,309,309,336,348,426,85,85,115,128,162,162,162,162,162,162,12,45,45],"floor_reached":57,"language":"KOR","playtime":1424,"items_purged":["Strike_G","Sucker Punch","Accuracy","Blade Dance"],"score":3060,"play_id":"d70d46d0-7e9b-4889-b945-568c2dfa2cce","local_time":"20210127220232","is_ascension_mode":true,"campfire_choices":[{"data":"Catalyst","floor":13.0,"key":"SMITH"},{"data":"Deadly Poison","floor":15.0,"key":"SMITH"},{"data":"Tactician","floor":23.0,"key":"SMITH"},{"data":"Night Terror","floor":25.0,"key":"SMITH"},{"data":"Noxious Fumes","floor":28.0,"key":"SMITH"},{"data":"Venomology","floor":32.0,"key":"SMITH"},{"floor":40.0,"key":"RECALL"},{"floor":45.0,"key":"REST"},{"floor":49.0,"key":"REST"},{"floor":53.0,"key":"REST"}],"circlet_count":0,"master_deck":["AscendersBane","Survivor","Neutralize+1","Noxious Fumes+1","Blur","Masterful Stab","Catalyst+1","Deadly Poison+1","Tactician+1","Backflip+1","Terror","Venomology+1","Night Terror+1","Escape Plan","Heel Hook","Grand Finale","Prepared+1","Catalyst+1","Adrenaline","Footwork","Well Laid Plans"],"relics":["Ring of the Snake","NeowsBlessing","Letter Opener","Oddly Smooth Stone","Whetstone","Lantern","Gambling Chip","WingedGreaves","Pandora\u0027s Box","InkBottle","Happy Flower","Thread and Needle","War Paint","Fusion Hammer","Bag of Preparation","TwistedFunnel","Juzu Bracelet","Centennial Puzzle","Nunchaku"],"acts_visited":["Exordium","TheCity","TheBeyond","TheEnding"],"potions_floor_usage":[56,56,56],"damage_taken":[{"damage":0.0,"enemies":"Cultist","floor":1.0,"turns":1.0},{"damage":0.0,"enemies":"Jaw Worm","floor":2.0,"turns":1.0},{"damage":0.0,"enemies":"3 Sentries","floor":6.0,"turns":1.0},{"damage":0.0,"enemies":"2 Louse","floor":7.0,"turns":2.0},{"damage":0.0,"enemies":"Red Slaver","floor":8.0,"turns":3.0},{"damage":2.0,"enemies":"Exordium Thugs","floor":10.0,"turns":4.0},{"damage":20.0,"enemies":"Lagavulin","floor":11.0,"turns":8.0},{"damage":9.0,"enemies":"3 Sentries","floor":14.0,"turns":7.0},{"damage":10.0,"enemies":"The Guardian","floor":16.0,"turns":8.0},{"damage":5.0,"enemies":"3 Byrds","floor":18.0,"turns":3.0},{"damage":16.0,"enemies":"Spheric Guardian","floor":20.0,"turns":4.0},{"damage":4.0,"enemies":"Shelled Parasite and Fungi","floor":24.0,"turns":4.0},{"damage":12.0,"enemies":"Slavers","floor":29.0,"turns":5.0},{"damage":0.0,"enemies":"Snake Plant","floor":31.0,"turns":2.0},{"damage":22.0,"enemies":"Collector","floor":33.0,"turns":4.0},{"damage":0.0,"enemies":"Orb Walker","floor":35.0,"turns":2.0},{"damage":1.0,"enemies":"3 Shapes","floor":36.0,"turns":2.0},{"damage":0.0,"enemies":"Writhing Mass","floor":38.0,"turns":2.0},{"damage":2.0,"enemies":"Spire Growth","floor":39.0,"turns":2.0},{"damage":0.0,"enemies":"Giant Head","floor":41.0,"turns":2.0},{"damage":4.0,"enemies":"Sphere and 2 Shapes","floor":42.0,"turns":5.0},{"damage":0.0,"enemies":"Nemesis","floor":46.0,"turns":3.0},{"damage":0.0,"enemies":"4 Shapes","floor":47.0,"turns":3.0},{"damage":0.0,"enemies":"Giant Head","floor":48.0,"turns":2.0},{"damage":0.0,"enemies":"Awakened One","floor":50.0,"turns":6.0},{"damage":10.0,"enemies":"Donu and Deca","floor":51.0,"turns":8.0},{"damage":1.0,"enemies":"Shield and Spear","floor":55.0,"turns":5.0},{"damage":33,"enemies":"The Heart","floor":56,"turns":7}],"seed_played":"-777298822436789931","potions_obtained":[{"floor":7.0,"key":"FearPotion"},{"floor":10.0,"key":"GhostInAJar"},{"floor":11.0,"key":"Fire Potion"},{"floor":14.0,"key":"Strength Potion"},{"floor":16.0,"key":"PowerPotion"},{"floor":31.0,"key":"Dexterity Potion"},{"floor":33.0,"key":"SneckoOil"},{"floor":38.0,"key":"DistilledChaos"}],"is_trial":false,"path_per_floor":["M","M","$","T","T","E","M","M","T","M","E","?","R","E","R","B",null,"M","T","M","$","?","R","M","R","T","$","R","E","?","M","R","B",null,"M","M","?","M","M","R","E","M","T","$","R","E","M","E","R","B","B",null,"R","$","E","B",null],"character_chosen":"THE_SILENT","items_purchased":["Blur","Happy Flower","TwistedFunnel","PowerPotion"],"campfire_rested":3,"item_purchase_floors":[3,21,44,44],"current_hp_per_floor":[59,59,59,59,59,59,59,59,59,57,37,37,37,28,28,18,54,49,49,33,33,33,33,43,43,43,43,43,31,31,31,31,9,52,52,51,51,51,49,49,49,45,45,45,64,64,64,64,66,66,56,64,66,66,65,32],"gold":45,"neow_bonus":"THREE_ENEMY_KILL","is_daily":false,"chose_seed":false,"campfire_upgraded":6,"win_rate":0.0,"timestamp":1611752552,"path_taken":["M","M","$","?","?","E","M","M","T","?","E","?","R","E","R","BOSS","M","?","M","$","?","R","?","R","T","$","R","E","?","M","R","BOSS","M","M","?","?","M","R","E","M","T","$","R","E","M","E","R","BOSS","BOSS","R","$","E","BOSS"],"items_purchased_type":["Card","Relic","Relic","Potion"],"build_version":"2020-12-22","purchased_purges":4,"victory":true,"max_hp_per_floor":[66,66,66,66,66,66,66,66,66,66,66,66,66,66,66,66,66,66,66,66,66,66,66,66,66,66,66,66,66,66,66,66,66,66,66,66,66,66,66,66,66,66,66,66,66,66,66,66,66,66,66,66,66,66,66,66],"card_choices":[{"not_picked":["Quick Slash","Choke"],"picked":"Blade Dance","floor":1.0},{"not_picked":["Deflect","Terror"],"picked":"Noxious Fumes","floor":2.0},{"not_picked":["PiercingWail","Grand Finale"],"picked":"Masterful Stab","floor":6.0},{"not_picked":["Slice","Masterful Stab","Dagger Throw"],"picked":"SKIP","floor":7.0},{"not_picked":["Reflex","Dodge and Roll"],"picked":"Catalyst","floor":8.0},{"not_picked":["Sucker Punch","Flying Knee"],"picked":"Deadly Poison","floor":10.0},{"not_picked":["Poisoned Stab","Acrobatics"],"picked":"Tactician","floor":11.0},{"not_picked":["Infinite Blades","Setup"],"picked":"Backflip","floor":14.0},{"not_picked":["Skewer","Catalyst"],"picked":"Prepared","floor":18.0},{"not_picked":["Expertise","Setup","Flying Knee"],"picked":"SKIP","floor":20.0},{"not_picked":["Dodge and Roll","Flying Knee","Terror"],"picked":"SKIP","floor":24.0},{"not_picked":["Flying Knee","Slice","Masterful Stab"],"picked":"SKIP","floor":29.0},{"not_picked":["Prepared","Finisher","Deflect"],"picked":"SKIP","floor":31.0},{"not_picked":["Corpse Explosion","A Thousand Cuts"],"picked":"Adrenaline","floor":33.0},{"not_picked":["Finisher","Poisoned Stab+1","Predator"],"picked":"SKIP","floor":35.0},{"not_picked":["Outmaneuver","Concentrate","Sucker Punch"],"picked":"SKIP","floor":36.0},{"not_picked":["Dodge and Roll+1","Flechettes","Dagger Spray"],"picked":"SKIP","floor":38.0},{"not_picked":["Leg Sweep+1","Heel Hook","Flying Knee"],"picked":"SKIP","floor":39.0},{"not_picked":["Dodge and Roll+1","Noxious Fumes"],"picked":"Footwork","floor":41.0},{"not_picked":["Backflip","Quick Slash+1","Cloak And Dagger"],"picked":"SKIP","floor":42.0},{"not_picked":["Predator","Cloak And Dagger","Choke+1"],"picked":"SKIP","floor":46.0},{"not_picked":["Riddle With Holes+1","A Thousand Cuts","Dagger Spray"],"picked":"SKIP","floor":47.0},{"not_picked":["Dagger Throw","Deadly Poison","All Out Attack"],"picked":"SKIP","floor":48.0},{"not_picked":["Die Die Die","Dash+1"],"picked":"Well Laid Plans","floor":55.0}],"player_experience":1401537,"relics_obtained":[{"floor":4.0,"key":"Letter Opener"},{"floor":5.0,"key":"Oddly Smooth Stone"},{"floor":6.0,"key":"Whetstone"},{"floor":9.0,"key":"Lantern"},{"floor":11.0,"key":"Gambling Chip"},{"floor":14.0,"key":"WingedGreaves"},{"floor":19.0,"key":"InkBottle"},{"floor":26.0,"key":"Thread and Needle"},{"floor":29.0,"key":"War Paint"},{"floor":41.0,"key":"Bag of Preparation"},{"floor":46.0,"key":"Juzu Bracelet"},{"floor":48.0,"key":"Centennial Puzzle"},{"floor":55.0,"key":"Nunchaku"}],"event_choices":[{"damage_healed":0.0,"max_hp_gain":0.0,"max_hp_loss":0.0,"gold_gain":0.0,"event_name":"The Woman in Blue","player_choice":"Bought 1 Potion","floor":12.0,"gold_loss":0.0,"damage_taken":0.0},{"damage_healed":0.0,"max_hp_gain":0.0,"max_hp_loss":0.0,"gold_gain":0.0,"event_name":"Duplicator","player_choice":"Copied","floor":22.0,"gold_loss":0.0,"damage_taken":0.0,"cards_obtained":["Catalyst"]},{"damage_healed":0.0,"max_hp_gain":0.0,"max_hp_loss":0.0,"gold_gain":50.0,"event_name":"Nest","player_choice":"Stole From Cult","floor":30.0,"gold_loss":0.0,"damage_taken":0.0},{"cards_removed":["Masterful Stab"],"damage_healed":0.0,"max_hp_gain":0.0,"max_hp_loss":0.0,"gold_gain":0.0,"event_name":"Purifier","player_choice":"Purged","floor":37.0,"gold_loss":0.0,"damage_taken":0.0}],"is_beta":false,"boss_relics":[{"not_picked":["HoveringKite","Runic Pyramid"],"picked":"Pandora\u0027s Box"},{"not_picked":["Snecko Eye","Philosopher\u0027s Stone"],"picked":"Fusion Hammer"}],"items_purged_floors":[3,21,44,54],"is_endless":false,"potions_floor_spawned":[7,10,11,14,16,20,31,33,35,38,41,42,47,55],"ascension_level":20}}