{"host":"x3xr1fzypq6qqz5s","time":1611742902,"event":{"mods":["BaseMod","Better Vampires","Colored Powertips","DeckTracker","Highlight Path","Minty Spire (QoL Compilation)","Quick Restart","Rare Cards Sparkle","Relic Stats"],"gold_per_floor":[117,129,129,79,95,95,95,113,137,156,156,175,175,198,198,322,322,346,198,248,264,277,277,277,277],"floor_reached":24,"language":"ZHS","playtime":896,"items_purged":["Strike_G"],"score":190,"play_id":"ae7bf667-c3cb-4c2b-9c58-7506719e2661","local_time":"20210127182142","is_ascension_mode":false,"campfire_choices":[{"data":"Bouncing Flask","floor":6,"key":"SMITH"},{"floor":11,"key":"REST"},{"floor":13,"key":"REST"},{"data":"Burst","floor":15,"key":"SMITH"},{"data":"Footwork","floor":23,"key":"SMITH"}],"circlet_count":0,"master_deck":["Strike_G","Strike_G","Strike_G","Defend_G","Defend_G","Defend_G","Defend_G","Defend_G","Survivor","Neutralize","Bouncing Flask+1","Crippling Poison","Masterful Stab","Catalyst","Burst+1","Noxious Fumes","Blur","Corpse Explosion","Footwork+1","Catalyst","Bouncing Flask"],"relics":["Ring of the Snake","Bag of Marbles","Golden Idol","Philosopher\u0027s Stone"],"acts_visited":["Exordium","TheCity"],"potions_floor_usage":[10,12,24],"damage_taken":[{"damage":0,"enemies":"Small Slimes","floor":1,"turns":2},{"damage":2,"enemies":"Jaw Worm","floor":2,"turns":5},{"damage":0,"enemies":"Cultist","floor":5,"turns":4},{"damage":6,"enemies":"Exordium Wildlife","floor":8,"turns":3},{"damage":0,"enemies":"Gremlin Gang","floor":10,"turns":4},{"damage":5,"enemies":"Blue Slaver","floor":12,"turns":4},{"damage":0,"enemies":"Exordium Wildlife","floor":14,"turns":3},{"damage":7,"enemies":"Slime Boss","floor":16,"turns":7},{"damage":16,"enemies":"2 Thieves","floor":18,"turns":4},{"damage":4,"enemies":"Spheric Guardian","floor":21,"turns":3},{"damage":10,"enemies":"Chosen and Byrds","floor":22,"turns":5},{"damage":49,"enemies":"Gremlin Leader","floor":24,"turns":5}],"seed_played":"7093257764858458777","potions_obtained":[{"floor":2,"key":"ColorlessPotion"},{"floor":5,"key":"Energy Potion"},{"floor":10,"key":"LiquidMemories"},{"floor":14,"key":"CultistPotion"},{"floor":21,"key":"Strength Potion"}],"is_trial":false,"path_per_floor":["M","M","?","?","M","R","?","M","T","M","R","M","R","M","R","B",null,"M","$","?","M","M","R","E"],"character_chosen":"THE_SILENT","items_purchased":["Catalyst"],"campfire_rested":2,"item_purchase_floors":[19],"current_hp_per_floor":[70,68,43,43,43,43,26,20,20,20,41,36,57,57,57,50,70,54,54,54,50,40,40,0,0],"gold":277,"neow_bonus":"THREE_CARDS","is_daily":false,"chose_seed":false,"campfire_upgraded":3,"win_rate":0.0,"timestamp":1611742902,"path_taken":["M","M","?","?","M","R","?","M","T","?","R","M","R","M","R","BOSS","M","$","?","M","?","R","E"],"items_purchased_type":["Card"],"build_version":"2020-12-22","purchased_purges":1,"victory":false,"max_hp_per_floor":[70,70,70,70,70,70,70,70,70,70,70,70,70,70,70,70,70,70,70,70,70,70,70,70,70],"relic_stats":{"counters":[12,49],"Golden Idol":53,"obtain_stats":[{"Golden Idol":7,"Philosopher\u0027s Stone":17,"Bag of Marbles":3,"Ring of the Snake":0},{"Golden Idol":3,"Philosopher\u0027s Stone":8,"Bag of Marbles":2,"Ring of the Snake":0},{"Golden Idol":11,"Philosopher\u0027s Stone":32,"Bag of Marbles":7,"Ring of the Snake":0}],"Ring of the Snake":[24]},"card_choices":[{"not_picked":["Terror","Reflex"],"picked":"Bouncing Flask","floor":0},{"not_picked":["Underhanded Strike","PiercingWail","Infinite Blades"],"picked":"SKIP","floor":1},{"not_picked":["Reflex","Bane"],"picked":"Crippling Poison","floor":2},{"not_picked":["Flying Knee","Sucker Punch"],"picked":"Masterful Stab","floor":5},{"not_picked":["Dagger Throw","Slice"],"picked":"Catalyst","floor":8},{"not_picked":["Deflect","PiercingWail"],"picked":"Burst","floor":10},{"not_picked":["Cloak And Dagger","Prepared"],"picked":"Noxious Fumes","floor":12},{"not_picked":["Riddle With Holes","Outmaneuver"],"picked":"Blur","floor":14},{"not_picked":["Adrenaline","Venomology"],"picked":"Corpse Explosion","floor":16},{"not_picked":["Cloak And Dagger","Deadly Poison"],"picked":"Footwork","floor":18},{"not_picked":["Dash","Quick Slash"],"picked":"Bouncing Flask","floor":21},{"not_picked":["Acrobatics","Dash","Prepared"],"picked":"SKIP","floor":22}],"player_experience":647977,"relics_obtained":[],"event_choices":[{"damage_healed":0,"gold_gain":0,"player_choice":"Success","damage_taken":25,"relics_obtained":["Bag of Marbles"],"max_hp_gain":0,"max_hp_loss":0,"event_name":"Scrap Ooze","floor":3,"gold_loss":0},{"cards_removed":["Strike_G"],"damage_healed":0,"gold_gain":0,"player_choice":"Card Removal","damage_taken":0,"max_hp_gain":0,"max_hp_loss":0,"event_name":"The Cleric","floor":4,"gold_loss":50},{"damage_healed":0,"gold_gain":0,"player_choice":"Take Damage","damage_taken":17,"relics_obtained":["Golden Idol"],"max_hp_gain":0,"max_hp_loss":0,"event_name":"Golden Idol","floor":7,"gold_loss":0},{"damage_healed":0,"gold_gain":100,"player_choice":"Bet on Murderer","damage_taken":0,"max_hp_gain":0,"max_hp_loss":0,"event_name":"The Joust","floor":20,"gold_loss":50}],"is_beta":false,"boss_relics":[{"not_picked":["Cursed Key","Runic Dome"],"picked":"Philosopher\u0027s Stone"}],"items_purged_floors":[19],"is_endless":false,"potions_floor_spawned":[2,5,10,14,21],"killed_by":"Gremlin Leader","ascension_level":0}}