{"host":"gg","time":1611734133,"event":{"mods":["BaseMod","Colored Map","Googly Eyes","Minty Spire (QoL Compilation)","Permanent Neow","Relic Stats","The IronCluck"],"gold_per_floor":[111,111,126,126,136,161,161,186,211,237,237,65,94,110,110,181,181,201,181,16,16,16,49,61,78,78,78,78,78,88,100,100,174,174,190,201,226,241,32,62,74,74,74,74,74],"floor_reached":44,"language":"ENG","playtime":2580,"items_purged":["Normality"],"score":1172,"play_id":"96917495-d10b-4e35-b4be-88f9fe59ce88","local_time":"20210126235533","is_ascension_mode":true,"campfire_choices":[{"data":"Eruption","floor":15.0,"key":"SMITH"},{"data":"TalkToTheHand","floor":27,"key":"SMITH"},{"data":"EmptyMind","floor":29,"key":"SMITH"},{"data":"Vigilance","floor":32,"key":"SMITH"},{"data":"TalkToTheHand","floor":42,"key":"SMITH"}],"circlet_count":0,"master_deck":["AscendersBane","Strike_P+1","Strike_P+1","Defend_P+1","Defend_P","Eruption+1","Vigilance+1","FlurryOfBlows+1","FearNoEvil+1","CutThroughFate+1","Indignation+1","CutThroughFate+1","SashWhip+1","Writhe","Judgement+1","TalkToTheHand+1","LessonLearned","ThirdEye+1","EmptyMind+1","Injury","FollowUp+1","Omniscience","Consecrate+1","WheelKick+1","LikeWater+1","TalkToTheHand+1","Halt","Adaptation","Weave","Meditate+1"],"relics":["Cursed Key","Boot","Oddly Smooth Stone","Vajra","Whetstone","Singing Bowl","ClockworkSouvenir","Pocketwatch","Coffee Dripper","Anchor","Shuriken","Incense Burner","Astrolabe","GoldenEye","Membership Card","CaptainsWheel"],"acts_visited":["Exordium","TheCity","TheBeyond"],"potions_floor_usage":[18,18,33,44],"damage_taken":[{"damage":8.0,"enemies":"2 Louse","floor":1.0,"turns":3.0},{"damage":0.0,"enemies":"Small Slimes","floor":3.0,"turns":3.0},{"damage":0.0,"enemies":"Jaw Worm","floor":5.0,"turns":2.0},{"damage":16.0,"enemies":"3 Sentries","floor":6.0,"turns":4.0},{"damage":16.0,"enemies":"Gremlin Nob","floor":8.0,"turns":3.0},{"damage":4.0,"enemies":"3 Sentries","floor":10.0,"turns":3.0},{"damage":0.0,"enemies":"Lagavulin","floor":13.0,"turns":3.0},{"damage":0.0,"enemies":"Blue Slaver","floor":14.0,"turns":1.0},{"damage":0.0,"enemies":"Slime Boss","floor":16.0,"turns":3.0},{"damage":6,"enemies":"3 Byrds","floor":18,"turns":3},{"damage":12,"enemies":"Book of Stabbing","floor":23,"turns":5},{"damage":0,"enemies":"Chosen","floor":24,"turns":2},{"damage":12,"enemies":"Centurion and Healer","floor":25,"turns":4},{"damage":9,"enemies":"Cultist and Chosen","floor":30,"turns":4},{"damage":1,"enemies":"3 Cultists","floor":31,"turns":3},{"damage":11,"enemies":"Champ","floor":33,"turns":7},{"damage":14,"enemies":"3 Shapes","floor":35,"turns":4},{"damage":26,"enemies":"3 Darklings","floor":36,"turns":4},{"damage":0,"enemies":"Mind Bloom Boss Battle","floor":37,"turns":6},{"damage":0,"enemies":"Maw","floor":38,"turns":4},{"damage":0,"enemies":"Giant Head","floor":40,"turns":5},{"damage":0,"enemies":"Sphere and 2 Shapes","floor":41,"turns":2},{"damage":29,"enemies":"Reptomancer","floor":44,"turns":2}],"seed_played":"-8383790347513883182","potions_obtained":[{"floor":3.0,"key":"DistilledChaos"},{"floor":8.0,"key":"AttackPotion"},{"floor":13.0,"key":"Explosive Potion"},{"floor":16.0,"key":"DuplicationPotion"},{"floor":18,"key":"LiquidBronze"},{"floor":19,"key":"SpeedPotion"},{"floor":30,"key":"SkillPotion"},{"floor":35,"key":"SteroidPotion"},{"floor":36,"key":"AttackPotion"}],"is_trial":false,"path_per_floor":["M","?","M","$","M","E","?","E","T","E","?","$","E","M","R","B",null,"M","?","$","T","$","E","M","M","T","R","T","R","M","M","R","B",null,"M","M","?","M","$","E","M","R","T","E"],"character_chosen":"WATCHER","items_purchased":["ClockworkSouvenir","Anchor","Membership Card"],"campfire_rested":0,"item_purchase_floors":[12,20,39],"current_hp_per_floor":[53,53,53,53,53,37,26,10,10,6,28,28,30,30,30,30,60,54,54,54,54,54,42,44,34,34,34,34,34,27,26,26,15,61,47,21,23,23,23,23,23,23,23,0,0],"gold":74,"neow_bonus":"BOSS_RELIC","is_daily":false,"chose_seed":false,"campfire_upgraded":5,"win_rate":0.0,"timestamp":1611734133,"path_taken":["M","?","M","$","M","E","?","E","T","E","?","?","E","M","R","BOSS","M","?","?","?","?","E","M","?","T","R","?","R","M","M","R","BOSS","M","M","?","M","$","E","M","R","T","E"],"items_purchased_type":["Relic","Relic","Relic"],"build_version":"2020-12-18","purchased_purges":1,"victory":false,"max_hp_per_floor":[68,68,68,68,68,68,68,68,68,68,68,68,70,70,70,70,70,70,70,70,70,70,70,72,74,74,74,74,74,76,76,76,76,76,76,76,78,78,78,78,78,78,78,78,78],"relic_stats":{"Singing Bowl":10,"counters":[23,80],"Shuriken":[36],"Astrolabe":["Consecrate","WheelKick","LikeWater"],"Whetstone":["CutThroughFate","Strike_P"],"Cursed Key":3,"Boot":[23],"GoldenEye":[14],"obtain_stats":[{"Singing Bowl":10,"Astrolabe":34,"Oddly Smooth Stone":7,"Vajra":8,"Incense Burner":26,"Whetstone":9,"Cursed Key":0,"Boot":6,"GoldenEye":37,"ClockworkSouvenir":12,"Anchor":20,"CaptainsWheel":40,"Shuriken":23,"Coffee Dripper":17,"Membership Card":39,"PureWater":0,"Pocketwatch":13},{"Singing Bowl":6,"Astrolabe":16,"Oddly Smooth Stone":4,"Vajra":5,"Incense Burner":13,"Whetstone":5,"Cursed Key":0,"Boot":4,"GoldenEye":19,"ClockworkSouvenir":6,"Anchor":10,"CaptainsWheel":21,"Shuriken":11,"Coffee Dripper":9,"Membership Card":20,"PureWater":0,"Pocketwatch":7},{"Singing Bowl":18,"Astrolabe":53,"Oddly Smooth Stone":12,"Vajra":15,"Incense Burner":39,"Whetstone":15,"Cursed Key":0,"Boot":12,"GoldenEye":67,"ClockworkSouvenir":18,"Anchor":28,"CaptainsWheel":76,"Shuriken":33,"Coffee Dripper":25,"Membership Card":71,"PureWater":0,"Pocketwatch":21}],"Pocketwatch":[54]},"card_choices":[{"not_picked":["Prostrate","Adaptation"],"picked":"FlurryOfBlows","floor":1.0},{"not_picked":["PathToVictory","WindmillStrike"],"picked":"CutThroughFate","floor":3.0},{"not_picked":["PathToVictory","Perseverance"],"picked":"Indignation","floor":5.0},{"not_picked":["Protect","DeceiveReality"],"picked":"CutThroughFate","floor":6.0},{"not_picked":["CutThroughFate","Study"],"picked":"SashWhip","floor":8.0},{"not_picked":["Crescendo","SashWhip"],"picked":"Judgement","floor":10.0},{"not_picked":["Crescendo","FearNoEvil","JustLucky"],"picked":"Singing Bowl","floor":13.0},{"not_picked":["JustLucky","FlyingSleeves"],"picked":"TalkToTheHand","floor":14.0},{"not_picked":["DeusExMachina","Scrawl"],"picked":"LessonLearned","floor":16.0},{"not_picked":["SashWhip","Meditate"],"picked":"ThirdEye+1","floor":18},{"not_picked":["FlyingSleeves","Pray"],"picked":"EmptyMind","floor":23},{"not_picked":["SashWhip","SandsOfTime","Worship"],"picked":"Singing Bowl","floor":24},{"not_picked":["BowlingBash","Perseverance+1","FearNoEvil"],"picked":"Singing Bowl","floor":25},{"not_picked":["DeceiveReality","ThirdEye","Protect"],"picked":"Singing Bowl","floor":30},{"not_picked":["Perseverance","Nirvana","FollowUp"],"picked":"SKIP","floor":31},{"not_picked":["Perseverance","Nirvana"],"picked":"FollowUp","floor":31},{"not_picked":["Scrawl","Vault"],"picked":"Omniscience","floor":33},{"not_picked":["EmptyBody+1","CutThroughFate"],"picked":"TalkToTheHand","floor":35},{"not_picked":["Conclude","SashWhip+1"],"picked":"Halt","floor":36},{"not_picked":["BowlingBash","ClearTheMind","PathToVictory+1"],"picked":"Singing Bowl","floor":37},{"not_picked":["Halt","BowlingBash"],"picked":"Adaptation","floor":38},{"not_picked":["CrushJoints","EmptyBody"],"picked":"Weave","floor":40},{"not_picked":["WindmillStrike","FlyingSleeves"],"picked":"Meditate+1","floor":41}],"player_experience":1286371,"relics_obtained":[{"floor":6.0,"key":"Boot"},{"floor":8.0,"key":"Vajra"},{"floor":9.0,"key":"Whetstone"},{"floor":10.0,"key":"Singing Bowl"},{"floor":13.0,"key":"Pocketwatch"},{"floor":23,"key":"Shuriken"},{"floor":26,"key":"Incense Burner"},{"floor":37,"key":"GoldenEye"},{"floor":40,"key":"CaptainsWheel"}],"event_choices":[{"damage_healed":0.0,"max_hp_gain":0.0,"max_hp_loss":0.0,"gold_gain":0.0,"cards_transformed":["Defend_P"],"event_name":"Living Wall","player_choice":"Change","floor":2.0,"gold_loss":0.0,"damage_taken":0.0,"cards_obtained":["FearNoEvil"]},{"damage_healed":0.0,"max_hp_gain":0.0,"max_hp_loss":0.0,"gold_gain":0.0,"event_name":"Scrap Ooze","player_choice":"Success","floor":7.0,"gold_loss":0.0,"damage_taken":11.0,"relics_obtained":["Oddly Smooth Stone"]},{"damage_healed":22.0,"max_hp_gain":0.0,"max_hp_loss":0.0,"gold_gain":0.0,"event_name":"Big Fish","player_choice":"Banana","floor":11.0,"gold_loss":0.0,"damage_taken":0.0},{"damage_healed":0,"gold_gain":0,"player_choice":"Bought 1 Potion","damage_taken":0,"max_hp_gain":0,"max_hp_loss":0,"event_name":"The Woman in Blue","floor":19,"gold_loss":0},{"damage_healed":0,"gold_gain":0,"player_choice":"Fight","damage_taken":0,"max_hp_gain":0,"max_hp_loss":0,"event_name":"MindBloom","floor":37,"gold_loss":0}],"is_beta":true,"boss_relics":[{"not_picked":["Snecko Eye","Ectoplasm"],"picked":"Coffee Dripper"},{"not_picked":["Runic Pyramid","SlaversCollar"],"picked":"Astrolabe"}],"items_purged_floors":[39],"is_endless":false,"potions_floor_spawned":[3,8,13,16,18,30,31,35,36,38],"killed_by":"Reptomancer","ascension_level":20}}