{"host":"na09lpbrez4gbfiz","time":1611752240,"event":{"mods":["Act Like it!","BaseMod","BetterRewards","Colored Map","Colored Powertips","DeckTracker","Googly Eyes","Highlight Path","Minty Spire (QoL Compilation)","Quick Restart","Spicy Shops","StSLib","SuperFastMode","Synergy Search"],"gold_per_floor":[110,130,130,148,148,181,181,224,300,300,316,337,376,396,396,526,526,542,542,556,570,570,570,593,593,593],"floor_reached":25,"language":"ENG","playtime":854,"items_purged":[],"score":326,"play_id":"b7f28fca-3ba4-4e02-a556-461a5e66dfa4","local_time":"20210127135720","is_ascension_mode":true,"campfire_choices":[{"floor":7,"key":"REST"},{"data":"True Grit","floor":10,"key":"SMITH"},{"floor":15,"key":"REST"},{"floor":23,"key":"REST"}],"circlet_count":0,"master_deck":["Strike_R","Strike_R","Strike_R","Defend_R","Defend_R","Defend_R","Defend_R","Bash","Uppercut","Immolate","True Grit+1","Metallicize","Impervious","CurseOfTheBell","Fire Breathing"],"relics":["Burning Blood","NeowsBlessing","Golden Idol","Paper Frog","Pear","Happy Flower","Eternal Feather","Calipers","Calling Bell","Potion Belt","Mercury Hourglass","Ice Cream"],"acts_visited":["Exordium","TheCity"],"potions_floor_usage":[8,13,13,16,16,24,25,25,25,25,25],"damage_taken":[{"damage":0,"enemies":"Cultist","floor":1,"turns":1},{"damage":0,"enemies":"Jaw Worm","floor":2,"turns":1},{"damage":0,"enemies":"Small Slimes","floor":4,"turns":1},{"damage":55,"enemies":"3 Sentries","floor":6,"turns":12},{"damage":10,"enemies":"Lagavulin","floor":8,"turns":5},{"damage":22,"enemies":"Exordium Wildlife","floor":11,"turns":4},{"damage":5,"enemies":"Looter","floor":12,"turns":3},{"damage":13,"enemies":"Gremlin Nob","floor":13,"turns":3},{"damage":14,"enemies":"Lots of Slimes","floor":14,"turns":3},{"damage":29,"enemies":"The Guardian","floor":16,"turns":15},{"damage":23,"enemies":"Shell Parasite","floor":18,"turns":11},{"damage":33,"enemies":"2 Thieves","floor":20,"turns":4},{"damage":15,"enemies":"Snecko","floor":21,"turns":5},{"damage":43,"enemies":"Snake Plant","floor":24,"turns":6},{"damage":44,"enemies":"Book of Stabbing","floor":25,"turns":6}],"seed_played":"1044252913110390537","potions_obtained":[{"floor":1,"key":"PowerPotion"},{"floor":6,"key":"Ancient Potion"},{"floor":8,"key":"Explosive Potion"},{"floor":11,"key":"AttackPotion"},{"floor":13,"key":"Strength Potion"},{"floor":14,"key":"SteroidPotion"},{"floor":16,"key":"Regen Potion"},{"floor":24,"key":"EntropicBrew"}],"is_trial":false,"path_per_floor":["M","M","?","M","T","E","R","E","T","R","M","M","E","M","R","B",null,"M","?","M","M","?","R","M","E"],"character_chosen":"IRONCLAD","items_purchased":[],"campfire_rested":3,"item_purchase_floors":[],"current_hp_per_floor":[78,80,60,66,66,27,54,50,50,56,40,41,34,26,59,36,77,60,60,33,24,24,60,37,0,0],"gold":593,"neow_bonus":"THREE_ENEMY_KILL","is_daily":false,"chose_seed":false,"campfire_upgraded":1,"win_rate":0.0,"timestamp":1611752240,"path_taken":["M","?","?","M","?","E","R","E","T","R","M","M","E","M","R","BOSS","M","?","?","M","?","R","M","E"],"items_purchased_type":[],"build_version":"2020-12-22","purchased_purges":0,"victory":false,"max_hp_per_floor":[80,80,80,80,80,90,90,90,90,90,90,90,90,90,90,90,90,90,90,90,90,90,90,90,90,90],"card_choices":[{"not_picked":["Body Slam","Bloodletting","Perfected Strike"],"picked":"SKIP","floor":1},{"not_picked":["Heavy Blade","Flame Barrier"],"picked":"Uppercut","floor":2},{"not_picked":["Uppercut","Armaments","Shockwave"],"picked":"SKIP","floor":4},{"not_picked":["Reckless Charge","Sword Boomerang"],"picked":"Immolate","floor":6},{"not_picked":["Blood for Blood","Power Through"],"picked":"True Grit","floor":8},{"not_picked":["Flex","Clash","Heavy Blade"],"picked":"SKIP","floor":11},{"not_picked":["Battle Trance","Perfected Strike","Flex"],"picked":"SKIP","floor":12},{"not_picked":["Sentinel","Headbutt"],"picked":"Metallicize","floor":13},{"not_picked":["Thunderclap","Second Wind","Flex"],"picked":"SKIP","floor":14},{"not_picked":["Barricade","Bludgeon"],"picked":"Impervious","floor":16},{"not_picked":["Anger","Hemokinesis","Thunderclap"],"picked":"SKIP","floor":18},{"not_picked":["Headbutt","Warcry+1","Armaments+1"],"picked":"SKIP","floor":20},{"not_picked":["Twin Strike+1","Feel No Pain","Combust+1"],"picked":"SKIP","floor":21},{"not_picked":["Spot Weakness+1","Warcry","Clash+1"],"picked":"SKIP","floor":24}],"player_experience":176701,"relics_obtained":[{"floor":5,"key":"Paper Frog"},{"floor":6,"key":"Pear"},{"floor":8,"key":"Happy Flower"},{"floor":9,"key":"Eternal Feather"},{"floor":13,"key":"Calipers"},{"floor":17,"key":"Potion Belt"},{"floor":17,"key":"Mercury Hourglass"},{"floor":17,"key":"Ice Cream"}],"event_choices":[{"damage_healed":0,"gold_gain":0,"player_choice":"Take Damage","damage_taken":20,"relics_obtained":["Golden Idol"],"max_hp_gain":0,"max_hp_loss":0,"event_name":"Golden Idol","floor":3,"gold_loss":0},{"damage_healed":0,"gold_gain":0,"cards_transformed":["Strike_R"],"player_choice":"Transformed","damage_taken":0,"max_hp_gain":0,"max_hp_loss":0,"event_name":"Transmorgrifier","floor":19,"gold_loss":0,"cards_obtained":["Fire Breathing"]},{"cards_removed":["Strike_R"],"damage_healed":0,"gold_gain":0,"player_choice":"Offered Basic","damage_taken":0,"max_hp_gain":0,"max_hp_loss":0,"event_name":"Bonfire Elementals","floor":22,"gold_loss":0}],"is_beta":false,"boss_relics":[{"not_picked":["Empty Cage","Pandora\u0027s Box"],"picked":"Calling Bell"}],"items_purged_floors":[],"is_endless":false,"potions_floor_spawned":[1,6,8,11,13,14,16,24],"killed_by":"Book of Stabbing","ascension_level":9}}