{"host":"rhn4lzew0xv07oqp","time":1611741134,"event":{"mods":["BaseMod","Colored Map","Minty Spire (QoL Compilation)","Relic Filter Mod","Spicy Shops","StSLib"],"gold_per_floor":[115,115,115,65,140,179,260,273,273,41,76,96,96,116,116,240,240,254,254,254,254,254],"floor_reached":21,"language":"ZHS","playtime":413,"items_purged":[],"score":242,"play_id":"eae0174d-8ec9-4a2d-a3d5-9ad3bfb31374","local_time":"20210127175214","is_ascension_mode":true,"campfire_choices":[{"floor":13,"key":"REST"},{"floor":15,"key":"REST"}],"circlet_count":0,"master_deck":["Strike_B","Strike_B","Defend_B","Defend_B","Defend_B","Defend_B","Zap","Dualcast","Consume","Loop","Tempest","Ball Lightning","Amplify","Streamline","FTL"],"relics":["Cracked Core","NeowsBlessing","Oddly Smooth Stone","Golden Idol","Meat on the Bone","Cables","Runic Capacitor","Omamori","Black Star","Prayer Wheel"],"acts_visited":["Exordium","TheCity"],"potions_floor_usage":[11,16],"damage_taken":[{"damage":0,"enemies":"Jaw Worm","floor":1,"turns":1},{"damage":0,"enemies":"Lagavulin","floor":6,"turns":1},{"damage":0,"enemies":"3 Sentries","floor":7,"turns":1},{"damage":10,"enemies":"Small Slimes","floor":8,"turns":2},{"damage":40,"enemies":"3 Sentries","floor":11,"turns":5},{"damage":0,"enemies":"2 Louse","floor":12,"turns":3},{"damage":16,"enemies":"Looter","floor":14,"turns":3},{"damage":36,"enemies":"Hexaghost","floor":16,"turns":8},{"damage":34,"enemies":"Shell Parasite","floor":18,"turns":5},{"damage":41,"enemies":"3 Byrds","floor":21,"turns":3}],"seed_played":"3867201715385883983","potions_obtained":[{"floor":6,"key":"Explosive Potion"},{"floor":8,"key":"EssenceOfSteel"},{"floor":16,"key":"DistilledChaos"}],"is_trial":false,"path_per_floor":["M","?","?","?","?","E","?","M","T","$","E","M","R","M","R","B",null,"M","?","?","M"],"character_chosen":"DEFECT","items_purchased":["Runic Capacitor","Loop"],"campfire_rested":2,"item_purchase_floors":[10,10],"current_hp_per_floor":[75,75,57,57,46,46,46,48,48,48,20,32,54,38,60,36,75,41,41,41,0,0],"gold":254,"neow_bonus":"THREE_ENEMY_KILL","is_daily":false,"chose_seed":false,"campfire_upgraded":0,"win_rate":0.0,"timestamp":1611741134,"path_taken":["M","?","?","?","?","E","?","M","T","?","E","?","R","M","R","BOSS","M","?","?","?"],"items_purchased_type":["Relic","Card"],"build_version":"2020-12-22","purchased_purges":0,"victory":false,"max_hp_per_floor":[75,75,75,75,75,75,75,75,75,75,75,75,75,75,75,75,75,75,75,75,75,75],"card_choices":[{"not_picked":["Cold Snap","Redo","Rebound"],"picked":"SKIP","floor":1},{"not_picked":["Gash","Compile Driver","Conserve Battery"],"picked":"SKIP","floor":6},{"not_picked":["Leap","Cold Snap"],"picked":"Consume","floor":7},{"not_picked":["Sweeping Beam","Compile Driver","Barrage"],"picked":"SKIP","floor":8},{"not_picked":["Sweeping Beam","Redo","Streamline"],"picked":"SKIP","floor":11},{"not_picked":["Cold Snap","Compile Driver"],"picked":"Tempest","floor":12},{"not_picked":["Compile Driver","Fusion"],"picked":"Ball Lightning","floor":14},{"not_picked":["Hyperbeam","Fission"],"picked":"Amplify","floor":16},{"not_picked":["Sunder","Stack+1","Rebound"],"picked":"SKIP","floor":18}],"player_experience":188209,"relics_obtained":[{"floor":6,"key":"Meat on the Bone"},{"floor":7,"key":"Cables"},{"floor":11,"key":"Omamori"}],"event_choices":[{"damage_healed":0,"gold_gain":0,"player_choice":"Box","damage_taken":0,"relics_obtained":["Oddly Smooth Stone"],"max_hp_gain":0,"max_hp_loss":0,"event_name":"Big Fish","floor":2,"gold_loss":0,"cards_obtained":["Regret"]},{"damage_healed":0,"gold_gain":0,"player_choice":"Take Damage","damage_taken":18,"relics_obtained":["Golden Idol"],"max_hp_gain":0,"max_hp_loss":0,"event_name":"Golden Idol","floor":3,"gold_loss":0},{"cards_removed":["Regret"],"damage_healed":0,"gold_gain":0,"player_choice":"Card Removal","damage_taken":0,"max_hp_gain":0,"max_hp_loss":0,"event_name":"The Cleric","floor":4,"gold_loss":50},{"damage_healed":0,"gold_gain":75,"player_choice":"Gather Gold","damage_taken":11,"max_hp_gain":0,"max_hp_loss":0,"event_name":"World of Goop","floor":5,"gold_loss":0},{"damage_healed":0,"gold_gain":0,"player_choice":"Searched \u00271\u0027 times","damage_taken":0,"max_hp_gain":0,"max_hp_loss":0,"event_name":"Dead Adventurer","floor":7,"gold_loss":0},{"damage_healed":0,"gold_gain":0,"cards_transformed":["Strike_B","Strike_B"],"player_choice":"Became Test Subject","damage_taken":0,"max_hp_gain":0,"max_hp_loss":0,"event_name":"Drug Dealer","floor":19,"gold_loss":0,"cards_obtained":["Streamline","FTL"]},{"damage_healed":0,"gold_gain":0,"player_choice":"Gave Potion","damage_taken":0,"relics_obtained":["Prayer Wheel"],"max_hp_gain":0,"max_hp_loss":0,"event_name":"WeMeetAgain","floor":20,"gold_loss":0}],"is_beta":false,"boss_relics":[{"not_picked":["Philosopher\u0027s Stone","Sozu"],"picked":"Black Star"}],"items_purged_floors":[],"is_endless":false,"potions_floor_spawned":[6,8,16],"killed_by":"3 Byrds","ascension_level":3}}