{"host":"r4aerl4ckfvw1dw3","time":1611766742,"event":{"mods":["BaseMod","BetterRewards","Minty Spire (QoL Compilation)","Quick Restart","StSLib"],"gold_per_floor":[111,41,41,41,57,57,87,100,100,119,119,145,156,168,168,273,273,285,143,153,153,75,101,101,132,158,158,181,181,206,206,206,206,206],"floor_reached":33,"language":"ENG","playtime":2450,"items_purged":[],"score":338,"play_id":"37773a3c-2b32-4b07-9ba9-d095a32de5dc","local_time":"20210127085902","is_ascension_mode":true,"campfire_choices":[{"data":"Footwork","floor":6.0,"key":"SMITH"},{"data":"Neutralize","floor":11.0,"key":"SMITH"},{"floor":15.0,"key":"RECALL"},{"floor":24.0,"key":"REST"},{"floor":27.0,"key":"REST"},{"floor":32.0,"key":"REST"}],"circlet_count":0,"master_deck":["Strike_G","Strike_G","Strike_G","Strike_G+1","Strike_G","Defend_G","Defend_G","Defend_G","Defend_G","Defend_G","Survivor","Neutralize+1","Bane","Footwork+1","All Out Attack+1","Bouncing Flask","Bane","Flying Knee","Bane","Corpse Explosion","Catalyst","Caltrops","Blade Dance","Cloak And Dagger","Backflip+1","Deflect","Deadly Poison","Dodge and Roll+1","Phantasmal Killer","Setup+1","PiercingWail"],"relics":["Ring of the Snake","NeowsBlessing","Potion Belt","Whetstone","Black Star","Matryoshka","Frozen Egg 2","Dead Branch","Boot","CeramicFish","Bronze Scales"],"acts_visited":["Exordium","TheCity"],"potions_floor_usage":[],"damage_taken":[{"damage":0.0,"enemies":"Jaw Worm","floor":1.0,"turns":1.0},{"damage":0.0,"enemies":"Small Slimes","floor":5.0,"turns":1.0},{"damage":0.0,"enemies":"Lagavulin","floor":7.0,"turns":1.0},{"damage":1.0,"enemies":"Cultist","floor":8.0,"turns":4.0},{"damage":2.0,"enemies":"Blue Slaver","floor":10.0,"turns":5.0},{"damage":11.0,"enemies":"Gremlin Nob","floor":12.0,"turns":4.0},{"damage":5.0,"enemies":"Red Slaver","floor":13.0,"turns":3.0},{"damage":3.0,"enemies":"Large Slime","floor":14.0,"turns":5.0},{"damage":18.0,"enemies":"Slime Boss","floor":16.0,"turns":10.0},{"damage":11.0,"enemies":"2 Thieves","floor":18.0,"turns":4.0},{"damage":2.0,"enemies":"Chosen","floor":20.0,"turns":4.0},{"damage":14.0,"enemies":"Slavers","floor":23.0,"turns":3.0},{"damage":27.0,"enemies":"Book of Stabbing","floor":25.0,"turns":5.0},{"damage":6.0,"enemies":"Snecko","floor":28.0,"turns":5.0},{"damage":27.0,"enemies":"Centurion and Healer","floor":30.0,"turns":6.0},{"damage":0.0,"enemies":"3 Cultists","floor":31.0,"turns":1.0},{"damage":52,"enemies":"Champ","floor":33,"turns":10}],"seed_played":"806650589959691041","potions_obtained":[{"floor":7.0,"key":"EssenceOfSteel"},{"floor":8.0,"key":"Fruit Juice"},{"floor":10.0,"key":"SkillPotion"},{"floor":14.0,"key":"Strength Potion"},{"floor":18.0,"key":"Block Potion"},{"floor":23.0,"key":"CunningPotion"},{"floor":30.0,"key":"SmokeBomb"}],"is_trial":false,"path_per_floor":["M","$","?","$","M","R","E","M","T","M","R","E","M","M","R","B",null,"M","$","M","?","$","E","R","E","T","R","M","?","M","M","R","B"],"character_chosen":"THE_SILENT","items_purchased":["Footwork","Caltrops","Blade Dance","Cloak And Dagger","Deflect","Deadly Poison"],"campfire_rested":3,"item_purchase_floors":[2,19,19,19,22,22],"current_hp_per_floor":[70,70,70,70,70,70,70,74,74,72,72,61,56,53,53,35,75,64,64,62,62,62,48,70,43,43,65,59,45,18,18,42,0,0],"gold":206,"neow_bonus":"THREE_ENEMY_KILL","is_daily":false,"chose_seed":false,"campfire_upgraded":2,"win_rate":0.0,"timestamp":1611766742,"path_taken":["M","$","?","$","M","R","E","M","T","M","R","E","M","M","R","BOSS","M","$","M","?","?","E","R","E","T","R","M","?","M","M","R","BOSS"],"items_purchased_type":["Card","Card","Card","Card","Card","Card"],"build_version":"2020-12-22","purchased_purges":0,"victory":false,"max_hp_per_floor":[70,70,70,70,70,70,70,75,75,75,75,75,75,75,75,75,75,75,75,75,75,75,75,75,75,75,75,75,80,80,80,80,80,80],"card_choices":[{"not_picked":["Concentrate","Underhanded Strike"],"picked":"Bane","floor":1.0},{"not_picked":["Backflip","Choke","Dagger Throw"],"picked":"SKIP","floor":5.0},{"not_picked":["Reflex","Skewer"],"picked":"All Out Attack","floor":7.0},{"not_picked":["Tactician","All Out Attack","Dodge and Roll"],"picked":"SKIP","floor":8.0},{"not_picked":["Tools of the Trade","Quick Slash"],"picked":"Bouncing Flask","floor":10.0},{"not_picked":["Quick Slash","Deadly Poison"],"picked":"Bane","floor":12.0},{"not_picked":["Underhanded Strike","Reflex"],"picked":"Flying Knee","floor":13.0},{"not_picked":["Underhanded Strike","Dagger Throw"],"picked":"Bane","floor":14.0},{"not_picked":["Burst","Wraith Form v2"],"picked":"Corpse Explosion","floor":16.0},{"not_picked":["Prepared","Bane+1"],"picked":"Catalyst","floor":18.0},{"not_picked":["Underhanded Strike+1","PiercingWail"],"picked":"Backflip+1","floor":20.0},{"not_picked":["Choke","Acrobatics"],"picked":"Dodge and Roll+1","floor":23.0},{"not_picked":["Masterful Stab","Backflip"],"picked":"Phantasmal Killer","floor":25.0},{"not_picked":["Dagger Throw","Sucker Punch+1"],"picked":"Setup+1","floor":28.0},{"not_picked":["Blade Dance","Backflip"],"picked":"PiercingWail","floor":30.0}],"player_experience":420252,"relics_obtained":[{"floor":7.0,"key":"Potion Belt"},{"floor":12.0,"key":"Whetstone"},{"floor":23.0,"key":"Matryoshka"},{"floor":23.0,"key":"Frozen Egg 2"},{"floor":25.0,"key":"Dead Branch"},{"floor":25.0,"key":"Boot"},{"floor":26.0,"key":"CeramicFish"},{"floor":26.0,"key":"Bronze Scales"}],"event_choices":[{"damage_healed":0.0,"max_hp_gain":0.0,"max_hp_loss":0.0,"gold_gain":0.0,"event_name":"The Cleric","player_choice":"Leave","floor":3.0,"gold_loss":0.0,"damage_taken":0.0},{"damage_healed":0.0,"max_hp_gain":0.0,"max_hp_loss":0.0,"gold_gain":0.0,"event_name":"Purifier","player_choice":"Ignored","floor":21.0,"gold_loss":0.0,"damage_taken":0.0},{"damage_healed":0.0,"max_hp_gain":0.0,"max_hp_loss":0.0,"gold_gain":0.0,"event_name":"Knowing Skull","player_choice":"POTION POTION ","floor":29.0,"potions_obtained":["Fruit Juice","Poison Potion"],"gold_loss":0.0,"damage_taken":19.0,"cards_obtained":[]}],"is_beta":false,"boss_relics":[{"not_picked":["Empty Cage","Cursed Key"],"picked":"Black Star"}],"items_purged_floors":[],"is_endless":false,"potions_floor_spawned":[7,8,10,14,18,23,30],"killed_by":"Champ","ascension_level":1}}