{"host":"c5slkkw8hp42e20v","time":1611723869,"event":{"mods":["AchievementEnabler","BaseMod","Better Note","BetterRewards","Clawfect","Colored Powertips","DeckTracker","Duelist Mod","Friendly Minions","GifTheSpireLib","Hermit","Highlight Path","Minty Spire (QoL Compilation)","Quick Restart","Rare Cards Sparkle","Replay The Spire","Spicy Shops","StSLib","The Administrix","The Animator","The Bug Knight","The Hierophant","The Necromancer","The Poker Player","The Runesmith","The Senshi","The Servant 0.9.4","????"],"gold_per_floor":[114,114,54,4,4,4,4],"floor_reached":6,"language":"ENG","playtime":484,"items_purged":[],"score":32,"play_id":"b6c3ed89-74f4-4651-963f-89fa8ae9ae41","local_time":"20210126230429","is_ascension_mode":false,"campfire_choices":[],"circlet_count":0,"master_deck":["Strike_P","Strike_P","Strike_P","Strike_P","Defend_P","Defend_P","Defend_P","Eruption","Vigilance","CutThroughFate","FlyingSleeves","Evaluate+1","Replay:Cycle","Adaptation","Adaptation"],"relics":["PureWater","Tiny Chest","ReplayTheSpireMod:Lightbulb","Damaru","Pondfish Scales","Melange","Bottled Tornado"],"acts_visited":["Exordium"],"potions_floor_usage":[],"damage_taken":[{"damage":1,"enemies":"Jaw Worm","floor":1,"turns":2},{"damage":91,"enemies":"Gremlin Nob","floor":6,"turns":4}],"seed_played":"-3105153576663347099","potions_obtained":[{"floor":1,"key":"SteroidPotion"}],"is_trial":false,"path_per_floor":["M","?","$","?","T","E"],"character_chosen":"WATCHER","items_purchased":["Tiny Chest","ReplayTheSpireMod:Lightbulb","CutThroughFate","FlyingSleeves","Damaru","Pondfish Scales","Melange","Evaluate+1","Adaptation"],"campfire_rested":0,"item_purchase_floors":[0,0,0,0,0,0,0,0,3],"current_hp_per_floor":[71,72,72,72,72,0,0],"gold":4,"neow_bonus":"","is_daily":false,"chose_seed":false,"campfire_upgraded":0,"win_rate":0.0,"timestamp":1611723869,"path_taken":["M","?","?","?","?","E"],"items_purchased_type":["Relic","Relic","Card","Card","Relic","Relic","Relic","Card","Card"],"build_version":"2020-12-22","purchased_purges":0,"victory":false,"max_hp_per_floor":[72,72,72,72,72,72,72],"card_choices":[{"not_picked":["Replay:Battleflow","Protect"],"picked":"Replay:Cycle","floor":1}],"player_experience":118809,"relics_obtained":[{"floor":5,"key":"Bottled Tornado"}],"event_choices":[{"damage_healed":1,"gold_gain":0,"player_choice":"Full Heal","damage_taken":0,"max_hp_gain":0,"max_hp_loss":0,"event_name":"Wheel of Change","floor":2,"gold_loss":0},{"cards_removed":["Defend_P"],"damage_healed":0,"gold_gain":0,"player_choice":"Card Removal","damage_taken":0,"max_hp_gain":0,"max_hp_loss":0,"event_name":"The Cleric","floor":4,"gold_loss":50}],"is_beta":false,"boss_relics":[],"items_purged_floors":[],"is_endless":false,"potions_floor_spawned":[1],"killed_by":"Gremlin Nob","ascension_level":0}}