{"host":"mkybizqfemywalen","time":1611777073,"event":{"mods":["2.2 Compatiblity","BaseMod","Bestiary","Colored Map","Colored Powertips","Curses Come First","Highlight Path","Keyboard Shortcuts","Minty Spire (QoL Compilation)","Relic Stats","Slay the Relics Exporter","StSLib","SuperFastMode"],"gold_per_floor":[117,117,117,42,52,52,1,1,1,1,21,21,35,53,53,53,53],"floor_reached":16,"language":"ENG","playtime":586,"items_purged":[],"score":90,"play_id":"51d1bae6-324f-48c8-9289-52578f0f7b33","local_time":"20210127145113","is_ascension_mode":false,"campfire_choices":[{"data":"Glacier","floor":8,"key":"SMITH"},{"floor":10,"key":"REST"},{"data":"Coolheaded","floor":12,"key":"SMITH"},{"data":"Chaos","floor":15,"key":"SMITH"}],"circlet_count":0,"master_deck":["Strike_B","Strike_B","Strike_B","Defend_B","Defend_B+1","Defend_B","Defend_B","Zap","Dualcast","CurseOfTheBell","Chaos+1","Coolheaded+1","Redo","Glacier+1","Regret","Sweeping Beam","Blizzard","Capacitor+1","Chaos+1","Fusion"],"relics":["Calling Bell","Dream Catcher","Ornamental Fan","Ice Cream","Eternal Feather","Frozen Egg 2"],"acts_visited":["Exordium"],"potions_floor_usage":[],"damage_taken":[{"damage":11,"enemies":"Jaw Worm","floor":1,"turns":4},{"damage":5,"enemies":"2 Louse","floor":5,"turns":3},{"damage":11,"enemies":"Small Slimes","floor":11,"turns":4},{"damage":19,"enemies":"Blue Slaver","floor":13,"turns":3},{"damage":19,"enemies":"Red Slaver","floor":14,"turns":6},{"damage":53,"enemies":"Hexaghost","floor":16,"turns":11}],"seed_played":"-5398266466265056950","potions_obtained":[{"floor":13,"key":"SpeedPotion"}],"is_trial":false,"path_per_floor":["M","?","?","$","M","?","$","R","T","R","M","R","M","M","R","B"],"character_chosen":"DEFECT","items_purchased":["Coolheaded","Redo","Sweeping Beam"],"campfire_rested":1,"item_purchase_floors":[4,4,7],"current_hp_per_floor":[64,57,42,42,37,37,37,46,46,75,64,73,54,35,47,0,0],"gold":53,"neow_bonus":"BOSS_RELIC","is_daily":false,"chose_seed":false,"campfire_upgraded":3,"win_rate":0.0,"timestamp":1611777073,"path_taken":["M","?","?","$","M","?","$","R","T","R","M","R","M","?","R","BOSS"],"items_purchased_type":["Card","Card","Card"],"build_version":"2020-12-22","purchased_purges":0,"victory":false,"max_hp_per_floor":[75,75,75,75,75,75,75,75,75,75,75,75,75,75,75,75,75],"relic_stats":{"Dream Catcher":1,"counters":[6,31],"Ornamental Fan":[4],"Eternal Feather":39,"obtain_stats":[{"Calling Bell":0,"Ice Cream":0,"Dream Catcher":0,"Ornamental Fan":0,"Eternal Feather":6,"Frozen Egg 2":9,"Cracked Core":0},{"Calling Bell":0,"Ice Cream":0,"Dream Catcher":0,"Ornamental Fan":0,"Eternal Feather":2,"Frozen Egg 2":2,"Cracked Core":0},{"Calling Bell":0,"Ice Cream":0,"Dream Catcher":0,"Ornamental Fan":0,"Eternal Feather":7,"Frozen Egg 2":7,"Cracked Core":0}]},"card_choices":[{"not_picked":["Melter","Leap"],"picked":"Chaos","floor":1},{"not_picked":["Steam Power","Melter"],"picked":"Glacier","floor":5},{"not_picked":["Redo","Gash"],"picked":"Blizzard","floor":10},{"not_picked":["Skim","Reprogram"],"picked":"Capacitor+1","floor":11},{"not_picked":["Hologram","Gash"],"picked":"Chaos","floor":13},{"not_picked":["Cold Snap","Go for the Eyes"],"picked":"Fusion","floor":14}],"player_experience":136931,"relics_obtained":[{"floor":0,"key":"Dream Catcher"},{"floor":0,"key":"Ornamental Fan"},{"floor":0,"key":"Ice Cream"},{"floor":9,"key":"Frozen Egg 2"}],"event_choices":[{"cards_removed":["Strike_B"],"damage_healed":0,"gold_gain":0,"player_choice":"Card Removal","damage_taken":7,"max_hp_gain":0,"max_hp_loss":0,"event_name":"Golden Wing","floor":2,"gold_loss":0},{"damage_healed":0,"gold_gain":0,"player_choice":"Entered Light","damage_taken":15,"max_hp_gain":0,"max_hp_loss":0,"event_name":"Shining Light","floor":3,"gold_loss":0,"cards_upgraded":["Defend_B","Chaos"]},{"damage_healed":0,"gold_gain":0,"player_choice":"Box","damage_taken":0,"relics_obtained":["Eternal Feather"],"max_hp_gain":0,"max_hp_loss":0,"event_name":"Big Fish","floor":6,"gold_loss":0,"cards_obtained":["Regret"]}],"is_beta":false,"boss_relics":[],"items_purged_floors":[],"is_endless":false,"potions_floor_spawned":[13],"killed_by":"Hexaghost","ascension_level":0}}