{"host":"3wgbc8rrx8r5g476","time":1611709397,"event":{"mods":["2.2 Compatiblity","Act Like it!","BaseMod","Better Note","Colored Powertips","Dota2Spire","Downfall","Friendly Minions","Hubris","Infinite Spire","Minty Spire (QoL Compilation)","Shade Mod","Shop Mod","StSLib","The Death Knight","The Druid","The Marked","TheFirefly","Trackpad","Uncapped","Wandering Minibosses"],"gold_per_floor":[110,129,129,129,129,129,154,154,178,178,178,198,211,223,223,324,324,292,292,305,305,305,305,305],"floor_reached":23,"language":"ENG","playtime":791,"items_purged":[],"score":246,"play_id":"8e4a4755-6a2b-4c77-8977-4deabd5e34c5","local_time":"20210127020317","is_ascension_mode":true,"campfire_choices":[{"data":"Zap","floor":6.0,"key":"SMITH"},{"data":"1","floor":8.0,"key":"LIFT"},{"data":"2","floor":11.0,"key":"LIFT"},{"data":"Consume","floor":15.0,"key":"SMITH"}],"circlet_count":0,"master_deck":["Strike_B","Strike_B","Strike_B","Strike_B","Defend_B","Defend_B","Defend_B","Defend_B","Zap+1","Dualcast","Self Repair","Ball Lightning","Gash","Electrodynamics","Beam Cell","Consume+1","Rainbow","RitualDagger","Leap"],"relics":["Cracked Core","NeowsBlessing","Girya","Strawberry","Potion Belt","Runic Pyramid","trackpad:IceCube"],"acts_visited":["Exordium","TheCity"],"potions_floor_usage":[23,23,23,23,23,23],"damage_taken":[{"damage":0.0,"enemies":"Jaw Worm","floor":1.0,"turns":1.0},{"damage":0.0,"enemies":"Small Slimes","floor":2.0,"turns":1.0},{"damage":0.0,"enemies":"Gremlin Nob","floor":7.0,"turns":1.0},{"damage":0.0,"enemies":"Cultist","floor":12.0,"turns":2.0},{"damage":16.0,"enemies":"Blue Slaver","floor":13.0,"turns":3.0},{"damage":11.0,"enemies":"Looter","floor":14.0,"turns":2.0},{"damage":67.0,"enemies":"Hexaghost","floor":16.0,"turns":8.0},{"damage":45,"enemies":"2 Thieves","floor":18,"turns":7},{"damage":36,"enemies":"Shell Parasite","floor":20,"turns":5},{"damage":31,"enemies":"Gremlin Leader","floor":23,"turns":4}],"seed_played":"6207202016574095213","potions_obtained":[{"floor":7.0,"key":"EssenceOfDarkness"},{"floor":12.0,"key":"Regen Potion"},{"floor":13.0,"key":"champ:CounterPotion"},{"floor":16.0,"key":"EntropicBrew"}],"is_trial":false,"path_per_floor":["M","M","?","?","$","R","E","R","T","T","R","M","M","M","R","B",null,"M","?","M","?","?","E"],"character_chosen":"DEFECT","items_purchased":[],"campfire_rested":0,"item_purchase_floors":[],"current_hp_per_floor":[75,75,80,77,77,77,79,79,86,86,86,87,78,76,76,30,87,49,43,14,14,14,0,0],"gold":305,"neow_bonus":"THREE_ENEMY_KILL","is_daily":false,"chose_seed":false,"campfire_upgraded":2,"win_rate":0.0,"timestamp":1611709397,"path_taken":["M","M","?","?","?","R","E","R","T","?","R","M","?","M","R","BOSS","M","?","M","?","?","E"],"items_purchased_type":[],"build_version":"2020-12-22","purchased_purges":0,"victory":false,"max_hp_per_floor":[75,75,80,80,80,80,80,80,87,87,87,87,87,87,87,87,87,87,87,87,87,87,87,87],"card_choices":[{"not_picked":["Sweeping Beam","Rebound"],"picked":"Self Repair","floor":1.0},{"not_picked":["Sweeping Beam","Beam Cell"],"picked":"Ball Lightning","floor":2.0},{"not_picked":["Tempest","Hologram"],"picked":"Gash","floor":7.0},{"not_picked":["Streamline","Gash"],"picked":"Electrodynamics","floor":12.0},{"not_picked":["Turbo","Compile Driver"],"picked":"Beam Cell","floor":13.0},{"not_picked":["Heatsinks","Recycle"],"picked":"Consume","floor":14.0},{"not_picked":["Amplify","Electrodynamics"],"picked":"Rainbow","floor":16.0},{"not_picked":["Barrage","Streamline","Conserve Battery"],"picked":"SKIP","floor":18},{"not_picked":["Ball Lightning+1","Rebound+1"],"picked":"Leap","floor":20}],"player_experience":507726,"relics_obtained":[{"floor":7.0,"key":"Girya"},{"floor":9.0,"key":"Strawberry"},{"floor":10.0,"key":"Potion Belt"}],"event_choices":[{"damage_healed":0.0,"max_hp_gain":5.0,"max_hp_loss":0.0,"gold_gain":0.0,"event_name":"Big Fish","player_choice":"Donut","floor":3.0,"gold_loss":0.0,"damage_taken":0.0},{"damage_healed":0.0,"max_hp_gain":0.0,"max_hp_loss":0.0,"gold_gain":0.0,"event_name":"Scrap Ooze","player_choice":"Success","floor":4.0,"gold_loss":0.0,"damage_taken":3.0,"relics_obtained":["Blood Vial"]},{"damage_healed":0,"gold_gain":0,"player_choice":"Joined the Cult","damage_taken":6,"max_hp_gain":0,"max_hp_loss":0,"event_name":"Nest","floor":19,"gold_loss":0,"cards_obtained":["RitualDagger"]},{"damage_healed":0,"gold_gain":0,"player_choice":"Opened","damage_taken":0,"relics_obtained":["trackpad:IceCube"],"max_hp_gain":0,"max_hp_loss":0,"event_name":"The Mausoleum","floor":22,"gold_loss":0}],"is_beta":false,"boss_relics":[{"not_picked":["trackpad:Coffee","hubris:CrackedHourglass"],"picked":"Runic Pyramid"}],"items_purged_floors":[],"is_endless":false,"potions_floor_spawned":[7,12,13,16],"killed_by":"Gremlin Leader","ascension_level":3}}