{"host":"1m3dfme8k5w8sg4k","time":1611715102,"event":{"mods":["AchievementEnabler","BaseMod","Colored Map","Colored Powertips","Minty Spire (QoL Compilation)","Random Character Button","Random Character Mod","Relic Stats","StSLib","everything is the same but u backflip on backflip"],"gold_per_floor":[114,129,144,159,109,139,139,169,181,223,235,83,83,98,98,198,198,213,213,228,153,513,513,528,558,558,588,588,603,633,648,648,748,748,763,778,378,393,408,408,438,453,453,483,498,528,528,558,558,558],"floor_reached":51,"language":"ENG","playtime":2129,"items_purged":["Strike_R","Strike_R"],"score":1047,"play_id":"6af0645e-ee1a-4c8e-bc3d-7b14051e7e5e","local_time":"20210126213822","daily_mods":["Heirloom","Blue Cards","Elite Swarm"],"is_ascension_mode":false,"campfire_choices":[{"data":"Bash","floor":7.0,"key":"SMITH"},{"data":"Whirlwind","floor":13.0,"key":"SMITH"},{"floor":15.0,"key":"REST"},{"data":"1","floor":23.0,"key":"LIFT"},{"data":"2","floor":28.0,"key":"LIFT"},{"data":"3","floor":32.0,"key":"LIFT"},{"data":"Flame Barrier","floor":40.0,"key":"SMITH"},{"data":"Juggernaut","floor":47,"key":"SMITH"},{"data":"Meteor Strike","floor":49,"key":"SMITH"}],"circlet_count":0,"master_deck":["Strike_R","Strike_R","Defend_R","Defend_R","Defend_R","Defend_R","Bash+1","Static Discharge","Genetic Algorithm","Undo","Feed+1","Reaper","Whirlwind+1","Pommel Strike","Reaper","Streamline+1","Spot Weakness","Limit Break","Corruption","Creative AI","Flame Barrier+1","White Noise","Limit Break","Dark Embrace+1","Feed","Exhume","Juggernaut+1","Meteor Strike+1"],"relics":["Burning Blood","Girya","Unceasing Top","MawBank","Centennial Puzzle","Snecko Eye","Dream Catcher","Nunchaku","Mummified Hand","Letter Opener","Cursed Key","DollysMirror","Potion Belt","Pantograph","Art of War","Thread and Needle","Torii"],"acts_visited":["Exordium","TheCity","TheBeyond"],"potions_floor_usage":[42,48,50,50,50],"damage_taken":[{"damage":5.0,"enemies":"2 Louse","floor":1.0,"turns":3.0},{"damage":5.0,"enemies":"Cultist","floor":2.0,"turns":4.0},{"damage":0.0,"enemies":"Small Slimes","floor":3.0,"turns":3.0},{"damage":13.0,"enemies":"Red Slaver","floor":4.0,"turns":5.0},{"damage":26.0,"enemies":"3 Sentries","floor":6.0,"turns":7.0},{"damage":27.0,"enemies":"Gremlin Nob","floor":8.0,"turns":4.0},{"damage":24.0,"enemies":"Lagavulin","floor":10.0,"turns":8.0},{"damage":16.0,"enemies":"Large Slime","floor":14.0,"turns":5.0},{"damage":28.0,"enemies":"Hexaghost","floor":16.0,"turns":8.0},{"damage":12.0,"enemies":"Shell Parasite","floor":18.0,"turns":7.0},{"damage":0.0,"enemies":"3 Byrds","floor":20.0,"turns":5.0},{"damage":14.0,"enemies":"Sentry and Sphere","floor":24.0,"turns":3.0},{"damage":6.0,"enemies":"Slavers","floor":25.0,"turns":3.0},{"damage":14.0,"enemies":"Gremlin Leader","floor":27.0,"turns":6.0},{"damage":1.0,"enemies":"Centurion and Healer","floor":29.0,"turns":3.0},{"damage":28.0,"enemies":"Book of Stabbing","floor":30.0,"turns":4.0},{"damage":8.0,"enemies":"Snecko","floor":31.0,"turns":5.0},{"damage":78.0,"enemies":"Champ","floor":33.0,"turns":10.0},{"damage":15.0,"enemies":"3 Shapes","floor":35.0,"turns":2.0},{"damage":0.0,"enemies":"Orb Walker","floor":36.0,"turns":2.0},{"damage":0.0,"enemies":"Sphere and 2 Shapes","floor":38.0,"turns":2.0},{"damage":10.0,"enemies":"3 Darklings","floor":39.0,"turns":2.0},{"damage":1.0,"enemies":"Giant Head","floor":41.0,"turns":5.0},{"damage":23,"enemies":"Jaw Worm Horde","floor":42,"turns":2},{"damage":0,"enemies":"Nemesis","floor":44,"turns":3},{"damage":0,"enemies":"Transient","floor":45,"turns":5},{"damage":0,"enemies":"Giant Head","floor":46,"turns":3},{"damage":22,"enemies":"Reptomancer","floor":48,"turns":3},{"damage":0,"enemies":"Donu and Deca","floor":50,"turns":5}],"seed_played":"-8653540479942029245","potions_obtained":[{"floor":1.0,"key":"SkillPotion"},{"floor":3.0,"key":"SneckoOil"},{"floor":10.0,"key":"Regen Potion"},{"floor":24.0,"key":"Fire Potion"},{"floor":29.0,"key":"AttackPotion"},{"floor":30.0,"key":"Regen Potion"},{"floor":36.0,"key":"LiquidMemories"},{"floor":38.0,"key":"Block Potion"},{"floor":42,"key":"BloodPotion"},{"floor":44,"key":"LiquidBronze"},{"floor":48,"key":"Fire Potion"}],"is_trial":false,"path_per_floor":["M","M","M","M","?","E","R","E","T","E","?","$","R","M","R","B",null,"M","?","M","?","?","R","M","E","T","E","R","M","E","M","R","B",null,"M","M","$","M","M","R","E","M","T","E","M","E","R","E","R","B",null],"character_chosen":"IRONCLAD","items_purchased":["Whirlwind","Strength Potion","DollysMirror","Potion Belt"],"campfire_rested":1,"item_purchase_floors":[12,12,37,37],"current_hp_per_floor":[80,80,80,73,73,53,53,35,35,21,21,21,21,17,41,28,83,81,81,91,91,55,55,51,70,70,62,62,67,45,65,65,26,99,99,103,103,107,107,107,115,105,105,126,126,126,126,129,129,136],"gold":558,"neow_bonus":"","is_daily":true,"chose_seed":false,"campfire_upgraded":5,"win_rate":0.0,"timestamp":1611715102,"path_taken":["M","M","M","M","?","E","R","E","T","E","?","$","R","?","R","BOSS","M","?","M","?","?","R","?","E","T","E","R","M","E","M","R","BOSS","M","M","$","M","M","R","E","M","T","E","M","E","R","E","R","BOSS"],"items_purchased_type":["Card","Potion","Relic","Relic"],"build_version":"2020-12-22","purchased_purges":2,"victory":true,"max_hp_per_floor":[80,80,80,80,80,80,80,83,83,83,83,83,83,83,83,83,83,87,87,91,91,91,91,95,99,99,99,99,99,99,99,99,99,99,99,103,103,107,111,111,115,122,122,126,126,126,126,129,129,136],"relic_stats":{"Torii":0,"counters":[29,127],"Letter Opener":[157],"MawBank":48,"Cursed Key":0,"Burning Blood":112,"Centennial Puzzle":[46],"Dream Catcher":0,"Nunchaku":[12],"Mummified Hand":[124],"Pantograph":0,"Snecko Eye":[147,146,135,176],"Art of War":[2],"obtain_stats":[{"Potion Belt":37,"Girya":0,"Torii":48,"Thread and Needle":46,"Letter Opener":30,"MawBank":8,"Cursed Key":34,"Burning Blood":0,"Centennial Puzzle":9,"Dream Catcher":25,"Nunchaku":26,"Mummified Hand":27,"DollysMirror":37,"Pantograph":41,"Snecko Eye":17,"Art of War":44,"Unceasing Top":6},{"Potion Belt":20,"Girya":0,"Torii":28,"Thread and Needle":27,"Letter Opener":16,"MawBank":6,"Cursed Key":18,"Burning Blood":0,"Centennial Puzzle":6,"Dream Catcher":13,"Nunchaku":13,"Mummified Hand":14,"DollysMirror":20,"Pantograph":23,"Snecko Eye":9,"Art of War":25,"Unceasing Top":5},{"Potion Belt":97,"Girya":0,"Torii":122,"Thread and Needle":119,"Letter Opener":78,"MawBank":26,"Cursed Key":93,"Burning Blood":0,"Centennial Puzzle":26,"Dream Catcher":65,"Nunchaku":65,"Mummified Hand":71,"DollysMirror":97,"Pantograph":106,"Snecko Eye":47,"Art of War":111,"Unceasing Top":22}],"Unceasing Top":[5]},"card_choices":[{"not_picked":["Metallicize","Chaos"],"picked":"Static Discharge","floor":1.0},{"not_picked":["Sword Boomerang","Steam"],"picked":"Anger","floor":2.0},{"not_picked":["Loop","Cleave"],"picked":"Genetic Algorithm","floor":3.0},{"not_picked":["Body Slam","Heavy Blade"],"picked":"Undo","floor":4.0},{"not_picked":["Multi-Cast","Echo Form"],"picked":"Feed","floor":6.0},{"not_picked":["Meteor Strike","Juggernaut"],"picked":"Reaper","floor":8.0},{"not_picked":["Rainbow","Double Tap","Corruption"],"picked":"SKIP","floor":10.0},{"not_picked":["Seeing Red","Turbo"],"picked":"Pommel Strike","floor":14.0},{"not_picked":["Meteor Strike","Multi-Cast"],"picked":"Reaper","floor":16.0},{"not_picked":["Double Energy","Compile Driver"],"picked":"Streamline+1","floor":18.0},{"not_picked":["Heavy Blade+1","Sever Soul"],"picked":"Spot Weakness","floor":20.0},{"not_picked":["Clash","Gash+1","Headbutt+1"],"picked":"SKIP","floor":24.0},{"not_picked":["Berserk","Thunder Strike"],"picked":"Limit Break","floor":25.0},{"not_picked":["Seek","Biased Cognition"],"picked":"Corruption","floor":27.0},{"not_picked":["Hologram","Ball Lightning","Heatsinks"],"picked":"SKIP","floor":29.0},{"not_picked":["Fission","Seek"],"picked":"Creative AI","floor":30.0},{"not_picked":["Reckless Charge","Dark Embrace"],"picked":"Flame Barrier","floor":31.0},{"not_picked":["Go for the Eyes+1","Static Discharge"],"picked":"White Noise","floor":35.0},{"not_picked":["Ghostly Armor+1","True Grit","Clash"],"picked":"SKIP","floor":36.0},{"not_picked":["Ball Lightning","Sword Boomerang+1"],"picked":"Dark Embrace+1","floor":38.0},{"not_picked":["Coolheaded","Thunderclap+1","Searing Blow"],"picked":"SKIP","floor":39.0},{"not_picked":["Reaper","Hyperbeam"],"picked":"Feed","floor":41.0},{"not_picked":["Heatsinks","Twin Strike","Thunderclap+1"],"picked":"SKIP","floor":42},{"not_picked":["Creative AI","Double Tap"],"picked":"Exhume","floor":44},{"not_picked":["Melter+1","Cold Snap","Turbo+1"],"picked":"SKIP","floor":45},{"not_picked":["Exhume","All For One"],"picked":"Juggernaut","floor":46},{"not_picked":["Double Tap","Berserk"],"picked":"Meteor Strike","floor":48}],"player_experience":1610534,"relics_obtained":[{"floor":6.0,"key":"Unceasing Top"},{"floor":8.0,"key":"MawBank"},{"floor":9.0,"key":"Centennial Puzzle"},{"floor":25.0,"key":"Dream Catcher"},{"floor":26.0,"key":"Nunchaku"},{"floor":27.0,"key":"Mummified Hand"},{"floor":30.0,"key":"Letter Opener"},{"floor":41.0,"key":"Pantograph"},{"floor":44,"key":"Art of War"},{"floor":46,"key":"Thread and Needle"},{"floor":48,"key":"Torii"}],"event_choices":[{"cards_removed":["Strike_R"],"damage_healed":0.0,"max_hp_gain":0.0,"max_hp_loss":0.0,"gold_gain":0.0,"event_name":"The Cleric","player_choice":"Card Removal","floor":5.0,"gold_loss":50.0,"damage_taken":0.0},{"damage_healed":0.0,"max_hp_gain":0.0,"max_hp_loss":0.0,"gold_gain":0.0,"event_name":"Upgrade Shrine","player_choice":"Upgraded","floor":11.0,"gold_loss":0.0,"damage_taken":0.0,"cards_upgraded":["Feed"]},{"damage_healed":0.0,"max_hp_gain":0.0,"max_hp_loss":0.0,"gold_gain":0.0,"event_name":"The Mausoleum","player_choice":"Ignored","floor":19.0,"gold_loss":0.0,"damage_taken":0.0},{"cards_removed":["Anger"],"damage_healed":0.0,"max_hp_gain":0.0,"max_hp_loss":0.0,"gold_gain":0.0,"event_name":"Beggar","player_choice":"Gave Gold","floor":21.0,"gold_loss":75.0,"damage_taken":0.0},{"damage_healed":0.0,"max_hp_gain":0.0,"max_hp_loss":0.0,"gold_gain":360.0,"event_name":"Knowing Skull","player_choice":"GOLD GOLD GOLD GOLD ","floor":22.0,"potions_obtained":[],"gold_loss":0.0,"damage_taken":36.0,"cards_obtained":[]}],"is_beta":false,"boss_relics":[{"not_picked":["Velvet Choker","Tiny House"],"picked":"Snecko Eye"},{"not_picked":["Philosopher\u0027s Stone","Calling Bell"],"picked":"Cursed Key"}],"items_purged_floors":[12,37],"is_endless":false,"potions_floor_spawned":[1,3,10,24,29,30,36,38,42,44,48],"ascension_level":0}}