{"host":"4u66lrbz4v7cei5p","time":1611772972,"event":{"mods":["BaseMod","Colored Map","Hermit","Minty Spire (QoL Compilation)","Permanent Neow","StSLib","The Marked"],"gold_per_floor":[14,25,100,119,129,160,160,175,175,175,175,190,190,190,190],"floor_reached":14,"language":"ENG","playtime":701,"items_purged":[],"score":92,"play_id":"c80fcd31-bb93-4a97-a501-f7b829e79be9","local_time":"20210127104252","is_ascension_mode":false,"campfire_choices":[{"data":"theMarked:ParalyzingBlade","floor":7,"key":"SMITH"},{"floor":11,"key":"REST"}],"circlet_count":0,"master_deck":["theMarked:Strike","theMarked:Strike","theMarked:Strike","theMarked:Defend","theMarked:Defend","theMarked:Defend","theMarked:SoldierOfQuellstein","theMarked:Aftermath","theMarked:ParalyzingBlade+1","theMarked:Maelstrom","theMarked:TakeOffHeels","theMarked:EmpowerWeapon","theMarked:ParalyzingBlade","theMarked:EmpowerWeapon","theMarked:Parry"],"relics":["theMarked:ArtifactOfAir","Dream Catcher","Juzu Bracelet","Golden Idol"],"acts_visited":["Exordium"],"potions_floor_usage":[8,8,14],"damage_taken":[{"damage":6,"enemies":"Cultist","floor":1,"turns":3},{"damage":6,"enemies":"Jaw Worm","floor":2,"turns":3},{"damage":1,"enemies":"2 Louse","floor":4,"turns":3},{"damage":0,"enemies":"Large Slime","floor":5,"turns":5},{"damage":25,"enemies":"Lagavulin","floor":6,"turns":8},{"damage":17,"enemies":"Exordium Thugs","floor":8,"turns":3},{"damage":7,"enemies":"Blue Slaver","floor":12,"turns":3},{"damage":32,"enemies":"Gremlin Nob","floor":14,"turns":4}],"seed_played":"6730543095107485227","potions_obtained":[{"floor":5,"key":"PowerPotion"},{"floor":6,"key":"Regen Potion"},{"floor":12,"key":"PowerPotion"}],"is_trial":false,"path_per_floor":["M","M","?","M","M","E","R","M","T","?","R","M","?","E"],"character_chosen":"THE_DEFAULT","items_purchased":[],"campfire_rested":1,"item_purchase_floors":[],"current_hp_per_floor":[64,58,47,46,46,21,21,13,13,13,32,25,25,0,0],"gold":190,"neow_bonus":"REMOVE_TWO","is_daily":false,"chose_seed":false,"campfire_upgraded":1,"win_rate":0.0,"timestamp":1611772972,"path_taken":["M","?","?","M","M","E","R","M","T","?","R","M","?","E"],"items_purchased_type":[],"build_version":"2020-12-22","purchased_purges":0,"victory":false,"max_hp_per_floor":[70,70,70,70,70,70,70,70,70,65,65,65,65,65,65],"card_choices":[{"not_picked":["theMarked:Parkour","theMarked:WardOff"],"picked":"theMarked:Aftermath","floor":1},{"not_picked":["theMarked:TwofoldDefense","theMarked:TakeCover"],"picked":"theMarked:ParalyzingBlade","floor":2},{"not_picked":["theMarked:ResourceFulStrike","theMarked:WastefulAttack"],"picked":"theMarked:Maelstrom","floor":4},{"not_picked":["theMarked:RepellingDischarge","theMarked:Frustration"],"picked":"theMarked:TakeOffHeels","floor":5},{"not_picked":["theMarked:MysticalArsenal","theMarked:SwordAndMagic"],"picked":"theMarked:EmpowerWeapon","floor":6},{"not_picked":["theMarked:WardOff","theMarked:AttractMetal"],"picked":"theMarked:ParalyzingBlade","floor":8},{"not_picked":["theMarked:WardOff","theMarked:BanishingStrike"],"picked":"theMarked:EmpowerWeapon","floor":11},{"not_picked":["theMarked:Seal","theMarked:Improvise","theMarked:FavorableWinds"],"picked":"SKIP","floor":12}],"player_experience":86960,"relics_obtained":[{"floor":6,"key":"Dream Catcher"},{"floor":9,"key":"Juzu Bracelet"}],"event_choices":[{"damage_healed":0,"gold_gain":75,"player_choice":"Gather Gold","damage_taken":11,"max_hp_gain":0,"max_hp_loss":0,"event_name":"World of Goop","floor":3,"gold_loss":0},{"damage_healed":0,"gold_gain":0,"player_choice":"Lose Max HP","damage_taken":0,"relics_obtained":["Golden Idol"],"max_hp_gain":0,"max_hp_loss":5,"event_name":"Golden Idol","floor":10,"gold_loss":0},{"damage_healed":0,"gold_gain":0,"cards_transformed":["theMarked:Strike"],"player_choice":"Change","damage_taken":0,"max_hp_gain":0,"max_hp_loss":0,"event_name":"Living Wall","floor":13,"gold_loss":0,"cards_obtained":["theMarked:Parry"]}],"is_beta":false,"boss_relics":[],"items_purged_floors":[],"is_endless":false,"potions_floor_spawned":[5,6,12],"killed_by":"Gremlin Nob","ascension_level":0}}