{"host":"rolltorest","time":1611708923,"event":{"mods":["BaseMod","Jorbs\u0027s Wanderer Trilogy","Koishi","Minty Spire (QoL Compilation)","Relic Stats","Robot Space Explorer","Slay the Relics Exporter","StSLib","The Servant 0.9.4"],"gold_per_floor":[112,123,123,198,198,225,244,279,304,332,347,367,367,392,392,469,469,489,501,520,535,192,206,231,231,254,254,304,331,24,59,59,136,136,146,165,165,55,67,99,117,142,142,159,169,194,224,224,224,224,224,224,224,13,48,48],"floor_reached":57,"language":"ENG","playtime":4182,"items_purged":["Koishi:BasicStrike","Koishi:BasicStrike"],"score":3614,"play_id":"fa4a2b51-124c-44f7-9d0f-11471fb2a90a","local_time":"20210126165523","is_ascension_mode":true,"campfire_choices":[{"data":"Koishi:Untouchable","floor":13,"key":"SMITH"},{"data":"Koishi:JumpScare","floor":15,"key":"SMITH"},{"data":"Koishi:ImGoingToCallYouNow","floor":25,"key":"SMITH"},{"data":"Sadistic Nature","floor":32,"key":"SMITH"},{"floor":49,"key":"RECALL"},{"data":"Koishi:Possession","floor":53,"key":"SMITH"}],"circlet_count":0,"master_deck":["AscendersBane","Koishi:BasicDefend","Koishi:BasicDefend+1","Koishi:BasicDefend","Koishi:BasicDefend","Koishi:Provoke","Koishi:HauntingSlash","Koishi:StingingMind+1","Koishi:SilentAndRestless","Koishi:BloodcurdlingScream","Koishi:Catatonia","Koishi:Untouchable+1","Koishi:SuperEgo","Koishi:Jaunt+1","Koishi:JumpScare+1","Koishi:Whimsy","Finesse+1","Koishi:ImGoingToCallYouNow+1","Sadistic Nature+1","Koishi:GrowingPain+1","Koishi:MassHysteria+1","Koishi:FleetingPhantom+1","Koishi:Untouchable","Koishi:Possession+1","Koishi:Possession+1","Flash of Steel","Secret Weapon","Jack Of All Trades+1","Koishi:DanmakuParanoia"],"relics":["Koishi:ImaginaryFriend","NeowsBlessing","Blue Candle","Thread and Needle","Unceasing Top","Bronze Scales","PreservedInsect","Anchor","Coffee Dripper","Toolbox","Centennial Puzzle","Ancient Tea Set","Mummified Hand","Philosopher\u0027s Stone","Whetstone","Dream Catcher","Koishi:LettersToReimu","Turnip","Meat on the Bone","War Paint","Blood Vial"],"acts_visited":["Exordium","TheCity","TheBeyond","TheEnding"],"potions_floor_usage":[10,16,21,29],"damage_taken":[{"damage":0,"enemies":"Small Slimes","floor":1,"turns":1},{"damage":0,"enemies":"Jaw Worm","floor":2,"turns":1},{"damage":0,"enemies":"Lagavulin","floor":6,"turns":1},{"damage":0,"enemies":"Cultist","floor":7,"turns":3},{"damage":25,"enemies":"Gremlin Nob","floor":8,"turns":4},{"damage":14,"enemies":"Lagavulin","floor":10,"turns":6},{"damage":0,"enemies":"Blue Slaver","floor":11,"turns":4},{"damage":0,"enemies":"Exordium Wildlife","floor":12,"turns":2},{"damage":0,"enemies":"Gremlin Nob","floor":14,"turns":3},{"damage":7,"enemies":"Hexaghost","floor":16,"turns":9},{"damage":0,"enemies":"3 Byrds","floor":18,"turns":4},{"damage":0,"enemies":"2 Thieves","floor":19,"turns":3},{"damage":0,"enemies":"Chosen and Byrds","floor":20,"turns":4},{"damage":6,"enemies":"Sentry and Sphere","floor":21,"turns":6},{"damage":0,"enemies":"Shelled Parasite and Fungi","floor":23,"turns":6},{"damage":1,"enemies":"Slavers","floor":24,"turns":6},{"damage":0,"enemies":"Gremlin Leader","floor":29,"turns":3},{"damage":0,"enemies":"Book of Stabbing","floor":31,"turns":2},{"damage":0,"enemies":"Champ","floor":33,"turns":8},{"damage":0,"enemies":"3 Shapes","floor":35,"turns":3},{"damage":0,"enemies":"3 Darklings","floor":36,"turns":2},{"damage":0,"enemies":"Writhing Mass","floor":39,"turns":3},{"damage":0,"enemies":"Giant Head","floor":40,"turns":5},{"damage":0,"enemies":"Transient","floor":41,"turns":6},{"damage":0,"enemies":"Nemesis","floor":42,"turns":3},{"damage":0,"enemies":"Jaw Worm Horde","floor":44,"turns":3},{"damage":0,"enemies":"Maw","floor":45,"turns":6},{"damage":0,"enemies":"Mind Bloom Boss Battle","floor":46,"turns":5},{"damage":0,"enemies":"Reptomancer","floor":47,"turns":5},{"damage":0,"enemies":"Awakened One","floor":50,"turns":6},{"damage":15,"enemies":"Time Eater","floor":51,"turns":8},{"damage":0,"enemies":"Shield and Spear","floor":55,"turns":4},{"damage":0,"enemies":"The Heart","floor":56,"turns":9}],"seed_played":"-4103149229615424547","potions_obtained":[{"floor":2,"key":"GamblersBrew"},{"floor":7,"key":"Fire Potion"},{"floor":16,"key":"BlessingOfTheForge"},{"floor":19,"key":"SneckoOil"},{"floor":24,"key":"BlessingOfTheForge"},{"floor":29,"key":"Block Potion"},{"floor":33,"key":"DuplicationPotion"},{"floor":41,"key":"GamblersBrew"}],"is_trial":false,"path_per_floor":["M","M","?","T","?","E","M","E","T","E","M","M","R","E","R","B",null,"M","M","M","M","$","M","E","R","T","?","?","E","$","E","R","B",null,"M","M","?","?","M","E","M","E","T","M","M","?","E","?","R","B","B",null,"R","$","E","B",null],"character_chosen":"KOISHI","items_purchased":["Finesse","Toolbox","Sadistic Nature","Koishi:DanmakuParanoia","War Paint"],"campfire_rested":0,"item_purchase_floors":[22,22,30,54,54],"current_hp_per_floor":[51,51,51,51,51,52,56,37,37,36,37,38,38,39,39,42,53,57,57,57,52,52,57,57,57,57,57,57,57,57,57,57,57,57,57,57,57,57,57,57,57,57,57,57,57,57,57,47,47,57,52,56,56,56,56,57],"gold":48,"neow_bonus":"THREE_ENEMY_KILL","is_daily":false,"chose_seed":false,"campfire_upgraded":5,"win_rate":0.0,"timestamp":1611708923,"path_taken":["M","M","?","?","?","E","M","E","T","E","M","M","R","E","R","BOSS","M","M","?","M","$","M","E","R","T","?","?","E","?","E","R","BOSS","M","M","?","?","?","E","M","E","T","M","M","?","E","?","R","BOSS","BOSS","R","$","E","BOSS"],"items_purchased_type":["Card","Relic","Card","Card","Relic"],"build_version":"2020-12-18","purchased_purges":2,"victory":true,"max_hp_per_floor":[57,57,57,57,57,57,57,57,57,57,57,57,57,57,57,57,57,57,57,57,57,57,57,57,57,57,57,57,57,57,57,57,57,57,57,57,57,57,57,57,57,57,57,57,57,57,57,57,57,57,57,57,57,57,57,57],"relic_stats":{"counters":[33,144],"Blue Candle":[3],"PreservedInsect":473,"Whetstone":["Koishi:GrowingPain","Koishi:Jaunt"],"War Paint":["Jack Of All Trades","Finesse"],"Blood Vial":1,"Centennial Puzzle":[3],"Dream Catcher":0,"Mummified Hand":[51],"Bronze Scales":[508],"Turnip":[3],"obtain_stats":[{"NeowsBlessing":0,"Blue Candle":4,"Thread and Needle":6,"PreservedInsect":10,"Whetstone":40,"War Paint":54,"Ancient Tea Set":29,"Blood Vial":55,"Anchor":14,"Centennial Puzzle":24,"Dream Catcher":42,"Mummified Hand":31,"Bronze Scales":9,"Toolbox":22,"Philosopher\u0027s Stone":34,"Turnip":46,"Coffee Dripper":17,"Unceasing Top":8,"Koishi:ImaginaryFriend":0,"Koishi:LettersToReimu":43,"Meat on the Bone":47},{"NeowsBlessing":0,"Blue Candle":2,"Thread and Needle":3,"PreservedInsect":6,"Whetstone":23,"War Paint":31,"Ancient Tea Set":17,"Blood Vial":32,"Anchor":9,"Centennial Puzzle":16,"Dream Catcher":25,"Mummified Hand":18,"Bronze Scales":5,"Toolbox":14,"Philosopher\u0027s Stone":19,"Turnip":28,"Coffee Dripper":10,"Unceasing Top":5,"Koishi:ImaginaryFriend":0,"Koishi:LettersToReimu":25,"Meat on the Bone":29},{"NeowsBlessing":0,"Blue Candle":2,"Thread and Needle":3,"PreservedInsect":16,"Whetstone":89,"War Paint":131,"Ancient Tea Set":66,"Blood Vial":135,"Anchor":25,"Centennial Puzzle":63,"Dream Catcher":98,"Mummified Hand":68,"Bronze Scales":10,"Toolbox":51,"Philosopher\u0027s Stone":76,"Turnip":112,"Coffee Dripper":34,"Unceasing Top":10,"Koishi:ImaginaryFriend":0,"Koishi:LettersToReimu":98,"Meat on the Bone":117}],"Unceasing Top":[27],"Meat on the Bone":0},"card_choices":[{"not_picked":["Koishi:BloodcurdlingScream","Koishi:UnansweredLove"],"picked":"Koishi:StingingMind","floor":1},{"not_picked":["Koishi:ApparitionsStalkTheNight","Koishi:EmbryosDream"],"picked":"Koishi:SilentAndRestless","floor":2},{"not_picked":["Koishi:FleetingPhantom","Koishi:Bloodlust"],"picked":"Koishi:BloodcurdlingScream","floor":6},{"not_picked":["Koishi:DreadfulBlow","Koishi:StingingMind"],"picked":"Koishi:Catatonia","floor":7},{"not_picked":["Koishi:Jaunt","Koishi:BloodcurdlingScream"],"picked":"Koishi:Untouchable","floor":8},{"not_picked":["Koishi:CatchAndRose","Koishi:ReleaseOfTheId"],"picked":"Koishi:SuperEgo","floor":10},{"not_picked":["Koishi:MindNumbingTerror","Koishi:RacingHeart","Koishi:DreadfulBlow"],"picked":"SKIP","floor":11},{"not_picked":["Koishi:UnansweredLove","Koishi:RacingHeart"],"picked":"Koishi:Jaunt","floor":12},{"not_picked":["Koishi:StingingMind","Koishi:HeartfeltFancy"],"picked":"Koishi:JumpScare","floor":14},{"not_picked":["Koishi:MentalBreakdown","Koishi:TerrifyingSpectre"],"picked":"Koishi:GrowingPain","floor":16},{"not_picked":["Koishi:Untouchable+1","Koishi:ReleaseOfTheId","Koishi:EmbersOfLove"],"picked":"SKIP","floor":18},{"not_picked":["Koishi:LastRemote","Koishi:CatchAndRose"],"picked":"Koishi:Whimsy","floor":19},{"not_picked":["Koishi:DreadfulBlow","Koishi:PhantomBarrier","Koishi:HeartfeltFancy"],"picked":"SKIP","floor":20},{"not_picked":["Koishi:MassHysteria+1","Koishi:SubterraneanRose","Koishi:SubconsciousSweep"],"picked":"SKIP","floor":21},{"not_picked":["Koishi:ReflexRadar","Koishi:SubconsciousSweep","Koishi:Catatonia"],"picked":"SKIP","floor":23},{"not_picked":["Koishi:SubterraneanRose","Koishi:UnseenTerror"],"picked":"Koishi:ImGoingToCallYouNow","floor":24},{"not_picked":["Koishi:DreadfulBlow","Koishi:SubconsciousSweep","Koishi:DNAsFlaw"],"picked":"SKIP","floor":29},{"not_picked":["Koishi:EmbryosDream","Koishi:UnconsciousUprising","Koishi:FleetingPhantom"],"picked":"SKIP","floor":31},{"not_picked":["Koishi:RuptureMind","Koishi:Ego"],"picked":"Koishi:GrowingPain","floor":33},{"not_picked":["Koishi:PhantomBarrier","Koishi:BloodcurdlingScream"],"picked":"Koishi:MassHysteria+1","floor":35},{"not_picked":["Koishi:PhantomStrike","Koishi:StrangeCloudFist"],"picked":"Koishi:FleetingPhantom+1","floor":36},{"not_picked":["Koishi:DreadfulBlow+1","Koishi:Bloodlust","Koishi:UnconsciousUprising"],"picked":"SKIP","floor":39},{"not_picked":["Koishi:SuperEgo","Koishi:SprinkleStarAndHeart"],"picked":"Koishi:Untouchable","floor":40},{"not_picked":["Koishi:BloodcurdlingScream+1","Koishi:FidgetySnatcher","Koishi:EmbryosDream"],"picked":"SKIP","floor":41},{"not_picked":["Koishi:HeartAttack","Koishi:StingingMind","Koishi:PredatoryInstincts"],"picked":"SKIP","floor":42},{"not_picked":["Koishi:SubconsciousSweep","Koishi:HeartfeltFancy"],"picked":"Koishi:Possession+1","floor":44},{"not_picked":["Koishi:StingingMind+1","Koishi:BloodcurdlingScream","Koishi:ParalyzingFear"],"picked":"SKIP","floor":45},{"not_picked":["Koishi:Ego","Koishi:ReflexRadar+1"],"picked":"Koishi:Possession","floor":47},{"not_picked":["PanicButton","Magnetism"],"picked":"Flash of Steel","floor":48},{"not_picked":["The Bomb","Forethought"],"picked":"Secret Weapon","floor":48},{"not_picked":["Dramatic Entrance","Enlightenment"],"picked":"Jack Of All Trades","floor":48},{"not_picked":["Koishi:SubterraneanRose","Koishi:RorschachInDanmaku","Koishi:ReflexRadar"],"picked":"SKIP","floor":55}],"player_experience":2232376,"relics_obtained":[{"floor":4,"key":"Blue Candle"},{"floor":6,"key":"Thread and Needle"},{"floor":8,"key":"Unceasing Top"},{"floor":9,"key":"Bronze Scales"},{"floor":10,"key":"PreservedInsect"},{"floor":14,"key":"Anchor"},{"floor":24,"key":"Centennial Puzzle"},{"floor":29,"key":"Ancient Tea Set"},{"floor":31,"key":"Mummified Hand"},{"floor":40,"key":"Whetstone"},{"floor":42,"key":"Dream Catcher"},{"floor":43,"key":"Koishi:LettersToReimu"},{"floor":46,"key":"Turnip"},{"floor":47,"key":"Meat on the Bone"},{"floor":55,"key":"Blood Vial"}],"event_choices":[{"damage_healed":0,"gold_gain":0,"player_choice":"Grow","damage_taken":0,"max_hp_gain":0,"max_hp_loss":0,"event_name":"Living Wall","floor":3,"gold_loss":0,"cards_upgraded":["Koishi:StingingMind"]},{"cards_removed":["Koishi:BasicStrike"],"damage_healed":0,"gold_gain":0,"player_choice":"Offered Basic","damage_taken":0,"max_hp_gain":0,"max_hp_loss":0,"event_name":"Bonfire Elementals","floor":5,"gold_loss":0},{"damage_healed":0,"gold_gain":0,"player_choice":"Ignored","damage_taken":0,"max_hp_gain":0,"max_hp_loss":0,"event_name":"Vampires","floor":27,"gold_loss":0},{"damage_healed":0,"gold_gain":50,"player_choice":"Stole From Cult","damage_taken":0,"max_hp_gain":0,"max_hp_loss":0,"event_name":"Nest","floor":28,"gold_loss":0},{"cards_removed":["Koishi:GrowingPain"],"damage_healed":0,"gold_gain":0,"player_choice":"Removed Attack","damage_taken":0,"max_hp_gain":0,"max_hp_loss":0,"event_name":"Falling","floor":37,"gold_loss":0},{"cards_removed":["Koishi:BasicStrike"],"damage_healed":0,"gold_gain":0,"player_choice":"Upgrade and Remove","damage_taken":0,"max_hp_gain":0,"max_hp_loss":0,"event_name":"Designer","floor":38,"gold_loss":110,"cards_upgraded":["Koishi:BasicDefend"]},{"damage_healed":0,"gold_gain":0,"player_choice":"Fight","damage_taken":0,"max_hp_gain":0,"max_hp_loss":0,"event_name":"MindBloom","floor":46,"gold_loss":0},{"damage_healed":0,"gold_gain":0,"player_choice":"Memory 3","damage_taken":10,"max_hp_gain":0,"max_hp_loss":0,"event_name":"SensoryStone","floor":48,"gold_loss":0}],"is_beta":true,"boss_relics":[{"not_picked":["Pandora\u0027s Box","Black Star"],"picked":"Coffee Dripper"},{"not_picked":["Velvet Choker","SacredBark"],"picked":"Philosopher\u0027s Stone"}],"items_purged_floors":[22,30],"is_endless":false,"potions_floor_spawned":[2,7,8,16,19,24,29,33,36,40,41,47,55],"ascension_level":20}}