{"host":"pgs5p9zc3jxkskve","time":1611717781,"event":{"mods":["BaseMod","Colored Map","Colored Powertips","Googly Eyes","Minty Spire (QoL Compilation)","StSLib"],"gold_per_floor":[114,129,54,69,19,49,49,79,91,133,145,7,37,52,52,152,202,217,232,247,247,247,277,277,277],"floor_reached":24,"language":"ENG","playtime":722,"items_purged":["Defend_R"],"score":244,"play_id":"2c0d0201-7b98-419f-b97a-5c7b08e55d21","local_time":"20210126222301","daily_mods":["Heirloom","Blue Cards","Elite Swarm"],"is_ascension_mode":false,"campfire_choices":[{"data":"1","floor":7,"key":"LIFT"},{"floor":15,"key":"REST"}],"circlet_count":0,"master_deck":["Strike_R","Strike_R","Strike_R","Strike_R","Strike_R","Defend_R","Defend_R","Bash","Static Discharge+1","Anger","Capacitor+1","Amplify","Double Tap","Static Discharge+1","Electrodynamics","Defragment","Gash+1"],"relics":["Burning Blood","Girya","Unceasing Top","MawBank","Centennial Puzzle","Bottled Flame","DollysMirror","Dream Catcher","Tiny House","Mummified Hand","Letter Opener"],"acts_visited":["Exordium","TheCity"],"potions_floor_usage":[6,8,17,19,19],"damage_taken":[{"damage":5,"enemies":"2 Louse","floor":1,"turns":3},{"damage":6,"enemies":"Cultist","floor":2,"turns":3},{"damage":0,"enemies":"Small Slimes","floor":4,"turns":3},{"damage":30,"enemies":"3 Sentries","floor":6,"turns":5},{"damage":16,"enemies":"Gremlin Nob","floor":8,"turns":3},{"damage":26,"enemies":"Lagavulin","floor":10,"turns":6},{"damage":16,"enemies":"Gremlin Nob","floor":13,"turns":3},{"damage":13,"enemies":"Red Slaver","floor":14,"turns":2},{"damage":15,"enemies":"Hexaghost","floor":16,"turns":2},{"damage":22,"enemies":"Shell Parasite","floor":18,"turns":5},{"damage":13,"enemies":"3 Byrds","floor":19,"turns":3},{"damage":10,"enemies":"Sentry and Sphere","floor":20,"turns":3},{"damage":55,"enemies":"Slavers","floor":23,"turns":3},{"damage":26,"enemies":"Centurion and Healer","floor":24,"turns":3}],"seed_played":"-8653540479942029245","potions_obtained":[{"floor":1,"key":"SkillPotion"},{"floor":6,"key":"Block Potion"},{"floor":8,"key":"Strength Potion"},{"floor":16,"key":"AttackPotion"},{"floor":17,"key":"Fruit Juice"},{"floor":18,"key":"Regen Potion"}],"is_trial":false,"path_per_floor":["M","M","$","M","?","E","R","E","T","E","?","$","E","M","R","B",null,"M","M","M","?","?","E","M"],"character_chosen":"IRONCLAD","items_purchased":["DollysMirror"],"campfire_rested":1,"item_purchase_floors":[12],"current_hp_per_floor":[80,80,80,80,80,56,56,46,46,26,26,26,16,9,33,24,90,74,79,75,75,75,26,0,0],"gold":277,"neow_bonus":"","is_daily":true,"chose_seed":false,"campfire_upgraded":0,"win_rate":0.0,"timestamp":1611717781,"path_taken":["M","M","$","M","?","E","R","E","T","E","?","$","E","M","R","BOSS","M","M","?","?","?","E","M"],"items_purchased_type":["Relic"],"build_version":"2020-12-22","purchased_purges":1,"victory":false,"max_hp_per_floor":[80,80,80,80,80,80,80,80,80,80,80,80,80,80,80,80,90,90,90,90,90,90,90,90,90],"card_choices":[{"not_picked":["Metallicize","Chaos"],"picked":"Static Discharge","floor":1},{"not_picked":["Sword Boomerang","Steam"],"picked":"Anger","floor":2},{"not_picked":["Flex","True Grit"],"picked":"Capacitor","floor":4},{"not_picked":["Bludgeon","Demon Form"],"picked":"Amplify","floor":6},{"not_picked":["Corruption","Buffer","Brutality"],"picked":"SKIP","floor":8},{"not_picked":["Rainbow","Core Surge"],"picked":"Double Tap","floor":10},{"not_picked":["Brutality","Limit Break"],"picked":"Electrodynamics","floor":13},{"not_picked":["Go for the Eyes","Evolve","Reckless Charge"],"picked":"SKIP","floor":14},{"not_picked":["Perfected Strike","Bloodletting"],"picked":"Defragment","floor":17},{"not_picked":["Double Energy","Streamline+1","Compile Driver"],"picked":"SKIP","floor":18},{"not_picked":["Heavy Blade+1","Spot Weakness","Sever Soul"],"picked":"SKIP","floor":19},{"not_picked":["Clash","Headbutt+1"],"picked":"Gash+1","floor":20},{"not_picked":["Berserk","Thunder Strike","Limit Break"],"picked":"SKIP","floor":23}],"player_experience":3200972,"relics_obtained":[{"floor":6,"key":"Unceasing Top"},{"floor":8,"key":"MawBank"},{"floor":9,"key":"Centennial Puzzle"},{"floor":10,"key":"Bottled Flame"},{"floor":13,"key":"Dream Catcher"},{"floor":23,"key":"Letter Opener"}],"event_choices":[{"cards_removed":["Defend_R"],"damage_healed":0,"gold_gain":0,"player_choice":"Card Removal","damage_taken":0,"max_hp_gain":0,"max_hp_loss":0,"event_name":"The Cleric","floor":5,"gold_loss":50},{"damage_healed":0,"gold_gain":0,"player_choice":"Upgraded","damage_taken":0,"max_hp_gain":0,"max_hp_loss":0,"event_name":"Upgrade Shrine","floor":11,"gold_loss":0,"cards_upgraded":["Static Discharge"]},{"damage_healed":0,"gold_gain":0,"player_choice":"Opened","damage_taken":0,"relics_obtained":["Mummified Hand"],"max_hp_gain":0,"max_hp_loss":0,"event_name":"The Mausoleum","floor":21,"gold_loss":0},{"damage_healed":0,"gold_gain":0,"player_choice":"Ignored","damage_taken":0,"max_hp_gain":0,"max_hp_loss":0,"event_name":"Beggar","floor":22,"gold_loss":0}],"is_beta":false,"boss_relics":[{"not_picked":["Velvet Choker","Snecko Eye"],"picked":"Tiny House"}],"items_purged_floors":[3],"is_endless":false,"potions_floor_spawned":[1,6,8,16,18],"killed_by":"Centurion and Healer","ascension_level":0}}