{"host":"hn9kwncajibu2nw8","time":1611715817,"event":{"mods":["AchievementEnabler","BaseMod","Block Reminder","Colored Powertips","DeckTracker","Highlight Path","KOR Keyword Fix","Minty Spire (QoL Compilation)","Quick Restart","Rare Cards Sparkle"],"gold_per_floor":[16,32,42,59,59,59,87,87,87,118,128,128,145,145,145,240,240,253,303,303,303],"floor_reached":20,"language":"KOR","playtime":1112,"items_purged":[],"score":340,"play_id":"a116af98-dcc0-4dc2-98fc-5948f8b92886","local_time":"20210127115017","is_ascension_mode":true,"campfire_choices":[{"floor":6,"key":"REST"},{"data":"Neutralize","floor":8,"key":"SMITH"},{"data":"Phantasmal Killer","floor":12,"key":"SMITH"},{"data":"Calculated Gamble","floor":15,"key":"SMITH"}],"circlet_count":0,"master_deck":["AscendersBane","Strike_G","Strike_G","Strike_G","Strike_G+1","Defend_G","Defend_G","Defend_G","Defend_G","Survivor","Neutralize+1","Blur","Phantasmal Killer+1","Leg Sweep","Dagger Spray+1","Wraith Form v2","PiercingWail","Calculated Gamble+1","Outmaneuver","Night Terror","Backflip"],"relics":["Ring of the Snake","HornCleat","The Specimen","TungstenRod","Golden Idol","Sozu"],"acts_visited":["Exordium","TheCity"],"potions_floor_usage":[4,7,13,16],"damage_taken":[{"damage":2.0,"enemies":"2 Louse","floor":1.0,"turns":4.0},{"damage":4,"enemies":"Jaw Worm","floor":2,"turns":5},{"damage":0,"enemies":"Cultist","floor":3,"turns":4},{"damage":0,"enemies":"Red Slaver","floor":4,"turns":7},{"damage":6,"enemies":"Lagavulin","floor":7,"turns":6},{"damage":5,"enemies":"Gremlin Nob","floor":10,"turns":6},{"damage":0,"enemies":"Blue Slaver","floor":11,"turns":5},{"damage":1,"enemies":"2 Fungi Beasts","floor":13,"turns":6},{"damage":51,"enemies":"Slime Boss","floor":16,"turns":18},{"damage":37,"enemies":"Spheric Guardian","floor":18,"turns":12},{"damage":0,"enemies":"Chosen","floor":20,"turns":3}],"seed_played":"6509959844180676658","potions_obtained":[{"floor":2,"key":"Fire Potion"},{"floor":3,"key":"CunningPotion"},{"floor":7,"key":"Explosive Potion"},{"floor":10,"key":"CunningPotion"},{"floor":11,"key":"Regen Potion"}],"is_trial":false,"path_per_floor":["M","M","M","M","?","R","E","R","T","E","M","R","M","?","R","B",null,"M","?","M"],"character_chosen":"THE_SILENT","items_purchased":[],"campfire_rested":1,"item_purchase_floors":[],"current_hp_per_floor":[57,53,53,53,33,52,46,46,46,41,41,41,55,55,55,4,46,9,9,9,9],"gold":303,"neow_bonus":"REMOVE_TWO","is_daily":false,"chose_seed":false,"campfire_upgraded":3,"win_rate":0.0,"timestamp":1611715817,"path_taken":["M","M","M","M","?","R","E","R","T","E","M","R","M","?","R","BOSS","M","?","M"],"items_purchased_type":[],"build_version":"2020-12-22","purchased_purges":0,"victory":false,"max_hp_per_floor":[66,66,66,66,66,66,66,66,66,66,66,66,66,60,60,60,60,60,60,60,60],"card_choices":[{"not_picked":["Deadly Poison","Infinite Blades"],"picked":"Blur","floor":1.0},{"not_picked":["Prepared","Acrobatics"],"picked":"Phantasmal Killer","floor":2},{"not_picked":["Distraction","Prepared"],"picked":"Leg Sweep","floor":3},{"not_picked":["Dagger Throw","Outmaneuver"],"picked":"Dagger Spray","floor":4},{"not_picked":["Setup","Riddle With Holes"],"picked":"Wraith Form v2","floor":7},{"not_picked":["Dagger Throw","Deadly Poison"],"picked":"PiercingWail","floor":10},{"not_picked":["Concentrate","Backstab"],"picked":"Calculated Gamble","floor":11},{"not_picked":["Blade Dance","Leg Sweep"],"picked":"Outmaneuver","floor":13},{"not_picked":["Corpse Explosion","Grand Finale"],"picked":"Night Terror","floor":16},{"not_picked":["Setup","PiercingWail"],"picked":"Backflip","floor":18}],"player_experience":482430,"relics_obtained":[{"floor":7,"key":"HornCleat"},{"floor":9,"key":"The Specimen"},{"floor":10,"key":"TungstenRod"}],"event_choices":[{"damage_healed":0,"gold_gain":0,"player_choice":"Entered Light","damage_taken":20,"max_hp_gain":0,"max_hp_loss":0,"event_name":"Shining Light","floor":5,"gold_loss":0,"cards_upgraded":["Dagger Spray","Strike_G"]},{"damage_healed":0,"gold_gain":0,"player_choice":"Lose Max HP","damage_taken":0,"relics_obtained":["Golden Idol"],"max_hp_gain":0,"max_hp_loss":6,"event_name":"Golden Idol","floor":14,"gold_loss":0},{"damage_healed":0,"gold_gain":50,"player_choice":"Stole From Cult","damage_taken":0,"max_hp_gain":0,"max_hp_loss":0,"event_name":"Nest","floor":19,"gold_loss":0}],"is_beta":false,"boss_relics":[{"not_picked":["Calling Bell","WristBlade"],"picked":"Sozu"}],"items_purged_floors":[],"is_endless":false,"potions_floor_spawned":[2,3,7,10,11],"killed_by":"Chosen","ascension_level":17}}