{"host":"7kgj47jdxgufb548","time":1611726602,"event":{"mods":["Act Like it!","BaseMod","CapriCore","Gensokyo","Minty Spire (QoL Compilation)","Remilia¡]Á¢¦Ì²ú?¡^","StSLib","The Immortal","Yakumo Yukari mod","Youmu¡]»î¾z§¯?¡^"],"gold_per_floor":[116,116,133,148,148,183,29,29,29],"floor_reached":8,"language":"ZHS","playtime":604,"items_purged":[],"score":65,"play_id":"64924819-e100-4388-9d00-133597b089ad","local_time":"20210127135002","is_ascension_mode":true,"campfire_choices":[],"circlet_count":0,"master_deck":["Strike_YM","Strike_YM","Strike_YM","Strike_YM","Defend_YM","Defend_YM","Defend_YM","Defend_YM","WheelOfPainOfLivingAndDead","PhosphoricSlash","SpiritCuttingSword","ConstancyOfTheConventionalTruth","Pain","HumanRealmSword","Gensokyo:RustyChest","Gensokyo:Shovel","Gensokyo:BlemishedSteel"],"relics":["HalfPhantom","Happy Flower","Gensokyo:LunaticRedEyes","Du-Vu Doll"],"acts_visited":["Gensokyo:Gensokyo"],"potions_floor_usage":[8,8],"damage_taken":[{"damage":0,"enemies":"Gensokyo:3_Fairies","floor":1,"turns":5},{"damage":0,"enemies":"Gensokyo:Python","floor":3,"turns":4},{"damage":11,"enemies":"Gensokyo:Gryphon","floor":4,"turns":4},{"damage":22,"enemies":"Gensokyo:Cirno","floor":6,"turns":9},{"damage":36,"enemies":"Gensokyo:Aya","floor":8,"turns":11}],"seed_played":"4391695070572120556","potions_obtained":[{"floor":4,"key":"DuplicationPotion"},{"floor":6,"key":"SneckoOil"}],"is_trial":false,"path_per_floor":["M","?","M","M","?","E","COS","E"],"character_chosen":"YOUMU","items_purchased":[],"campfire_rested":0,"item_purchase_floors":[],"current_hp_per_floor":[68,68,68,57,57,35,35,0,0],"gold":29,"neow_bonus":"TWENTY_PERCENT_HP_BONUS","is_daily":false,"chose_seed":false,"campfire_upgraded":0,"win_rate":0.0,"timestamp":1611726602,"path_taken":["M","?","M","?","?","E","COS","E"],"items_purchased_type":[],"build_version":"2020-12-22","purchased_purges":0,"victory":false,"max_hp_per_floor":[89,89,89,89,89,89,89,89,89],"card_choices":[{"not_picked":["SwordOfBindingDesires","FantasyOfEnteringEnlightenment"],"picked":"PhosphoricSlash","floor":1},{"not_picked":["HumanKnowledgeSword","PhosphoricSlash"],"picked":"SpiritCuttingSword","floor":3},{"not_picked":["KarmicPunishmentOfTheIdleAndUnfocused","DispleasureOfTheSevenHakus"],"picked":"ConstancyOfTheConventionalTruth","floor":4},{"not_picked":["DispleasureOfTheSevenHakus","HesitationCuttingSword"],"picked":"HumanRealmSword","floor":6}],"player_experience":193485,"relics_obtained":[{"floor":6,"key":"Du-Vu Doll"}],"event_choices":[],"is_beta":false,"boss_relics":[],"items_purged_floors":[],"is_endless":false,"potions_floor_spawned":[4,6],"killed_by":"Gensokyo:Aya","ascension_level":4}}