{"host":"mmro3auxcbu5pwad","time":1611753989,"event":{"mods":["Aspiration","BaseMod","Conspire","Energized Spire","Halation","Hubris","Infinite Spire","Minty Spire (QoL Compilation)","Permanent Neow","Replay The Spire","StSLib"],"gold_per_floor":[113,136,153,23,40,54,54,73,73,103,119,129,129,148,148,248,248,261,161,171,202,215,215,175,185,255,255,267,267,267,277,277,380,380,398,398,412,429,429,429,444,455,481,481,481,516,533,533,533,533],"floor_reached":51,"language":"ENG","playtime":4044,"items_purged":["Strike_G","Defend_G"],"score":737,"play_id":"49d5975c-d485-49c2-afa1-57b8cf1dff15","local_time":"20210127142629","is_ascension_mode":true,"campfire_choices":[{"data":"Tools of the Trade","floor":7,"key":"SMITH"},{"floor":15,"key":"REST"},{"data":"Backflip","floor":23,"key":"SMITH"},{"floor":32,"key":"REST"},{"data":"Neutralize","floor":40,"key":"SMITH"},{"data":"Leg Sweep","floor":44,"key":"SMITH"},{"floor":49,"key":"REST"}],"circlet_count":0,"master_deck":["Strike_G","Strike_G","Defend_G","Defend_G","Defend_G","Survivor+1","Neutralize+1","Tools of the Trade+1","Underhanded Strike","Quick Slash","hubris:Counter+1","Leg Sweep+1","Prepared","Flechettes","Reflex","Eviscerate","Backflip+1","Acrobatics","PiercingWail","hubris:SlightOfHand+1","Escape Plan","Terror+1","ReplayTheSpireMod:Scrap Shanks","Burst","Endless Agony+1","Infinite Blades+1","ReplayTheSpireMod:Speed Training+1","Reflex","Dagger Throw+1","Heel Hook+1","Madness","Madness","ReplayTheSpireMod:From All Sides"],"relics":["Ring of the Snake","PreservedInsect","Ornamental Fan","halation:BottledLove","infinitespire:BottledMercury","Mango","Replay:Bottled Steam","halation:EternalFortune","hubris:Icosahedron","Astrolabe","Replay:Rubber Ducky","Nunchaku"],"acts_visited":["Exordium","TheCity","TheBeyond"],"potions_floor_usage":[6,10,16,18,22,28,33,41,47,50,50],"damage_taken":[{"damage":4,"enemies":"Cultist","floor":1,"turns":5},{"damage":0,"enemies":"Small Slimes","floor":3,"turns":4},{"damage":0,"enemies":"infinitespire:Voidling","floor":5,"turns":4},{"damage":4,"enemies":"3 Louse","floor":6,"turns":3},{"damage":1,"enemies":"Exordium Wildlife","floor":8,"turns":3},{"damage":9,"enemies":"3 Sentries","floor":10,"turns":6},{"damage":5,"enemies":"Large Slime","floor":11,"turns":7},{"damage":1,"enemies":"2 Fungi Beasts","floor":12,"turns":3},{"damage":5,"enemies":"Lots of Slimes","floor":14,"turns":5},{"damage":22,"enemies":"Hexaghost","floor":16,"turns":9},{"damage":8,"enemies":"Spheric Guardian","floor":18,"turns":4},{"damage":8,"enemies":"conspire:FuzzyDice","floor":20,"turns":8},{"damage":10,"enemies":"Snake Plant","floor":22,"turns":5},{"damage":21,"enemies":"Sentry and Sphere","floor":25,"turns":8},{"damage":9,"enemies":"Centurion and Healer","floor":28,"turns":10},{"damage":2,"enemies":"Snake Plant","floor":31,"turns":4},{"damage":44,"enemies":"Champ","floor":33,"turns":11},{"damage":0,"enemies":"3 Shapes","floor":35,"turns":6},{"damage":1,"enemies":"Orb Walker","floor":37,"turns":3},{"damage":6,"enemies":"Transient","floor":38,"turns":5},{"damage":14,"enemies":"Jaw Worm Horde","floor":41,"turns":5},{"damage":10,"enemies":"Spire Growth","floor":42,"turns":5},{"damage":4,"enemies":"conspire:MimicChest","floor":46,"turns":5},{"damage":25,"enemies":"Sphere and 2 Shapes","floor":47,"turns":8},{"damage":25,"enemies":"hubris:GrandSnecko","floor":50,"turns":17}],"seed_played":"6150078845018315411","potions_obtained":[{"floor":1,"key":"SkillPotion"},{"floor":6,"key":"Fruit Juice"},{"floor":12,"key":"SkillPotion"},{"floor":14,"key":"FearPotion"},{"floor":16,"key":"Energy Potion"},{"floor":22,"key":"Weak Potion"},{"floor":28,"key":"PowerPotion"},{"floor":37,"key":"Weak Potion"},{"floor":41,"key":"Strength Potion"},{"floor":42,"key":"PowerPotion"},{"floor":47,"key":"Fire Potion"}],"is_trial":false,"path_per_floor":["M","T","M","$","M","M","R","M","T","E","M","M","?","M","R","B",null,"M","$","M","?","M","R","?","M","T","?","M","?","?","M","R","B",null,"M","?","M","M","?","R","M","M","T","R","?","?","M","?","R","B",null],"character_chosen":"THE_SILENT","items_purchased":["hubris:Counter+1"],"campfire_rested":3,"item_purchase_floors":[4],"current_hp_per_floor":[66,66,66,66,66,67,67,66,66,57,52,51,44,39,61,39,75,67,67,59,73,63,63,63,42,42,45,36,18,18,16,45,1,97,97,97,99,93,93,93,79,72,72,72,59,55,30,30,60,35],"gold":533,"neow_bonus":"ONE_RANDOM_RARE_CARD","is_daily":false,"chose_seed":false,"campfire_upgraded":4,"win_rate":0.0,"timestamp":1611753989,"path_taken":["M","?","M","?","?","M","R","M","T","E","M","?","?","M","R","BOSS","M","$","M","?","M","R","?","?","T","?","M","?","?","M","R","BOSS","M","?","M","?","?","R","M","M","T","R","?","?","M","?","R","BOSS"],"items_purchased_type":["Card"],"build_version":"2020-12-22","purchased_purges":2,"victory":true,"max_hp_per_floor":[70,70,70,70,70,75,75,75,75,75,75,75,75,75,75,75,75,75,75,75,89,89,89,89,89,89,92,92,97,97,97,97,97,97,97,97,100,100,100,100,100,103,103,103,103,103,103,103,103,103],"card_choices":[{"not_picked":["Outmaneuver","PiercingWail"],"picked":"Underhanded Strike","floor":1},{"not_picked":["Sucker Punch","Bane"],"picked":"Quick Slash","floor":3},{"not_picked":["All Out Attack","Backflip"],"picked":"Leg Sweep","floor":5},{"not_picked":["Noxious Fumes","Expertise","Finisher"],"picked":"SKIP","floor":6},{"not_picked":["Dash","Dodge and Roll"],"picked":"Prepared","floor":8},{"not_picked":["Crippling Poison","Dagger Spray"],"picked":"Flechettes","floor":10},{"not_picked":["Catalyst","Predator"],"picked":"Reflex","floor":11},{"not_picked":["Escape Plan","Predator"],"picked":"Eviscerate","floor":12},{"not_picked":["Toxin Wave","Crippling Poison"],"picked":"Backflip","floor":14},{"not_picked":["ReplayTheSpireMod:Exploit Weakness","hubris:Sniper","Cloak And Dagger"],"picked":"SKIP","floor":18},{"not_picked":["Replay:Poison Smokescreen","Blade Dance"],"picked":"Acrobatics","floor":20},{"not_picked":["Cloak And Dagger","Dagger Spray"],"picked":"PiercingWail","floor":21},{"not_picked":["Acrobatics+1","Backflip"],"picked":"hubris:SlightOfHand+1","floor":22},{"not_picked":["Malaise","Poisoned Stab+1"],"picked":"Escape Plan","floor":25},{"not_picked":["Poisoned Stab","Dagger Spray"],"picked":"Terror+1","floor":28},{"not_picked":["Flying Knee","ReplayTheSpireMod:Exploit Weakness"],"picked":"ReplayTheSpireMod:Scrap Shanks","floor":31},{"not_picked":["Poison Darts","infinitespire:Neurotoxin"],"picked":"Burst","floor":33},{"not_picked":["All Out Attack+1","hubris:SlightOfHand"],"picked":"ReplayTheSpireMod:Speed Training+1","floor":35},{"not_picked":["PiercingWail","Bane+1"],"picked":"Dagger Throw+1","floor":37},{"not_picked":["Infinite Blades","Bane","Dagger Throw"],"picked":"SKIP","floor":38},{"not_picked":["Infinite Blades","Bane","Dagger Throw"],"picked":"SKIP","floor":38},{"not_picked":["Flechettes","hubris:SlightOfHand","Deadly Poison"],"picked":"SKIP","floor":41},{"not_picked":["Catalyst","hubris:SlightOfHand"],"picked":"Heel Hook+1","floor":42},{"not_picked":["Backstab+1","Acrobatics","Endless Agony"],"picked":"SKIP","floor":47}],"player_experience":43313,"relics_obtained":[{"floor":2,"key":"PreservedInsect"},{"floor":9,"key":"Ornamental Fan"},{"floor":10,"key":"halation:BottledLove"},{"floor":21,"key":"Mango"},{"floor":26,"key":"Replay:Bottled Steam"},{"floor":37,"key":"halation:EternalFortune"},{"floor":42,"key":"halation:EternalFortune"},{"floor":43,"key":"Replay:Rubber Ducky"},{"floor":46,"key":"Nunchaku"}],"event_choices":[{"damage_healed":0,"gold_gain":0,"player_choice":"Success","damage_taken":7,"relics_obtained":["infinitespire:BottledMercury"],"max_hp_gain":0,"max_hp_loss":0,"event_name":"Scrap Ooze","floor":13,"gold_loss":0},{"damage_healed":0,"gold_gain":0,"player_choice":"Upgrade","damage_taken":0,"max_hp_gain":0,"max_hp_loss":0,"event_name":"Designer","floor":24,"gold_loss":40,"cards_upgraded":["Survivor"]},{"damage_healed":0,"gold_gain":0,"player_choice":"Shed Blood","damage_taken":23,"max_hp_gain":5,"max_hp_loss":0,"event_name":"Forgotten Altar","floor":29,"gold_loss":0},{"damage_healed":0,"gold_gain":0,"player_choice":"Copied","damage_taken":0,"max_hp_gain":0,"max_hp_loss":0,"event_name":"Duplicator","floor":36,"gold_loss":0,"cards_obtained":["Reflex"]},{"damage_healed":0,"gold_gain":0,"player_choice":"Memory 1","damage_taken":0,"max_hp_gain":0,"max_hp_loss":0,"event_name":"SensoryStone","floor":39,"gold_loss":0},{"damage_healed":0,"gold_gain":0,"player_choice":"Embrace Madness","damage_taken":13,"max_hp_gain":0,"max_hp_loss":0,"event_name":"Winding Halls","floor":45,"gold_loss":0,"cards_obtained":["Madness","Madness"]},{"damage_healed":0,"gold_gain":0,"cards_transformed":["Night Terror"],"player_choice":"Transformed","damage_taken":0,"max_hp_gain":0,"max_hp_loss":0,"event_name":"Transmorgrifier","floor":48,"gold_loss":0,"cards_obtained":["ReplayTheSpireMod:From All Sides"]}],"is_beta":false,"boss_relics":[{"not_picked":["conspire:RoyalGoblet","Abe\u0027s Treasure","ReplayTheSpireMod:DimensionalGlitch"]},{"not_picked":["Tiny House","Busted Crown"],"picked":"Astrolabe"}],"items_purged_floors":[4,19],"is_endless":false,"potions_floor_spawned":[1,6,12,14,16,22,28,37,41,42,47],"ascension_level":1}}