{"host":"2q82lssse0ckn8xu","time":1611787863,"event":{"mods":["AchievementEnabler","BaseMod","Colored Map","Colored Powertips","Minty Spire (QoL Compilation)","Permanent Neow","Quick Restart","StSLib","The Saiyan","Unceasing Turn Reminder"],"gold_per_floor":[109,284,296,71,83,83,98,98,98,98,111,127,127,127,127,250,250,274,274,293,4,4,4,25,25,50,50,93,93,93],"floor_reached":29,"language":"ENG","playtime":1261,"items_purged":["Doubt"],"score":421,"play_id":"1a313393-4d4a-4509-9453-3bb97926c32f","local_time":"20210128042103","is_ascension_mode":true,"campfire_choices":[{"floor":6.0,"key":"REST"},{"data":"BattleHymn","floor":8.0,"key":"SMITH"},{"data":"Perseverance","floor":10.0,"key":"SMITH"},{"floor":13.0,"key":"REST"},{"floor":15.0,"key":"REST"},{"data":"DevaForm","floor":23,"key":"SMITH"},{"floor":25,"key":"REST"},{"floor":27,"key":"REST"}],"circlet_count":0,"master_deck":["Strike_P","Strike_P","Strike_P","Strike_P","Defend_P","Defend_P","Defend_P","Defend_P","Eruption","Vigilance","Perseverance+1","BattleHymn+1","Meditate","Crescendo","Adaptation","Devotion","Injury","Vault","PathToVictory","DevaForm+1","ThirdEye+1","ClearTheMind"],"relics":["PureWater","Vajra","Matryoshka","Golden Idol","Cursed Key","Omamori","Tiny Chest","Pen Nib","Bronze Scales","Oddly Smooth Stone"],"acts_visited":["Exordium","TheCity"],"potions_floor_usage":[],"damage_taken":[{"damage":16.0,"enemies":"Small Slimes","floor":1.0,"turns":6.0},{"damage":0.0,"enemies":"Jaw Worm","floor":3.0,"turns":3.0},{"damage":6.0,"enemies":"2 Louse","floor":5.0,"turns":4.0},{"damage":12.0,"enemies":"Exordium Thugs","floor":7.0,"turns":4.0},{"damage":6.0,"enemies":"Exordium Wildlife","floor":11.0,"turns":3.0},{"damage":15.0,"enemies":"Gremlin Gang","floor":12.0,"turns":4.0},{"damage":0,"enemies":"Slime Boss","floor":16,"turns":5},{"damage":36,"enemies":"2 Thieves","floor":18,"turns":4},{"damage":22,"enemies":"3 Byrds","floor":20,"turns":6},{"damage":28,"enemies":"Snake Plant","floor":24,"turns":3},{"damage":46,"enemies":"Slavers","floor":28,"turns":6},{"damage":17,"enemies":"Centurion and Healer","floor":29,"turns":1}],"seed_played":"1682802721879673227","potions_obtained":[{"floor":5.0,"key":"FearPotion"},{"floor":7.0,"key":"LiquidMemories"},{"floor":11.0,"key":"Fruit Juice"},{"floor":20,"key":"Dexterity Potion"}],"is_trial":false,"path_per_floor":["M","?","M","$","M","R","M","R","T","R","M","M","R","?","R","B",null,"M","?","M","$","?","R","M","R","T","R","E","M"],"character_chosen":"WATCHER","items_purchased":["Vajra","Omamori","Tiny Chest"],"campfire_rested":5,"item_purchase_floors":[4,21,21],"current_hp_per_floor":[45,45,45,45,39,64,52,52,52,52,51,36,63,63,90,90,91,55,55,33,33,33,33,5,32,32,59,13,0,0],"gold":93,"neow_bonus":"TWENTY_PERCENT_HP_BONUS","is_daily":false,"chose_seed":false,"campfire_upgraded":3,"win_rate":0.0,"timestamp":1611787863,"path_taken":["M","?","M","$","M","R","M","R","T","R","M","M","R","?","R","BOSS","M","?","M","?","?","R","M","R","T","R","E","M"],"items_purchased_type":["Relic","Relic","Relic"],"build_version":"2020-12-22","purchased_purges":1,"victory":false,"max_hp_per_floor":[86,86,86,86,86,86,86,86,86,86,91,91,91,91,91,91,91,91,91,91,91,91,91,91,91,91,91,91,91,91],"card_choices":[{"not_picked":["Crescendo","TalkToTheHand"],"picked":"Perseverance","floor":1.0},{"not_picked":["Evaluate","Worship"],"picked":"BattleHymn","floor":3.0},{"not_picked":["JustLucky","BowlingBash"],"picked":"Meditate","floor":5.0},{"not_picked":["FollowUp","MentalFortress"],"picked":"Crescendo","floor":7.0},{"not_picked":["BowlingBash","Study"],"picked":"Adaptation","floor":11.0},{"not_picked":["JustLucky","FlyingSleeves"],"picked":"Devotion","floor":12.0},{"not_picked":["Omniscience","Blasphemy"],"picked":"Vault","floor":16},{"not_picked":["MentalFortress","CutThroughFate","WaveOfTheHand"],"picked":"SKIP","floor":18},{"not_picked":["FlurryOfBlows","FearNoEvil"],"picked":"PathToVictory","floor":20},{"not_picked":["EmptyBody","FlyingSleeves"],"picked":"ThirdEye+1","floor":24},{"not_picked":["Tantrum+1","CrushJoints"],"picked":"ClearTheMind","floor":28}],"player_experience":638231,"relics_obtained":[{"floor":9.0,"key":"Matryoshka"},{"floor":26,"key":"Pen Nib"},{"floor":26,"key":"Bronze Scales"},{"floor":28,"key":"Oddly Smooth Stone"}],"event_choices":[{"damage_healed":0.0,"max_hp_gain":0.0,"max_hp_loss":0.0,"gold_gain":175.0,"event_name":"Liars Game","player_choice":"AGREE","floor":2.0,"gold_loss":0.0,"damage_taken":0.0,"cards_obtained":["Doubt"]},{"damage_healed":0.0,"max_hp_gain":0.0,"max_hp_loss":0.0,"gold_gain":0.0,"event_name":"Golden Idol","player_choice":"Take Wound","floor":14.0,"gold_loss":0.0,"damage_taken":0.0,"relics_obtained":["Golden Idol"],"cards_obtained":["Injury"]},{"damage_healed":0,"gold_gain":0,"player_choice":"Ignored","damage_taken":0,"max_hp_gain":0,"max_hp_loss":0,"event_name":"Ghosts","floor":19,"gold_loss":0},{"damage_healed":0,"gold_gain":0,"player_choice":"1 cards matched","damage_taken":0,"max_hp_gain":0,"max_hp_loss":0,"event_name":"Match and Keep!","floor":22,"gold_loss":0,"cards_obtained":["DevaForm"]}],"is_beta":false,"boss_relics":[{"not_picked":["Coffee Dripper","Velvet Choker"],"picked":"Cursed Key"}],"items_purged_floors":[4],"is_endless":false,"potions_floor_spawned":[5,7,11,20],"killed_by":"Centurion and Healer","ascension_level":8}}