{"host":"bxn2em57qlx5u4i0","time":1611712297,"event":{"mods":["BaseMod","Colored Map","Colored Powertips","Highlight Path","Minty Spire (QoL Compilation)","Random Character Button","Relic Sorter","Relic Stats","StSLib","SuperFastMode"],"gold_per_floor":[115,40,40,40,58,58,2,27,95,95,129,153,153,176,176,269,269,293,293,83,99,112,153,153,153,153],"floor_reached":25,"language":"ENG","playtime":686,"items_purged":["Writhe"],"score":442,"play_id":"dd3f1763-28ab-4cbb-b78e-e350eeeca9a0","local_time":"20210126205137","is_ascension_mode":true,"campfire_choices":[{"data":"Footwork","floor":6.0,"key":"SMITH"},{"data":"Dagger Spray","floor":10.0,"key":"SMITH"},{"data":"Footwork","floor":13.0,"key":"SMITH"},{"data":"Noxious Fumes","floor":15.0,"key":"SMITH"},{"floor":24,"key":"REST"}],"circlet_count":0,"master_deck":["AscendersBane","Strike_G+1","Strike_G+1","Strike_G","Strike_G","Strike_G","Defend_G","Defend_G","Defend_G","Defend_G","Defend_G","Survivor","Neutralize","Unload","Poisoned Stab","Footwork+1","Dagger Spray+1","Footwork+1","PiercingWail","Noxious Fumes+1","Tools of the Trade","Backflip","Reflex","Tactician","Dodge and Roll","Dodge and Roll+1"],"relics":["Ring of the Snake","Mummified Hand","Golden Idol","Molten Egg 2","Whetstone","Fusion Hammer","ClockworkSouvenir","Sundial"],"acts_visited":["Exordium","TheCity"],"potions_floor_usage":[18,25],"damage_taken":[{"damage":0.0,"enemies":"Small Slimes","floor":1.0,"turns":4.0},{"damage":0.0,"enemies":"2 Louse","floor":5.0,"turns":3.0},{"damage":2.0,"enemies":"Jaw Worm","floor":8.0,"turns":4.0},{"damage":20.0,"enemies":"3 Sentries","floor":11.0,"turns":10.0},{"damage":1.0,"enemies":"Looter","floor":12.0,"turns":3.0},{"damage":4.0,"enemies":"Gremlin Gang","floor":14.0,"turns":3.0},{"damage":16.0,"enemies":"Slime Boss","floor":16.0,"turns":8.0},{"damage":10,"enemies":"Shell Parasite","floor":18,"turns":6},{"damage":0,"enemies":"Spheric Guardian","floor":21,"turns":6},{"damage":0,"enemies":"Snecko","floor":22,"turns":7},{"damage":31,"enemies":"Gremlin Leader","floor":23,"turns":8},{"damage":57,"enemies":"Slavers","floor":25,"turns":3}],"seed_played":"-365197298054247330","potions_obtained":[{"floor":1.0,"key":"FairyPotion"},{"floor":16.0,"key":"GhostInAJar"},{"floor":18,"key":"Ancient Potion"}],"is_trial":false,"path_per_floor":["M","$","?","?","M","R","$","M","T","R","E","M","R","M","R","B",null,"M","?","$","M","M","E","R","E"],"character_chosen":"THE_SILENT","items_purchased":["Strength Potion","Tactician","ClockworkSouvenir"],"campfire_rested":1,"item_purchase_floors":[7,20,20],"current_hp_per_floor":[59,59,48,48,48,48,48,46,46,46,26,25,25,21,21,5,46,36,36,36,36,36,5,23,0,0],"gold":153,"neow_bonus":"THREE_RARE_CARDS","is_daily":false,"chose_seed":false,"campfire_upgraded":4,"win_rate":0.0,"timestamp":1611712297,"path_taken":["M","$","?","?","M","R","$","M","T","R","E","M","R","M","R","BOSS","M","?","$","M","M","E","R","E"],"items_purchased_type":["Potion","Card","Relic"],"build_version":"2020-12-22","purchased_purges":1,"victory":false,"max_hp_per_floor":[66,66,66,60,60,60,60,60,60,60,60,60,60,60,60,60,60,60,60,60,60,60,60,60,60,60],"relic_stats":{"counters":[12,65],"Mummified Hand":[26],"Golden Idol":64,"Sundial":[0],"Whetstone":["Strike_G","Strike_G"],"obtain_stats":[{"Mummified Hand":3,"Golden Idol":4,"Sundial":23,"Molten Egg 2":9,"Fusion Hammer":17,"Whetstone":11,"Ring of the Snake":0,"ClockworkSouvenir":20},{"Mummified Hand":1,"Golden Idol":1,"Sundial":11,"Molten Egg 2":3,"Fusion Hammer":7,"Whetstone":4,"Ring of the Snake":0,"ClockworkSouvenir":8},{"Mummified Hand":4,"Golden Idol":4,"Sundial":62,"Molten Egg 2":11,"Fusion Hammer":35,"Whetstone":21,"Ring of the Snake":0,"ClockworkSouvenir":41}],"Ring of the Snake":[24]},"card_choices":[{"not_picked":["Doppelganger","Phantasmal Killer"],"picked":"Unload","floor":0.0},{"not_picked":["Blade Dance","Slice"],"picked":"Poisoned Stab","floor":1.0},{"not_picked":["Accuracy","Dagger Spray"],"picked":"Footwork","floor":5.0},{"not_picked":["Flechettes","Bane"],"picked":"Dagger Spray","floor":8.0},{"not_picked":["Underhanded Strike+1","Distraction"],"picked":"Footwork","floor":11.0},{"not_picked":["Prepared","Bane+1"],"picked":"PiercingWail","floor":12.0},{"not_picked":["Expertise","Well Laid Plans"],"picked":"Noxious Fumes","floor":14.0},{"not_picked":["Envenom","Glass Knife+1"],"picked":"Tools of the Trade","floor":16.0},{"not_picked":["Endless Agony+1","Sucker Punch+1"],"picked":"Backflip","floor":18},{"not_picked":["Masterful Stab+1","Deflect"],"picked":"Dodge and Roll","floor":21},{"not_picked":["Cloak And Dagger","Sucker Punch+1","Infinite Blades"],"picked":"SKIP","floor":22},{"not_picked":["Backflip","Catalyst"],"picked":"Dodge and Roll+1","floor":23}],"player_experience":2939979,"relics_obtained":[{"floor":9.0,"key":"Molten Egg 2"},{"floor":11.0,"key":"Whetstone"},{"floor":23,"key":"Sundial"}],"event_choices":[{"damage_healed":0.0,"max_hp_gain":0.0,"max_hp_loss":0.0,"gold_gain":0.0,"event_name":"Scrap Ooze","player_choice":"Success","floor":3.0,"gold_loss":0.0,"damage_taken":11.0,"relics_obtained":["Mummified Hand"]},{"damage_healed":0.0,"max_hp_gain":0.0,"max_hp_loss":6.0,"gold_gain":0.0,"event_name":"Golden Idol","player_choice":"Lose Max HP","floor":4.0,"gold_loss":0.0,"damage_taken":0.0,"relics_obtained":["Golden Idol"]},{"damage_healed":0,"gold_gain":0,"player_choice":"Read","damage_taken":0,"max_hp_gain":0,"max_hp_loss":0,"event_name":"The Library","floor":19,"gold_loss":0,"cards_obtained":["Reflex"]}],"is_beta":false,"boss_relics":[{"not_picked":["Tiny House","Busted Crown"],"picked":"Fusion Hammer"}],"items_purged_floors":[2],"is_endless":false,"potions_floor_spawned":[1,8,14,16,18],"killed_by":"Slavers","ascension_level":20}}