{"host":"qekv59dthhdg54sz","time":1611719619,"event":{"mods":["AchievementEnabler","BaseMod","Colored Map","DeckTracker","KOR Keyword Fix","Minty Spire (QoL Compilation)","Rare Cards Sparkle","StSLib","SuperFastMode"],"gold_per_floor":[111,129,129,129,109,109,153,173,248,266,30,48,48,67,67,166,166,187,203,34,34,34],"floor_reached":21,"language":"KOR","playtime":504,"items_purged":["Defend_R","Strike_R"],"score":361,"play_id":"c8b49874-fa24-4cf0-bf8f-c106825bf3e5","local_time":"20210127125339","is_ascension_mode":true,"campfire_choices":[{"data":"Shrug It Off","floor":6.0,"key":"SMITH"},{"data":"Dark Embrace","floor":15.0,"key":"SMITH"}],"circlet_count":0,"master_deck":["AscendersBane","Strike_R","Strike_R","Strike_R","Strike_R","Defend_R","Defend_R","Defend_R","Bash","Power Through","Shrug It Off+1","Shrug It Off","Flash of Steel","Dark Embrace+1","Pommel Strike","Cleave","Immolate","Battle Trance","True Grit","Evolve"],"relics":["Burning Blood","NeowsBlessing","Golden Idol","Happy Flower","Champion Belt","StrikeDummy","Runic Cube"],"acts_visited":["Exordium","TheCity"],"potions_floor_usage":[],"damage_taken":[{"damage":0.0,"enemies":"Cultist","floor":1.0,"turns":1.0},{"damage":0.0,"enemies":"2 Louse","floor":2.0,"turns":1.0},{"damage":0.0,"enemies":"Gremlin Nob","floor":7.0,"turns":1.0},{"damage":0.0,"enemies":"Small Slimes","floor":8.0,"turns":4.0},{"damage":0.0,"enemies":"Looter","floor":10.0,"turns":3.0},{"damage":4.0,"enemies":"Gremlin Gang","floor":12.0,"turns":7.0},{"damage":21.0,"enemies":"Large Slime","floor":14.0,"turns":8.0},{"damage":15.0,"enemies":"Slime Boss","floor":16.0,"turns":7.0},{"damage":0,"enemies":"Chosen","floor":18,"turns":4},{"damage":54,"enemies":"Shell Parasite","floor":19,"turns":11},{"damage":15,"enemies":"Centurion and Healer","floor":21,"turns":4}],"seed_played":"-5472594745022802672","potions_obtained":[{"floor":1.0,"key":"SpeedPotion"},{"floor":5.0,"key":"SpeedPotion"},{"floor":8.0,"key":"Fire Potion"}],"is_trial":false,"path_per_floor":["M","M","?","?","?","R","E","M","T","M","$","M","$","M","R","B",null,"M","M","$","M"],"character_chosen":"IRONCLAD","items_purchased":["Flash of Steel","Dark Embrace","Evolve"],"campfire_rested":0,"item_purchase_floors":[11,11,20],"current_hp_per_floor":[74,75,49,44,44,44,50,56,56,62,62,64,64,49,49,40,66,72,24,24,9,9],"gold":34,"neow_bonus":"THREE_ENEMY_KILL","is_daily":false,"chose_seed":false,"campfire_upgraded":2,"win_rate":0.0,"timestamp":1611719619,"path_taken":["M","?","?","?","?","R","E","M","T","M","$","M","$","M","R","BOSS","M","?","$","M"],"items_purchased_type":["Card","Card","Card"],"build_version":"2020-12-22","purchased_purges":2,"victory":false,"max_hp_per_floor":[75,75,75,75,75,75,75,75,75,75,75,75,75,75,75,75,75,75,75,75,75,75],"card_choices":[{"not_picked":["Disarm","Flex"],"picked":"Power Through","floor":1.0},{"not_picked":["True Grit","Combust"],"picked":"Shrug It Off","floor":2.0},{"not_picked":["Disarm","Infernal Blade","Intimidate"],"picked":"SKIP","floor":7.0},{"not_picked":["True Grit","Disarm"],"picked":"Shrug It Off","floor":8.0},{"not_picked":["Reckless Charge","Clothesline","Metallicize"],"picked":"SKIP","floor":10.0},{"not_picked":["Heavy Blade","Headbutt"],"picked":"Pommel Strike","floor":12.0},{"not_picked":["Perfected Strike","Hemokinesis"],"picked":"Cleave","floor":14.0},{"not_picked":["Offering","Bludgeon"],"picked":"Immolate","floor":16.0},{"not_picked":["Shockwave","Twin Strike"],"picked":"Battle Trance","floor":18},{"not_picked":["Thunderclap+1","Reckless Charge"],"picked":"True Grit","floor":19}],"player_experience":858600,"relics_obtained":[{"floor":7.0,"key":"Champion Belt"},{"floor":9.0,"key":"StrikeDummy"}],"event_choices":[{"damage_healed":0.0,"max_hp_gain":0.0,"max_hp_loss":0.0,"gold_gain":0.0,"event_name":"Golden Idol","player_choice":"Take Damage","floor":3.0,"gold_loss":0.0,"damage_taken":26.0,"relics_obtained":["Golden Idol"]},{"damage_healed":0.0,"max_hp_gain":0.0,"max_hp_loss":0.0,"gold_gain":0.0,"event_name":"Scrap Ooze","player_choice":"Success","floor":4.0,"gold_loss":0.0,"damage_taken":5.0,"relics_obtained":["Happy Flower"]},{"damage_healed":0.0,"max_hp_gain":0.0,"max_hp_loss":0.0,"gold_gain":0.0,"event_name":"The Woman in Blue","player_choice":"Bought 1 Potion","floor":5.0,"gold_loss":0.0,"damage_taken":0.0}],"is_beta":false,"boss_relics":[{"not_picked":["Tiny House","Calling Bell"],"picked":"Runic Cube"}],"items_purged_floors":[11,20],"is_endless":false,"potions_floor_spawned":[1,8,12,14],"killed_by":"Centurion and Healer","ascension_level":15}}