{"host":"zi8hgkvmbjur1a9v","time":1611788507,"event":{"mods":["AchievementEnabler","AlwaysNeverKeys","Aspiration","BaseMod","BetterRewards","Colored Map","Colored Powertips","Conspire","Downfall","Energized Spire","Friendly Minions","Hubris","Infinite Spire","Minty Spire (QoL Compilation)","Permanent Neow","Quick Restart","Relic Filter","Replay The Spire","Shop Mod","StSLib"],"gold_per_floor":[99,110,560,560,572,412,412,438,338,350,382,232,132,145,160,255,255,255,267,267,267,252,252,277,277,277,291,324,338,338,364,381,381,381,381],"floor_reached":33,"language":"ENG","playtime":2189,"items_purged":["Injury"],"score":407,"play_id":"fb02afdc-753c-4b00-b18f-80817f9fb0c9","local_time":"20210127180147","is_ascension_mode":true,"campfire_choices":[{"data":"Guardian:TwinSlam","floor":1,"key":"SMITH"},{"floor":9,"key":"REST"},{"data":"Guardian:FierceBash","floor":13,"key":"SMITH"},{"data":"Guardian:SentryBeam","floor":18,"key":"SMITH"},{"data":"Guardian:BaubleBeam","floor":26,"key":"SMITH"},{"floor":30,"key":"REST"}],"circlet_count":0,"master_deck":["Guardian:Defend_Guardian","Guardian:CurlUp+1","Guardian:TwinSlam+1","downfall:Icky","downfall:Icky","downfall:Icky","Guardian:PiercingHide","Guardian:BronzeOrb","Guardian:SentryBeam+1","Guardian:FierceBash+1","Guardian:Orbwalk+1","Guardian:AncientConstruct+1","Guardian:Clone","Bite","Bite","Bite","Bite","Bite","Guardian:BaubleBeam+1","Crippling Poison","Poison Darts","Reflex","Guardian:StasisEngine+1","Guardian:Suspension+1","hubris:DuctTapeCard+2","Guardian:Gem_Orange","Guardian:EvasiveProtocol+1"],"relics":["Guardian:ModeShifter","War Paint","Frozen Egg 2","Ornamental Fan","MealTicket","downfall:HeartBlessingRed","Regal Pillow","downfall:HeartBlessingGreen","hubris:RunicObelisk","Replay:Accelerometer","Happy Flower","conspire:DecoderRing","hubris:DuctTape"],"acts_visited":["Exordium","TheCity"],"potions_floor_usage":[16,28,33,33,33],"damage_taken":[{"damage":0,"enemies":"2 Louse","floor":2,"turns":3},{"damage":14,"enemies":"Small Slimes","floor":5,"turns":6},{"damage":0,"enemies":"downfall:FleeingMerchant","floor":6,"turns":4},{"damage":43,"enemies":"Lagavulin","floor":8,"turns":9},{"damage":3,"enemies":"conspire:RoseBush","floor":10,"turns":2},{"damage":0,"enemies":"3 Sentries","floor":11,"turns":9},{"damage":6,"enemies":"Gremlin Gang","floor":14,"turns":4},{"damage":0,"enemies":"Blue Slaver","floor":15,"turns":3},{"damage":38,"enemies":"DF_ARCHETYPE_STREAMLINE","floor":16,"turns":13},{"damage":25,"enemies":"Shell Parasite","floor":19,"turns":5},{"damage":6,"enemies":"downfall:FleeingMerchant","floor":22,"turns":4},{"damage":18,"enemies":"Snecko","floor":27,"turns":4},{"damage":36,"enemies":"Slavers","floor":28,"turns":5},{"damage":20,"enemies":"Snake Plant","floor":29,"turns":5},{"damage":22,"enemies":"Replay:Snechameleon","floor":31,"turns":5},{"damage":13,"enemies":"Sentry and Sphere","floor":32,"turns":4},{"damage":41,"enemies":"SI_MIRROR_ARCHETYPE","floor":33,"turns":8}],"seed_played":"5040848111381660732","potions_obtained":[{"floor":5,"key":"Weak Potion"},{"floor":8,"key":"Energy Potion"},{"floor":11,"key":"Fire Potion"},{"floor":16,"key":"LiquidMemories"},{"floor":28,"key":"sneckomod:MuddlingPotion"}],"is_trial":false,"path_per_floor":["R","M","?","?","M","$","T","E","R","M","E","?","R","M","M","B",null,"R","M","?","?","$","T","T","?","R","M","E","M","R","E","M","B"],"character_chosen":"GUARDIAN","items_purchased":["Guardian:Orbwalk+1"],"campfire_rested":2,"item_purchase_floors":[6],"current_hp_per_floor":[80,80,80,80,66,66,66,23,47,44,44,90,90,84,84,46,90,90,65,47,47,62,62,62,62,62,50,24,10,44,28,17,0,0,0],"gold":381,"neow_bonus":"RANDOM_COMMON_RELIC","is_daily":false,"chose_seed":false,"campfire_upgraded":4,"win_rate":0.0,"timestamp":1611788507,"path_taken":["R","M","?","?","M","$","T","E","R","M","E","?","R","?","M","BOSS","R","M","?","?","$","?","T","?","R","?","E","M","R","E","M","BOSS"],"items_purchased_type":["Card"],"build_version":"2020-12-22","purchased_purges":1,"victory":false,"max_hp_per_floor":[80,80,80,80,80,80,80,80,80,80,80,90,90,90,90,90,90,90,90,95,66,66,66,66,66,66,66,66,66,66,66,66,66,66,66],"card_choices":[{"not_picked":["Guardian:WalkerClaw","Guardian:PiercingHide"],"picked":"Guardian:ShieldCharger","floor":2},{"not_picked":["Guardian:Gem_Cyan","Guardian:Emergency"],"picked":"Guardian:PiercingHide","floor":5},{"not_picked":["Guardian:RollAttack","Guardian:Gem_Red"],"picked":"Guardian:BronzeOrb","floor":6},{"not_picked":["Guardian:Recover","Guardian:VentSteam"],"picked":"Guardian:Gem_White","floor":8},{"not_picked":["Guardian:BodySlam","Guardian:WalkerClaw"],"picked":"Guardian:SentryBeam","floor":10},{"not_picked":["Guardian:Planning","Guardian:WalkerClaw"],"picked":"Guardian:FierceBash","floor":11},{"not_picked":["Guardian:VentSteam","Guardian:Emergency"],"picked":"Guardian:Orbwalk+1","floor":14},{"not_picked":["Guardian:Incinerate","Guardian:ShieldCharger"],"picked":"Guardian:Gem_Crimson","floor":15},{"not_picked":["Guardian:StasisField","Guardian:Gem_Orange"],"picked":"Guardian:AncientConstruct+1","floor":16},{"not_picked":["Guardian:WalkerClaw","Guardian:Harden"],"picked":"Guardian:Clone","floor":19},{"not_picked":["Guardian:Gem_Green","Guardian:GemFire"],"picked":"Guardian:BaubleBeam","floor":22},{"not_picked":["Guardian:CrystalBeam","Guardian:WalkerClaw"],"picked":"Guardian:StasisEngine+1","floor":27},{"not_picked":["Guardian:ShieldSpikes+1","Guardian:Suspension+1"],"picked":"Guardian:Gem_Orange","floor":28},{"not_picked":["Guardian:SentryBeam","Guardian:Gem_Red"],"picked":"Guardian:Suspension+1","floor":29},{"not_picked":["Guardian:Gem_Fragmented","Guardian:Suspension+1"],"picked":"Guardian:Gem_Orange","floor":31},{"not_picked":["Guardian:Harden","Guardian:VentSteam"],"picked":"Guardian:EvasiveProtocol+1","floor":32}],"player_experience":600536,"relics_obtained":[{"floor":7,"key":"Ornamental Fan"},{"floor":8,"key":"MealTicket"},{"floor":11,"key":"Regal Pillow"},{"floor":23,"key":"Replay:Accelerometer"},{"floor":24,"key":"Happy Flower"},{"floor":28,"key":"conspire:DecoderRing"},{"floor":31,"key":"hubris:DuctTape"}],"event_choices":[{"damage_healed":0,"gold_gain":0,"player_choice":"Became a vampire","damage_taken":0,"max_hp_gain":0,"max_hp_loss":29,"event_name":"Vampires","floor":21,"gold_loss":0,"cards_obtained":["Bite","Bite","Bite","Bite","Bite"]}],"is_beta":false,"boss_relics":[{"not_picked":["Busted Crown","Snecko Eye"],"picked":"hubris:RunicObelisk"}],"items_purged_floors":[6],"is_endless":false,"potions_floor_spawned":[5,8,11,16,27,28],"killed_by":"SI_MIRROR_ARCHETYPE","ascension_level":4}}