{"host":"hc8xbdd8p6sd75vx","time":1611771629,"event":{"mods":["AchievementEnabler","AlwaysNeverKeys","BaseMod","Better Altar","Better Match","Better Sensory Stone","Better Skull","Better Third Choice","Colored Map","Hermit","Minty Spire (QoL Compilation)","Quick Restart","Shade Mod","Shop Mod","Spicy Shops","StSLib","The Servant 0.9.4"],"gold_per_floor":[217,240,297,313,313,338,338,370,370,381,410,420,7,17,17,117,117,136,136,59,59,71,106,106,138,138,36,56,67,67,94,94,196,196,207,207,227,227,240,269,269,287,310,336,336,146,178,195,195,195,195,195,39,64,64],"floor_reached":56,"language":"ENG","playtime":1769,"items_purged":[],"score":1774,"play_id":"d4a15a28-dfc8-4609-a95a-7909a4ad6749","local_time":"20210127102029","is_ascension_mode":true,"campfire_choices":[{"data":"Searing Blow","floor":7.0,"key":"SMITH"},{"data":"Searing Blow+1","floor":15.0,"key":"SMITH"},{"data":"Searing Blow+3","floor":24.0,"key":"SMITH"},{"data":"Searing Blow+4","floor":32.0,"key":"SMITH"},{"data":"Searing Blow+5","floor":41.0,"key":"SMITH"},{"data":"Searing Blow+6","floor":45.0,"key":"SMITH"},{"data":"Searing Blow+7","floor":49,"key":"SMITH"},{"data":"Searing Blow+8","floor":52,"key":"SMITH"}],"circlet_count":0,"master_deck":["Strike_R","Strike_R","Strike_R","Strike_R","Strike_R","Defend_R","Defend_R","Defend_R","Defend_R","Bash","Searing Blow+9","Carnage","Pommel Strike","Carnage","Anger","Juggernaut","Thunderclap+1","Heavy Blade","Juggernaut","Shockwave","Spot Weakness","Combust","Metallicize","Metallicize","Demon Form","Combust","Body Slam","Twin Strike","Rage+1","Heavy Blade+1","Demon Form","Bludgeon+1","Barricade","Clothesline+1","Twin Strike+1","Clash+1","Spot Weakness+1","Sword Boomerang+1","Rampage","Sword Boomerang+1","Spot Weakness+1","Intimidate+1","Pommel Strike+1"],"relics":["Burning Blood","Ginger","Vajra","Ornamental Fan","MerchantsRug","Bag of Marbles","Boot","Unceasing Top","Brimstone","Akabeko","Strawberry","Anchor","StoneCalendar","Self Forming Clay","Orichalcum"],"acts_visited":["Exordium","TheCity","TheBeyond","TheEnding"],"potions_floor_usage":[],"damage_taken":[{"damage":0.0,"enemies":"Cultist","floor":1.0,"turns":4.0},{"damage":0.0,"enemies":"2 Louse","floor":4.0,"turns":4.0},{"damage":5.0,"enemies":"3 Sentries","floor":6.0,"turns":6.0},{"damage":10.0,"enemies":"Lagavulin","floor":8.0,"turns":3.0},{"damage":0.0,"enemies":"Small Slimes","floor":10.0,"turns":3.0},{"damage":1.0,"enemies":"3 Sentries","floor":11.0,"turns":3.0},{"damage":4.0,"enemies":"Exordium Thugs","floor":12.0,"turns":4.0},{"damage":5.0,"enemies":"Red Slaver","floor":14.0,"turns":3.0},{"damage":26.0,"enemies":"The Guardian","floor":16.0,"turns":5.0},{"damage":7.0,"enemies":"Shell Parasite","floor":18.0,"turns":4.0},{"damage":0.0,"enemies":"2 Thieves","floor":22.0,"turns":3.0},{"damage":21.0,"enemies":"Gremlin Leader","floor":23.0,"turns":5.0},{"damage":9.0,"enemies":"Slavers","floor":25.0,"turns":5.0},{"damage":0.0,"enemies":"Snake Plant","floor":28.0,"turns":3.0},{"damage":0.0,"enemies":"Shelled Parasite and Fungi","floor":29.0,"turns":3.0},{"damage":0.0,"enemies":"Gremlin Leader","floor":31.0,"turns":3.0},{"damage":0.0,"enemies":"Collector","floor":33.0,"turns":3.0},{"damage":0.0,"enemies":"Orb Walker","floor":35.0,"turns":3.0},{"damage":0.0,"enemies":"3 Shapes","floor":37.0,"turns":3.0},{"damage":0.0,"enemies":"Maw","floor":39.0,"turns":3.0},{"damage":6.0,"enemies":"Reptomancer","floor":40.0,"turns":4.0},{"damage":0.0,"enemies":"Jaw Worm Horde","floor":42.0,"turns":3.0},{"damage":0.0,"enemies":"Giant Head","floor":44.0,"turns":3.0},{"damage":0,"enemies":"Reptomancer","floor":47,"turns":3},{"damage":0,"enemies":"Sphere and 2 Shapes","floor":48,"turns":3},{"damage":0,"enemies":"Donu and Deca","floor":50,"turns":3},{"damage":0,"enemies":"Shield and Spear","floor":54,"turns":3},{"damage":94,"enemies":"The Heart","floor":55,"turns":7}],"seed_played":"-3475703487142734307","potions_obtained":[{"floor":4.0,"key":"Swift Potion"},{"floor":10.0,"key":"ElixirPotion"},{"floor":11.0,"key":"GamblersBrew"},{"floor":12.0,"key":"DuplicationPotion"},{"floor":14.0,"key":"AttackPotion"},{"floor":18.0,"key":"Block Potion"},{"floor":23.0,"key":"LiquidBronze"}],"is_trial":false,"path_per_floor":["M","T","?","M","?","E","R","E","T","M","E","M","$","M","R","B",null,"M","?","$","?","M","E","R","E","T","$","M","M","?","E","R","B",null,"M","?","M","?","M","E","R","M","T","E","R","$","E","M","R","B",null,"R","$","E","B",null],"character_chosen":"IRONCLAD","items_purchased":["MerchantsRug","Bag of Marbles","Gremlin Horn","Orrery","Unceasing Top","Brimstone","Twin Strike","Akabeko","Strawberry","Anchor","Self Forming Clay","Spot Weakness+1","Intimidate+1","AttackPotion"],"campfire_rested":0,"item_purchase_floors":[13,13,13,20,27,27,27,46,46,46,53,53,53,53],"current_hp_per_floor":[80,80,80,80,80,80,80,76,76,80,80,80,80,80,80,80,80,80,80,80,80,80,80,80,80,80,80,80,80,80,80,80,80,80,80,80,80,76,76,76,76,76,76,78,78,85,85,85,85,85,85,85,85,85,85],"gold":64,"neow_bonus":"HUNDRED_GOLD","is_daily":false,"chose_seed":false,"campfire_upgraded":8,"win_rate":0.0,"timestamp":1611771629,"path_taken":["M","?","?","M","?","E","R","E","T","M","E","M","$","?","R","BOSS","M","?","?","?","?","E","R","E","T","?","?","M","?","E","R","BOSS","M","?","M","?","M","E","R","?","T","E","R","$","E","M","R","BOSS","R","$","E","BOSS"],"items_purchased_type":["Relic","Relic","Relic","Relic","Relic","Relic","Card","Relic","Relic","Relic","Relic","Card","Card","Potion"],"build_version":"2020-12-22","purchased_purges":0,"victory":true,"max_hp_per_floor":[80,80,80,80,80,80,80,80,80,80,80,80,80,80,80,80,80,80,80,80,80,80,80,80,80,80,80,80,80,80,80,80,80,80,80,80,80,76,76,76,76,76,76,78,78,85,85,85,85,85,85,85,85,85,85],"card_choices":[{"not_picked":["Iron Wave","Pommel Strike"],"picked":"Searing Blow","floor":1.0},{"not_picked":["Havoc","Sever Soul"],"picked":"Carnage","floor":4.0},{"not_picked":["Clash","Iron Wave"],"picked":"Pommel Strike","floor":6.0},{"not_picked":["Blood for Blood","Havoc"],"picked":"Carnage","floor":8.0},{"not_picked":["Rupture","Flex","Hemokinesis"],"picked":"Anger","floor":10.0},{"not_picked":["Sword Boomerang","Armaments","Immolate"],"picked":"Juggernaut","floor":11.0},{"not_picked":["Clothesline","Iron Wave","Sword Boomerang"],"picked":"Thunderclap","floor":12.0},{"not_picked":["Rage","Armaments"],"picked":"Heavy Blade","floor":14.0},{"not_picked":["Double Tap","Brutality"],"picked":"Juggernaut","floor":16.0},{"not_picked":["Disarm","Twin Strike"],"picked":"Shockwave","floor":18.0},{"not_picked":["Sword Boomerang","Body Slam"],"picked":"Spot Weakness","floor":20.0},{"not_picked":["Heavy Blade","Intimidate+1"],"picked":"Combust","floor":20.0},{"not_picked":["Twin Strike","Perfected Strike"],"picked":"Metallicize","floor":20.0},{"not_picked":["Body Slam","Wild Strike+1"],"picked":"Metallicize","floor":20.0},{"not_picked":["Searing Blow","Clash"],"picked":"Sword Boomerang","floor":20.0},{"not_picked":["Infernal Blade","Rampage+1"],"picked":"Demon Form","floor":22.0},{"not_picked":["Fire Breathing","Twin Strike"],"picked":"Combust","floor":23.0},{"not_picked":["Bloodletting+1","Pummel"],"picked":"Body Slam","floor":25.0},{"not_picked":["Iron Wave+1","Warcry+1"],"picked":"Rage+1","floor":28.0},{"not_picked":["Thunderclap+1","Metallicize+1"],"picked":"Heavy Blade+1","floor":29.0},{"not_picked":["Battle Trance+1","Shrug It Off+1"],"picked":"Bludgeon","floor":31.0},{"not_picked":["Corruption","Bludgeon"],"picked":"Barricade","floor":33.0},{"not_picked":["Dark Embrace+1","Sever Soul+1"],"picked":"Clothesline+1","floor":35.0},{"not_picked":["Sentinel+1","Battle Trance+1"],"picked":"Twin Strike+1","floor":37.0},{"not_picked":["Twin Strike+1","Wild Strike"],"picked":"Clash+1","floor":39.0},{"not_picked":["Iron Wave+1","Flex+1"],"picked":"Spot Weakness+1","floor":40.0},{"not_picked":["Clothesline","Iron Wave"],"picked":"Sword Boomerang+1","floor":42.0},{"not_picked":["Disarm+1","Sentinel+1","Seeing Red+1"],"picked":"Singing Bowl","floor":44.0},{"not_picked":["Perfected Strike+1","Ghostly Armor+1"],"picked":"Rampage","floor":47},{"not_picked":["Flame Barrier+1","Clothesline"],"picked":"Sword Boomerang+1","floor":48},{"not_picked":["Power Through","Sword Boomerang+1"],"picked":"Pommel Strike+1","floor":54}],"player_experience":238277,"relics_obtained":[{"floor":2.0,"key":"Centennial Puzzle"},{"floor":6.0,"key":"Vajra"},{"floor":8.0,"key":"Ornamental Fan"},{"floor":9.0,"key":"Question Card"},{"floor":11.0,"key":"White Beast Statue"},{"floor":23.0,"key":"Boot"},{"floor":25.0,"key":"Nunchaku"},{"floor":26.0,"key":"Toxic Egg 2"},{"floor":31.0,"key":"Singing Bowl"},{"floor":40.0,"key":"Mummified Hand"},{"floor":43.0,"key":"Dream Catcher"},{"floor":44.0,"key":"Whetstone"},{"floor":47,"key":"StoneCalendar"},{"floor":54,"key":"Orichalcum"}],"event_choices":[{"damage_healed":0.0,"max_hp_gain":0.0,"max_hp_loss":0.0,"gold_gain":57.0,"event_name":"Golden Wing","player_choice":"Gained Gold","floor":3.0,"gold_loss":0.0,"damage_taken":0.0},{"damage_healed":0.0,"max_hp_gain":0.0,"max_hp_loss":0.0,"gold_gain":0.0,"event_name":"WeMeetAgain","player_choice":"Gave Potion","floor":5.0,"gold_loss":0.0,"damage_taken":0.0,"relics_obtained":["Ginger"]},{"damage_healed":0.0,"max_hp_gain":0.0,"max_hp_loss":0.0,"gold_gain":0.0,"event_name":"Upgrade Shrine","player_choice":"Upgraded","floor":19.0,"gold_loss":0.0,"damage_taken":0.0,"cards_upgraded":["Searing Blow"]},{"cards_removed":["Sword Boomerang"],"damage_healed":0.0,"max_hp_gain":0.0,"max_hp_loss":0.0,"gold_gain":0.0,"event_name":"Purifier","player_choice":"Purged","floor":21.0,"gold_loss":0.0,"damage_taken":0.0},{"damage_healed":0.0,"max_hp_gain":0.0,"max_hp_loss":16.0,"gold_gain":2.0,"event_name":"betterStone:BetterStone","player_choice":"2","floor":30.0,"gold_loss":0.0,"damage_taken":0.0},{"damage_healed":0.0,"max_hp_gain":0.0,"max_hp_loss":0.0,"gold_gain":0.0,"event_name":"Tomb of Lord Red Mask","player_choice":"Ignored","floor":36.0,"gold_loss":0.0,"damage_taken":0.0},{"damage_healed":0.0,"max_hp_gain":0.0,"max_hp_loss":4.0,"gold_gain":0.0,"event_name":"Winding Halls","player_choice":"Max HP","floor":38.0,"gold_loss":0.0,"damage_taken":0.0}],"is_beta":false,"boss_relics":[{"not_picked":["Snecko Eye","Pandora\u0027s Box","Velvet Choker"]},{"not_picked":["Sozu","Runic Pyramid"],"picked":"SlaversCollar"}],"items_purged_floors":[],"is_endless":false,"potions_floor_spawned":[4,10,11,12,14,18,23,31,33,35,40,44,54],"ascension_level":3}}