{"host":"xjs3b8lu14idcd3l","time":1611738871,"event":{"mods":["Act Like it!","BaseMod","CapriCore","Friendly Minions","Gensokyo","Kiyohime£®«Âºß£©","Koishi","Marisa£®ÏF”Í°°ƒß¿Ì…≥£©","Minty Spire (QoL Compilation)","Prisma Mod","Reimu£®≤©¿ˆ¡È√Œ£©","Remilia£®¿Ÿ√◊¿Ú—«£©","Replay The Spire","StSLib","The Administrix","The Immortal","The Servant 0.9.4","Youmu£®ªÍ∆«—˝√Œ£©","Yuyuko"],"gold_per_floor":[116,116,128,128,148,148,174,174,199,224,324,334,359,371,371,473,473,455,465,425,440,450,450,484,484,484],"floor_reached":25,"language":"ZHS","playtime":1290,"items_purged":[],"score":255,"play_id":"19b71904-16a2-40e6-8320-586c82552a2f","local_time":"20210127171431","is_ascension_mode":true,"campfire_choices":[{"data":"ScarletImprint","floor":6,"key":"SMITH"},{"data":"RedMoon","floor":8,"key":"SMITH"},{"data":"KiyohimeMod:FiringTheFirstArrow","floor":15,"key":"SMITH"},{"floor":23,"key":"REST"}],"circlet_count":0,"master_deck":["Strike_RM","Strike_RM","Strike_RM","Strike_RM","Defend_RM","Defend_RM","Defend_RM","Defend_RM","RedMoon+1","ScarletShoot","ScarletImprint+1","Finesse","RedMoon","Writhe","Outmaneuver","Revelation:ReiMu","Calculated Gamble","KiyohimeMod:FiringTheFirstArrow+1","JA","ZunPunch:ReiMu","PrismaMod:MiyuUncommonDefend"],"relics":["ScarletHat","Orichalcum","PrismaticShard","Bronze Scales","Oddly Smooth Stone","Replay:Bottled Flurry","RuthlessExorcism:ReiMu","SlaversCollar","Lantern"],"acts_visited":["Exordium","TheCity"],"potions_floor_usage":[1,7,13,16,22],"damage_taken":[{"damage":0,"enemies":"Cultist","floor":1,"turns":3},{"damage":0,"enemies":"Jaw Worm","floor":3,"turns":4},{"damage":3,"enemies":"2 Louse","floor":5,"turns":4},{"damage":13,"enemies":"Replay:BlueRogue","floor":7,"turns":11},{"damage":8,"enemies":"Gremlin Nob","floor":10,"turns":6},{"damage":1,"enemies":"Red Slaver","floor":12,"turns":5},{"damage":1,"enemies":"3 Sentries","floor":13,"turns":8},{"damage":0,"enemies":"Blue Slaver","floor":14,"turns":3},{"damage":22,"enemies":"Hexaghost","floor":16,"turns":9},{"damage":9,"enemies":"2 Thieves","floor":18,"turns":4},{"damage":5,"enemies":"3 Byrds","floor":19,"turns":4},{"damage":35,"enemies":"Centurion and Healer","floor":21,"turns":6},{"damage":24,"enemies":"3 Cultists","floor":22,"turns":6},{"damage":14,"enemies":"Book of Stabbing","floor":24,"turns":5},{"damage":14,"enemies":"Snake Plant","floor":25,"turns":5}],"seed_played":"-2469900349991683353","potions_obtained":[{"floor":1,"key":"Fruit Juice"},{"floor":3,"key":"SteroidPotion"},{"floor":5,"key":"Energy Potion"},{"floor":12,"key":"Death Potion"},{"floor":21,"key":"Adrenaline Potion"},{"floor":22,"key":"ZuzhouPotion:ReiMu"}],"is_trial":false,"path_per_floor":["M","?","M","?","M","R","E","R","T","E","?","M","E","M","R","B",null,"M","M","?","M","M","R","E","M"],"character_chosen":"REMILIA","items_purchased":[],"campfire_rested":1,"item_purchase_floors":[],"current_hp_per_floor":[80,80,80,80,77,77,67,67,67,62,62,63,66,67,67,52,80,71,66,66,36,16,40,26,12,12],"gold":484,"neow_bonus":"RANDOM_COMMON_RELIC","is_daily":false,"chose_seed":false,"campfire_upgraded":3,"win_rate":0.0,"timestamp":1611738871,"path_taken":["M","?","?","?","M","R","E","R","T","E","?","?","E","M","R","BOSS","M","M","?","M","M","R","E","M"],"items_purchased_type":[],"build_version":"2020-12-22","purchased_purges":0,"victory":false,"max_hp_per_floor":[80,80,80,80,80,80,80,80,80,80,80,80,80,80,80,80,80,80,80,80,80,80,80,80,80,80],"card_choices":[{"not_picked":["VampireClaw","UnstableMagic"],"picked":"ScarletImprint","floor":1},{"not_picked":["BlasphemousPunishment","VampireFantasy","VampirishNight"],"picked":"SKIP","floor":3},{"not_picked":["BasicCrystalCard","SwordOfBindingDesires"],"picked":"Outmaneuver","floor":5},{"not_picked":["Distraction","FanOfKnives"],"picked":"Revelation:ReiMu","floor":7},{"not_picked":["WaveOfTheHand","AdministrixMod:RebukeDesires"],"picked":"Calculated Gamble","floor":10},{"not_picked":["Trip","MokouMod:Ember","KiyohimeMod:BlueBlackKey"],"picked":"SKIP","floor":12},{"not_picked":["DoubleWheelOfPain","Loop"],"picked":"KiyohimeMod:FiringTheFirstArrow","floor":13},{"not_picked":["PrismaMod:MiyuMaid","PrismaMod:IllyaPoisoningPhantasm","AdministrixMod:ReachToHeaven"],"picked":"SKIP","floor":14},{"not_picked":["Bullet Time","Barricade"],"picked":"JA","floor":16},{"not_picked":["Clash+1","Abandon+1","AdministrixMod:LightOfYourLife"],"picked":"SKIP","floor":18},{"not_picked":["Koishi:PhantomBarrier","PrismaMod:MiyuCheapChannelHeal","Steamed Phantom"],"picked":"SKIP","floor":19},{"not_picked":["HumanKnowledgeSword+1","ThirdEye","Heel Hook"],"picked":"SKIP","floor":21},{"not_picked":["EmptyBody","AdministrixMod:DreamsMausoleum"],"picked":"PrismaMod:MiyuUncommonDefend","floor":22},{"not_picked":["Rage+1","MokouMod:Rekindle","PrismaMod:ChloeUncommonAOEAttack"],"picked":"SKIP","floor":24}],"player_experience":177625,"relics_obtained":[{"floor":7,"key":"Bronze Scales"},{"floor":9,"key":"Oddly Smooth Stone"},{"floor":10,"key":"Replay:Bottled Flurry"},{"floor":13,"key":"RuthlessExorcism:ReiMu"},{"floor":24,"key":"Lantern"}],"event_choices":[{"damage_healed":0,"gold_gain":0,"player_choice":"2 cards matched","damage_taken":0,"max_hp_gain":0,"max_hp_loss":0,"event_name":"Match and Keep!","floor":2,"gold_loss":0,"cards_obtained":["Finesse","RedMoon"]},{"damage_healed":0,"gold_gain":100,"player_choice":"Pray","damage_taken":0,"max_hp_gain":0,"max_hp_loss":0,"event_name":"Golden Shrine","floor":11,"gold_loss":0},{"damage_healed":0,"gold_gain":0,"player_choice":"Ωª≥ˆ…Òæ∆","damage_taken":0,"max_hp_gain":0,"max_hp_loss":0,"event_name":"ZunEvent","floor":20,"relics_lost":["ZunR:ReiMu"],"gold_loss":0,"cards_obtained":["ZunPunch:ReiMu"]}],"is_beta":false,"boss_relics":[{"not_picked":["Replay:Drink Me","ReplayTheSpireMod:DimensionalGlitch"],"picked":"SlaversCollar"}],"items_purged_floors":[],"is_endless":false,"potions_floor_spawned":[1,3,5,12,21,22],"killed_by":"Snake Plant","ascension_level":1}}