{"host":"xnmm48bggm313m0r","time":1611791277,"event":{"mods":["Arknights The Spire","BaseMod","Curses Come First","Hermit","KOR Keyword Fix","Lobotomy","Minty Spire (QoL Compilation)","Replay The Spire","StSLib","The Dragon Tamer"],"gold_per_floor":[99,99,111,123,103,103,123,139,162,162,176,101,101,101],"floor_reached":13,"language":"KOR","playtime":528,"items_purged":["Pain"],"score":125,"play_id":"2a6e8d07-048b-42b5-b397-7b2f9f5e69e8","local_time":"20210128084757","daily_mods":["Heirloom","Time Dilation"],"is_ascension_mode":false,"campfire_choices":[{"data":"Echo Form","floor":6,"key":"SMITH"},{"data":"Dagger Spray","floor":10,"key":"SMITH"}],"circlet_count":0,"master_deck":["Demon Form","Wraith Form v2","Echo Form+1","DevaForm","DTMod:ResonanceForm","Strike_G","Strike_G","Strike_G","Strike_G","Strike_G","Defend_G","Defend_G","Defend_G","Defend_G","Defend_G","Neutralize","Hidden Blade+1","Dodge and Roll","PiercingWail","Dagger Spray+1","Dagger Throw"],"relics":["Unceasing Top","replay:Trail_Library","Turnip","WarpedTongs","Regal Pillow"],"acts_visited":["Exordium"],"potions_floor_usage":[11,13,13],"damage_taken":[{"damage":16,"enemies":"Jaw Worm","floor":3,"turns":5},{"damage":8,"enemies":"Small Slimes","floor":4,"turns":4},{"damage":9,"enemies":"Cultist","floor":7,"turns":5},{"damage":8,"enemies":"Looter","floor":8,"turns":5},{"damage":9,"enemies":"Gremlin Gang","floor":11,"turns":5},{"damage":28,"enemies":"Gremlin Nob","floor":13,"turns":3}],"seed_played":"3443085430156352827","potions_obtained":[{"floor":4,"key":"ColorlessPotion"},{"floor":5,"key":"GamblersBrew"},{"floor":7,"key":"Energy Potion"}],"is_trial":true,"path_per_floor":["?","?","M","M","?","R","M","M","T","R","M","$","E"],"character_chosen":"THE_SILENT","items_purchased":[],"campfire_rested":0,"item_purchase_floors":[],"current_hp_per_floor":[70,70,54,46,46,46,37,29,29,29,20,20,0,0],"gold":101,"neow_bonus":"","is_daily":false,"chose_seed":false,"campfire_upgraded":2,"win_rate":0.0,"timestamp":1611791277,"path_taken":["?","?","?","M","?","R","M","?","T","R","M","$","E"],"items_purchased_type":[],"build_version":"2020-12-22","purchased_purges":1,"victory":false,"max_hp_per_floor":[70,70,70,70,70,70,70,70,70,70,70,70,70,70],"card_choices":[{"not_picked":["Underhanded Strike","ReplayTheSpireMod:Scrap Shanks"],"picked":"Dodge and Roll","floor":3},{"not_picked":["Outmaneuver","Underhanded Strike"],"picked":"PiercingWail","floor":4},{"not_picked":["Prepared","ReplayTheSpireMod:Scrap Shanks","Blade Dance"],"picked":"SKIP","floor":7},{"not_picked":["ReplayTheSpireMod:Speed Training","ReplayTheSpireMod:Scrap Shanks"],"picked":"Dagger Spray","floor":8},{"not_picked":["Reflex","Noxious Fumes","Flechettes"],"picked":"SKIP","floor":11}],"player_experience":138557,"relics_obtained":[{"floor":9,"key":"Regal Pillow"}],"event_choices":[{"damage_healed":0,"gold_gain":0,"player_choice":"Rummage","damage_taken":0,"relics_obtained":["WarpedTongs"],"max_hp_gain":0,"max_hp_loss":0,"event_name":"Accursed Blacksmith","floor":2,"gold_loss":0,"cards_obtained":["Pain"]},{"damage_healed":0,"gold_gain":0,"player_choice":"Bought 1 Potion","damage_taken":0,"max_hp_gain":0,"max_hp_loss":0,"event_name":"The Woman in Blue","floor":5,"gold_loss":0}],"is_beta":false,"boss_relics":[],"items_purged_floors":[12],"is_endless":true,"potions_floor_spawned":[4,7,8],"killed_by":"Gremlin Nob","ascension_level":0}}