{"host":"ifcf0cy5l3qbxi8r","time":1611727847,"event":{"mods":["Act Like it!","Arknights The Spire","BaseMod","Gensokyo","Minty Spire (QoL Compilation)","StSLib"],"gold_per_floor":[109,9,89,103,103,128,39,39,39,55,82,93,93,109,109,210,210,229,229,229,229,245,34,34,46,92,121,141,151,151,165,165,263,263,282,90,90,90,109,109,143,155,167,206,235,267,293,316,328,340,352,364,17,17,17],"floor_reached":54,"language":"ZHS","playtime":3647,"items_purged":["ats:Collapsing Strike"],"score":779,"play_id":"8ee1e807-eaca-45a1-8efd-1e7122fa85c6","local_time":"20210127141046","is_ascension_mode":false,"campfire_choices":[{"data":"ats:Thermite Blade","floor":8,"key":"SMITH"},{"floor":15,"key":"REST"},{"data":"ats:Serious Mode","floor":30,"key":"SMITH"},{"data":"Gensokyo:GapWoman","floor":32,"key":"SMITH"},{"data":"ats:Soul Absorption","floor":40,"key":"SMITH"},{"data":"ats:Nebulous Foxfire","floor":42,"key":"SMITH"},{"floor":49,"key":"RECALL"},{"data":"ats:Calcification","floor":52,"key":"SMITH"}],"circlet_count":0,"master_deck":["ats:Armor Crushing Shot","ats:Emotion Absorption","ats:Blood Oath","ats:Closed Bolt Burst Fire","ats:Hammer On","ats:Thermite Blade+1","ats:Cat Scratch","ats:True Silver Slash","ats:Hook Shot","ats:Apocalypse+1","ats:Automatic Cover","ats:Nebulous Foxfire+1","ats:Sword Rain","Gensokyo:FourOfAKind","Gensokyo:FourOfAKind","Gensokyo:FourOfAKind","Gensokyo:FourOfAKind","ats:Flexible Camouflage","ats:Serious Mode+1","ats:Cat Scratch+1","ats:Soul Rend","ats:Powerful Strike","ats:Apocalypse","ats:Leaping Hammer","ats:Demon Strength","ats:Charging Defense","ats:Sword Rain","ats:Guard Mode","ats:Shell Defense","ats:Soul Absorption+1","ats:Calcification+1","ats:Automatic Cover+1","ats:Sashimi Platter+1","ats:Revitalization+1","ats:Soul Rend","ats:Calcification+1","Magnetism","Panacea"],"relics":["ats:Sanity","NeowsBlessing","ats:Industrial Water Cannon","ats:Originium","Singing Bowl","Eternal Feather","The Courier","ats:Omniscience","Gensokyo:MosesMiracle","Peace Pipe","Blood Vial","ats:Military Tradition","Pandora\u0027s Box","Ice Cream","MawBank","Meat on the Bone","Happy Flower","DollysMirror"],"acts_visited":["Exordium","Gensokyo:Gensokyo","Gensokyo:Gensokyoer","TheEnding"],"potions_floor_usage":[14,16,16,28,39,39,50,50],"damage_taken":[{"damage":0,"enemies":"Gensokyo:Gryphon","floor":1,"turns":1},{"damage":0,"enemies":"Gensokyo:2_Kodama","floor":4,"turns":1},{"damage":0,"enemies":"Gensokyo:Aya","floor":6,"turns":1},{"damage":4,"enemies":"Gensokyo:3_Fairies","floor":10,"turns":3},{"damage":33,"enemies":"Gensokyo:Mamizou","floor":11,"turns":9},{"damage":11,"enemies":"Gensokyo:3_Kodama","floor":12,"turns":3},{"damage":5,"enemies":"Gensokyo:5_Fairies","floor":14,"turns":4},{"damage":84,"enemies":"Gensokyo:Yukari","floor":16,"turns":13},{"damage":14,"enemies":"Gensokyo:AngelMirror","floor":18,"turns":4},{"damage":21,"enemies":"Gensokyo:3_Dogs","floor":22,"turns":5},{"damage":0,"enemies":"Gensokyo:Swordslinger","floor":25,"turns":4},{"damage":15,"enemies":"Gensokyo:Reisen","floor":27,"turns":6},{"damage":42,"enemies":"Gensokyo:Wraith","floor":28,"turns":7},{"damage":44,"enemies":"Gensokyo:Mirror_and_Dog","floor":29,"turns":8},{"damage":23,"enemies":"Gensokyo:Monolith_and_Dog","floor":31,"turns":3},{"damage":69,"enemies":"Gensokyo:Eiki","floor":33,"turns":9},{"damage":25,"enemies":"Gensokyo:AncientGuardian","floor":35,"turns":7},{"damage":19,"enemies":"Gensokyo:3_Boulders","floor":39,"turns":6},{"damage":36,"enemies":"Gensokyo:Kasen","floor":41,"turns":8},{"damage":38,"enemies":"Gensokyo:Doremy","floor":44,"turns":10},{"damage":0,"enemies":"Gensokyo:Dusk_and_Dawn","floor":45,"turns":4},{"damage":0,"enemies":"Gensokyo:AtlasGolem","floor":46,"turns":7},{"damage":25,"enemies":"Gensokyo:3_Boulders","floor":47,"turns":6},{"damage":66,"enemies":"Gensokyo:Rafflesia","floor":48,"turns":11},{"damage":126,"enemies":"Gensokyo:Scarlet_Devils","floor":50,"turns":12},{"damage":92,"enemies":"Shield and Spear","floor":54,"turns":4}],"seed_played":"-4840308800698585588","potions_obtained":[{"floor":6,"key":"Dexterity Potion"},{"floor":11,"key":"EssenceOfSteel"},{"floor":12,"key":"EssenceOfSteel"},{"floor":14,"key":"Regen Potion"},{"floor":25,"key":"DistilledChaos"},{"floor":27,"key":"LiquidBronze"},{"floor":33,"key":"PowerPotion"},{"floor":46,"key":"SpeedPotion"},{"floor":48,"key":"DuplicationPotion"}],"is_trial":false,"path_per_floor":["M","?","?","M","?","E","$","R","T","M","E","M","?","M","R","B",null,"M","?","?","T","M","COS","?","M","T","E","M","M","R","M","R","B",null,"M","$","?","?","M","R","E","R","T","E","M","M","M","M","R","B",null,"R","$","E"],"character_chosen":"DOCTOR_CLASS","items_purchased":["ats:Thermite Blade","ats:Cat Scratch","ats:Guard Mode","ats:Shell Defense","ats:Soul Absorption","DollysMirror","Magnetism","Panacea","PowerPotion"],"campfire_rested":1,"item_purchase_floors":[7,7,36,36,36,53,53,53,53],"current_hp_per_floor":[72,72,72,72,65,65,65,65,65,66,42,34,34,39,70,17,74,70,70,69,69,60,60,50,52,52,37,21,27,42,24,39,32,54,43,43,21,21,42,56,46,56,56,35,42,60,60,48,62,62,62,62,62,0,0],"gold":17,"neow_bonus":"THREE_ENEMY_KILL","is_daily":false,"chose_seed":false,"campfire_upgraded":6,"win_rate":0.0,"timestamp":1611727846,"path_taken":["M","?","?","M","?","E","?","R","T","M","E","M","?","M","R","BOSS","M","?","?","?","?","COS","?","M","T","E","M","M","R","M","R","BOSS","M","$","?","?","?","R","E","R","T","E","M","M","?","M","R","BOSS","R","$","E"],"items_purchased_type":["Card","Card","Card","Card","Card","Relic","Card","Card","Potion"],"build_version":"2020-12-22","purchased_purges":1,"victory":false,"max_hp_per_floor":[72,72,72,72,72,72,72,72,72,74,74,74,74,74,74,74,74,74,74,69,69,71,71,50,52,52,52,52,54,54,54,54,54,54,56,56,56,56,56,56,56,56,56,58,60,60,60,62,62,62,62,62,62,62,62],"card_choices":[{"not_picked":["ats:Leaping Hammer","ats:Phantom"],"picked":"ats:Blood Oath","floor":1},{"not_picked":["ats:Counter Healing Mode","ats:Guard Mode"],"picked":"ats:Closed Bolt Burst Fire","floor":4},{"not_picked":["ats:Poison Spread","ats:Steam Pump"],"picked":"ats:Hammer On","floor":6},{"not_picked":["ats:Beaten Up","ats:Very Hot Blade","ats:Consecutive Shot Auto"],"picked":"Singing Bowl","floor":10},{"not_picked":["ats:Defend Order","ats:Counter Healing Mode"],"picked":"ats:True Silver Slash","floor":11},{"not_picked":["ats:Flexible Camouflage","ats:Sashimi Platter"],"picked":"ats:Hook Shot","floor":12},{"not_picked":["ats:Rapid Magazine","ats:Consecutive Shot Auto"],"picked":"ats:Automatic Cover","floor":14},{"not_picked":["ats:True Silver Slash","ats:Disruption Kick"],"picked":"ats:Nebulous Foxfire","floor":16},{"not_picked":["ats:Healing Strengthening+1","ats:Counter Healing Mode"],"picked":"ats:Sword Rain","floor":18},{"not_picked":["ats:Hook Shot","ats:Directed Diagnosis","ats:Ignite+1"],"picked":"Singing Bowl","floor":22},{"not_picked":["ats:Absolute Focus","ats:Ignite+1","ats:Hook Shot"],"picked":"Singing Bowl","floor":25},{"not_picked":["ats:Cat Scratch","ats:Thermite Blade"],"picked":"ats:Flexible Camouflage","floor":27},{"not_picked":["ats:Powerful Strike","ats:Beaten Up+1"],"picked":"ats:Serious Mode","floor":28},{"not_picked":["ats:Absolute Focus","ats:Apocalypse","ats:Flexible Camouflage+1"],"picked":"Singing Bowl","floor":29},{"not_picked":["ats:Explosion Area Strengthen+1","ats:Consecutive Shot Auto"],"picked":"ats:Cat Scratch+1","floor":31},{"not_picked":["ats:Volcano","ats:Disruption Kick"],"picked":"ats:Soul Rend","floor":33},{"not_picked":["ats:Burning Ground+1","ats:Blood Oath+1","ats:Phantom+1"],"picked":"Singing Bowl","floor":35},{"not_picked":["ats:Phantom","ats:Sunburst+1"],"picked":"ats:Automatic Cover+1","floor":39},{"not_picked":["ats:Ignite","ats:Beaten Up"],"picked":"ats:Sashimi Platter+1","floor":41},{"not_picked":["ats:Hammer On+1","ats:Phantom+1","ats:Sunburst"],"picked":"Singing Bowl","floor":44},{"not_picked":["ats:Chain Hook+1","ats:Explosion Area Strengthen+1","ats:Counter Healing Mode"],"picked":"Singing Bowl","floor":45},{"not_picked":["ats:Sashimi Platter+1","ats:Apocalypse"],"picked":"ats:Revitalization+1","floor":46},{"not_picked":["ats:Very Hot Blade","ats:Chain Hook+1"],"picked":"ats:Soul Rend","floor":47},{"not_picked":["ats:Encircling Forest+1","ats:Very Hot Blade+1","ats:Guardian Obelisk"],"picked":"Singing Bowl","floor":48}],"player_experience":89973,"relics_obtained":[{"floor":6,"key":"ats:Originium"},{"floor":6,"key":"Singing Bowl"},{"floor":9,"key":"Eternal Feather"},{"floor":11,"key":"ats:Originium"},{"floor":11,"key":"The Courier"},{"floor":26,"key":"Blood Vial"},{"floor":27,"key":"Gensokyo:MosesMiracle"},{"floor":27,"key":"ats:Originium"},{"floor":27,"key":"ats:Military Tradition"},{"floor":41,"key":"ats:Originium"},{"floor":41,"key":"MawBank"},{"floor":43,"key":"Meat on the Bone"},{"floor":44,"key":"Happy Flower"}],"event_choices":[],"is_beta":false,"boss_relics":[{"not_picked":["Black Star","Coffee Dripper"],"picked":"ats:Omniscience"},{"not_picked":["ats:Tactical Delivery","Sozu"],"picked":"Pandora\u0027s Box"}],"items_purged_floors":[36],"is_endless":false,"potions_floor_spawned":[6,11,12,14,25,27,33,35,46,48],"killed_by":"Shield and Spear","ascension_level":0}}