{"host":"yjeq27nqd9iczda7","time":1611746591,"event":{"mods":["Arknights The Spire","BaseMod","Colored Map","Colored Powertips","Duelist Mod","GifTheSpireLib","HololiveMod","Lobotomy","LobotomyExtend","Marisa£¨Ùöéë¡¡Øª×âÞÞ£©","Minty Spire (QoL Compilation)","Prisma Mod","StSLib","The Alterego","Waifu the Spire"],"gold_per_floor":[113,26,26,39,39,66,80,80,106,106,116,146,146,164,164,266,266,266,19,38,54,54,54,81,81,135,135,149,166,177,208,208,208,208],"floor_reached":33,"language":"KOR","playtime":1539,"items_purged":[],"score":320,"play_id":"6b0cdad7-1032-445a-ab9e-d1e7b43daf99","local_time":"20210127202311","is_ascension_mode":false,"campfire_choices":[{"floor":10.0,"key":"REST"},{"floor":13.0,"key":"REST"},{"floor":15.0,"key":"REST"},{"floor":23.0,"key":"REST"},{"floor":25.0,"key":"REST"},{"floor":27.0,"key":"REST"},{"floor":32.0,"key":"RECALL"}],"circlet_count":0,"master_deck":["ats:Strike C+1","ats:Strike G","ats:Armor Crushing Shot","ats:Defend","ats:Defend+1","ats:Emotion Absorption","ats:Consecutive Shot Auto","ats:Leaping Hammer","ats:Song Of Battle+1","ats:Powerful Strike","ats:Serious Mode","ats:Revitalization","ats:Part Time Job","ats:Ignite","ats:Overload","ats:Red Shift","ats:Soul Rend","ats:Flame Of Heaven+1","ats:Absolute Focus+1","ats:Chain Hook+1","ats:Support Order","ats:Hammer On","ats:Spore Proliferation+1","ats:Flexible Camouflage+1","ats:True Silver Slash","ats:Shell Defense","ats:Cat Scratch","ats:Hook Shot","ats:Rat Pack"],"relics":["ats:Sanity","LetterFromLob","ats:Originium","Pen Nib","ats:Spiritual Recovery","Gambling Chip","Astrolabe","TheAbacus","Blood Vial","ats:Rhine Circuitry","Shuriken"],"acts_visited":["Exordium","TheCity"],"potions_floor_usage":[33,33],"damage_taken":[{"damage":6.0,"enemies":"Jaw Worm","floor":1.0,"turns":4.0},{"damage":6.0,"enemies":"Cultist","floor":4.0,"turns":3.0},{"damage":26.0,"enemies":"Lagavulin","floor":6.0,"turns":5.0},{"damage":0.0,"enemies":"Small Slimes","floor":7.0,"turns":2.0},{"damage":24.0,"enemies":"Exordium Thugs","floor":11.0,"turns":3.0},{"damage":0.0,"enemies":"Gremlin Nob","floor":12.0,"turns":2.0},{"damage":14.0,"enemies":"3 Louse","floor":14.0,"turns":3.0},{"damage":16.0,"enemies":"Slime Boss","floor":16.0,"turns":6.0},{"damage":23.0,"enemies":"3 Byrds","floor":20.0,"turns":5.0},{"damage":30.0,"enemies":"2 Thieves","floor":21.0,"turns":3.0},{"damage":29.0,"enemies":"Gremlin Leader","floor":24.0,"turns":3.0},{"damage":26.0,"enemies":"Centurion and Healer","floor":28.0,"turns":3.0},{"damage":0.0,"enemies":"Snecko","floor":29.0,"turns":2.0},{"damage":20.0,"enemies":"Shelled Parasite and Fungi","floor":30.0,"turns":4.0},{"damage":24.0,"enemies":"Book of Stabbing","floor":31.0,"turns":3.0},{"damage":53,"enemies":"Automaton","floor":33,"turns":6}],"seed_played":"5644606884910083528","potions_obtained":[{"floor":6.0,"key":"LiquidMemories"},{"floor":11.0,"key":"Ancient Potion"},{"floor":12.0,"key":"Energy Potion"},{"floor":22.0,"key":"ColorlessPotion"},{"floor":22.0,"key":"EntropicBrew"},{"floor":24.0,"key":"AttackPotion"},{"floor":28.0,"key":"Regen Potion"},{"floor":30.0,"key":"SpeedPotion"},{"floor":31.0,"key":"Fire Potion"}],"is_trial":false,"path_per_floor":["M","$","?","M","?","E","M","?","T","R","M","E","R","M","R","B",null,"M","$","M","M","?","R","E","R","T","R","M","M","M","E","R","B"],"character_chosen":"DOCTOR_CLASS","items_purchased":["ats:Song Of Battle","ats:Powerful Strike","ats:Support Order","TheAbacus","ats:Hammer On"],"campfire_rested":6,"item_purchase_floors":[2,2,19,19,19],"current_hp_per_floor":[66,66,59,53,53,27,27,13,13,34,18,18,39,30,51,41,72,72,72,49,19,19,40,11,32,32,53,37,39,35,23,23,0,0],"gold":208,"neow_bonus":"THREE_CARDS","is_daily":false,"chose_seed":false,"campfire_upgraded":0,"win_rate":0.0,"timestamp":1611746591,"path_taken":["M","$","?","M","?","E","?","?","T","R","M","E","R","M","R","BOSS","M","$","M","M","?","R","E","R","T","R","M","M","M","E","R","BOSS"],"items_purchased_type":["Card","Card","Card","Relic","Card"],"build_version":"2020-12-22","purchased_purges":0,"victory":false,"max_hp_per_floor":[72,72,72,72,72,72,72,72,72,72,72,72,72,72,72,72,72,72,72,72,72,72,72,72,72,72,72,72,72,72,72,72,72,72],"card_choices":[{"not_picked":["ats:Hammer On","ats:Beaten Up"],"picked":"ats:Consecutive Shot Auto","floor":0.0},{"not_picked":["ats:Ignite","ats:Magnetic Hammer"],"picked":"ats:Leaping Hammer","floor":1.0},{"not_picked":["ats:Neurotoxin","ats:Phantom"],"picked":"ats:Serious Mode","floor":4.0},{"not_picked":["ats:Healing Strengthening","ats:Rapid Magazine"],"picked":"ats:Revitalization","floor":6.0},{"not_picked":["ats:Consecutive Shot Auto","ats:Curse Doll"],"picked":"ats:Part Time Job","floor":7.0},{"not_picked":["ats:Very Hot Blade","ats:Encircling Forest"],"picked":"ats:Ignite","floor":11.0},{"not_picked":["ats:Ignite","ats:Durian"],"picked":"ats:Overload","floor":12.0},{"not_picked":["ats:Poison Spread","ats:Serious Mode"],"picked":"ats:Red Shift","floor":14.0},{"not_picked":["ats:Disruption Kick","ats:Volcano"],"picked":"ats:Soul Rend","floor":16.0},{"not_picked":["ats:Absolute Focus","ats:Revitalization+1"],"picked":"ats:Spore Proliferation+1","floor":20.0},{"not_picked":["ats:Ignite","ats:Composite Medical Shells"],"picked":"ats:Flexible Camouflage+1","floor":21.0},{"not_picked":["ats:Powerful Strike","ats:Guard Mode+1"],"picked":"ats:True Silver Slash","floor":24.0},{"not_picked":["ats:Revitalization","ats:Explosion Area Strengthen+1"],"picked":"ats:Shell Defense","floor":28.0},{"not_picked":["ats:Absolute Focus","ats:Demon Strength"],"picked":"ats:Cat Scratch","floor":29.0},{"not_picked":["ats:Collapsing Strike","ats:Ignite"],"picked":"ats:Hook Shot","floor":30.0},{"not_picked":["ats:Beaten Up","ats:Chain Hook"],"picked":"ats:Rat Pack","floor":31.0}],"player_experience":51531,"relics_obtained":[{"floor":4.0,"key":"LetterFromLob"},{"floor":6.0,"key":"ats:Originium"},{"floor":6.0,"key":"Pen Nib"},{"floor":9.0,"key":"ats:Spiritual Recovery"},{"floor":12.0,"key":"ats:Originium"},{"floor":12.0,"key":"Gambling Chip"},{"floor":24.0,"key":"ats:Originium"},{"floor":24.0,"key":"Blood Vial"},{"floor":26.0,"key":"ats:Rhine Circuitry"},{"floor":31.0,"key":"ats:Originium"},{"floor":31.0,"key":"Shuriken"}],"event_choices":[{"cards_removed":["ats:Defend"],"damage_healed":0.0,"max_hp_gain":0.0,"max_hp_loss":0.0,"gold_gain":0.0,"event_name":"Golden Wing","player_choice":"Card Removal","floor":3.0,"gold_loss":0.0,"damage_taken":7.0},{"damage_healed":0.0,"max_hp_gain":0.0,"max_hp_loss":0.0,"gold_gain":0.0,"event_name":"Upgrade Shrine","player_choice":"Upgraded","floor":5.0,"gold_loss":0.0,"damage_taken":0.0,"cards_upgraded":["ats:Song Of Battle"]},{"damage_healed":0.0,"max_hp_gain":0.0,"max_hp_loss":0.0,"gold_gain":0.0,"event_name":"Shining Light","player_choice":"Entered Light","floor":8.0,"gold_loss":0.0,"damage_taken":14.0,"cards_upgraded":["ats:Defend","ats:Strike C"]},{"damage_healed":0.0,"max_hp_gain":0.0,"max_hp_loss":0.0,"gold_gain":0.0,"event_name":"Lab","player_choice":"Got Potions","floor":22.0,"gold_loss":0.0,"damage_taken":0.0}],"is_beta":false,"boss_relics":[{"not_picked":["Tiny House","Velvet Choker"],"picked":"Astrolabe"}],"items_purged_floors":[],"is_endless":false,"potions_floor_spawned":[6,11,12,16,21,24,28,30,31],"killed_by":"Automaton","ascension_level":0}}