{"host":"bxdue9bkfm2khp2x","time":1611730969,"event":{"mods":["ATMod(阿瑾Mod)","Arknights The Spire","Aspiration","BaseMod","Better Vampires","Challenge The Spire","Colored Map","Colored Powertips","Conspire","Decade(王小明)","Dota2Spire","Highlight Path","Minty Spire (QoL Compilation)","MostiFishMod","Remilia（蕾米莉亚）","Replay The Spire","RumiaBox-露米娅的神秘盒子","Ryuuou龙王","Spicy Shops","StSLib","Td1madao Mod","The Alterego","The Bug Knight","The Cursed","The Servant 0.9.4","WarShipGirlsR/战舰少女R mod","noobMod","【功能Mod】混沌之环修复补丁","【遗物卡牌】REMEMod","篝火指南"],"gold_per_floor":[118,176,187,187,262,262,262,42,97,97,111,111,137,153,153,226,226,245,245,260,160,160,160,160,35,35,52,52,84,84,99,99,177,177,195,208,226,246,271,271,121,121,145,145,145,161,83,99,99,99,99,99,21,47,47],"floor_reached":56,"language":"ZHS","playtime":1960,"items_purged":["Injury","Strike_R","Bash","Strike_R"],"score":2260,"play_id":"e6cb6c89-adc0-4965-b570-59a1605efec6","local_time":"20210127150248","is_ascension_mode":true,"campfire_choices":[{"data":"AT_ShrugMaster","floor":6.0,"key":"SMITH"},{"data":"SoulSculpture","floor":12,"key":"SMITH"},{"data":"Iron Wave","floor":15,"key":"SMITH"},{"data":"Defend_R","floor":23,"key":"SMITH"},{"data":"Defend_R","floor":28,"key":"SMITH"},{"data":"Defend_R","floor":32,"key":"SMITH"},{"data":"AT_ShrugMaster","floor":40,"key":"SMITH"},{"floor":42,"key":"RECALL"},{"floor":49,"key":"REST"}],"circlet_count":0,"master_deck":["AscendersBane","Defend_R+1","Defend_R+1","Defend_R+1","SoulSculpture+1","AT_ShrugMaster+1","Iron Wave+1","AT_ShrugMaster+1","AT_BodySlamDance+1","Defy Death+1","MostiFishMod:Chiaki+1","Entrench+1","AT_CaressingTears+1","Entrench+1"],"relics":["Burning Blood","DaveBox","REME_ComplimentaryCards","ice","AT_ATBox","BionicSphere","ScarletDevilRocket","SynthV:TestCard","Dota2Spire:BladeMail","Toxic Egg 2","Frozen Eye","AT_SunfireAegis","AT_BellowingDragoncrestRing","Empty Cage","ReplayTheSpireMod:Ninjato","OriginationStaff","Blue Doll","Dota2Spire:Bloodstone","Champion Belt","conspire:InfiniteJournal","Letter Opener"],"acts_visited":["Exordium","TheCity","TheBeyond","TheEnding"],"potions_floor_usage":[33,50],"damage_taken":[{"damage":0.0,"enemies":"Small Slimes","floor":1.0,"turns":3.0},{"damage":0.0,"enemies":"conspire:RoseBush","floor":3.0,"turns":4.0},{"damage":0,"enemies":"Jaw Worm","floor":11,"turns":3},{"damage":0,"enemies":"Replay:BlueRogue","floor":13,"turns":6},{"damage":0,"enemies":"Blue Slaver","floor":14,"turns":2},{"damage":0,"enemies":"Slime Boss","floor":16,"turns":2},{"damage":0,"enemies":"3 Byrds","floor":18,"turns":4},{"damage":0,"enemies":"Spheric Guardian","floor":20,"turns":1},{"damage":0,"enemies":"Shelled Parasite and Fungi","floor":27,"turns":3},{"damage":0,"enemies":"REME_1_Revenger","floor":29,"turns":4},{"damage":0,"enemies":"Snake Plant","floor":31,"turns":2},{"damage":0,"enemies":"Collector","floor":33,"turns":3},{"damage":0,"enemies":"3 Darklings","floor":35,"turns":2},{"damage":0,"enemies":"Orb Walker","floor":36,"turns":2},{"damage":0,"enemies":"Spire Growth","floor":37,"turns":2},{"damage":0,"enemies":"Maw","floor":38,"turns":2},{"damage":0,"enemies":"Mind Bloom Boss Battle","floor":39,"turns":2},{"damage":0,"enemies":"Sphere and 2 Shapes","floor":46,"turns":2},{"damage":0,"enemies":"4 Shapes","floor":48,"turns":3},{"damage":0,"enemies":"conspire:OrnateMirror","floor":50,"turns":2},{"damage":0,"enemies":"Shield and Spear","floor":54,"turns":2},{"damage":0,"enemies":"The Heart","floor":55,"turns":6}],"seed_played":"-7000233809765237624","potions_obtained":[{"floor":2.0,"key":"EssenceOfSteel"},{"floor":2.0,"key":"Weak Potion"},{"floor":14,"key":"Dexterity Potion"},{"floor":35,"key":"AttackPotion"}],"is_trial":false,"path_per_floor":["M","?","M","?","?","R","?","$","T","$","M","R","E","M","R","B",null,"M","T","M","$","?","R","?","$","T","M","R","E","?","M","R","B",null,"M","M","M","M","?","R","$","R","T","?","?","M","$","M","R","B",null,"R","$","E","B",null],"character_chosen":"IRONCLAD","items_purchased":["Frozen Eye","Entrench+1","conspire:InfiniteJournal"],"campfire_rested":1,"item_purchase_floors":[8,47,53],"current_hp_per_floor":[74,44,50,50,39,39,39,39,39,39,45,45,51,57,57,63,72,75,75,75,75,75,75,75,75,75,75,75,75,75,75,75,75,75,75,75,75,75,75,75,75,75,75,75,75,75,75,75,75,75,75,75,75,75,75],"gold":47,"neow_bonus":"RANDOM_COMMON_RELIC","is_daily":false,"chose_seed":false,"campfire_upgraded":7,"win_rate":0.0,"timestamp":1611730968,"path_taken":["M","?","M","?","?","R","?","$","T","?","M","R","E","M","R","BOSS","M","?","M","$","?","R","?","?","T","M","R","E","?","M","R","BOSS","M","M","M","?","?","R","$","R","T","?","?","M","$","?","R","BOSS","R","$","E","BOSS"],"items_purchased_type":["Relic","Card","Relic"],"build_version":"2020-12-22","purchased_purges":4,"victory":true,"max_hp_per_floor":[75,75,75,75,75,75,75,75,75,75,75,75,75,75,75,75,75,75,75,75,75,75,75,75,75,75,75,75,75,75,75,75,75,75,75,75,75,75,75,75,75,75,75,75,75,75,75,75,75,75,75,75,75,75,75],"card_choices":[{"not_picked":["Replay:Undeath\u0027s Touch","Flex","Havoc"],"picked":"SKIP","floor":1.0},{"not_picked":["Thunderclap","Second Wind","AT_DiedThrough","AT_BodySlamDance"],"picked":"AT_ShrugMaster","floor":2.0},{"not_picked":["Run Through","Rage","MostiFishMod:#F4004","Flex"],"picked":"Iron Wave","floor":3.0},{"not_picked":["True Grit+1","Headbutt","Hemokinesis","Heavy Blade"],"picked":"AT_ShrugMaster","floor":11},{"not_picked":["Blood for Blood","Massacre","Thunderclap","Fiend Fire"],"picked":"AT_BodySlamDance+1","floor":13},{"not_picked":["Twin Strike","Metallicize","Headbutt","REME_Scribble+1"],"picked":"Defy Death+1","floor":14},{"not_picked":["MostiFishMod:OrdinaryWorld","Brutality","REME_Fury+1","Corruption"],"picked":"MostiFishMod:Chiaki+1","floor":16},{"not_picked":["REME_FearOfPain","Replay:Undeath\u0027s Touch","Battle Trance+1","Infernal Blade+1","Fire Breathing"],"picked":"SKIP","floor":18},{"not_picked":["AT_BodySlamDance+1","Warcry+1","Anger","AT_IchimonjiDouble+1","Demon Form"],"picked":"SKIP","floor":20},{"not_picked":["Inflame","Anger","MostiFishMod:#F4004+1","Fire Breathing","conspire:ExplosiveBarrier+1"],"picked":"SKIP","floor":27},{"not_picked":["Sever Soul","Flex+1","Replay:Undeath\u0027s Touch+1","Massacre"],"picked":"Entrench+1","floor":29},{"not_picked":["Heavy Blade","Wild Strike+1","Intimidate+1","Iron Wave+1","Clothesline"],"picked":"SKIP","floor":31},{"not_picked":["ReplayTheSpireMod:Corrosion Curse+1","ReplayReversal+1","Twin Strike","Perfected Strike","Dual Wield+1"],"picked":"SKIP","floor":35},{"not_picked":["Headbutt+1","AT_ShrugMaster+1","Shrug It Off+1","AT_IchimonjiDouble","Wild Strike"],"picked":"SKIP","floor":36},{"not_picked":["Warcry+1","Wild Strike","Demonic Infusion+1","Body Slam","Spot Weakness+1"],"picked":"SKIP","floor":37},{"not_picked":["Run Through","Rage+1","Wild Strike","Twin Strike+1","Pummel+1"],"picked":"SKIP","floor":38},{"not_picked":[],"picked":"AT_CaressingTears","floor":44},{"not_picked":["Headbutt","Flame Barrier+1","Havoc+1","MostiFishMod:#F4004+1","Hemogenesis"],"picked":"SKIP","floor":46},{"not_picked":["Iron Wave+1","Cleave","conspire:ExplosiveBarrier+1","Metallicize+1","Heavy Blade+1"],"picked":"SKIP","floor":48},{"not_picked":["Heavy Blade+1","Havoc+1","Pummel+1","ReplayTheSpireMod:Strike From Hell","REME_Scribble+1"],"picked":"SKIP","floor":54}],"player_experience":1344520,"relics_obtained":[{"floor":1.0,"key":"SynthV:TestCard"},{"floor":2.0,"key":"Dota2Spire:BladeMail"},{"floor":9,"key":"AT_SunfireAegis"},{"floor":13,"key":"AT_BellowingDragoncrestRing"},{"floor":19,"key":"ReplayTheSpireMod:Ninjato"},{"floor":26,"key":"OriginationStaff"},{"floor":29,"key":"Blue Doll"},{"floor":39,"key":"Champion Belt"},{"floor":54,"key":"Letter Opener"}],"event_choices":[{"damage_healed":0.0,"max_hp_gain":0.0,"max_hp_loss":0.0,"gold_gain":75.0,"event_name":"World of Goop","player_choice":"Gather Gold","floor":5.0,"gold_loss":0.0,"damage_taken":11.0},{"damage_healed":0,"gold_gain":0,"player_choice":"Ignored","damage_taken":0,"max_hp_gain":0,"max_hp_loss":0,"event_name":"Vampires","floor":22,"gold_loss":0},{"damage_healed":0,"gold_gain":0,"player_choice":"Leave","damage_taken":0,"max_hp_gain":0,"max_hp_loss":0,"event_name":"conspire:Investor","floor":24,"gold_loss":0},{"cards_removed":["Strike_R"],"damage_healed":0,"gold_gain":0,"player_choice":"Offered Basic","damage_taken":0,"max_hp_gain":0,"max_hp_loss":0,"event_name":"Bonfire Elementals","floor":30,"gold_loss":0},{"damage_healed":0,"gold_gain":0,"player_choice":"Fight","damage_taken":0,"max_hp_gain":0,"max_hp_loss":0,"event_name":"MindBloom","floor":39,"gold_loss":0},{"damage_healed":0,"gold_gain":0,"player_choice":"Got Potions","damage_taken":0,"max_hp_gain":0,"max_hp_loss":0,"event_name":"Lab","floor":45,"gold_loss":0}],"is_beta":false,"boss_relics":[{"not_picked":["TakeMeEscape","GreenFoldingFan"],"picked":"Empty Cage"},{"not_picked":["MoonlightInvasionPlan","aspiration:ServantSkillbook"],"picked":"Dota2Spire:Bloodstone"}],"items_purged_floors":[8,21,25,41],"is_endless":false,"potions_floor_spawned":[3,14,16,20,29,31,35,36],"ascension_level":14}}