{"host":"tr12w2fixbnujl15","time":1611764686,"event":{"mods":["100% Spire Juice","2.2 Compatiblity","A Penny For Your Troubles","Arknights The Spire","BaseMod","Better Skull","Better Vampires","BetterRewards","CapriCore","Clockwork Mod","Colored Powertips","Evolution","Gremlin Skip","Hermit","Hubris","Infinite Spire","JesterMod","Kalas","KinomotoSakuraMod(????)","Koishi","Mad Scientist","Magitek Elite","Mathematician","Minty Spire (QoL Compilation)","Permanent Neow","Quick Restart","Reimu??????","Relic Filter","Remilia_Scarlet Moed?????·?????3.3.5","Replay The Spire","Shop Mod","StSLib","SuperFastMode","The Accelerator","The Animator","The Bug Knight","The Construct","The Cursed","The Hayseed","The Hierophant","The Immortal","The Mystic","The Necromancer","The Runesmith","The Sage","The Senshi","The Servant 0.9.4","The Spell Scribe","The Vixen","TheFirefly","TheSwordswoman","TheVelvet","Transform Curses","WarShipGirlsR/????R mod","Yakumo Yukari mod","[IsaacMod]????"],"gold_per_floor":[110,110,129,129,139,139,172,172,172,172,172,172,172,187,187,284,284,297,297,297,314,314,314,326,0,0,13,13,33,33,43,43,148,148,166,252,252,252],"floor_reached":37,"language":"ENG","playtime":1323,"items_purged":[],"score":417,"play_id":"59eedfd4-39d1-455e-be3e-1acb0fc169e3","local_time":"20210127112446","is_ascension_mode":false,"campfire_choices":[{"floor":6,"key":"REST"},{"floor":8,"key":"REST"},{"floor":13,"key":"REST"},{"floor":15,"key":"REST"},{"floor":23,"key":"REST"},{"floor":28,"key":"REST"},{"data":"infinitespire:FutureSight","floor":32,"key":"SMITH"}],"circlet_count":0,"master_deck":["SakuraCardTheErase+","ClowCardTheSword","ClowCardTheSword","ClowCardTheSword","ClowCardTheShield","ClowCardTheShield","ClowCardTheShield","ClowCardTheShield","SpellCardSeal","SpellCardRelease","ClowCardTheLock","ClowCardTheThunder","infinitespire:Punishment","ClowCardTheDream","ClowCardTheSnow","ClowCardTheMaze","ClowCardTheTime","ClowCardTheDream+1","infinitespire:Collect","infinitespire:FutureSight+1","ClowCardTheFight","ClowCardTheFreeze","infinitespire:Collect","ClowCardTheShadow","ClowCardTheWatery+1","ClowCardTheWatery","ClowCardTheThrough","ClowCardTheMist+1","ClowCardTheMist","ClowCardTheSweet+1","ClowCardTheMirror+1"],"relics":["KSMOD_SealedBook","KSMOD_SealedWand","EVO:Axolotl","HushsDoor","AnarchistCookbook","MerchantsRug","GuppysTail","hubris:Towel","Replay:WaspNest","Durian","hubris:Backtick","Membership Card","Ice Cream","SacredBark","DollysMirror","Pantograph","hubris:MysteriousPyramids","sagemod:Blowpipe","hubris:BlackHole"],"acts_visited":["Exordium","TheCity","TheBeyond"],"potions_floor_usage":[16,21,21,31],"damage_taken":[{"damage":4,"enemies":"Cultist","floor":1,"turns":4},{"damage":19,"enemies":"Small Slimes","floor":3,"turns":5},{"damage":11,"enemies":"Jaw Worm","floor":5,"turns":2},{"damage":20,"enemies":"Lagavulin","floor":7,"turns":4},{"damage":12,"enemies":"3 Louse","floor":14,"turns":3},{"damage":0,"enemies":"Slime Boss","floor":16,"turns":4},{"damage":13,"enemies":"3 Byrds","floor":18,"turns":3},{"damage":10,"enemies":"Spheric Guardian","floor":21,"turns":3},{"damage":23,"enemies":"3 Cultists","floor":24,"turns":5},{"damage":10,"enemies":"Cultist and Chosen","floor":27,"turns":4},{"damage":0,"enemies":"Chosen and Byrds","floor":29,"turns":3},{"damage":6,"enemies":"Snake Plant","floor":31,"turns":2},{"damage":27,"enemies":"hubris:MusketHawk","floor":33,"turns":10},{"damage":0,"enemies":"Orb Walker","floor":35,"turns":2},{"damage":103,"enemies":"Remilia_Byz","floor":37,"turns":6}],"seed_played":"-6787479805114137750","potions_obtained":[{"floor":1,"key":"Toxic Potion"},{"floor":5,"key":"GamblersBrew"},{"floor":14,"key":"GamblersBrew"},{"floor":27,"key":"Regen Potion"},{"floor":31,"key":"Swift Potion"},{"floor":35,"key":"ColorlessPotion"}],"is_trial":false,"path_per_floor":["M","?","M","?","M","R","E","R","T","?","$","?","R","M","R","B",null,"M","?","AVR","M","?","R","M","$","T","M","R","M","?","M","R","B",null,"M","?","?"],"character_chosen":"KINOMOTOSAKURA","items_purchased":["MerchantsRug","DollysMirror","Pantograph","hubris:MysteriousPyramids"],"campfire_rested":6,"item_purchase_floors":[0,25,25,25],"current_hp_per_floor":[66,66,47,31,20,41,21,42,47,47,47,47,69,57,75,75,75,62,62,62,52,52,74,64,64,64,54,75,75,75,69,69,48,75,75,57,0,0],"gold":252,"neow_bonus":"","is_daily":false,"chose_seed":false,"campfire_upgraded":1,"win_rate":0.0,"timestamp":1611764686,"path_taken":["M","?","?","?","?","R","E","R","T","?","?","?","R","M","R","BOSS","M","?","AVR","M","?","R","M","$","T","M","R","M","?","?","R","BOSS","M","?","?"],"items_purchased_type":["Relic","Relic","Relic","Relic"],"build_version":"2020-12-22","purchased_purges":0,"victory":false,"max_hp_per_floor":[70,70,70,70,70,70,70,70,75,75,75,75,75,75,75,75,75,75,75,75,75,75,75,75,75,75,75,75,75,75,75,75,75,75,75,75,75,75],"card_choices":[{"not_picked":[],"picked":"Bomb","floor":0},{"not_picked":["ClowCardTheWave","ClowCardTheBig"],"picked":"ClowCardTheLock","floor":1},{"not_picked":["ClowCardTheRain","ClowCardTheIllusion"],"picked":"ClowCardTheThunder","floor":3},{"not_picked":["infinitespire:NeuralNetwork","infinitespire:Gouge"],"picked":"infinitespire:Punishment","floor":4},{"not_picked":["ClowCardTheLibra","ClowCardTheVoice"],"picked":"ClowCardTheDream","floor":5},{"not_picked":["Bomb","ClowCardThePower"],"picked":"ClowCardTheSnow","floor":7},{"not_picked":["ClowCardTheWood","ClowCardTheFight"],"picked":"ClowCardTheMaze","floor":14},{"not_picked":["ClowCardTheReturn","ClowCardTheDash"],"picked":"ClowCardTheTime","floor":16},{"not_picked":["ClowCardTheErase+1","ClowCardTheLock"],"picked":"ClowCardTheDream+1","floor":18},{"not_picked":["ClowCardTheArrow+1","ClowCardTheIllusion"],"picked":"ClowCardTheFight","floor":21},{"not_picked":["ClowCardTheMist","ClowCardTheDream+1"],"picked":"ClowCardTheFreeze","floor":24},{"not_picked":["ClowCardTheErase","ClowCardTheChange"],"picked":"ClowCardTheShadow","floor":27},{"not_picked":["ClowCardTheLight","ClowCardTheRain"],"picked":"ClowCardTheWatery+1","floor":29},{"not_picked":["ClowCardTheChange","ClowCardTheBig"],"picked":"ClowCardTheWatery","floor":31},{"not_picked":["ClowCardTheLight","ClowCardTheDark"],"picked":"ClowCardTheThrough","floor":33},{"not_picked":["ClowCardTheStorm+1","ClowCardTheCloud"],"picked":"ClowCardTheMist+1","floor":35},{"not_picked":["ClowCardTheLoop+1","ClowCardTheVoice"],"picked":"ClowCardTheMist","floor":36},{"not_picked":["ClowCardTheVoice+1","ClowCardTheFlower"],"picked":"ClowCardTheSweet+1","floor":36},{"not_picked":["ClowCardTheStorm+1","ClowCardTheSilent"],"picked":"ClowCardTheMirror+1","floor":36}],"player_experience":83592,"relics_obtained":[{"floor":7,"key":"Replay:WaspNest"},{"floor":9,"key":"Durian"},{"floor":26,"key":"sagemod:Blowpipe"}],"event_choices":[{"damage_healed":0,"gold_gain":0,"player_choice":"Ignored","damage_taken":0,"max_hp_gain":0,"max_hp_loss":0,"event_name":"Ghosts","floor":30,"gold_loss":0}],"is_beta":false,"boss_relics":[{"not_picked":["Snecko Eye","KSMOD_DarknessWand"],"picked":"hubris:Backtick"},{"not_picked":[]},{"not_picked":["Tiny House","Philosopher\u0027s Stone"],"picked":"hubris:BlackHole"},{"not_picked":[]}],"items_purged_floors":[],"is_endless":false,"potions_floor_spawned":[1,5,14,27,31,35],"killed_by":"Remilia_Byz","ascension_level":0}}