{"host":"bx8ylsmj2ob6hd5u","time":1611767152,"event":{"mods":["AchievementEnabler","Act Like it!","Aspiration","BaseMod","Colored Map","Colored Powertips","Decade(???)","Downfall","Duelist Mod","Friendly Minions","Gensokyo","GifTheSpireLib","Hallownest","Hermit","Highlight Path","HololiveMod","Hubris","Infinite Spire","Jorbs\u0027s Wanderer Trilogy","KinomotoSakuraMod(????)","Kiyohime????","Koishi","KomeijiMod","Lobotomy","LobotomyExtend","Marisa????????","Minty Spire (QoL Compilation)","Prisma Mod","Rare Cards Sparkle","Reimu??????","Remilia??????","Replay The Spire","Shop Mod","StSLib","SuperFastMode","Td1madao Mod","The Administrix","The Animator","The Bug Knight","The Construct","The Cursed","The Disciple","The Hierophant","The Jungle","The Necromancer","The Poker Player","The Runesmith","The Senshi","The Servant 0.9.4","WarShipGirlsR/????R mod"],"gold_per_floor":[118,29,29,42,42,42,55,55,55,55,65,84,84,84,84,84,84],"floor_reached":16,"language":"ENG","playtime":970,"items_purged":[],"score":90,"play_id":"d6a0fb88-9672-4aef-9e0c-331f4181c0b0","local_time":"20210127190552","is_ascension_mode":false,"campfire_choices":[{"data":"Mind Blast","floor":6,"key":"SMITH"},{"data":"stsjorbsmod:MageArmor","floor":8,"key":"SMITH"},{"data":"stsjorbsmod:MagicMirror","floor":13,"key":"SMITH"},{"data":"Storm of Steel","floor":15,"key":"SMITH"}],"circlet_count":0,"master_deck":["stsjorbsmod:ForbiddenGrimoire+1","stsjorbsmod:Strike_Wanderer","stsjorbsmod:Strike_Wanderer","stsjorbsmod:Strike_Wanderer","stsjorbsmod:Strike_Wanderer","stsjorbsmod:Defend_Wanderer","stsjorbsmod:Defend_Wanderer","stsjorbsmod:Defend_Wanderer","stsjorbsmod:Defend_Wanderer","stsjorbsmod:FreshAdventure","stsjorbsmod:EyeOfTheStorm+1","stsjorbsmod:Firebolt","OldLady","ShyLook","stsjorbsmod:MageArmor+1","Predator","Storm of Steel+1","Prepared+1","Murderer","Dazed","QueenBee","stsjorbsmod:MagicMirror+1"],"relics":["stsjorbsmod:GrimoireRelic","CogitoBucket","LetterFromLob","Hallownest:SalubrasBlessingRelic","HollowMod:LifeEnderRelic"],"acts_visited":["Exordium"],"potions_floor_usage":[],"damage_taken":[{"damage":0,"enemies":"Hallownest:2_Baldur","floor":1,"turns":4},{"damage":0,"enemies":"Hallownest:monsterHuskWarrior","floor":4,"turns":3},{"damage":0,"enemies":"Hallownest:monsterHuskGuard","floor":7,"turns":4},{"damage":10,"enemies":"Hallownest:Guard_and_Warrior","floor":11,"turns":6},{"damage":10,"enemies":"Hallownest:1_Baldur_1_Crawlid_1_Warrior","floor":12,"turns":5},{"damage":6,"enemies":"Hallownest:BossBrokenVessel","floor":16,"turns":2}],"seed_played":"-6276143788025159608","potions_obtained":[{"floor":7,"key":"Swift Potion"},{"floor":11,"key":"SkillPotion"},{"floor":12,"key":"ZuzhouPotion:ReiMu"}],"is_trial":false,"path_per_floor":["M","$","?","M","?","R","M","R","T","?","M","M","R","M","R","B"],"character_chosen":"WANDERER","items_purchased":["Mind Blast"],"campfire_rested":0,"item_purchase_floors":[2],"current_hp_per_floor":[68,68,68,70,70,70,70,70,70,70,62,54,54,1,1,0,0],"gold":84,"neow_bonus":"","is_daily":false,"chose_seed":false,"campfire_upgraded":4,"win_rate":0.0,"timestamp":1611767152,"path_taken":["M","?","?","M","?","R","M","R","T","?","M","M","R","M","R","BOSS"],"items_purchased_type":["Card"],"build_version":"2020-12-22","purchased_purges":0,"victory":false,"max_hp_per_floor":[68,68,68,70,70,70,70,70,70,70,70,70,70,1,1,1,1],"card_choices":[{"not_picked":["Variant","Scorched"],"picked":"LittlePrince","floor":1},{"not_picked":["stsjorbsmod:Hibernate","stsjorbsmod:Message"],"picked":"stsjorbsmod:Firebolt","floor":1},{"not_picked":["PunishingBird","Bloodbath"],"picked":"OldLady","floor":4},{"not_picked":["stsjorbsmod:Hibernate","stsjorbsmod:Aid"],"picked":"stsjorbsmod:Mending","floor":4},{"not_picked":["Murderer","VoidDream"],"picked":"ShyLook","floor":7},{"not_picked":["stsjorbsmod:ScorchingRay","stsjorbsmod:Materialize"],"picked":"stsjorbsmod:MageArmor","floor":7},{"not_picked":["OSAHOGD","LittlePrince"],"picked":"Murderer","floor":11},{"not_picked":["stsjorbsmod:Rest","stsjorbsmod:ChatteringStrike"],"picked":"stsjorbsmod:Inferno","floor":11},{"not_picked":["LongBird","MHz"],"picked":"QueenBee","floor":12},{"not_picked":["stsjorbsmod:FracturedMind","stsjorbsmod:FlameWard"],"picked":"stsjorbsmod:MagicMirror","floor":12}],"player_experience":1488497,"relics_obtained":[{"floor":1,"key":"LetterFromLob"},{"floor":9,"key":"HollowMod:LifeEnderRelic"}],"event_choices":[],"is_beta":false,"boss_relics":[],"items_purged_floors":[],"is_endless":false,"potions_floor_spawned":[7,11,12],"killed_by":"Hallownest:BossBrokenVessel","ascension_level":0}}