{"host":"ef3ybc9bdsabvdps","time":1611709744,"event":{"mods":["BaseMod","Minty Spire (QoL Compilation)"],"gold_per_floor":[219,219,52,126,140,169,184,44,67,92,104,104,131,145,145,249,249,263,188,207,207,220,248,248,258,258,290,290,308,336,336,336,436,436,448,107,107,121,134,134,164,175,252,252,268,302,0,0,0,0],"floor_reached":51,"language":"KOR","playtime":2184,"items_purged":["Strike_B","Strike_B"],"score":1302,"play_id":"8fe9dd9e-e39d-4320-b9a0-96be94c8a8a6","local_time":"20210127100904","is_ascension_mode":true,"campfire_choices":[{"data":"Apotheosis","floor":12.0,"key":"SMITH"},{"floor":15.0,"key":"REST"},{"floor":24.0,"key":"REST"},{"data":"Creative AI","floor":28.0,"key":"SMITH"},{"floor":32.0,"key":"REST"},{"data":"Double Energy","floor":40.0,"key":"SMITH"},{"floor":49,"key":"REST"}],"circlet_count":0,"master_deck":["Defend_B","Defend_B","Zap","Dualcast","Static Discharge","Apotheosis+1","Sweeping Beam","Go for the Eyes","Seek","Gash","Double Energy+1","All For One","Coolheaded+1","Electrodynamics","Creative AI+1","Steam+1","Defragment+1","Leap","Cold Snap+1"],"relics":["Cracked Core","GremlinMask","Meat on the Bone","Centennial Puzzle","Pen Nib","TungstenRod","Akabeko","Empty Cage","Bag of Preparation","White Beast Statue","Potion Belt","Mummified Hand","Inserter","Frozen Egg 2","Happy Flower","Kunai","Singing Bowl","Red Mask"],"acts_visited":["Exordium","TheCity","TheBeyond"],"potions_floor_usage":[46,46,50,50],"damage_taken":[{"damage":3.0,"enemies":"2 Louse","floor":1.0,"turns":2.0},{"damage":0.0,"enemies":"Cultist","floor":5.0,"turns":3.0},{"damage":23.0,"enemies":"Gremlin Nob","floor":6.0,"turns":4.0},{"damage":14.0,"enemies":"Jaw Worm","floor":7.0,"turns":3.0},{"damage":12.0,"enemies":"Lagavulin","floor":10.0,"turns":5.0},{"damage":13.0,"enemies":"Red Slaver","floor":11.0,"turns":3.0},{"damage":21.0,"enemies":"Gremlin Nob","floor":13.0,"turns":3.0},{"damage":5.0,"enemies":"3 Louse","floor":14.0,"turns":2.0},{"damage":12.0,"enemies":"The Guardian","floor":16.0,"turns":8.0},{"damage":12.0,"enemies":"2 Thieves","floor":18.0,"turns":2.0},{"damage":1.0,"enemies":"Shell Parasite","floor":20.0,"turns":2.0},{"damage":11.0,"enemies":"Centurion and Healer","floor":22.0,"turns":3.0},{"damage":5.0,"enemies":"Gremlin Leader","floor":23.0,"turns":4.0},{"damage":0.0,"enemies":"3 Cultists","floor":25.0,"turns":2.0},{"damage":10.0,"enemies":"Slavers","floor":27.0,"turns":2.0},{"damage":15.0,"enemies":"Snake Plant","floor":29.0,"turns":3.0},{"damage":0.0,"enemies":"Gremlin Leader","floor":30.0,"turns":3.0},{"damage":27.0,"enemies":"Champ","floor":33.0,"turns":8.0},{"damage":0.0,"enemies":"3 Shapes","floor":35.0,"turns":2.0},{"damage":0.0,"enemies":"3 Darklings","floor":38.0,"turns":2.0},{"damage":0.0,"enemies":"Jaw Worm Horde","floor":39.0,"turns":3.0},{"damage":60.0,"enemies":"Giant Head","floor":41.0,"turns":8.0},{"damage":6.0,"enemies":"Maw","floor":42.0,"turns":6.0},{"damage":0.0,"enemies":"Transient","floor":45.0,"turns":5.0},{"damage":14,"enemies":"Nemesis","floor":46,"turns":5},{"damage":29,"enemies":"Donu and Deca","floor":50,"turns":5}],"seed_played":"-6587433296360279511","potions_obtained":[{"floor":1.0,"key":"SmokeBomb"},{"floor":7.0,"key":"PowerPotion"},{"floor":11.0,"key":"FocusPotion"},{"floor":16.0,"key":"Ancient Potion"},{"floor":23.0,"key":"PowerPotion"},{"floor":27.0,"key":"Regen Potion"},{"floor":29.0,"key":"FearPotion"},{"floor":30.0,"key":"ColorlessPotion"},{"floor":33.0,"key":"DistilledChaos"},{"floor":35.0,"key":"Weak Potion"},{"floor":38.0,"key":"Strength Potion"},{"floor":39.0,"key":"AttackPotion"},{"floor":41.0,"key":"SkillPotion"},{"floor":42.0,"key":"Fire Potion"},{"floor":45.0,"key":"Swift Potion"},{"floor":46,"key":"SteroidPotion"}],"is_trial":false,"path_per_floor":["M","?","$","T","M","E","M","$","T","E","M","R","E","M","R","B",null,"M","$","M","?","M","E","R","M","T","E","R","M","E","?","R","B",null,"M","$","?","M","M","R","E","M","T","?","M","E","?","?","R","B",null],"character_chosen":"DEFECT","items_purchased":["Apotheosis","Seek","Frozen Egg 2"],"campfire_rested":4,"item_purchase_floors":[3,8,36],"current_hp_per_floor":[72,72,72,72,72,49,47,47,47,47,46,46,37,44,66,54,75,63,63,62,62,51,46,68,68,68,58,58,43,43,43,65,52,75,75,75,75,75,75,75,27,33,33,33,45,45,45,45,68,39],"gold":0,"neow_bonus":"HUNDRED_GOLD","is_daily":false,"chose_seed":false,"campfire_upgraded":3,"win_rate":0.0,"timestamp":1611709744,"path_taken":["M","?","$","?","M","E","M","$","T","E","M","R","E","M","R","BOSS","M","$","M","?","M","E","R","M","T","E","R","M","E","?","R","BOSS","M","$","?","M","M","R","E","M","T","?","?","E","?","?","R","BOSS"],"items_purchased_type":["Card","Card","Relic"],"build_version":"2020-12-22","purchased_purges":2,"victory":true,"max_hp_per_floor":[75,75,75,75,75,75,75,75,75,75,75,75,75,75,75,75,75,75,75,75,75,75,75,75,75,75,75,75,75,75,75,75,75,75,75,75,75,75,75,75,75,75,75,75,75,77,77,77,77,77],"card_choices":[{"not_picked":["Undo","Ball Lightning"],"picked":"Static Discharge","floor":1.0},{"not_picked":["Ball Lightning","Barrage"],"picked":"Sweeping Beam","floor":5.0},{"not_picked":["White Noise","Fusion","Reprogram"],"picked":"SKIP","floor":6.0},{"not_picked":["Rebound","Ball Lightning"],"picked":"Go for the Eyes","floor":7.0},{"not_picked":["Reprogram","Sweeping Beam"],"picked":"Gash","floor":10.0},{"not_picked":["Lockon","Core Surge"],"picked":"Double Energy","floor":11.0},{"not_picked":["White Noise","Coolheaded","Recycle"],"picked":"SKIP","floor":13.0},{"not_picked":["Leap","Hologram"],"picked":"Scrape","floor":14.0},{"not_picked":["Rainbow","Meteor Strike"],"picked":"All For One","floor":16.0},{"not_picked":["Streamline+1","Sweeping Beam","Gash"],"picked":"SKIP","floor":18.0},{"not_picked":["Reinforced Body","Consume"],"picked":"Coolheaded+1","floor":20.0},{"not_picked":["Compile Driver+1","Sunder"],"picked":"Electrodynamics","floor":22.0},{"not_picked":["Beam Cell","Fusion+1","Rebound"],"picked":"SKIP","floor":23.0},{"not_picked":["Cold Snap+1","Storm+1","Chaos+1"],"picked":"SKIP","floor":25.0},{"not_picked":["Turbo","Rebound"],"picked":"Creative AI","floor":27.0},{"not_picked":["Beam Cell+1","Skim+1","Cold Snap+1"],"picked":"SKIP","floor":29.0},{"not_picked":["Barrage","Stack"],"picked":"Steam+1","floor":30.0},{"not_picked":["Beam Cell","Stack+1"],"picked":"Defragment+1","floor":35.0},{"not_picked":["Barrage","Sweeping Beam+1","Stack"],"picked":"SKIP","floor":38.0},{"not_picked":["Compile Driver","Conserve Battery"],"picked":"Leap","floor":39.0},{"not_picked":["Rainbow","Core Surge"],"picked":"Cold Snap+1","floor":41.0},{"not_picked":["Fusion","Leap","White Noise+1"],"picked":"SKIP","floor":42.0},{"not_picked":["Genetic Algorithm","Streamline","Gash"],"picked":"SKIP","floor":45.0},{"not_picked":["Barrage","Melter+1","Chaos"],"picked":"Singing Bowl","floor":46}],"player_experience":326060,"relics_obtained":[{"floor":4.0,"key":"Meat on the Bone"},{"floor":6.0,"key":"Centennial Puzzle"},{"floor":9.0,"key":"Pen Nib"},{"floor":10.0,"key":"TungstenRod"},{"floor":13.0,"key":"Akabeko"},{"floor":23.0,"key":"Bag of Preparation"},{"floor":26.0,"key":"White Beast Statue"},{"floor":27.0,"key":"Potion Belt"},{"floor":30.0,"key":"Mummified Hand"},{"floor":41.0,"key":"Happy Flower"},{"floor":43.0,"key":"Kunai"},{"floor":46,"key":"Singing Bowl"}],"event_choices":[{"damage_healed":0.0,"max_hp_gain":0.0,"max_hp_loss":0.0,"gold_gain":0.0,"event_name":"FaceTrader","player_choice":"Trade","floor":2.0,"gold_loss":0.0,"damage_taken":0.0,"relics_obtained":["GremlinMask"]},{"damage_healed":0.0,"max_hp_gain":0.0,"max_hp_loss":0.0,"gold_gain":0.0,"event_name":"Ghosts","player_choice":"Ignored","floor":21.0,"gold_loss":0.0,"damage_taken":0.0},{"cards_removed":["Strike_B"],"damage_healed":0.0,"max_hp_gain":0.0,"max_hp_loss":0.0,"gold_gain":0.0,"event_name":"Bonfire Elementals","player_choice":"Offered Basic","floor":31.0,"gold_loss":0.0,"damage_taken":0.0},{"cards_removed":["Scrape"],"damage_healed":0.0,"max_hp_gain":0.0,"max_hp_loss":0.0,"gold_gain":0.0,"event_name":"Falling","player_choice":"Removed Attack","floor":37.0,"gold_loss":0.0,"damage_taken":0.0},{"damage_healed":0.0,"max_hp_gain":0.0,"max_hp_loss":0.0,"gold_gain":0.0,"event_name":"SecretPortal","player_choice":"Ignored","floor":44.0,"gold_loss":0.0,"damage_taken":0.0},{"damage_healed":0,"gold_gain":0,"player_choice":"Paid","damage_taken":0,"relics_obtained":["Red Mask"],"max_hp_gain":0,"max_hp_loss":0,"event_name":"Tomb of Lord Red Mask","floor":47,"gold_loss":302},{"cards_removed":["Defend_B"],"damage_healed":0,"gold_gain":0,"player_choice":"Purged","damage_taken":0,"max_hp_gain":0,"max_hp_loss":0,"event_name":"Purifier","floor":48,"gold_loss":0}],"is_beta":false,"boss_relics":[{"not_picked":["Runic Pyramid","Coffee Dripper"],"picked":"Empty Cage"},{"not_picked":["Black Star","Snecko Eye"],"picked":"Inserter"}],"items_purged_floors":[19,36],"is_endless":false,"potions_floor_spawned":[1,7,11,16,18,23,27,29,30,33,35,38,39,41,42,45,46],"ascension_level":4}}