{"host":"nwz9s93nkn2ush8t","time":1611724641,"event":{"mods":["AchievementEnabler","Act Like it!","BaseMod","Block Reminder","Colored Powertips","Googly Eyes","Minty Spire (QoL Compilation)","Quick Restart","Rare Cards Sparkle","StSLib","everything is the same but u backflip on backflip","slay the spire mod where everything is the same but ironclad has a cowboy hat"],"gold_per_floor":[117,87,99,111,111,111,139,139,164,50,0,0,79,56,56,158,158,174,174,191,210,210,210,65,65,65,100,100,0,100,131,131,236,286,296,296,296,108,126,159,96,96,178,178,5,5,18,33,33,33,33],"floor_reached":50,"language":"ENG","playtime":3391,"items_purged":["Defend_R","Decay","Defend_R","Defend_R"],"score":725,"play_id":"f505479e-3c67-413d-beb5-769c02789b9e","local_time":"20210127001721","is_ascension_mode":true,"campfire_choices":[{"data":"Feed","floor":6,"key":"SMITH"},{"data":"Flame Barrier","floor":8,"key":"SMITH"},{"data":"Uppercut","floor":12,"key":"SMITH"},{"data":"Rampage","floor":15,"key":"SMITH"},{"floor":23,"key":"REST"},{"data":"Warcry","floor":25,"key":"SMITH"},{"floor":32,"key":"REST"},{"floor":42,"key":"REST"},{"data":"Double Tap","floor":46,"key":"SMITH"},{"floor":49,"key":"REST"}],"circlet_count":0,"master_deck":["Strike_R","Strike_R","Strike_R","Strike_R","Bash+1","Feed+1","Flame Barrier+1","Warcry+1","Iron Wave","Rampage+1","Uppercut+1","Clash","Demon Form","Iron Wave+1","Flame Barrier+1","Headbutt+1","Dropkick+1","Dropkick","Clash+1","Double Tap+1","Iron Wave+1","Immolate","Sever Soul+1","Twin Strike","Havoc+1"],"relics":["Burning Blood","Vajra","Orichalcum","Kunai","Bronze Scales","Incense Burner","Matryoshka","Charon\u0027s Ashes","Singing Bowl","FossilizedHelix","Tiny House","Membership Card","Juzu Bracelet","InkBottle","The Courier","Pantograph"],"acts_visited":["Exordium","TheCity","TheBeyond"],"potions_floor_usage":[20,30,30,33,50,50],"damage_taken":[{"damage":0,"enemies":"Small Slimes","floor":1,"turns":3},{"damage":1,"enemies":"Cultist","floor":3,"turns":3},{"damage":0,"enemies":"2 Louse","floor":4,"turns":3},{"damage":19,"enemies":"Gremlin Nob","floor":7,"turns":5},{"damage":29,"enemies":"Slime Boss","floor":16,"turns":12},{"damage":20,"enemies":"2 Thieves","floor":18,"turns":4},{"damage":23,"enemies":"3 Byrds","floor":20,"turns":9},{"damage":4,"enemies":"Snecko","floor":21,"turns":5},{"damage":34,"enemies":"Book of Stabbing","floor":27,"turns":4},{"damage":1,"enemies":"Colosseum Slavers","floor":30,"turns":4},{"damage":4,"enemies":"Colosseum Nobs","floor":30,"turns":6},{"damage":26,"enemies":"Gremlin Leader","floor":31,"turns":7},{"damage":67,"enemies":"Automaton","floor":33,"turns":8},{"damage":0,"enemies":"3 Shapes","floor":35,"turns":3},{"damage":0,"enemies":"Orb Walker","floor":39,"turns":2},{"damage":84,"enemies":"Giant Head","floor":40,"turns":9},{"damage":21,"enemies":"3 Darklings","floor":47,"turns":8},{"damage":16,"enemies":"4 Shapes","floor":48,"turns":6},{"damage":125,"enemies":"Donu and Deca","floor":50,"turns":7}],"seed_played":"-774201411958807179","potions_obtained":[{"floor":2,"key":"HeartOfIron"},{"floor":2,"key":"HeartOfIron"},{"floor":4,"key":"BlessingOfTheForge"},{"floor":16,"key":"LiquidMemories"},{"floor":27,"key":"BlessingOfTheForge"},{"floor":33,"key":"ElixirPotion"},{"floor":34,"key":"Dexterity Potion"},{"floor":39,"key":"SpeedPotion"},{"floor":40,"key":"FearPotion"}],"is_trial":false,"path_per_floor":["M","?","M","M","?","R","E","R","T","$","?","R","T","$","R","B",null,"M","?","M","M","?","R","$","R","T","E","?","$","?","E","R","B",null,"M","$","?","$","M","E","$","R","T","?","$","R","M","M","R","B"],"character_chosen":"IRONCLAD","items_purchased":["Uppercut","Clash","Bronze Scales","Membership Card","Immolate","Pantograph"],"campfire_rested":4,"item_purchase_floors":[10,14,24,38,38,45],"current_hp_per_floor":[57,57,65,74,74,74,65,65,65,65,65,65,65,65,65,46,82,72,72,59,65,65,96,96,96,96,68,68,68,79,61,94,33,99,109,109,109,109,117,39,39,76,76,76,76,76,61,51,88,0,0],"gold":33,"neow_bonus":"THREE_RARE_CARDS","is_daily":false,"chose_seed":false,"campfire_upgraded":6,"win_rate":0.0,"timestamp":1611724641,"path_taken":["M","?","M","?","?","R","E","R","T","?","?","R","?","?","R","BOSS","M","?","M","?","?","R","$","R","T","E","?","?","?","E","R","BOSS","M","$","?","$","M","E","$","R","T","?","?","R","M","M","R","BOSS"],"items_purchased_type":["Card","Card","Relic","Relic","Card","Relic"],"build_version":"2020-12-22","purchased_purges":4,"victory":false,"max_hp_per_floor":[80,80,83,86,86,86,90,90,90,90,90,90,90,90,90,94,94,98,98,102,106,106,106,106,106,106,106,106,106,110,112,112,112,119,123,123,123,123,125,125,125,125,125,125,125,125,125,125,125,129,129],"card_choices":[{"not_picked":["Berserk","Brutality"],"picked":"Feed","floor":0},{"not_picked":["Armaments","Metallicize"],"picked":"Flame Barrier","floor":1},{"not_picked":["Whirlwind","Headbutt"],"picked":"Warcry","floor":3},{"not_picked":["Heavy Blade","Anger"],"picked":"Iron Wave","floor":4},{"not_picked":["Body Slam","Warcry"],"picked":"Rampage","floor":7},{"not_picked":["Immolate","Feed"],"picked":"Demon Form","floor":16},{"not_picked":["Burning Pact+1","Clash"],"picked":"Iron Wave+1","floor":18},{"not_picked":["Body Slam","Whirlwind+1"],"picked":"Headbutt+1","floor":20},{"not_picked":["Shrug It Off","Armaments+1"],"picked":"Dropkick+1","floor":21},{"not_picked":["Body Slam","Armaments"],"picked":"Dropkick","floor":27},{"not_picked":["Ghostly Armor","Wild Strike"],"picked":"Clash","floor":30},{"not_picked":["True Grit","Infernal Blade","Iron Wave"],"picked":"Singing Bowl","floor":31},{"not_picked":["Reaper","Feed"],"picked":"Double Tap","floor":33},{"not_picked":["Dropkick","Headbutt","Perfected Strike+1"],"picked":"Singing Bowl","floor":34},{"not_picked":["Dropkick","True Grit+1"],"picked":"Iron Wave+1","floor":35},{"not_picked":["Anger","True Grit","Bloodletting+1"],"picked":"Singing Bowl","floor":39},{"not_picked":["Shrug It Off","Fire Breathing"],"picked":"Sever Soul+1","floor":40},{"not_picked":["Perfected Strike","Warcry"],"picked":"Twin Strike","floor":47},{"not_picked":["Demon Form","Clothesline"],"picked":"Havoc+1","floor":48}],"player_experience":388218,"relics_obtained":[{"floor":7,"key":"Vajra"},{"floor":9,"key":"Orichalcum"},{"floor":13,"key":"Kunai"},{"floor":26,"key":"Incense Burner"},{"floor":27,"key":"Matryoshka"},{"floor":30,"key":"Charon\u0027s Ashes"},{"floor":30,"key":"Singing Bowl"},{"floor":31,"key":"FossilizedHelix"},{"floor":40,"key":"Juzu Bracelet"},{"floor":43,"key":"InkBottle"},{"floor":43,"key":"The Courier"}],"event_choices":[{"damage_healed":0,"gold_gain":0,"player_choice":"Bought 2 Potions","damage_taken":0,"max_hp_gain":0,"max_hp_loss":0,"event_name":"The Woman in Blue","floor":2,"gold_loss":0},{"damage_healed":0,"gold_gain":0,"player_choice":"Grow","damage_taken":0,"max_hp_gain":0,"max_hp_loss":0,"event_name":"Living Wall","floor":5,"gold_loss":0,"cards_upgraded":["Bash"]},{"cards_removed":["Defend_R"],"damage_healed":0,"gold_gain":0,"player_choice":"Card Removal","damage_taken":0,"max_hp_gain":0,"max_hp_loss":0,"event_name":"The Cleric","floor":11,"gold_loss":50},{"damage_healed":0,"gold_gain":0,"player_choice":"Copied","damage_taken":0,"max_hp_gain":0,"max_hp_loss":0,"event_name":"Duplicator","floor":19,"gold_loss":0,"cards_obtained":["Flame Barrier"]},{"damage_healed":0,"gold_gain":0,"player_choice":"Smashed Altar","damage_taken":0,"max_hp_gain":0,"max_hp_loss":0,"event_name":"Forgotten Altar","floor":22,"gold_loss":0,"cards_obtained":["Decay"]},{"damage_healed":0,"gold_gain":0,"player_choice":"Ignored","damage_taken":0,"max_hp_gain":0,"max_hp_loss":0,"event_name":"Vampires","floor":28,"gold_loss":0},{"damage_healed":0,"gold_gain":0,"player_choice":"Fight","damage_taken":0,"max_hp_gain":0,"max_hp_loss":0,"event_name":"Colosseum","floor":30,"gold_loss":0},{"damage_healed":0,"gold_gain":0,"player_choice":"Fought Nobs","damage_taken":0,"max_hp_gain":0,"max_hp_loss":0,"event_name":"Colosseum","floor":30,"gold_loss":0},{"damage_healed":0,"gold_gain":0,"player_choice":"Ignored","damage_taken":0,"max_hp_gain":0,"max_hp_loss":0,"event_name":"Tomb of Lord Red Mask","floor":37,"gold_loss":0},{"cards_removed":["Strike_R"],"damage_healed":0,"gold_gain":0,"player_choice":"Removed Attack","damage_taken":0,"max_hp_gain":0,"max_hp_loss":0,"event_name":"Falling","floor":44,"gold_loss":0}],"is_beta":false,"boss_relics":[{"not_picked":["Runic Pyramid","Runic Dome","Busted Crown"]},{"not_picked":["Sozu","Coffee Dripper"],"picked":"Tiny House"}],"items_purged_floors":[10,29,41,45],"is_endless":false,"potions_floor_spawned":[4,16,18,27,30,33,39,40],"killed_by":"Donu and Deca","ascension_level":6}}