{"host":"5kerkh94hj8hofz6","time":1611722042,"event":{"mods":["AchievementEnabler","BaseMod","Colored Map","Colored Powertips","Highlight Path","Minty Spire (QoL Compilation)","StSLib","The Cursed","The Hierophant"],"gold_per_floor":[112,125,225,242,242,242,275,297,320,356,356,382,3,41,41,140,140,164,164,132,160,60,60,56,56],"floor_reached":24,"language":"ENG","playtime":1578,"items_purged":["hierophant:Strike_Hierophant","hierophant:Strike_Hierophant"],"score":200,"play_id":"7436a315-a72b-4d2a-a718-85158751b04d","local_time":"20210127173402","is_ascension_mode":false,"campfire_choices":[{"data":"hierophant:FieryStrike","floor":6.0,"key":"SMITH"},{"data":"hierophant:ChurchCoffers","floor":11.0,"key":"SMITH"},{"data":"hierophant:Sermon","floor":15.0,"key":"SMITH"},{"data":"hierophant:TollTheBells","floor":23,"key":"SMITH"}],"circlet_count":0,"master_deck":["hierophant:Strike_Hierophant","hierophant:Strike_Hierophant","hierophant:Punish","hierophant:Defend_Hierophant","hierophant:Defend_Hierophant","hierophant:Defend_Hierophant","hierophant:Defend_Hierophant","hierophant:ChurchCoffers+1","hierophant:Martyrdom","hierophant:PristineSoul","hierophant:FieryStrike+1","hierophant:Doubloon","hierophant:Doubloon","hierophant:CursedGold","hierophant:SecretStash","hierophant:Sermon+1","hierophant:Determination","hierophant:Patience","Necronomicurse","hierophant:TollTheBells+1","hierophant:FieryStrike+1"],"relics":["hierophant:PropheticMaskRelic","Golden Idol","MealTicket","Oddly Smooth Stone","Thread and Needle","Black Star","Necronomicon"],"acts_visited":["Exordium","TheCity"],"potions_floor_usage":[],"damage_taken":[{"damage":1.0,"enemies":"Jaw Worm","floor":1.0,"turns":4.0},{"damage":1.0,"enemies":"Cultist","floor":2.0,"turns":3.0},{"damage":0.0,"enemies":"Small Slimes","floor":4.0,"turns":2.0},{"damage":15.0,"enemies":"Gremlin Nob","floor":7.0,"turns":4.0},{"damage":8.0,"enemies":"Gremlin Gang","floor":8.0,"turns":3.0},{"damage":6.0,"enemies":"3 Louse","floor":10.0,"turns":2.0},{"damage":0.0,"enemies":"Large Slime","floor":12.0,"turns":6.0},{"damage":0.0,"enemies":"Looter","floor":14.0,"turns":3.0},{"damage":24,"enemies":"The Guardian","floor":16,"turns":17},{"damage":0,"enemies":"Shell Parasite","floor":18,"turns":11},{"damage":16,"enemies":"2 Thieves","floor":20,"turns":4},{"damage":43,"enemies":"Centurion and Healer","floor":21,"turns":10},{"damage":8,"enemies":"3 Cultists","floor":24,"turns":3}],"seed_played":"3444971392065305586","potions_obtained":[{"floor":1.0,"key":"Dexterity Potion"},{"floor":2.0,"key":"AttackPotion"},{"floor":7.0,"key":"Block Potion"},{"floor":8.0,"key":"SneckoOil"},{"floor":20,"key":"LiquidBronze"}],"is_trial":false,"path_per_floor":["M","M","?","M","?","R","E","M","T","M","R","M","$","M","R","B",null,"M","?","M","M","$","R","M"],"character_chosen":"HIEROPHANT","items_purchased":["Thread and Needle"],"campfire_rested":0,"item_purchase_floors":[13],"current_hp_per_floor":[81,80,80,80,60,60,45,37,37,31,31,31,46,46,46,22,82,82,66,50,16,31,31,23,23],"gold":56,"neow_bonus":"TEN_PERCENT_HP_BONUS","is_daily":false,"chose_seed":false,"campfire_upgraded":4,"win_rate":0.0,"timestamp":1611722042,"path_taken":["M","M","?","?","?","R","E","M","T","M","R","M","$","M","R","BOSS","M","?","M","M","$","R","M"],"items_purchased_type":["Relic"],"build_version":"2020-12-22","purchased_purges":2,"victory":false,"max_hp_per_floor":[82,82,82,82,82,82,82,82,82,82,82,82,82,82,82,82,82,82,82,82,82,82,82,82,82],"card_choices":[{"not_picked":["hierophant:Mercenaries","hierophant:Patience"],"picked":"hierophant:Martyrdom","floor":1.0},{"not_picked":["hierophant:SolarFlare","hierophant:CoinFling"],"picked":"hierophant:PristineSoul","floor":2.0},{"not_picked":["hierophant:Empathy","hierophant:Racketeering"],"picked":"hierophant:FieryStrike","floor":4.0},{"not_picked":["hierophant:MirrorShield","hierophant:Purify"],"picked":"hierophant:Doubloon","floor":7.0},{"not_picked":["hierophant:PassingBell","hierophant:Exaltation"],"picked":"hierophant:CursedGold","floor":8.0},{"not_picked":["hierophant:Empathy","hierophant:DisplayOfPower","hierophant:Rebuild"],"picked":"SKIP","floor":10.0},{"not_picked":["hierophant:Repentance","hierophant:Empathy"],"picked":"hierophant:SecretStash","floor":12.0},{"not_picked":["hierophant:Prophecy","hierophant:OrnateBuckler"],"picked":"hierophant:Sermon","floor":14.0},{"not_picked":["hierophant:Batter","hierophant:BulkyChest"],"picked":"hierophant:Determination","floor":16},{"not_picked":["hierophant:Encroach","hierophant:ThreeLashes"],"picked":"hierophant:Patience","floor":18},{"not_picked":["hierophant:AuricShield+1","hierophant:Remorse"],"picked":"hierophant:TollTheBells","floor":20},{"not_picked":["hierophant:EyeForCoin","hierophant:AuricBeam"],"picked":"hierophant:FieryStrike+1","floor":21}],"player_experience":408598,"relics_obtained":[{"floor":7.0,"key":"MealTicket"},{"floor":9.0,"key":"Oddly Smooth Stone"},{"floor":19,"key":"Necronomicon"}],"event_choices":[{"damage_healed":0.0,"max_hp_gain":0.0,"max_hp_loss":0.0,"gold_gain":100.0,"event_name":"Golden Shrine","player_choice":"Pray","floor":3.0,"gold_loss":0.0,"damage_taken":0.0},{"damage_healed":0.0,"max_hp_gain":0.0,"max_hp_loss":0.0,"gold_gain":0.0,"event_name":"Golden Idol","player_choice":"Take Damage","floor":5.0,"gold_loss":0.0,"damage_taken":20.0,"relics_obtained":["Golden Idol"]},{"damage_healed":0,"gold_gain":0,"player_choice":"Obtained Book","damage_taken":16,"max_hp_gain":0,"max_hp_loss":0,"event_name":"Cursed Tome","floor":19,"gold_loss":0}],"is_beta":false,"boss_relics":[{"not_picked":["Snecko Eye","SacredBark"],"picked":"Black Star"}],"items_purged_floors":[13,22],"is_endless":false,"potions_floor_spawned":[1,2,7,8,20],"killed_by":"3 Cultists","ascension_level":0}}