{"host":"21h5e52imz35vo8g","time":1611746179,"event":{"mods":["AchievementEnabler","BaseMod","Colored Map","Colored Powertips","Googly Eyes","Minty Spire (QoL Compilation)","Quick Restart","Rare Cards Sparkle","StSLib"],"gold_per_floor":[117,3,278,11,30,30,56,56,56,69,80,80,80,109,109,109,109],"floor_reached":16,"language":"ZHS","playtime":413,"items_purged":["Regret"],"score":140,"play_id":"99691a52-0b08-4964-9f6e-e0ea984db610","local_time":"20210127191619","is_ascension_mode":true,"campfire_choices":[{"data":"Gash","floor":6,"key":"SMITH"},{"data":"Buffer","floor":8,"key":"SMITH"},{"data":"Fusion","floor":13,"key":"SMITH"},{"data":"Gash","floor":15,"key":"SMITH"}],"circlet_count":0,"master_deck":["Strike_B","Strike_B","Strike_B","Strike_B","Defend_B","Defend_B","Defend_B","Defend_B","Zap","Dualcast","Gash+1","All For One","Rebound","Gash+1","Buffer+1","Fusion+1"],"relics":["Cracked Core","NeowsBlessing","Sling","Omamori","Bottled Tornado","Ice Cream"],"acts_visited":["Exordium"],"potions_floor_usage":[],"damage_taken":[{"damage":0,"enemies":"Cultist","floor":1,"turns":1},{"damage":0,"enemies":"Jaw Worm","floor":5,"turns":1},{"damage":0,"enemies":"3 Sentries","floor":7,"turns":1},{"damage":0,"enemies":"2 Louse","floor":10,"turns":2},{"damage":6,"enemies":"2 Fungi Beasts","floor":11,"turns":3},{"damage":31,"enemies":"Lagavulin","floor":14,"turns":5},{"damage":36,"enemies":"Slime Boss","floor":16,"turns":6}],"seed_played":"1732332505667498710","potions_obtained":[{"floor":1,"key":"EssenceOfSteel"},{"floor":7,"key":"DuplicationPotion"},{"floor":14,"key":"Dexterity Potion"}],"is_trial":false,"path_per_floor":["M","$","?","$","M","R","E","R","T","M","M","$","R","E","R","B"],"character_chosen":"DEFECT","items_purchased":["All For One","Rebound","Gash","Sling"],"campfire_rested":0,"item_purchase_floors":[2,2,4,4],"current_hp_per_floor":[75,75,75,75,75,75,75,75,75,75,69,69,69,38,38,2,2],"gold":109,"neow_bonus":"THREE_ENEMY_KILL","is_daily":false,"chose_seed":false,"campfire_upgraded":4,"win_rate":0.0,"timestamp":1611746179,"path_taken":["M","$","?","$","?","R","E","R","T","M","M","?","R","E","R","BOSS"],"items_purchased_type":["Card","Card","Card","Relic"],"build_version":"2020-12-22","purchased_purges":1,"victory":false,"max_hp_per_floor":[75,75,75,75,75,75,75,75,75,75,75,75,75,75,75,75,75],"card_choices":[{"not_picked":["Heatsinks","Ball Lightning"],"picked":"Gash","floor":1},{"not_picked":["Cold Snap","Sweeping Beam","Tempest"],"picked":"SKIP","floor":5},{"not_picked":["Static Discharge","Reinforced Body"],"picked":"Buffer","floor":7},{"not_picked":["Rebound","Consume"],"picked":"Fusion","floor":10},{"not_picked":["Leap","Sweeping Beam","Recycle"],"picked":"SKIP","floor":11},{"not_picked":["Capacitor","Streamline","Steam Power"],"picked":"SKIP","floor":14}],"player_experience":342721,"relics_obtained":[{"floor":7,"key":"Omamori"},{"floor":9,"key":"Bottled Tornado"},{"floor":14,"key":"Ice Cream"}],"event_choices":[{"damage_healed":0,"gold_gain":275,"player_choice":"Desecrate","damage_taken":0,"max_hp_gain":0,"max_hp_loss":0,"event_name":"Golden Shrine","floor":3,"gold_loss":0,"cards_obtained":["Regret"]}],"is_beta":false,"boss_relics":[],"items_purged_floors":[4],"is_endless":false,"potions_floor_spawned":[1,7,14],"killed_by":"Slime Boss","ascension_level":1}}