{"host":"4kmvpqjeiacgn1pr","time":1611731684,"event":{"mods":["AchievementEnabler","BaseMod","Better Altar","Better Match","Better Note","Better Sensory Stone","Better Skull","Better Third Choice","Colored Map","Colored Powertips","Curses Come First","Highlight Path","Hubris","Infinite Spire","Minty Spire (QoL Compilation)","Permanent Neow","Quick Restart","Rare Cards Sparkle","Replay The Spire","Spicy Shops","StSLib","The Jungle"],"gold_per_floor":[116,778,792,805,805,805,805,805],"floor_reached":7,"language":"ENG","playtime":288,"items_purged":[],"score":51,"play_id":"73e70242-4043-4cc3-9784-fad037ac7364","local_time":"20210127021444","is_ascension_mode":true,"campfire_choices":[{"floor":6,"key":"REST"}],"circlet_count":0,"master_deck":["Strike_R","Strike_R","Strike_R","Strike_R","Strike_R","Defend_R","Defend_R","Defend_R","Defend_R","Bash","Neutralize","Strike_B","Thunderclap","Carnage","Wild Strike"],"relics":["Burning Blood","WingedGreaves","MealTicket","Golden Idol"],"acts_visited":["Exordium"],"potions_floor_usage":[4],"damage_taken":[{"damage":5,"enemies":"2 Louse","floor":1,"turns":3},{"damage":0,"enemies":"Cultist","floor":3,"turns":3},{"damage":7,"enemies":"Jaw Worm","floor":4,"turns":3},{"damage":35,"enemies":"Lagavulin","floor":7,"turns":5}],"seed_played":"1648860560488496555","potions_obtained":[{"floor":3,"key":"PowerPotion"}],"is_trial":false,"path_per_floor":["M","?","M","M","?","R","E"],"character_chosen":"IRONCLAD","items_purchased":[],"campfire_rested":1,"item_purchase_floors":[],"current_hp_per_floor":[80,4,10,9,9,31,0,0],"gold":805,"neow_bonus":"ONE_RARE_RELIC","is_daily":false,"chose_seed":false,"campfire_upgraded":0,"win_rate":0.0,"timestamp":1611731684,"path_taken":["M","?","M","?","?","R","E"],"items_purchased_type":[],"build_version":"2020-12-22","purchased_purges":0,"victory":false,"max_hp_per_floor":[80,80,80,80,74,74,74,74],"card_choices":[{"not_picked":["Heavy Blade","Dual Wield"],"picked":"Thunderclap","floor":1},{"not_picked":["Run Through","Pummel"],"picked":"Carnage","floor":3},{"not_picked":["Burning Pact","Clash"],"picked":"Wild Strike","floor":4}],"player_experience":363412,"relics_obtained":[],"event_choices":[{"damage_healed":0,"gold_gain":662,"player_choice":"RE GO GO GO GO GO GO ","damage_taken":84,"relics_obtained":["MealTicket"],"max_hp_gain":0,"max_hp_loss":0,"event_name":"betterSkull:BetterSkull","floor":2,"gold_loss":0,"cards_upgraded":[]},{"damage_healed":0,"gold_gain":0,"player_choice":"Lose Max HP","damage_taken":0,"relics_obtained":["Golden Idol"],"max_hp_gain":0,"max_hp_loss":6,"event_name":"Golden Idol","floor":5,"gold_loss":0}],"is_beta":false,"boss_relics":[],"items_purged_floors":[],"is_endless":false,"potions_floor_spawned":[3],"killed_by":"Lagavulin","ascension_level":5}}