{"host":"rm0ctv8qd8mnbkg1","time":1611751760,"event":{"mods":["Arknights The Spire","BaseMod","BetterRewards","Colored Map","DNKmod","Dark Map","Defuse TimeMaze Blight","Friendly Minions","HololiveMod","Infinite Spire","Minty Spire (QoL Compilation)","Permanent Neow","Rare Cards Sparkle","Reliquary","Replay The Spire","Shop Mod","Spicy Shops","Spire Arcade","StS++","StSLib","The Dragon Tamer","The Servant 0.9.4","Wandering Minibosses","[IsaacMod]????","??????REMEMod"],"gold_per_floor":[10012,10032,10048,10066,9645,9645,9645,9645,9672,9672,9682,9682,9682,9757,9757,9857,9857,10068,10282,10295,10394,10107,10107,10124,10124,10124,10138,10353,10364,10584,10819,10819,10919,10919,11646,12617,12548,12770,12870,12870,13720,14830,14855,15831,15831,16890,18303,19506,19506,21079,10000,10669,10502,11204,11204,11304,11304,12071,12071,12121,12130,12130,12130],"floor_reached":62,"language":"ENG","playtime":1045,"items_purged":[],"score":1271,"play_id":"12bb3556-4930-4bcb-82a9-187a0b213153","local_time":"20210127124920","is_ascension_mode":false,"campfire_choices":[{"data":"DoctorFetus","floor":6,"key":"SMITH"},{"data":"FanOfKnives","floor":8,"key":"SMITH"},{"data":"DualDimension","floor":10,"key":"SMITH"},{"data":"ShatteredReality","floor":12,"key":"SMITH"},{"data":"BestPractice","floor":15,"key":"SMITH"},{"data":"MurderousAura","floor":23,"key":"SMITH"},{"data":"TrueSight","floor":25,"key":"SMITH"},{"data":"Exchange","floor":32,"key":"SMITH"},{"floor":40,"key":"RECALL"},{"data":"infinitespire:FinalStrike","floor":45,"key":"SMITH"},{"floor":49,"key":"REST"},{"data":"Hightail","floor":57,"key":"SMITH"},{"data":"BestPractice","floor":59,"key":"SMITH"}],"circlet_count":0,"master_deck":["Strike_S","Strike_S","Strike_S","Strike_S","Defend_S","Defend_S","Defend_S","Defend_S","KidneyShot","Exchange+1","DoctorFetus+1","DualDimension+1","TrueSight+1","ShatteredReality+1","ReturningBlade+1","BestPractice+1","FanOfKnives+1","FlawlessForm+1","MurderousAura+1","Clumsy","Injury","Starlight","Moonlight","Sadistic Nature+1","BestPractice+1","Injury","Doubt","Doubt","KillingDoll+1","SpecialFormula","Rearm+1","Injury","infinitespire:FinalStrike+1","InstantArmor+1","Clumsy","Clumsy","Normality","Hightail+1","Revamp","REME_Flogging","Sadistic Nature"],"relics":["HushsDoor","NineLifeCat","D4","Burning Blood","ForgetMeNow","Girya","Dead Branch","Damocles","Incense Burner","Thread and Needle","Leech","Replay:PocketPolymizer","infinitespire:Midas Blood","infinitespire:BottledMercury","Bottled Tornado","MealTicket","reliquary:SilkGlove","Replay:Rubber Ducky","Anchor","infinitespire:Satchel","Snecko Eye","Kintsugi","Runic Dome","Guide Book","OrangePellets","MomsKnife","reliquary:Knoch"],"acts_visited":["Exordium","TheCity","TheBeyond","Exordium"],"potions_floor_usage":[],"damage_taken":[{"damage":0,"enemies":"Small Slimes","floor":1,"turns":1},{"damage":0,"enemies":"Jaw Worm","floor":2,"turns":1},{"damage":0,"enemies":"Cultist","floor":3,"turns":1},{"damage":0,"enemies":"Large Slime","floor":4,"turns":1},{"damage":0,"enemies":"Exordium Thugs","floor":11,"turns":2},{"damage":0,"enemies":"Slime Boss","floor":16,"turns":2},{"damage":0,"enemies":"Shell Parasite","floor":18,"turns":2},{"damage":0,"enemies":"Chosen","floor":19,"turns":1},{"damage":0,"enemies":"Snecko","floor":20,"turns":1},{"damage":0,"enemies":"Snake Plant","floor":24,"turns":1},{"damage":0,"enemies":"Centurion and Healer","floor":27,"turns":1},{"damage":0,"enemies":"Shelled Parasite and Fungi","floor":28,"turns":1},{"damage":0,"enemies":"Snake Plant","floor":29,"turns":1},{"damage":0,"enemies":"Cultist and Chosen","floor":30,"turns":1},{"damage":0,"enemies":"Masked Bandits","floor":31,"turns":1},{"damage":0,"enemies":"Pondfish","floor":33,"turns":1},{"damage":0,"enemies":"Orb Walker","floor":35,"turns":1},{"damage":0,"enemies":"3 Shapes","floor":36,"turns":1},{"damage":0,"enemies":"infinitespire:Three Voidlings","floor":39,"turns":1},{"damage":0,"enemies":"Nightmare_Alpha","floor":39,"turns":1},{"damage":0,"enemies":"Spire Growth","floor":41,"turns":1},{"damage":0,"enemies":"Jaw Worm Horde","floor":42,"turns":1},{"damage":0,"enemies":"Sphere and 2 Shapes","floor":44,"turns":1},{"damage":0,"enemies":"Reptomancer","floor":46,"turns":1},{"damage":0,"enemies":"Maw","floor":47,"turns":1},{"damage":0,"enemies":"4 Shapes","floor":48,"turns":1},{"damage":0,"enemies":"Awakened One","floor":50,"turns":4},{"damage":0,"enemies":"Jaw Worm","floor":52,"turns":1},{"damage":0,"enemies":"Small Slimes","floor":54,"turns":1},{"damage":0,"enemies":"Lagavulin","floor":58,"turns":1},{"damage":0,"enemies":"2 Louse","floor":61,"turns":1},{"damage":0,"enemies":"3 Sentries","floor":62,"turns":1}],"seed_played":"-1767064699567731914","potions_obtained":[{"floor":3,"key":"Strength Potion"},{"floor":11,"key":"Swift Potion"},{"floor":16,"key":"Energy Potion"}],"is_trial":false,"path_per_floor":["M","M","M","M","$","R","?","R","T","R","M","R","?","?","R","B",null,"M","M","M","?","$","R","M","R","T","M","M","M","M","?","R_BF","B",null,"M","M","$","?","?","R","M","M","T","M","R","E","M","M","R_BF","B",null,"M","$","M","?","?","R","E","R","T","M","E"],"character_chosen":"THE_SERVANT","items_purchased":["BestPractice","FanOfKnives","infinitespire:Bottled Soul","Starlight","Moonlight","Sadistic Nature","NineLifeCat","SpecialFormula","Bomb","infinitespire:Golems Mask","GuppysHairball","Hightail","BargainBundle","Broom","Vajra","StSpp:XCola","REME_Flogging","Singing Bowl","DollysMirror"],"campfire_rested":1,"item_purchase_floors":[5,5,5,22,22,22,34,34,34,37,51,51,53,53,53,53,53,53,53],"current_hp_per_floor":[1000,1000,1000,1000,1000,1000,1000,1000,1000,1000,1000,1000,900,889,889,889,1000,1000,1000,1000,1000,1000,1000,1000,1000,1000,1000,1000,1000,1000,1000,1000,1000,244,244,244,244,244,244,244,244,244,244,244,244,244,234,234,248,248,1000,1001,1001,1002,990,992,992,997,997,997,1003,1003,1003],"gold":12130,"neow_bonus":"THREE_CARDS","is_daily":false,"chose_seed":false,"campfire_upgraded":11,"win_rate":0.0,"timestamp":1611751760,"path_taken":["M","M","M","M","$","R","?","R","T","R","?","R","?","?","R","BOSS","M","M","M","?","$","R","?","R","T","M","M","M","M","?","R_BF","BOSS","M","M","$","?","?","R","M","M","T","M","R","E","M","M","R_BF","BOSS","M","$","M","?","?","R","E","R","T","M","E"],"items_purchased_type":["Card","Card","Relic","Card","Card","Card","Relic","Card","Card","Relic","Relic","Card","Relic","Relic","Relic","Relic","Card","Relic","Relic"],"build_version":"2020-12-22","purchased_purges":0,"victory":false,"max_hp_per_floor":[1000,1000,1000,1000,1000,1000,1000,1000,1000,1000,1000,1000,1000,1000,1000,1000,1000,1000,1000,1000,1000,1000,1000,1000,1000,1000,1000,1000,1000,1000,1000,1000,1000,244,244,244,244,244,244,244,244,244,244,244,244,244,251,251,248,248,1000,1001,1001,1002,1002,1004,1004,1007,1007,1007,1007,1007,1007],"card_choices":[{"not_picked":[],"picked":"DoctorFetus","floor":0},{"not_picked":["BottledTime","WasteNot"],"picked":"Bomb","floor":0},{"not_picked":["Deadline","Alleviate"],"picked":"DualDimension","floor":1},{"not_picked":["Revamp","Gouge"],"picked":"TrueSight","floor":2},{"not_picked":["Reset","Replace"],"picked":"ShatteredReality","floor":3},{"not_picked":["ShiftingGears","Potential"],"picked":"ReturningBlade","floor":4},{"not_picked":["Potential","BottledTime","Replace"],"picked":"SKIP","floor":11},{"not_picked":["Solidify","LightFlow"],"picked":"MurderousAura","floor":16},{"not_picked":["Ricochet","Snipe+1","Starlight"],"picked":"Clumsy","floor":18},{"not_picked":["InstantArmor","Unruled","Potential"],"picked":"Injury","floor":19},{"not_picked":["Moondial+1","Advance","Defy","Parasite"],"picked":"SKIP","floor":20},{"not_picked":["Rewind+1","WasteNot","ReplayTheSpireMod:Splinters"],"picked":"BestPractice","floor":24},{"not_picked":["FastForward","Manipulate","Revamp+1","Pain"],"picked":"SKIP","floor":27},{"not_picked":["Rewind+1","DualDimension+1","ShatteredReality"],"picked":"Injury","floor":28},{"not_picked":["TheWorld","Spin","Rewind","Parasite"],"picked":"SKIP","floor":29},{"not_picked":["Defy","Moonlight","Revamp"],"picked":"Doubt","floor":30},{"not_picked":["BottledTime","Barrier","Collapse"],"picked":"Doubt","floor":31},{"not_picked":["Sunlight","Initiator","infinitespire:Pacifist"],"picked":"KillingDoll","floor":33},{"not_picked":["Alleviate","Defy+1","Injury"],"picked":"Rearm+1","floor":35},{"not_picked":["Potential","ShatteredReality+1","Barrier"],"picked":"Injury","floor":36},{"not_picked":["ReplayTheSpireMod:Haul","infinitespire:TheBestDefense"],"picked":"infinitespire:FinalStrike","floor":39},{"not_picked":["Sabotage","Rearm+1","Shame"],"picked":"InstantArmor+1","floor":39},{"not_picked":["Replace","Spin+1","Rearm","Parasite"],"picked":"SKIP","floor":41},{"not_picked":["Ricochet+1","Replace","FastForward+1"],"picked":"Clumsy","floor":42},{"not_picked":["Defy+1","ShatteredReality+1","ReturningBlade+1","Regret"],"picked":"SKIP","floor":44},{"not_picked":["FanOfKnives","Defy+1","MoonPhase","Decay"],"picked":"SKIP","floor":46},{"not_picked":["FastForward+1","DoubleEdge+1","Rearm+1"],"picked":"Clumsy","floor":47},{"not_picked":["SoulSculpture","RealityMarble+1","StarChef","Parasite"],"picked":"SKIP","floor":48},{"not_picked":["Solidify","KillingDoll","Embodiment"],"picked":"Normality","floor":50},{"not_picked":["Alleviate","FanOfKnives","Decay"],"picked":"Revamp","floor":52},{"not_picked":["TimeWarp","Alleviate","FastForward","Writhe"],"picked":"Singing Bowl","floor":54},{"not_picked":["Ricochet","Potential","Rewind","Injury"],"picked":"Singing Bowl","floor":56},{"not_picked":["BottledTime","Sabotage","Barrier","Writhe"],"picked":"Singing Bowl","floor":58},{"not_picked":["Alleviate","ReturningBlade","FastForward"],"picked":"SKIP","floor":61}],"player_experience":183677,"relics_obtained":[{"floor":9,"key":"infinitespire:Lucky Rock"},{"floor":26,"key":"Bottled Flame"},{"floor":31,"key":"Red Mask"},{"floor":39,"key":"GuppysPaw"},{"floor":43,"key":"reliquary:Buckler"},{"floor":46,"key":"BloodDonationMachine"},{"floor":58,"key":"D4"},{"floor":61,"key":"reliquary:Knoch"}],"event_choices":[{"damage_healed":0,"gold_gain":0,"player_choice":"Damaged","damage_taken":100,"max_hp_gain":0,"max_hp_loss":0,"event_name":"Wheel of Change","floor":13,"gold_loss":0},{"damage_healed":0,"gold_gain":75,"player_choice":"Gather Gold","damage_taken":11,"max_hp_gain":0,"max_hp_loss":0,"event_name":"World of Goop","floor":14,"gold_loss":0},{"damage_healed":0,"gold_gain":99,"player_choice":"Stole From Cult","damage_taken":0,"max_hp_gain":0,"max_hp_loss":0,"event_name":"Nest","floor":21,"gold_loss":0},{"damage_healed":0,"gold_gain":0,"player_choice":"Fought Bandits","damage_taken":0,"max_hp_gain":0,"max_hp_loss":0,"event_name":"Masked Bandits","floor":31,"gold_loss":0},{"damage_healed":0,"gold_gain":222,"player_choice":"Wore Mask","damage_taken":0,"max_hp_gain":0,"max_hp_loss":0,"event_name":"Tomb of Lord Red Mask","floor":38,"gold_loss":0},{"damage_healed":0,"gold_gain":0,"player_choice":"Success","damage_taken":12,"relics_obtained":["reliquary:ExpiredCoupon"],"max_hp_gain":0,"max_hp_loss":0,"event_name":"Scrap Ooze","floor":55,"gold_loss":0}],"is_beta":false,"boss_relics":[{"not_picked":["Fusion Hammer","reliquary:KinkedSpring"],"picked":"REME_DemonsWealth"},{"not_picked":[]},{"not_picked":["SacredBark","Runic Pyramid"],"picked":"MagicMushroom"},{"not_picked":[]},{"not_picked":["Sozu","Cursed Key"],"picked":"StoneMask"},{"not_picked":[]}],"items_purged_floors":[],"is_endless":true,"potions_floor_spawned":[1,3,11,16,19,27,29,30,31,33,36,39,42,46,47,48,52,58],"killed_by":"3 Sentries","ascension_level":0}}