{"host":"6yvchw9rpa1i4yob","time":1611777509,"event":{"mods":["100% Spire Juice","BaseMod","Colored Map","Conspire","Duelist Mod","GifTheSpireLib","Hubris","Lobotomy","Marisa????????","Minty Spire (QoL Compilation)","Prisma Mod","Quick Restart","StSLib","The Animator","The Necromancer","[IsaacMod]????"],"gold_per_floor":[109,126,126,301,110,110,138,138,138,63,73,84,108,122,122,226,226,242,242,242,242,242],"floor_reached":21,"language":"ENG","playtime":2014,"items_purged":[],"score":177,"play_id":"c2ceb3a5-408b-4508-9b4a-d1060bdeb3af","local_time":"20210127205829","is_ascension_mode":false,"campfire_choices":[{"data":"PrismaMod:IllyaCommonAttack","floor":6,"key":"SMITH"},{"floor":15,"key":"RECALL"}],"circlet_count":0,"master_deck":["PrismaMod:IllyaCommonAttack","PrismaMod:IllyaCommonDefend","PrismaMod:IllyaCommonAttack","PrismaMod:IllyaCommonDefend","PrismaMod:IllyaCommonAttack+1","PrismaMod:IllyaCommonDefend","PrismaMod:IllyaCommonAttack","PrismaMod:IllyaCommonDefend","PrismaMod:IllyaCommonAttack","PrismaMod:IllyaCommonDefend","PrismaMod:IllyaUncommonAttack","PrismaMod:IllyaUncommonDefend","Woodsman","PrismaMod:IllyaBerserCAR+1","LaLuna","PrismaMod:IllyaCheapChannelPoison","Doubt","PrismaMod:IllyaCarnivalAttack","PrismaMod:IllyaAOECommonAttack","PrismaMod:IllyaCheapAttack","PrismaMod:IllyaDualEvoke","Laetitia","PrismaMod:IllyaFeed","Bloodbath","PrismaMod:IllyaMinorReinForce","MeatLantern","PrismaMod:IllyaMinorZwei","Scarecrow","PrismaMod:IllyaInstallShielder","PrismaMod:IllyaUncommonDefend","Scorched"],"relics":["PrismaMod:PrismaRuby","HushsDoor","CogitoBucket","DoctorsRemote","Orichalcum","Potion Belt","Theresia","hubris:RunicObelisk"],"acts_visited":["TheCity"],"potions_floor_usage":[16,16,16],"damage_taken":[{"damage":0,"enemies":"Small Slimes","floor":1,"turns":7},{"damage":0,"enemies":"Cultist","floor":2,"turns":2},{"damage":38,"enemies":"Gremlin Nob","floor":7,"turns":5},{"damage":5,"enemies":"Jaw Worm","floor":11,"turns":3},{"damage":6,"enemies":"Blue Slaver","floor":12,"turns":2},{"damage":0,"enemies":"3 Louse","floor":14,"turns":2},{"damage":84,"enemies":"Slime Boss","floor":16,"turns":12},{"damage":59,"enemies":"2 Thieves","floor":18,"turns":5},{"damage":50,"enemies":"Shell Parasite","floor":21,"turns":1}],"seed_played":"8307766645225267527","potions_obtained":[{"floor":2,"key":"Strength Potion"},{"floor":11,"key":"Dexterity Potion"},{"floor":12,"key":"AttackPotion"},{"floor":16,"key":"ColorlessPotion"},{"floor":18,"key":"LiquidMemories"}],"is_trial":false,"path_per_floor":["M","M","?","?","$","R","E","?","T","$","M","M","T","M","R","B",null,"M","?","?","M"],"character_chosen":"ILLYA","items_purchased":["PrismaMod:IllyaCarnivalAttack","PrismaMod:IllyaAOECommonAttack","PrismaMod:IllyaDualEvoke"],"campfire_rested":0,"item_purchase_floors":[5,5,10],"current_hp_per_floor":[75,75,75,75,75,75,43,43,43,43,44,46,46,70,70,32,75,29,29,29,0,0],"gold":242,"neow_bonus":"","is_daily":false,"chose_seed":false,"campfire_upgraded":1,"win_rate":0.0,"timestamp":1611777509,"path_taken":["M","M","?","?","$","R","E","?","T","?","M","M","?","?","R","BOSS","M","?","?","M"],"items_purchased_type":["Card","Card","Card"],"build_version":"2020-12-22","purchased_purges":0,"victory":false,"max_hp_per_floor":[75,75,75,75,75,75,75,75,75,75,75,75,75,75,75,75,75,75,75,75,75,75],"card_choices":[{"not_picked":["WallGazer","QueenOfHatred"],"picked":"Woodsman","floor":1},{"not_picked":["PrismaMod:IllyaAlice","PrismaMod:IllyaRussianRoulette"],"picked":"PrismaMod:IllyaBerserCAR","floor":1},{"not_picked":["OSAHOGD","OldLady"],"picked":"LaLuna","floor":2},{"not_picked":["PrismaMod:IllyaReinForce","PrismaMod:IllyaCommonEvoke"],"picked":"PrismaMod:IllyaCheapChannelPoison","floor":2},{"not_picked":["UniverseFragment","WallGazer","DreamingCurrent"],"picked":"Singing Bowl","floor":7},{"not_picked":["PunishingBird","BeautyBeast"],"picked":"ShyLook","floor":7},{"not_picked":["PrismaMod:IllyaPoisonBlock","PrismaMod:IllyaCheapChannelPoison"],"picked":"PrismaMod:IllyaCheapAttack","floor":7},{"not_picked":["WhitesApple","FairyFestival"],"picked":"Laetitia","floor":11},{"not_picked":["PrismaMod:IllyaPoisoningPhantasm","PrismaMod:IllyaGun"],"picked":"PrismaMod:IllyaFeed","floor":11},{"not_picked":["MHz","MeatLantern"],"picked":"Bloodbath","floor":12},{"not_picked":["PrismaMod:IllyaUpgradeOrbs","PrismaMod:IllyaPoisoningPhantasm"],"picked":"PrismaMod:IllyaMinorReinForce","floor":12},{"not_picked":["FairyFestival","SpiderBud","BlackSwan"],"picked":"Singing Bowl","floor":14},{"not_picked":["Variant","SpiderBud"],"picked":"MeatLantern","floor":14},{"not_picked":["PrismaMod:IllyaDevil","PrismaMod:IllyaSaphire"],"picked":"PrismaMod:IllyaMinorZwei","floor":14},{"not_picked":["UniverseFragment","Funeral"],"picked":"Scarecrow","floor":16},{"not_picked":["PrismaMod:IllyaUberPoisonChannel","PrismaMod:IllyaCarnivalOrbs"],"picked":"PrismaMod:IllyaInstallShielder","floor":16},{"not_picked":["PrismaMod:IllyaDetonatingBlow","PrismaMod:IllyaBlindPoisonToss"],"picked":"PrismaMod:IllyaUncommonDefend","floor":18},{"not_picked":["Alriune","SnowQueen","BeautyBeast"],"picked":"Singing Bowl","floor":18},{"not_picked":["OldLady","WhitesApple"],"picked":"Scorched","floor":18}],"player_experience":32520,"relics_obtained":[{"floor":7,"key":"Orichalcum"},{"floor":13,"key":"Potion Belt"}],"event_choices":[{"damage_healed":0,"gold_gain":175,"player_choice":"AGREE","damage_taken":0,"max_hp_gain":0,"max_hp_loss":0,"event_name":"Liars Game","floor":4,"gold_loss":0,"cards_obtained":["Doubt"]},{"damage_healed":0,"gold_gain":0,"player_choice":"Grow","damage_taken":0,"max_hp_gain":0,"max_hp_loss":0,"event_name":"Living Wall","floor":8,"gold_loss":0,"cards_upgraded":["PrismaMod:IllyaBerserCAR"]},{"cards_removed":["ShyLook"],"damage_healed":0,"gold_gain":0,"player_choice":"Purged","damage_taken":0,"max_hp_gain":0,"max_hp_loss":0,"event_name":"Purifier","floor":20,"gold_loss":0}],"is_beta":false,"boss_relics":[{"not_picked":["conspire:SlowCooker","hubris:Backtick"],"picked":"hubris:RunicObelisk"},{"not_picked":[]}],"items_purged_floors":[],"is_endless":false,"potions_floor_spawned":[2,11,12,16,18],"killed_by":"Shell Parasite","ascension_level":0}}