{"host":"rvofswtrkybk7ok8","time":1611751347,"event":{"mods":["ATMod(°¢èªMod)","BaseMod","Card Filter","Colored Map","Downfall","Minty Spire (QoL Compilation)","Quick Restart","StSLib"],"gold_per_floor":[99,116,131,146,56,56,105,120,20,20,37,72,72,92,112,225,225,125,152,173,193,33,33,33,45,154,154,183,206,206,232,251,346,346,346,410,77,186,205,239,239,258,282,304,78,113,113,145,164,164],"floor_reached":51,"language":"ZHS","playtime":2657,"items_purged":["hexamod:Strike"],"score":1157,"play_id":"2a8cd8d4-7ecf-41e1-b3cc-a3144413cc09","local_time":"20210127204227","is_ascension_mode":true,"campfire_choices":[{"floor":1.0,"key":"RECALL"},{"data":"hexamod:CatchUp","floor":6.0,"key":"SMITH"},{"data":"hexamod:Float","floor":9,"key":"SMITH"},{"data":"hexamod:FastForward","floor":13,"key":"SMITH"},{"data":"hexamod:ApocalypticArmor","floor":18,"key":"SMITH"},{"data":"hexamod:Rewind","floor":30,"key":"SMITH"},{"data":"hexamod:GhostflameInferno","floor":35,"key":"SMITH"}],"circlet_count":0,"master_deck":["hexamod:Sear+1","hexamod:Float+1","AT_WindFlip+1","hexamod:CatchUp+1","hexamod:BacktrackSmack+1","hexamod:FastForward+1","hexamod:GhostOfSpirePast+1","hexamod:Haunt+1","hexamod:TimeWarp+1","hexamod:GhostOfSpirePresent+1","hexamod:ApocalypticArmor+1","hexamod:CatchUp+1","hexamod:GhostflameInferno+1","hexamod:GhostOfSpirePast+1","hexamod:RetreatToShadows+1","hexamod:ParanormalForm+1","hexamod:NightmareStrike+1","J.A.X.+1","hexamod:RecurringNightmare+1","hexamod:Rewind+1","hexamod:SixthSeal","hexamod:WildfireWeapon+1","hexamod:GhostOfSpirePresent+1","hexamod:RecurringNightmare+1","hexamod:SecondSeal","hexamod:GhostflameInferno+1","hexamod:GhostOfSpirePast+1","hexamod:SwordOfDarkness+1","hexamod:FirstSeal","hexamod:NightmareGuise+1","hexamod:FlameSwitch+1","hexamod:Again+1","expansioncontent:QuickStudy+1","hexamod:HexaLevel","hexamod:SearingWound"],"relics":["hexamod:SpiritBrand","AT_ATBox","AT_SeraphEmbrace","downfall:HeartBlessingRed","AT_BellowingDragoncrestRing","hexamod:IceCube","downfall:HeartBlessingGreen","ClockworkSouvenir","Nloth\u0027s Gift","Sundial","MutagenicStrength","hexamod:TheBrokenSeal","InkBottle","Pandora\u0027s Box","AT_Manta","Potion Belt","Bag of Marbles","Blood Vial","Ornamental Fan","Happy Flower","Bottled Lightning","AT_SunfireAegis"],"acts_visited":["Exordium","TheCity","TheBeyond"],"potions_floor_usage":[36,38,39],"damage_taken":[{"damage":0.0,"enemies":"Small Slimes","floor":2.0,"turns":1.0},{"damage":0.0,"enemies":"2 Louse","floor":3.0,"turns":2.0},{"damage":0.0,"enemies":"Cultist","floor":4.0,"turns":3.0},{"damage":10.0,"enemies":"downfall:FleeingMerchant","floor":5.0,"turns":4.0},{"damage":13.0,"enemies":"Blue Slaver","floor":8.0,"turns":3.0},{"damage":0,"enemies":"3 Louse","floor":11,"turns":1},{"damage":7,"enemies":"Gremlin Nob","floor":12,"turns":3},{"damage":4,"enemies":"2 Fungi Beasts","floor":14,"turns":5},{"damage":12,"enemies":"Exordium Thugs","floor":15,"turns":3},{"damage":33,"enemies":"SI_SHIV_ARCHETYPE","floor":16,"turns":6},{"damage":13,"enemies":"Chosen","floor":19,"turns":6},{"damage":15,"enemies":"Shell Parasite","floor":20,"turns":4},{"damage":3,"enemies":"3 Cultists","floor":21,"turns":4},{"damage":0,"enemies":"downfall:FleeingMerchant","floor":22,"turns":4},{"damage":14,"enemies":"Snake Plant","floor":25,"turns":3},{"damage":22,"enemies":"downfall:Augmenter","floor":26,"turns":4},{"damage":10,"enemies":"Cultist and Chosen","floor":28,"turns":3},{"damage":6,"enemies":"3 Cultists","floor":29,"turns":4},{"damage":4,"enemies":"Gremlin Leader","floor":31,"turns":2},{"damage":11,"enemies":"Snake Plant","floor":32,"turns":2},{"damage":4,"enemies":"DF_ARCHETYPE_CLAW","floor":33,"turns":3},{"damage":33,"enemies":"2 Orb Walkers","floor":36,"turns":2},{"damage":4,"enemies":"downfall:LadyInBlue","floor":38,"turns":2},{"damage":0,"enemies":"3 Shapes","floor":39,"turns":1},{"damage":7,"enemies":"Nemesis","floor":40,"turns":3},{"damage":0,"enemies":"3 Darklings","floor":42,"turns":1},{"damage":3,"enemies":"Spire Growth","floor":43,"turns":1},{"damage":7,"enemies":"Transient","floor":44,"turns":4},{"damage":3,"enemies":"downfall:FleeingMerchant","floor":45,"turns":1},{"damage":0,"enemies":"Reptomancer","floor":46,"turns":2},{"damage":6,"enemies":"Nemesis","floor":48,"turns":3},{"damage":10,"enemies":"Writhing Mass","floor":49,"turns":2},{"damage":7,"enemies":"WA_ARCHETYPE_DIVINITY","floor":50,"turns":2}],"seed_played":"6539135884830806042","potions_obtained":[{"floor":2.0,"key":"Fruit Juice"},{"floor":3.0,"key":"LiquidMemories"},{"floor":12,"key":"DuplicationPotion"},{"floor":20,"key":"FairyPotion"},{"floor":28,"key":"LiquidBronze"},{"floor":29,"key":"GamblersBrew"},{"floor":36,"key":"Explosive Potion"},{"floor":38,"key":"Guardian:BlockOnCardUsePotion"},{"floor":38,"key":"Fire Potion"},{"floor":38,"key":"LiquidBronze"},{"floor":40,"key":"ColorlessPotion"},{"floor":46,"key":"Energy Potion"}],"is_trial":false,"path_per_floor":["R","M","M","M","$","R","T","M","R","?","M","E","R","M","M","B",null,"R","M","M","M","$","?","T","M","?","?","M","M","R","E","M","B",null,"R","?","?","?","M","E","T","M","M","M","$","E","?","E","M","B",null],"character_chosen":"THE_SPIRIT","items_purchased":["ClockworkSouvenir","Ornamental Fan","Happy Flower","expansioncontent:QuickStudy"],"campfire_rested":0,"item_purchase_floors":[22,45,45,45],"current_hp_per_floor":[70,75,75,75,72,72,72,66,66,59,67,68,68,72,68,43,75,75,70,63,68,75,75,75,69,55,55,45,85,85,81,70,66,85,85,52,96,96,96,96,96,96,93,96,93,95,95,90,90,93],"gold":164,"neow_bonus":"UPGRADE_CARD","is_daily":false,"chose_seed":false,"campfire_upgraded":6,"win_rate":0.0,"timestamp":1611751347,"path_taken":["R","M","M","M","$","R","T","M","R","?","M","E","R","M","M","BOSS","R","M","M","M","$","?","T","?","?","?","M","M","R","E","M","BOSS","R","?","?","?","?","E","T","M","M","M","$","E","?","E","M","BOSS"],"items_purchased_type":["Relic","Relic","Relic","Card"],"build_version":"2020-12-22","purchased_purges":1,"victory":true,"max_hp_per_floor":[70,75,75,75,75,75,75,75,75,75,75,75,75,75,75,75,75,75,75,75,75,75,75,75,75,75,75,75,85,85,85,85,85,85,85,85,96,96,96,96,96,96,96,96,96,96,96,96,96,96],"card_choices":[{"not_picked":["hexamod:EmpoweredFlame","hexamod:SkipABeat"],"picked":"hexamod:FirstSeal","floor":2.0},{"not_picked":["hexamod:GhostLash","hexamod:BurningTouch"],"picked":"hexamod:CatchUp","floor":3.0},{"not_picked":["hexamod:SwordOfDarkness","hexamod:PowerFromBeyond"],"picked":"hexamod:BacktrackSmack","floor":4.0},{"not_picked":["hexamod:EtherealExpedition","hexamod:HauntingEcho"],"picked":"hexamod:ThirdSeal","floor":5.0},{"not_picked":["hexamod:GhostOfSpireFuture","hexamod:RetreatToShadows","hexamod:StepThrough"],"picked":"SKIP","floor":8},{"not_picked":["hexamod:GhostOfSpireFuture","hexamod:RetreatToShadows","hexamod:StepThrough"],"picked":"SKIP","floor":8},{"not_picked":["hexamod:NecessarySacrifice","hexamod:SpectersWail"],"picked":"hexamod:FastForward","floor":11},{"not_picked":["hexamod:HeatMetal","hexamod:ParanormalForm"],"picked":"hexamod:GhostOfSpirePast","floor":12},{"not_picked":["hexamod:Hexaguard","hexamod:SpectersWail","hexamod:RecurringNightmare"],"picked":"SKIP","floor":12},{"not_picked":["hexamod:BurningTouch","hexamod:ExtraCrispy","hexamod:SwordOfDarkness"],"picked":"SKIP","floor":12},{"not_picked":["hexamod:RecurringNightmare","hexamod:RadiantFlame"],"picked":"hexamod:Haunt","floor":14},{"not_picked":["hexamod:Again","hexamod:FastForward","hexamod:EtherealExpedition"],"picked":"SKIP","floor":14},{"not_picked":["hexamod:InspiringFlames","hexamod:HeatMetal","hexamod:AdvancingGuard"],"picked":"SKIP","floor":14},{"not_picked":["hexamod:StepThrough","hexamod:RetreatToShadows"],"picked":"hexamod:SecondSeal","floor":15},{"not_picked":["hexamod:InspiringFlames","hexamod:GhostLash"],"picked":"hexamod:TimeWarp","floor":15},{"not_picked":["hexamod:ShieldOfDarkness","hexamod:HeatMetal","hexamod:NightmareStrike"],"picked":"SKIP","floor":15},{"not_picked":["hexamod:TurnItUp","hexamod:VolcanoVisage"],"picked":"hexamod:SixthSeal","floor":16},{"not_picked":["hexamod:GiftsFromTheDead","hexamod:HexaLevel"],"picked":"hexamod:GhostOfSpirePresent","floor":16},{"not_picked":["hexamod:WildfireWeapon","hexamod:UnleashSpirits"],"picked":"hexamod:ApocalypticArmor","floor":16},{"not_picked":["hexamod:SwordOfDarkness","hexamod:Hexaguard","hexamod:GhostShield+1"],"picked":"SKIP","floor":19},{"not_picked":["hexamod:FlamesFromBeyond","hexamod:GhostShield","hexamod:NightmareStrike"],"picked":"SKIP","floor":19},{"not_picked":["hexamod:SpectersWail","hexamod:NightmareStrike","hexamod:HeatMetal"],"picked":"SKIP","floor":19},{"not_picked":["hexamod:AdvancingGuard","hexamod:SwordOfDarkness"],"picked":"hexamod:CatchUp+1","floor":20},{"not_picked":["hexamod:Hexaguard","hexamod:GhostLash+1","hexamod:ShieldOfDarkness+1"],"picked":"SKIP","floor":20},{"not_picked":["hexamod:InspiringFlames+1","hexamod:Incineration","hexamod:EtherealExpedition"],"picked":"SKIP","floor":20},{"not_picked":["hexamod:BacktrackSmack+1","hexamod:SpectersWail"],"picked":"hexamod:GhostflameInferno","floor":21},{"not_picked":["hexamod:ShieldOfDarkness","hexamod:SpectralSpark+1","hexamod:GhostShield"],"picked":"SKIP","floor":21},{"not_picked":["hexamod:AdvancingGuard","hexamod:ThermalTransfer+1","hexamod:RecurringNightmare"],"picked":"SKIP","floor":21},{"not_picked":["hexamod:Firestarter","hexamod:PowerFromBeyond+1"],"picked":"hexamod:GhostOfSpirePast","floor":22},{"not_picked":["hexamod:FirstSeal","hexamod:FlamesFromBeyond"],"picked":"hexamod:RetreatToShadows","floor":22},{"not_picked":["hexamod:ShieldOfDarkness","hexamod:AdvancingGuard","hexamod:Hexaguard"],"picked":"SKIP","floor":22},{"not_picked":["hexamod:SecondSeal","hexamod:RetreatToShadows","hexamod:NightmareGuise"],"picked":"SKIP","floor":25},{"not_picked":["hexamod:TurnItUp","hexamod:SwordOfDarkness+1","hexamod:SecondSeal"],"picked":"SKIP","floor":25},{"not_picked":["hexamod:GhostLash+1","hexamod:GhostShield","hexamod:AdvancingGuard"],"picked":"SKIP","floor":25},{"not_picked":[],"picked":"J.A.X.","floor":26},{"not_picked":["hexamod:GhostLash+1","hexamod:HeatMetal"],"picked":"hexamod:RecurringNightmare+1","floor":26},{"not_picked":["hexamod:RecurringNightmare+1","hexamod:ApocalypticArmor"],"picked":"hexamod:FifthSeal","floor":26},{"not_picked":["hexamod:SpectersWail","hexamod:SoulSteal+1"],"picked":"hexamod:Rewind","floor":28},{"not_picked":["hexamod:NightmareStrike+1","hexamod:EtherealExpedition","hexamod:SpectralAdrenaline"],"picked":"SKIP","floor":28},{"not_picked":["hexamod:NightmareGuise","hexamod:Again","hexamod:SpectralSpark"],"picked":"SKIP","floor":28},{"not_picked":["hexamod:NightmareStrike+1","hexamod:EtherealExpedition","hexamod:SpectralAdrenaline"],"picked":"SKIP","floor":28},{"not_picked":["hexamod:NightmareGuise","hexamod:Again","hexamod:SpectralSpark"],"picked":"SKIP","floor":28},{"not_picked":["hexamod:FourthSeal","hexamod:SecondSeal"],"picked":"hexamod:SixthSeal","floor":29},{"not_picked":["hexamod:FlamesFromBeyond","hexamod:NightmareGuise","hexamod:ShieldOfDarkness"],"picked":"SKIP","floor":29},{"not_picked":["hexamod:Rewind+1","hexamod:NightmareStrike","hexamod:BacktrackSmack"],"picked":"SKIP","floor":29},{"not_picked":["hexamod:GhostOfSpireFuture","hexamod:Hexaguard"],"picked":"hexamod:WildfireWeapon","floor":31},{"not_picked":["hexamod:SwordOfDarkness","hexamod:SuperheatedStrike","hexamod:AdvancingGuard"],"picked":"SKIP","floor":32},{"not_picked":["hexamod:SearingWound","hexamod:WildfireWeapon"],"picked":"hexamod:GhostOfSpirePresent","floor":33},{"not_picked":["hexamod:HeatMetal","hexamod:ExtraCrispy"],"picked":"hexamod:FirstSeal","floor":36},{"not_picked":["hexamod:CatchUp","hexamod:ShieldOfDarkness+1"],"picked":"hexamod:NightmareGuise+1","floor":38},{"not_picked":["hexamod:SpectersWail","hexamod:AdvancingGuard+1","hexamod:Incineration"],"picked":"SKIP","floor":39},{"not_picked":["hexamod:Hexaguard+1","hexamod:SoulSteal","hexamod:SuperheatedStrike"],"picked":"SKIP","floor":40},{"not_picked":["hexamod:GhostOfSpireFuture","hexamod:Firestarter"],"picked":"hexamod:FlameSwitch","floor":42},{"not_picked":["hexamod:ThermalTransfer+1","hexamod:Incineration","hexamod:HauntingEcho+1"],"picked":"SKIP","floor":43},{"not_picked":["hexamod:ThermalTransfer","hexamod:ExtraCrispy"],"picked":"hexamod:Again+1","floor":44},{"not_picked":["hexamod:FirstSeal","hexamod:StepThrough+1","hexamod:HeatCrush"],"picked":"SKIP","floor":45},{"not_picked":["hexamod:BacktrackSmack+1","hexamod:SearingWound"],"picked":"hexamod:HexaLevel","floor":46},{"not_picked":["hexamod:ExtraCrispy+1","hexamod:HeatMetal"],"picked":"hexamod:SearingWound","floor":48},{"not_picked":["hexamod:PhantomCloak+1","hexamod:Incineration","hexamod:BacktrackSmack"],"picked":"SKIP","floor":49}],"player_experience":719345,"relics_obtained":[{"floor":7.0,"key":"AT_ArchangelStaff"},{"floor":12,"key":"Orichalcum"},{"floor":24,"key":"Sundial"},{"floor":26,"key":"MutagenicStrength"},{"floor":31,"key":"InkBottle"},{"floor":36,"key":"AT_Manta"},{"floor":38,"key":"Potion Belt"},{"floor":40,"key":"Bag of Marbles"},{"floor":41,"key":"Blood Vial"},{"floor":46,"key":"Bottled Lightning"},{"floor":48,"key":"AT_SunfireAegis"}],"event_choices":[{"damage_healed":0,"gold_gain":0,"player_choice":"Success","damage_taken":7,"relics_obtained":["AT_BellowingDragoncrestRing"],"max_hp_gain":0,"max_hp_loss":0,"event_name":"Scrap Ooze","floor":10,"gold_loss":0},{"damage_healed":0,"gold_gain":0,"player_choice":"Fight","damage_taken":0,"max_hp_gain":0,"max_hp_loss":0,"event_name":"Mysterious Sphere","floor":36,"gold_loss":0}],"is_beta":false,"boss_relics":[{"not_picked":["SacredBark","bronze:MakeshiftBattery"],"picked":"hexamod:IceCube"},{"not_picked":["Runic Pyramid","Empty Cage"],"picked":"Pandora\u0027s Box"}],"items_purged_floors":[5],"is_endless":false,"potions_floor_spawned":[2,3,12,20,21,26,32,33,36,40,42,46],"ascension_level":2}}