{"host":"dlqyscxstsnu98l1","time":1611727412,"event":{"mods":["AchievementEnabler","BaseMod","Bestiary","Colored Map","Colored Powertips","Conspire","Downfall","GifTheSpireLib","Highlight Path","Minty Spire (QoL Compilation)","Random Character Button","Replay The Spire","SacredBarkPlus","StSLib","everything is the same but u backflip on backflip"],"gold_per_floor":[118,134,145,145,70,70,80,115,115,144,161,161,191,206,206,305,305,289,300,225,225,242,242,269,269,294,209,243,243,243,243,243,344,344,359,359,369,369,381,381,407,407,407,407,407,407,425,219,219,219,219,219,169,199,199],"floor_reached":56,"language":"ENG","playtime":3414,"items_purged":["Strike_B","Writhe","conspire:GhostlyStrike"],"score":1352,"play_id":"5850feab-f95f-4242-bf2a-cb9fbbe04e32","local_time":"20210127000332","is_ascension_mode":true,"campfire_choices":[{"data":"conspire:Banana","floor":6,"key":"SMITH"},{"data":"Redo","floor":15,"key":"SMITH"},{"data":"Chaos","floor":23,"key":"SMITH"},{"data":"Ghostly","floor":25,"key":"SMITH"},{"floor":30,"key":"REST"},{"data":"Ghostly","floor":32,"key":"SMITH"},{"floor":40,"key":"RECALL"},{"data":"Chaos+1","floor":42,"key":"SMITH"},{"data":"Chaos+2","floor":49,"key":"SMITH"},{"data":"Biased Cognition+1","floor":52,"key":"SMITH"}],"circlet_count":0,"master_deck":["conspire:GhostlyDefend","Zap+1","Dualcast","conspire:Banana+1","Cold Snap","Ball Lightning","Leap","Redo+1","Core Surge","Coolheaded+1","Loop","Lockon","Ghostly+1","Ghostly+1","Ghostly","Ghostly","Ghostly+1","Chaos+3","Redo+1","CurseOfTheBell","Machine Learning+1","Discovery","Biased Cognition+2","Blind","Conserve Battery+1","Swift Strike","ReplayTheSpireMod:Private Reserves"],"relics":["Cracked Core","Bag of Preparation","HornCleat","Sundial","Inserter","Tiny Chest","Centennial Puzzle","Golden Egg","ReplayTheSpireMod:TigerMarble","Calling Bell","Smiling Mask","Mummified Hand","conspire:InfiniteJournal","Prayer Wheel","Replay:PocketPolymizer","War Paint","Darkstone Periapt","ReplayTheSpireMod:Ninjato","Pantograph","OrangePellets","Orichalcum"],"acts_visited":["Exordium","TheCity","TheBeyond","TheEnding"],"potions_floor_usage":[16,28,28,33,41,47,47],"damage_taken":[{"damage":0,"enemies":"2 Louse","floor":1,"turns":2},{"damage":0,"enemies":"Cultist","floor":2,"turns":3},{"damage":4,"enemies":"conspire:RoseBush","floor":3,"turns":2},{"damage":2,"enemies":"conspire:2 RoseBushes","floor":7,"turns":4},{"damage":26,"enemies":"Gremlin Nob","floor":8,"turns":5},{"damage":3,"enemies":"Replay:BlueRogue","floor":10,"turns":6},{"damage":0,"enemies":"2 Fungi Beasts","floor":11,"turns":3},{"damage":8,"enemies":"Lagavulin","floor":13,"turns":6},{"damage":5,"enemies":"Large Slime","floor":14,"turns":6},{"damage":34,"enemies":"Hexaghost","floor":16,"turns":13},{"damage":1,"enemies":"2 Thieves","floor":18,"turns":4},{"damage":10,"enemies":"Chosen","floor":19,"turns":5},{"damage":16,"enemies":"Snecko","floor":22,"turns":7},{"damage":2,"enemies":"Book of Stabbing","floor":24,"turns":5},{"damage":25,"enemies":"Gremlin Leader","floor":28,"turns":9},{"damage":13,"enemies":"conspire:MysteriousRune","floor":33,"turns":10},{"damage":8,"enemies":"3 Shapes","floor":35,"turns":5},{"damage":13,"enemies":"3 Darklings","floor":37,"turns":11},{"damage":2,"enemies":"Writhing Mass","floor":39,"turns":7},{"damage":15,"enemies":"Reptomancer","floor":41,"turns":8},{"damage":0,"enemies":"Jaw Worm Horde","floor":47,"turns":5},{"damage":6,"enemies":"Time Eater","floor":50,"turns":8},{"damage":0,"enemies":"Shield and Spear","floor":54,"turns":8},{"damage":57,"enemies":"The Heart","floor":55,"turns":13}],"seed_played":"6282904992462640091","potions_obtained":[{"floor":2,"key":"GamblersBrew"},{"floor":3,"key":"sneckomod:MuddlingPotion"},{"floor":14,"key":"FearPotion"},{"floor":16,"key":"Elixir"},{"floor":22,"key":"FocusPotion"},{"floor":33,"key":"hexamod:SoulburnPotion"},{"floor":35,"key":"Energy Potion"},{"floor":41,"key":"Adrenaline Potion"},{"floor":54,"key":"Energy Potion"}],"is_trial":false,"path_per_floor":["M","M","M","?","$","R","M","E","T","E","M","?","E","M","R","B",null,"M","M","$","?","M","R","E","R","T","?","E","?","R","?","R","B",null,"M","T","M","?","M","R","E","R","T","?","T","T","M","$","R","B",null,"R","$","E","B",null],"character_chosen":"DEFECT","items_purchased":["Lockon","OrangePellets"],"campfire_rested":1,"item_purchase_floors":[20,48],"current_hp_per_floor":[76,77,74,74,74,74,74,50,50,49,51,51,45,42,42,10,92,93,85,85,48,34,34,34,34,34,34,11,11,27,27,27,16,56,50,50,39,54,54,54,41,41,41,41,41,41,43,43,43,62,68,68,68,70,15],"gold":199,"neow_bonus":"RANDOM_COLORLESS","is_daily":false,"chose_seed":false,"campfire_upgraded":8,"win_rate":0.0,"timestamp":1611727412,"path_taken":["M","M","M","?","$","R","M","E","T","E","?","?","E","M","R","BOSS","M","M","$","?","M","R","E","R","T","?","E","?","R","?","R","BOSS","M","?","M","?","M","R","E","R","T","?","?","?","?","$","R","BOSS","R","$","E","BOSS"],"items_purchased_type":["Card","Relic"],"build_version":"2020-12-22","purchased_purges":3,"victory":true,"max_hp_per_floor":[76,77,78,78,78,78,80,82,82,84,86,86,88,90,90,92,92,94,96,96,48,50,50,52,52,52,52,54,54,54,54,54,56,56,58,58,60,60,62,62,64,64,64,64,64,64,66,66,66,68,68,68,68,70,72],"card_choices":[{"not_picked":["Trip","Dramatic Entrance"],"picked":"conspire:Banana","floor":0},{"not_picked":["Beam Cell","Tempest"],"picked":"Cold Snap","floor":1},{"not_picked":["Rebound","Sweeping Beam"],"picked":"Ball Lightning","floor":2},{"not_picked":["Doom and Gloom","Ball Lightning"],"picked":"Leap","floor":3},{"not_picked":["Turbo","Redo","Ball Lightning"],"picked":"SKIP","floor":7},{"not_picked":["Storm","Scrape"],"picked":"Auto Shields","floor":8},{"not_picked":["Compile Driver","BootSequence","Panic Button"],"picked":"SKIP","floor":10},{"not_picked":["Sweeping Beam","Compile Driver","Steam"],"picked":"SKIP","floor":11},{"not_picked":["Leap","Meteor Strike"],"picked":"Redo","floor":13},{"not_picked":["conspire:SharedLibrary","Cold Snap","Panic Button"],"picked":"SKIP","floor":14},{"not_picked":["Multi-Cast","Reboot"],"picked":"Core Surge","floor":16},{"not_picked":["Steam","Capacitor"],"picked":"Coolheaded+1","floor":18},{"not_picked":["Ball Lightning","Beam Cell"],"picked":"Loop","floor":19},{"not_picked":["Barrage+1","Beam Cell"],"picked":"Chaos","floor":22},{"not_picked":["ReplaySolidLightProjector","Fusion"],"picked":"Redo+1","floor":24},{"not_picked":["ReplaySort+1","Hologram+1","FTL"],"picked":"SKIP","floor":28},{"not_picked":["Reboot","Amplify"],"picked":"ReplayTheSpireMod:Fabricate Wheel","floor":33},{"not_picked":["Tempest+1","Doom and Gloom+1","Hologram"],"picked":"SKIP","floor":35},{"not_picked":["Beam Cell","Reinforced Body+1","White Noise"],"picked":"SKIP","floor":35},{"not_picked":["Double Energy+1","Rip and Tear+1","Darkness"],"picked":"SKIP","floor":37},{"not_picked":["Turbo","Force Field+1","Beam Cell"],"picked":"SKIP","floor":37},{"not_picked":["Stack","Fusion+1","Sweeping Beam+1"],"picked":"SKIP","floor":39},{"not_picked":["Turbo","Go for the Eyes","Panic Button+1"],"picked":"SKIP","floor":39},{"not_picked":["Leap+1","Go for the Eyes"],"picked":"Biased Cognition","floor":41},{"not_picked":["Aggregate","Hologram"],"picked":"Conserve Battery+1","floor":47},{"not_picked":["Tempest","Beam Cell+1","Hologram+1"],"picked":"SKIP","floor":47},{"not_picked":["Chaos+1","Steam","Rebound+1"],"picked":"SKIP","floor":54}],"player_experience":122773,"relics_obtained":[{"floor":8,"key":"Bag of Preparation"},{"floor":10,"key":"HornCleat"},{"floor":13,"key":"Sundial"},{"floor":24,"key":"Tiny Chest"},{"floor":26,"key":"Centennial Puzzle"},{"floor":28,"key":"ReplayTheSpireMod:TigerMarble"},{"floor":34,"key":"Smiling Mask"},{"floor":34,"key":"Mummified Hand"},{"floor":34,"key":"conspire:InfiniteJournal"},{"floor":36,"key":"Replay:PocketPolymizer"},{"floor":41,"key":"War Paint"},{"floor":43,"key":"Darkstone Periapt"},{"floor":45,"key":"ReplayTheSpireMod:Ninjato"},{"floor":46,"key":"Pantograph"},{"floor":54,"key":"Orichalcum"}],"event_choices":[{"damage_healed":0,"gold_gain":0,"player_choice":"Bought 0 Potions","damage_taken":0,"max_hp_gain":0,"max_hp_loss":0,"event_name":"The Woman in Blue","floor":4,"gold_loss":0},{"damage_healed":0,"gold_gain":0,"player_choice":"Agree","damage_taken":0,"max_hp_gain":0,"max_hp_loss":0,"event_name":"conspire:LoneGhost","floor":12,"gold_loss":0},{"damage_healed":0,"gold_gain":0,"player_choice":"Became a Ghost","damage_taken":0,"max_hp_gain":0,"max_hp_loss":48,"event_name":"Ghosts","floor":21,"gold_loss":0,"cards_obtained":["Ghostly","Ghostly","Ghostly","Ghostly","Ghostly"]},{"damage_healed":0,"gold_gain":0,"player_choice":"Obtained Relic","damage_taken":0,"relics_obtained":["Golden Egg"],"max_hp_gain":0,"max_hp_loss":0,"event_name":"Addict","floor":27,"gold_loss":85},{"cards_removed":["conspire:GhostlyStrike"],"damage_healed":0,"gold_gain":0,"player_choice":"Card Removal","damage_taken":0,"max_hp_gain":0,"max_hp_loss":0,"event_name":"Wheel of Change","floor":31,"gold_loss":0},{"damage_healed":15,"gold_gain":0,"player_choice":"Writhe","damage_taken":0,"max_hp_gain":0,"max_hp_loss":0,"event_name":"Winding Halls","floor":38,"gold_loss":0,"cards_obtained":["Writhe"]},{"cards_removed":["Auto Shields"],"damage_healed":0,"gold_gain":0,"player_choice":"Removed Skill","damage_taken":0,"max_hp_gain":0,"max_hp_loss":0,"event_name":"Falling","floor":44,"gold_loss":0}],"is_beta":false,"boss_relics":[{"not_picked":["SlaversCollar","Painkiller Herb"],"picked":"Inserter"},{"not_picked":["Kintsugi","SacredBark"],"picked":"Calling Bell"}],"items_purged_floors":[5,48,53],"is_endless":false,"potions_floor_spawned":[2,3,14,16,22,24,33,35,41,54],"ascension_level":2}}