{"host":"0m9qzqwuh9r40nrk","time":1611717771,"event":{"mods":["BaseMod","Conspire","Downfall","Hermit","Hubris","Infinite Spire","Jorbs\u0027s Wanderer Trilogy","Minty Spire (QoL Compilation)","Quick Restart","Replay The Spire","Shop Mod","StSLib","The Animator","The Construct","The Cursed","The Disciple","The Hierophant","The Necromancer","The Runesmith","everything is the same but u backflip on backflip"],"gold_per_floor":[115,133,133,133,308,340,353,370,370,370,384,394,73,88,88,187,187,203,203,223,233,249,283,285,285,310,318,318,342,342,358,358,487,487,510,525,182,206,146,146,168,168],"floor_reached":41,"language":"ENG","playtime":5987,"items_purged":["Doubt","Strike_W","Reap_The_Weak"],"score":442,"play_id":"06735374-c3c0-44f3-9710-821c30d057c6","local_time":"20210126192251","is_ascension_mode":false,"campfire_choices":[{"data":"Bones_to_Steel","floor":10,"key":"SMITH"},{"data":"hubris:InfiniteBlow","floor":25,"key":"SMITH"},{"data":"hubris:InfiniteBlow+1","floor":25,"key":"SMITH"},{"data":"hubris:InfiniteBlow+2","floor":28,"key":"SMITH"},{"data":"hubris:InfiniteBlow+3","floor":28,"key":"SMITH"},{"data":"hubris:InfiniteBlow+4","floor":30,"key":"SMITH"},{"data":"hubris:InfiniteBlow+5","floor":30,"key":"SMITH"},{"data":"hubris:InfiniteBlow+6","floor":32,"key":"SMITH"},{"data":"infinitespire:Collect","floor":32,"key":"SMITH"},{"data":"hubris:InfiniteBlow+7","floor":40,"key":"SMITH"},{"data":"hubris:InfiniteBlow+8","floor":40,"key":"SMITH"}],"circlet_count":0,"master_deck":["Strike_W","Defend_W","Defend_W","Defend_W","Negative_Energy_Arrows","Bone_Wall","Summon_Undead+1","Vampiric_Strike","Bone_Prison","Bones_to_Steel+1","Plague_Bolt","Bone_Bullets","Bone_Armor","Toxic_Smoke_Screen+1","Summon_Lich","Negative_Energy_Javelin","Cloudkill","Blood_Shield+1","hubris:InfiniteBlow+9","Corrupt","Bone_Shift","infinitespire:Collect+1","Necromantic_Selection+1","Requiem","Blood_Is_Power","Secret Technique","hubris:Insight","Negative_Energy_Shield","Summon_Vampire_Lady"],"relics":["Vampire_Amulet","NeowsBlessing","Ring of Misfortune","HornCleat","Torii","ReplayTheSpireMod:CursedCoin","Replay:Arrowhead","SacredBark","Strange Spoon","infinitespire:Midas Blood","Nilry\u0027s Codex","conspire:RunicOctahedron","BargainBundle"],"acts_visited":["Exordium","TheCity","TheBeyond"],"potions_floor_usage":[14,16,16,22,23,33],"damage_taken":[{"damage":0,"enemies":"Jaw Worm","floor":1,"turns":1},{"damage":0,"enemies":"Small Slimes","floor":2,"turns":1},{"damage":0,"enemies":"Replay:BlueRogue","floor":6,"turns":1},{"damage":1,"enemies":"2 Louse","floor":7,"turns":3},{"damage":0,"enemies":"Exordium Wildlife","floor":8,"turns":4},{"damage":9,"enemies":"conspire:2 RoseBushes","floor":11,"turns":5},{"damage":0,"enemies":"2 Fungi Beasts","floor":12,"turns":3},{"damage":1,"enemies":"Exordium Thugs","floor":14,"turns":5},{"damage":11,"enemies":"Fading Forest","floor":16,"turns":11},{"damage":3,"enemies":"Chosen","floor":18,"turns":6},{"damage":13,"enemies":"Spheric Guardian","floor":20,"turns":6},{"damage":10,"enemies":"Snecko","floor":21,"turns":6},{"damage":24,"enemies":"Snake Plant","floor":22,"turns":7},{"damage":3,"enemies":"Nightmare","floor":23,"turns":9},{"damage":2,"enemies":"Shelled Parasite and Fungi","floor":29,"turns":7},{"damage":16,"enemies":"Centurion and Healer","floor":31,"turns":5},{"damage":21,"enemies":"conspire:MysteriousRune","floor":33,"turns":9},{"damage":20,"enemies":"3 Darklings","floor":35,"turns":8},{"damage":2,"enemies":"Orb Walker","floor":36,"turns":4},{"damage":9,"enemies":"Writhing Mass","floor":38,"turns":4},{"damage":70,"enemies":"Jaw Worm Horde","floor":41,"turns":6}],"seed_played":"6837306811652920648","potions_obtained":[{"floor":2,"key":"DistilledChaos"},{"floor":11,"key":"champ:CounterPotion"},{"floor":12,"key":"SpeedPotion"},{"floor":14,"key":"Explosive Potion"},{"floor":21,"key":"Adrenaline Potion"},{"floor":29,"key":"SteroidPotion"}],"is_trial":false,"path_per_floor":["M","M","?","?","?","E","M","M","T","R","M","M","$","M","R","B",null,"M","AVR","M","M","M","NM","?","R","T","?","R","M","R","M","R","B",null,"M","M","$","M","?","R","M"],"character_chosen":"NECROMANCER","items_purchased":["ReplayTheSpireMod:CursedCoin","Replay:Arrowhead","Toxic_Smoke_Screen+1","Summon_Lich","BargainBundle","infinitespire:BlackPotion","SmokeBomb","Doom Potion","Secret Technique","hubris:Insight"],"campfire_rested":0,"item_purchase_floors":[13,13,13,13,37,37,37,37,37,37],"current_hp_per_floor":[75,75,75,75,75,75,75,75,75,75,70,75,75,75,75,75,75,75,75,64,58,59,75,58,58,58,42,42,46,46,34,34,19,75,66,66,66,59,59,59,0,0],"gold":168,"neow_bonus":"THREE_ENEMY_KILL","is_daily":false,"chose_seed":false,"campfire_upgraded":11,"win_rate":0.0,"timestamp":1611717771,"path_taken":["M","M","?","?","?","E","M","?","T","R","M","M","$","M","R","BOSS","M","AVR","M","M","M","NM","?","R","T","?","R","M","R","M","R","BOSS","M","M","$","M","?","R","M"],"items_purchased_type":["Relic","Relic","Card","Card","Relic","Potion","Potion","Potion","Card","Card"],"build_version":"2020-12-22","purchased_purges":3,"victory":false,"max_hp_per_floor":[75,75,75,75,75,75,75,75,75,75,75,75,75,75,75,75,75,75,75,75,75,75,75,75,75,75,75,75,75,75,75,75,75,75,75,75,75,75,75,75,75,75],"card_choices":[{"not_picked":["Blood_Whip","Bone_Armory"],"picked":"Summon_Undead","floor":1},{"not_picked":["Shackles_Of_Pain","Epidemic"],"picked":"Vampiric_Strike","floor":2},{"not_picked":["Toxic_Smoke_Screen","Negative_Energy_Javelin"],"picked":"Bone_Prison","floor":6},{"not_picked":["Toxic_Smoke_Screen","Scare"],"picked":"Bones_to_Steel","floor":7},{"not_picked":["Negative_Energy_Javelin","Necromantic_Selection"],"picked":"Plague_Bolt","floor":8},{"not_picked":["Necromantic_Selection","Shackles_Of_Pain"],"picked":"Bone_Bullets","floor":11},{"not_picked":["Strike_from_Beyond","Negative_Energy_Sphere"],"picked":"Bone_Armor","floor":12},{"not_picked":["Shackles_Of_Pain","Vampiric_Strike"],"picked":"Reap_The_Weak","floor":14},{"not_picked":["Negative_Energy_Bomb","Summon_Vampire_Lady"],"picked":"Cloudkill","floor":16},{"not_picked":["Negative_Energy_Javelin+1","Scare"],"picked":"Blood_Shield+1","floor":18},{"not_picked":["Bone_Bullets","Deaths_Shadow","Bone_Armor+1"],"picked":"SKIP","floor":20},{"not_picked":["Chill_Blood","Negative_Energy_Mist"],"picked":"Corrupt","floor":21},{"not_picked":["Chill_Blood","Whirlwind_of_Bones","Negative_Energy_Javelin"],"picked":"SKIP","floor":22},{"not_picked":["Negative_Energy_Javelin+1","Summon_Lich"],"picked":"Bone_Shift","floor":23},{"not_picked":["infinitespire:Gouge","infinitespire:UltimateForm"],"picked":"infinitespire:Collect","floor":24},{"not_picked":["Negative_Energy_Mist","Chill_Blood"],"picked":"Necromantic_Selection+1","floor":29},{"not_picked":["Cloudkill","Scare","Bone_Spikes"],"picked":"SKIP","floor":31},{"not_picked":["Detonate_Bones","Summon_Vampire_Lady"],"picked":"Requiem","floor":33},{"not_picked":["Death_Coil","Strike_from_Beyond+1"],"picked":"Blood_Is_Power","floor":35},{"not_picked":["Necromantic_Selection+1","Shade_Step","Bone_Bullets"],"picked":"SKIP","floor":36},{"not_picked":["Bone_Spikes","Blood_Whip+1","Blood_Curse+1"],"picked":"SKIP","floor":38}],"player_experience":448550,"relics_obtained":[{"floor":4,"key":"Ring of Misfortune"},{"floor":6,"key":"HornCleat"},{"floor":9,"key":"Torii"},{"floor":23,"key":"infinitespire:Midas Blood"},{"floor":27,"key":"Nilry\u0027s Codex"}],"event_choices":[{"damage_healed":0,"gold_gain":175,"player_choice":"AGREE","damage_taken":0,"max_hp_gain":0,"max_hp_loss":0,"event_name":"Liars Game","floor":5,"gold_loss":0,"cards_obtained":["Doubt"]},{"damage_healed":0,"gold_gain":0,"player_choice":"Obtained Book","damage_taken":16,"max_hp_gain":0,"max_hp_loss":0,"event_name":"Cursed Tome","floor":27,"gold_loss":0},{"damage_healed":0,"gold_gain":0,"cards_transformed":["Strike_W","Defend_W"],"player_choice":"Transformed Cards","damage_taken":0,"max_hp_gain":0,"max_hp_loss":0,"event_name":"Designer","floor":39,"gold_loss":60,"cards_obtained":["Negative_Energy_Shield","Summon_Vampire_Lady"]}],"is_beta":false,"boss_relics":[{"not_picked":["hubris:CrackedHourglass","Ectoplasm"],"picked":"SacredBark"},{"not_picked":["Calling Bell","Replay:Ancient Bell"],"picked":"conspire:RunicOctahedron"}],"items_purged_floors":[13,19,37],"is_endless":true,"potions_floor_spawned":[2,11,12,14,21,29],"killed_by":"Jaw Worm Horde","ascension_level":0}}