{"host":"KYO","time":1611744724,"event":{"mods":["ATMod(°¢èªMod)","BaseMod","Minty Spire (QoL Compilation)","Permanent Neow","Replay The Spire","Shop Mod","StSLib","SuperFastMode","TestMod","[IsaacMod]ÒÔÈö¼âËþ","¡¾ÒÅÎï¿¨ÅÆ¡¿REMEMod"],"gold_per_floor":[109,119,141,141,165,165,185,225,251,287,19,19,19,40,40,136,136,152,175,175,190,214,253,253,253],"floor_reached":24,"language":"ZHS","playtime":933,"items_purged":[],"score":456,"play_id":"bf53e3f5-b548-4fa1-b653-b7c5a5fb83be","local_time":"20210127185204","is_ascension_mode":true,"campfire_choices":[{"data":"White Noise","floor":6.0,"key":"SMITH"},{"data":"Zap","floor":12.0,"key":"SMITH"},{"data":"Dualcast","floor":15.0,"key":"SMITH"}],"circlet_count":0,"master_deck":["AscendersBane","Strike_B","Strike_B","Strike_B","Strike_B","Defend_B","Defend_B","Defend_B","Defend_B","Zap+1","Dualcast+1","SuicideKing","AT_FamilyPortrait","Go for the Eyes","Defragment","White Noise+1","Coolheaded","Capacitor","BasicCrystalCard","ReplayTheSpireMod:Calculation Training","AT_RightCognition","AT_RightCognition"],"relics":["Cracked Core","HushsDoor","AT_ATBox","REME_ComplimentaryCards","testmod-TestBox","DeathBook","testmod-ObsoleteBoomerang","NeowsBlessing","Ginger","Golden Idol","AT_ArchangelStaff","Matryoshka","Solar Panel","REME_HandOfSuture","testmod-IncinerationGenerator","MealTicket"],"acts_visited":["Exordium","TheCity"],"potions_floor_usage":[21],"damage_taken":[{"damage":0.0,"enemies":"Jaw Worm","floor":1.0,"turns":1.0},{"damage":0.0,"enemies":"2 Louse","floor":2.0,"turns":1.0},{"damage":0.0,"enemies":"Cultist","floor":5.0,"turns":1.0},{"damage":0.0,"enemies":"Gremlin Gang","floor":7.0,"turns":1.0},{"damage":6.0,"enemies":"Lagavulin","floor":8.0,"turns":5.0},{"damage":20.0,"enemies":"3 Sentries","floor":10.0,"turns":4.0},{"damage":0.0,"enemies":"3 Louse","floor":14.0,"turns":2.0},{"damage":6.0,"enemies":"Hexaghost","floor":16.0,"turns":6.0},{"damage":39,"enemies":"2 Thieves","floor":18,"turns":4},{"damage":6,"enemies":"Spheric Guardian","floor":19,"turns":3},{"damage":19,"enemies":"Snecko","floor":21,"turns":4},{"damage":0,"enemies":"Cultist and Chosen","floor":22,"turns":3},{"damage":63,"enemies":"Book of Stabbing","floor":23,"turns":6}],"seed_played":"364430192522239730","potions_obtained":[{"floor":1.0,"key":"PowerPotion"},{"floor":5.0,"key":"FearPotion"},{"floor":10.0,"key":"Adrenaline Potion"},{"floor":16.0,"key":"Fruit Juice"},{"floor":18,"key":"SteroidPotion"},{"floor":19,"key":"BlessingOfTheForge"},{"floor":23,"key":"Fire Potion"}],"is_trial":false,"path_per_floor":["M","M","?","?","M","R","M","E","T","E","$","R","?","M","R","B",null,"M","M","?","M","M","E","R"],"character_chosen":"DEFECT","items_purchased":["Solar Panel"],"campfire_rested":0,"item_purchase_floors":[11],"current_hp_per_floor":[64,64,64,64,64,64,64,58,58,38,38,38,23,23,23,22,57,53,51,51,34,40,19,19,19],"gold":253,"neow_bonus":"THREE_ENEMY_KILL","is_daily":false,"chose_seed":false,"campfire_upgraded":3,"win_rate":0.0,"timestamp":1611744724,"path_taken":["M","M","?","?","?","R","?","E","T","E","$","R","?","M","R","BOSS","M","M","?","M","M","E","R"],"items_purchased_type":["Relic"],"build_version":"2020-12-18","purchased_purges":0,"victory":false,"max_hp_per_floor":[71,71,71,64,64,64,64,64,64,64,64,64,64,64,64,69,69,69,69,69,69,69,69,69,69],"card_choices":[{"not_picked":[],"picked":"SuicideKing","floor":0.0},{"not_picked":["Streamline","Stack"],"picked":"Go for the Eyes","floor":1.0},{"not_picked":["Conserve Battery","Streamline"],"picked":"Defragment","floor":2.0},{"not_picked":["Stack","Sweeping Beam"],"picked":"White Noise","floor":3.0},{"not_picked":["Cancel","BasicCrystalCard"],"picked":"Coolheaded","floor":5.0},{"not_picked":["Redo","AT_WarpDrive","Sweeping Beam"],"picked":"SKIP","floor":7.0},{"not_picked":["BasicCrystalCard","Hello World"],"picked":"Capacitor","floor":8.0},{"not_picked":["Cold Snap","REME_Shoggoth"],"picked":"BasicCrystalCard","floor":10.0},{"not_picked":["AT_ThunderBolt","Leap"],"picked":"ReplayTheSpireMod:Calculation Training","floor":14.0},{"not_picked":["Thunder Strike","AT_WaterDrop"],"picked":"AT_RightCognition","floor":16.0},{"not_picked":["Leap","BootSequence","Fan"],"picked":"SKIP","floor":18},{"not_picked":["Redo","Steam","Undo"],"picked":"SKIP","floor":19},{"not_picked":["Cold Snap","ElectricPowerLearning","Panic Button"],"picked":"SKIP","floor":21},{"not_picked":["BasicCrystalCard","ReplayTheSpireMod:System Scan","Conserve Battery"],"picked":"SKIP","floor":22},{"not_picked":["Gash","Skim","REME_SelfUpgrade"],"picked":"SKIP","floor":23}],"player_experience":691117,"relics_obtained":[{"floor":3.0,"key":"Ginger"},{"floor":8.0,"key":"AT_ArchangelStaff"},{"floor":10.0,"key":"Matryoshka"},{"floor":23,"key":"MealTicket"}],"event_choices":[{"damage_healed":0.0,"max_hp_gain":0.0,"max_hp_loss":7.0,"gold_gain":0.0,"event_name":"Golden Idol","player_choice":"Lose Max HP","floor":4.0,"gold_loss":0.0,"damage_taken":0.0,"relics_obtained":["Golden Idol"]}],"is_beta":true,"boss_relics":[{"not_picked":["FrozenCore","Kintsugi"],"picked":"testmod-IncinerationGenerator"},{"not_picked":[]}],"items_purged_floors":[],"is_endless":false,"potions_floor_spawned":[1,5,10,16,18,19,23],"ascension_level":20}}