{"host":"usdj552hvd2ulznm","time":1611721039,"event":{"mods":["Act Like it!","Aspiration","BaseMod","Better Third Choice","Colored Powertips","Conjunction","Conspire","DeckTracker","Dota2Spire","Downfall","Emptier Cage","Energized Spire","Gensokyo","GifTheSpireLib","GungeonMod","Halation","Hallownest","Hermit","Hubris","Infinite Spire","Key Reminder","Lobotomy","LobotomyExtend","Minty Spire (QoL Compilation)","MostiFishMod","Poem Panic","Quarter Circle Forward PUNCH!","Quick Restart","RNG Fix","Railgun Mod","Random Character Mod","Relic Stats","Reliquary","Replay The Spire","Reworked Bosses","Small Relic Pack","StSLib","Stuff the Spire","The Animator","The Blue Laboratory","The IronCluck","The Jungle","Uncapped","WarShipGirlsR/????R mod","Wide Potions","??????REMEMod"],"gold_per_floor":[213,213,138,153,171,171,200,217,240,256,34,34,47,65,65,65,65],"floor_reached":16,"language":"ENG","playtime":598,"items_purged":["VoidDream","NakedNest"],"score":129,"play_id":"aa7fccbc-6aa2-466c-b091-6b4bb92213ed","local_time":"20210126211719","is_ascension_mode":false,"campfire_choices":[],"circlet_count":0,"master_deck":["SpecialBullet","SpecialBullet","SpecialBullet","SpecialBullet","SpecialBullet","SpecialBullet","SpecialBullet","SpecialBullet","DisciplinaryCode","InformationCode","SecurityCode","MagicBullet","FourthMatchFlame","Justitia","CherryBlossom","RedEyes","Heaven","CherryBlossom","Hallucinations","FourthMatchFlame"],"relics":["CogitoBucket","DaveBox","REME_ComplimentaryCards","OneHitWonderSystem","DemoMod:GlassGuonStoneRelic","SynthV:TestCard","LetterFromLob","aspiration:ChemicalBlood","keyreminder:keyreminder","AdjustmentMirror","ReplayTheSpireMod:Ring of Sloth"],"acts_visited":["Gensokyo:Gensokyo"],"potions_floor_usage":[16,16,16],"damage_taken":[{"damage":0,"enemies":"Gensokyo:2_Kodama","floor":1,"turns":2},{"damage":0,"enemies":"Gensokyo:3_Fairies","floor":4,"turns":2},{"damage":0,"enemies":"Gensokyo:Python","floor":5,"turns":2},{"damage":0,"enemies":"Gensokyo:Aya","floor":7,"turns":4},{"damage":0,"enemies":"Gensokyo:VengefulSpirit","floor":8,"turns":3},{"damage":0,"enemies":"Gensokyo:Kitsune","floor":10,"turns":1},{"damage":0,"enemies":"Gensokyo:5_Fairies","floor":13,"turns":3},{"damage":0,"enemies":"Gensokyo:VengefulSpirit","floor":14,"turns":2},{"damage":3,"enemies":"Gensokyo:Kokoro","floor":16,"turns":4}],"seed_played":"-1231258709779979756","potions_obtained":[{"floor":5,"key":"Conjunction:LightningMarble"},{"floor":7,"key":"Guardian:BlockOnCardUsePotion"},{"floor":8,"key":"blueLaboratory:Moonshine"},{"floor":10,"key":"blueLaboratory:BubblePotion"}],"is_trial":false,"path_per_floor":["M","?","$","M","M","R","E","M","T","M","$","?","M","M","R","B"],"character_chosen":"Angela","items_purchased":["Heaven","CherryBlossom"],"campfire_rested":0,"item_purchase_floors":[11,11],"current_hp_per_floor":[1,1,1,1,1,1,1,1,1,1,1,1,1,1,1,0,0],"gold":65,"neow_bonus":"HUNDRED_GOLD","is_daily":false,"chose_seed":false,"campfire_upgraded":0,"win_rate":0.0,"timestamp":1611721039,"path_taken":["M","?","$","M","?","R","E","?","T","M","$","?","M","?","R","BOSS"],"items_purchased_type":["Card","Card"],"build_version":"2020-12-22","purchased_purges":2,"victory":false,"max_hp_per_floor":[1,1,1,1,1,1,1,1,1,1,1,1,1,1,1,1,1],"relic_stats":{"counters":[10,24],"obtain_stats":[{"keyreminder:keyreminder":9,"CogitoBucket":0,"SynthV:TestCard":1,"DaveBox":0,"ReplayTheSpireMod:Ring of Sloth":12,"DemoMod:GlassGuonStoneRelic":1,"LetterFromLob":1,"OneHitWonderSystem":0,"AdjustmentMirror":10,"REME_ComplimentaryCards":0,"aspiration:ChemicalBlood":7},{"keyreminder:keyreminder":5,"CogitoBucket":0,"SynthV:TestCard":1,"DaveBox":0,"ReplayTheSpireMod:Ring of Sloth":7,"DemoMod:GlassGuonStoneRelic":1,"LetterFromLob":1,"OneHitWonderSystem":0,"AdjustmentMirror":7,"REME_ComplimentaryCards":0,"aspiration:ChemicalBlood":4},{"keyreminder:keyreminder":13,"CogitoBucket":0,"SynthV:TestCard":2,"DaveBox":0,"ReplayTheSpireMod:Ring of Sloth":15,"DemoMod:GlassGuonStoneRelic":2,"LetterFromLob":2,"OneHitWonderSystem":0,"AdjustmentMirror":15,"REME_ComplimentaryCards":0,"aspiration:ChemicalBlood":10}]},"card_choices":[{"not_picked":["Yin","CherryBlossoms"],"picked":"VoidDream","floor":1},{"not_picked":["GrinderMk4","CUTE"],"picked":"SKIP","floor":1},{"not_picked":["CherryBlossom","Soda","CUTE","Beak"],"picked":"SKIP","floor":4},{"not_picked":["Penitence","CherryBlossom","Harmony"],"picked":"FourthMatchFlame","floor":5},{"not_picked":["VoidDream","OSAHOGD"],"picked":"NakedNest","floor":7},{"not_picked":["Loneliness","Lantern","RedEyes"],"picked":"Justitia","floor":7},{"not_picked":["LifeForTheDareDevil","BlackSwan_ego","CherryBlossom","Christmas"],"picked":"SKIP","floor":8},{"not_picked":["LifeForTheDareDevil","BlackSwan_ego","Christmas"],"picked":"CherryBlossom","floor":8},{"not_picked":["ShedSkin","CUTE","TodaysExpression"],"picked":"RedEyes","floor":10},{"not_picked":["Spore","Beak","CUTE","Laetitia_ego"],"picked":"SKIP","floor":13},{"not_picked":["WristCuter","RapturousDream","Horn"],"picked":"FourthMatchFlame","floor":14}],"player_experience":486614,"relics_obtained":[{"floor":1,"key":"SynthV:TestCard"},{"floor":1,"key":"LetterFromLob"},{"floor":7,"key":"aspiration:ChemicalBlood"},{"floor":12,"key":"ReplayTheSpireMod:Ring of Sloth"}],"event_choices":[],"is_beta":false,"boss_relics":[],"items_purged_floors":[3,11],"is_endless":false,"potions_floor_spawned":[5,7,8,10],"killed_by":"Gensokyo:Kokoro","ascension_level":0}}