{"host":"qrt7o4dq2qslzw13","time":1611727279,"event":{"mods":["BaseMod","Colored Map","Colored Powertips","Minty Spire (QoL Compilation)","Quick Restart","Replay The Spire","Shop Mod","StSLib","SuperFastMode"],"gold_per_floor":[110,130,130,130,14,14,41,41,41,70,70,85,117,117,117,217,217,236,254,254,12,287,287,12,24,106,125,142,142,158,187,187,282,282,299,299,317,61,75,75,85,85,85,85,45,64,78,78,78,78],"floor_reached":51,"language":"ENG","playtime":1503,"items_purged":["Shame"],"score":956,"play_id":"4462c036-d1d1-4567-9d49-b39d8a088dec","local_time":"20210127010119","is_ascension_mode":true,"campfire_choices":[{"data":"WindmillStrike","floor":6.0,"key":"SMITH"},{"data":"BattleHymn","floor":8.0,"key":"SMITH"},{"data":"Vault","floor":11.0,"key":"SMITH"},{"data":"MasterReality","floor":15.0,"key":"SMITH"},{"data":"Devotion","floor":23.0,"key":"SMITH"},{"data":"ReplayUltimateDefense","floor":29.0,"key":"SMITH"},{"floor":32.0,"key":"REST"},{"data":"Ragnarok","floor":40.0,"key":"SMITH"},{"data":"Collect","floor":42.0,"key":"SMITH"},{"data":"Replay:LoomingThreat","floor":44.0,"key":"SMITH"},{"floor":49.0,"key":"REST"}],"circlet_count":0,"master_deck":["Strike_P+1","Strike_P+1","Strike_P+1","Defend_P+1","Defend_P+1","Defend_P+1","Defend_P+1","Eruption+1","Vigilance","Replay:Anticipation","WindmillStrike+1","BattleHymn+1","Indignation","Vault+1","EmptyFist","MasterReality+1","Normality","Devotion+1","Prostrate","Prostrate","Regret","Violence+1","Replay:BasicMightCard+1","ReplayUltimateDefense+1","WaveOfTheHand","Worship","DeceiveReality","Replay:LoomingThreat+1","CurseOfTheBell","Evaluate+1","ForeignInfluence+1","TalkToTheHand+1","Worship+1","Ragnarok+1","Ragnarok+1","Collect+1","DeusExMachina+1","SignatureMove"],"relics":["PureWater","NeowsBlessing","ReplayTheSpireMod:CursedCoin","MerchantsRug","Blood Vial","Mirror","Ancient Tea Set","ReplayTheSpireMod:Lightbulb","Ring of Fangs","ChewingGum","Mummified Hand","ReplayTheSpireMod:ShopPack","Damaru","HornCleat","Prayer Wheel","Calling Bell","Omamori","Darkstone Periapt","Durian","Chemical X","Toxic Egg 2"],"acts_visited":["Exordium","TheCity","TheBeyond"],"potions_floor_usage":[],"damage_taken":[{"damage":0.0,"enemies":"Cultist","floor":1.0,"turns":1.0},{"damage":0.0,"enemies":"2 Louse","floor":2.0,"turns":1.0},{"damage":0.0,"enemies":"Lagavulin","floor":7.0,"turns":1.0},{"damage":0.0,"enemies":"Gremlin Nob","floor":10.0,"turns":2.0},{"damage":0.0,"enemies":"Small Slimes","floor":12.0,"turns":3.0},{"damage":12.0,"enemies":"3 Sentries","floor":13.0,"turns":5.0},{"damage":11.0,"enemies":"Slime Boss","floor":16.0,"turns":7.0},{"damage":14.0,"enemies":"2 Thieves","floor":18.0,"turns":4.0},{"damage":0.0,"enemies":"Spheric Guardian","floor":19.0,"turns":3.0},{"damage":4.0,"enemies":"Chosen and Byrds","floor":25.0,"turns":4.0},{"damage":6.0,"enemies":"Centurion and Healer","floor":27.0,"turns":3.0},{"damage":5.0,"enemies":"Snecko","floor":28.0,"turns":6.0},{"damage":2.0,"enemies":"Shelled Parasite and Fungi","floor":30.0,"turns":3.0},{"damage":32.0,"enemies":"Slavers","floor":31.0,"turns":5.0},{"damage":19.0,"enemies":"Champ","floor":33.0,"turns":7.0},{"damage":4.0,"enemies":"3 Darklings","floor":35.0,"turns":5.0},{"damage":0.0,"enemies":"Orb Walker","floor":37.0,"turns":3.0},{"damage":0.0,"enemies":"3 Darklings","floor":39.0,"turns":6.0},{"damage":0.0,"enemies":"Spire Growth","floor":41.0,"turns":6.0},{"damage":0.0,"enemies":"Maw","floor":46.0,"turns":6.0},{"damage":21.0,"enemies":"Writhing Mass","floor":47.0,"turns":5.0},{"damage":50,"enemies":"Time Eater","floor":50,"turns":10}],"seed_played":"2770361500732906165","potions_obtained":[{"floor":1.0,"key":"BottledMiracle"},{"floor":12.0,"key":"SkillPotion"},{"floor":13.0,"key":"BlessingOfTheForge"},{"floor":16.0,"key":"Flashbang"},{"floor":18.0,"key":"Block Potion"},{"floor":28.0,"key":"FairyPotion"},{"floor":31.0,"key":"StancePotion"},{"floor":33.0,"key":"GamblersBrew"}],"is_trial":false,"path_per_floor":["M","M","?","?","$","R","E","R","T","E","R","M","E","?","R","B",null,"M","M","?","$","?","R","$","M","T","M","M","R","M","E","R_BF","B",null,"M","?","M","$","M","R","M","R","T","R","?","M","M","?","R","B",null],"character_chosen":"WATCHER","items_purchased":["BattleHymn","ReplayTheSpireMod:CursedCoin","MerchantsRug","Mummified Hand","ReplayTheSpireMod:ShopPack","Damaru","Ragnarok","Chemical X"],"campfire_rested":2,"item_purchase_floors":[5,5,5,21,24,24,38,38],"current_hp_per_floor":[72,72,58,72,72,72,72,72,72,72,72,72,60,60,60,51,67,55,57,57,57,57,57,57,55,55,51,48,48,48,18,39,22,65,63,63,65,65,67,67,69,69,69,69,69,71,52,52,75,27],"gold":78,"neow_bonus":"THREE_ENEMY_KILL","is_daily":false,"chose_seed":false,"campfire_upgraded":9,"win_rate":0.0,"timestamp":1611727279,"path_taken":["M","?","?","?","$","R","E","R","T","E","R","?","E","?","R","BOSS","M","M","?","$","?","R","$","M","T","?","M","R","M","E","R_BF","BOSS","M","?","M","$","M","R","M","R","T","R","?","?","M","?","R","BOSS"],"items_purchased_type":["Card","Relic","Relic","Relic","Relic","Relic","Card","Relic"],"build_version":"2020-12-22","purchased_purges":1,"victory":true,"max_hp_per_floor":[72,72,72,72,72,72,72,72,72,72,72,72,72,72,72,72,72,72,72,72,72,72,72,72,72,72,72,72,72,72,72,72,72,77,77,77,77,77,77,77,77,77,77,77,77,77,77,77,77,77],"card_choices":[{"not_picked":["BowlingBash","SashWhip"],"picked":"Replay:Anticipation","floor":1.0},{"not_picked":["Halt","PathToVictory"],"picked":"WindmillStrike","floor":2.0},{"not_picked":["Consecrate","MentalFortress"],"picked":"Indignation","floor":7.0},{"not_picked":["PathToVictory","Halt"],"picked":"Vault","floor":10.0},{"not_picked":["Replay:ManipulateFuture","Crescendo"],"picked":"EmptyFist","floor":12.0},{"not_picked":["JustLucky","Vault"],"picked":"MasterReality","floor":13.0},{"not_picked":["Wish","Alpha"],"picked":"Devotion","floor":16.0},{"not_picked":["EmptyFist","CutThroughFate"],"picked":"Prostrate","floor":18.0},{"not_picked":["Consecrate","JustLucky+1"],"picked":"Prostrate","floor":19.0},{"not_picked":["ReplayTheSpireMod:Necrogeddon","Chrysalis"],"picked":"Violence","floor":24.0},{"not_picked":["Magnetism","Swift Strike"],"picked":"Replay:BasicMightCard","floor":24.0},{"not_picked":["Panache","Dark Shackles"],"picked":"ReplayUltimateDefense","floor":24.0},{"not_picked":["Study","ClearTheMind"],"picked":"WaveOfTheHand","floor":25.0},{"not_picked":["PathToVictory","Replay:AtTheReady","Replay:BluntJabs"],"picked":"SKIP","floor":27.0},{"not_picked":["PathToVictory","Replay:BluntJabs+1","CrushJoints"],"picked":"SKIP","floor":28.0},{"not_picked":["EmptyBody","Vengeance"],"picked":"Worship","floor":30.0},{"not_picked":["Wireheading","EmptyMind"],"picked":"DeceiveReality","floor":31.0},{"not_picked":["Devotion","Omniscience"],"picked":"Replay:LoomingThreat","floor":33.0},{"not_picked":["Sanctity+1","FlurryOfBlows"],"picked":"Evaluate+1","floor":35.0},{"not_picked":["PathToVictory+1","Consecrate"],"picked":"ForeignInfluence+1","floor":35.0},{"not_picked":["Evaluate","Perseverance+1"],"picked":"TalkToTheHand+1","floor":37.0},{"not_picked":["ThirdEye","Indignation+1"],"picked":"Worship+1","floor":37.0},{"not_picked":["JustLucky+1","LikeWater","Weave+1"],"picked":"SKIP","floor":39.0},{"not_picked":["Weave","Replay:AtTheReady+1","ClearTheMind"],"picked":"SKIP","floor":39.0},{"not_picked":["EmptyBody+1","Fasting2+1"],"picked":"Collect","floor":41.0},{"not_picked":["Prostrate","Replay:Cycle+1","EmptyFist+1"],"picked":"SKIP","floor":41.0},{"not_picked":["Tantrum","ThirdEye+1"],"picked":"DeusExMachina+1","floor":46.0},{"not_picked":["Wallop+1","Consecrate"],"picked":"SignatureMove","floor":46.0},{"not_picked":["Collect+1","Replay:ManipulateFuture+1","Replay:Cycle+1"],"picked":"SKIP","floor":47.0},{"not_picked":["Wireheading","SashWhip","Swivel+1"],"picked":"SKIP","floor":47.0}],"player_experience":595793,"relics_obtained":[{"floor":7.0,"key":"Blood Vial"},{"floor":9.0,"key":"Mirror"},{"floor":10.0,"key":"Ancient Tea Set"},{"floor":13.0,"key":"ReplayTheSpireMod:Lightbulb"},{"floor":14.0,"key":"Ring of Fangs"},{"floor":26.0,"key":"HornCleat"},{"floor":31.0,"key":"Prayer Wheel"},{"floor":34.0,"key":"Omamori"},{"floor":34.0,"key":"Darkstone Periapt"},{"floor":34.0,"key":"Durian"},{"floor":43.0,"key":"Toxic Egg 2"}],"event_choices":[{"damage_healed":0.0,"max_hp_gain":0.0,"max_hp_loss":0.0,"gold_gain":0.0,"event_name":"Shining Light","player_choice":"Entered Light","floor":3.0,"gold_loss":0.0,"damage_taken":14.0,"cards_upgraded":["Defend_P","Eruption"]},{"damage_healed":14.0,"max_hp_gain":0.0,"max_hp_loss":0.0,"gold_gain":0.0,"event_name":"Wheel of Change","player_choice":"Full Heal","floor":4.0,"gold_loss":0.0,"damage_taken":0.0},{"damage_healed":0.0,"max_hp_gain":0.0,"max_hp_loss":0.0,"gold_gain":0.0,"event_name":"Back to Basics","player_choice":"Simplicity","floor":20.0,"gold_loss":0.0,"damage_taken":0.0,"cards_upgraded":["Strike_P","Strike_P","Strike_P","Strike_P","Defend_P","Defend_P","Defend_P"]},{"damage_healed":0.0,"max_hp_gain":0.0,"max_hp_loss":0.0,"gold_gain":275.0,"event_name":"Golden Shrine","player_choice":"Desecrate","floor":22.0,"gold_loss":0.0,"damage_taken":0.0,"cards_obtained":["Regret"]},{"cards_removed":["Strike_P"],"damage_healed":0.0,"max_hp_gain":0.0,"max_hp_loss":0.0,"gold_gain":0.0,"event_name":"Falling","player_choice":"Removed Attack","floor":36.0,"gold_loss":0.0,"damage_taken":0.0},{"damage_healed":0.0,"max_hp_gain":0.0,"max_hp_loss":0.0,"gold_gain":0.0,"event_name":"Designer","player_choice":"Upgraded Two","floor":45.0,"gold_loss":40.0,"damage_taken":0.0,"cards_upgraded":["Replay:BasicMightCard","Violence"]},{"damage_healed":0.0,"max_hp_gain":0.0,"max_hp_loss":0.0,"gold_gain":0.0,"event_name":"Upgrade Shrine","player_choice":"Upgraded","floor":48.0,"gold_loss":0.0,"damage_taken":0.0,"cards_upgraded":["Ragnarok"]}],"is_beta":false,"boss_relics":[{"not_picked":["Black Star","Replay:Wanted Poster"],"picked":"ChewingGum"},{"not_picked":["Runic Pyramid","Replay:Bronze Core"],"picked":"Calling Bell"}],"items_purged_floors":[5],"is_endless":false,"potions_floor_spawned":[1,12,13,16,18,28,31,33,37,46,47],"ascension_level":5}}