{"host":"ooa7gbxz3ilj1hm6","time":1611719602,"event":{"mods":["BaseMod","Colored Map","Downfall","Highlight Path","Minty Spire (QoL Compilation)","StSLib"],"gold_per_floor":[99,114,114,19,34,66,66,85,99,99,131,131,131,131,147,147,147,147],"floor_reached":16,"language":"ENG","playtime":791,"items_purged":[],"score":110,"play_id":"4c03a32e-7a73-41fe-ace4-e58467130b57","local_time":"20210126205322","is_ascension_mode":false,"campfire_choices":[{"data":"Slimebound:LeechEnergy","floor":1,"key":"SMITH"},{"data":"Slimebound:Grow","floor":10,"key":"SMITH"}],"circlet_count":0,"master_deck":["Slimebound:Strike_Slimebound","Slimebound:Strike_Slimebound","Slimebound:Tackle","Slimebound:Defend_Slimebound","Slimebound:Defend_Slimebound","Slimebound:Defend_Slimebound","Slimebound:Defend_Slimebound","Slimebound:Split","Slimebound:CorrosiveSpit","Slimebound:LeechEnergy+1","Slimebound:SamplingLick","Writhe","Slimebound:WasteNot","Slimebound:Schlurp","Slimebound:Grow+1","Slimebound:PressTheAttack","Slimebound:LeechingTouch","Slimebound:Replication","Slimebound:SelfFormingGoo","Slimebound:Gluttony"],"relics":["Slimebound:AbsorbEndCombat","downfall:ExtraCursedKey","Boot","StoneCalendar","Darkstone Periapt"],"acts_visited":["Exordium"],"potions_floor_usage":[],"damage_taken":[{"damage":4,"enemies":"Jaw Worm","floor":2,"turns":3},{"damage":0,"enemies":"downfall:FleeingMerchant","floor":4,"turns":4},{"damage":0,"enemies":"Small Slimes","floor":5,"turns":3},{"damage":22,"enemies":"Lagavulin","floor":6,"turns":6},{"damage":0,"enemies":"2 Louse","floor":8,"turns":2},{"damage":17,"enemies":"Exordium Wildlife","floor":9,"turns":5},{"damage":22,"enemies":"3 Sentries","floor":11,"turns":7},{"damage":20,"enemies":"3 Louse","floor":15,"turns":4},{"damage":26,"enemies":"IC_STATUS_ARCHETYPE","floor":16,"turns":4}],"seed_played":"-757816742385558555","potions_obtained":[{"floor":5,"key":"Block Potion"},{"floor":6,"key":"Weak Potion"},{"floor":8,"key":"SneckoOil"}],"is_trial":false,"path_per_floor":["R","M","?","$","M","E","T","M","M","R","E","?","?","?","M","B"],"character_chosen":"SLIMEBOUND","items_purchased":["Slimebound:Grow"],"campfire_rested":0,"item_purchase_floors":[4],"current_hp_per_floor":[65,65,65,65,65,47,47,51,40,40,24,24,24,24,6,0,0,0],"gold":147,"neow_bonus":"THREE_CARDS","is_daily":false,"chose_seed":false,"campfire_upgraded":2,"win_rate":0.0,"timestamp":1611719602,"path_taken":["R","M","?","$","M","E","T","M","M","R","E","?","?","?","M","BOSS"],"items_purchased_type":["Card"],"build_version":"2020-12-22","purchased_purges":0,"victory":false,"max_hp_per_floor":[65,65,65,65,65,65,65,65,65,65,65,65,65,65,65,65,65,65],"card_choices":[{"not_picked":["Slimebound:ForwardTackle","Slimebound:RainOfGoop"],"picked":"Slimebound:LeechEnergy","floor":0},{"not_picked":["Slimebound:GoopTackle","Slimebound:Dissolve"],"picked":"Slimebound:SamplingLick","floor":2},{"not_picked":["Slimebound:SlimeBrawl","Slimebound:ComboTackle"],"picked":"Slimebound:Schlurp","floor":4},{"not_picked":["Slimebound:SlimeTap","Slimebound:GoopTackle"],"picked":"Slimebound:PressTheAttack","floor":5},{"not_picked":["Slimebound:SpikyOuterGoop","Slimebound:ItLooksTasty"],"picked":"Slimebound:LeechingTouch","floor":6},{"not_picked":["Slimebound:Repurpose","Slimebound:TagTeam"],"picked":"Slimebound:Replication","floor":8},{"not_picked":["Slimebound:SplitBruiser","Slimebound:ComboTackle","Slimebound:Replication"],"picked":"SKIP","floor":9},{"not_picked":["Slimebound:GoopTackle","Slimebound:SplitLeeching","Slimebound:ServeAndProtect"],"picked":"SKIP","floor":11},{"not_picked":["Slimebound:GoopSpray","Slimebound:SlimeBrawl"],"picked":"Slimebound:Gluttony","floor":15}],"player_experience":42568,"relics_obtained":[{"floor":6,"key":"Boot"},{"floor":11,"key":"StoneCalendar"}],"event_choices":[{"damage_healed":0,"gold_gain":0,"cards_transformed":["Slimebound:Strike_Slimebound"],"player_choice":"Change","damage_taken":0,"max_hp_gain":0,"max_hp_loss":0,"event_name":"Living Wall","floor":12,"gold_loss":0,"cards_obtained":["Slimebound:SelfFormingGoo"]}],"is_beta":false,"boss_relics":[],"items_purged_floors":[],"is_endless":false,"potions_floor_spawned":[5,6,8],"killed_by":"IC_STATUS_ARCHETYPE","ascension_level":0}}