{"host":"zxd7sxkt31l2m2hb","time":1611786962,"event":{"mods":["AchievementEnabler","BaseMod","BetterRewards","Colored Map","Colored Powertips","Highlight Path","Minty Spire (QoL Compilation)","Quick Restart","StSLib","SuperFastMode","The Jungle","slay the spire mod where everything is the same but ironclad has a cowboy hat"],"gold_per_floor":[129,129,129,79,79,79,10,61,85,190,232,193,253,292,292,595,745,805,805,805],"floor_reached":19,"language":"DEU","playtime":2283,"items_purged":[],"score":242,"play_id":"15abaf5c-619c-4f8b-9737-f758e320c7f6","local_time":"20210127233602","daily_mods":["SealedDeck","Hoarder","Vintage","Colorless Cards","Heirloom","Flight","Midas","Night Terrors"],"is_ascension_mode":false,"campfire_choices":[{"floor":6,"key":"REST"},{"floor":15,"key":"REST"}],"circlet_count":0,"master_deck":["Acrobatics","Acrobatics","Acrobatics","Deflect","Deflect","Deflect","Acrobatics","Acrobatics","Acrobatics","Concentrate","Concentrate","Deflect","Deflect","Deflect","Deflect","Deflect+1","Catalyst","Catalyst","Catalyst","Poisoned Stab","Poisoned Stab","Poisoned Stab+1","Bane","Bane","Bane","Deadly Poison","Deadly Poison","Deadly Poison","Expertise","Expertise","Expertise","Noxious Fumes","Noxious Fumes+1","Noxious Fumes","Deep Breath","Deep Breath","Deep Breath"],"relics":["Ring of the Snake","Tingsha","Ninja Scroll","Darkstone Periapt","Bag of Marbles","Tiny Chest","Dream Catcher","Bag of Preparation","Matryoshka","Tiny House","Pantograph"],"acts_visited":["Exordium","TheCity"],"potions_floor_usage":[],"damage_taken":[{"damage":0,"enemies":"Small Slimes","floor":1,"turns":3},{"damage":0,"enemies":"Jaw Worm","floor":8,"turns":2},{"damage":10,"enemies":"Lagavulin","floor":10,"turns":3},{"damage":0,"enemies":"2 Louse","floor":11,"turns":1},{"damage":0,"enemies":"Gremlin Gang","floor":13,"turns":3},{"damage":3,"enemies":"Looter","floor":14,"turns":2},{"damage":40,"enemies":"Hexaghost","floor":16,"turns":5},{"damage":0,"enemies":"Chosen","floor":18,"turns":3}],"seed_played":"4796717818426678985","potions_obtained":[{"floor":8,"key":"Block Potion"},{"floor":13,"key":"FairyPotion"},{"floor":14,"key":"DistilledChaos"}],"is_trial":true,"path_per_floor":["M","?","$","?","?","R","$","M","T","E","M","$","M","M","R","B",null,"M","$"],"character_chosen":"THE_SILENT","items_purchased":["Expertise","Noxious Fumes"],"campfire_rested":2,"item_purchase_floors":[7,12],"current_hp_per_floor":[70,56,56,56,49,65,65,65,65,55,55,55,55,52,60,20,65,65,65,65],"gold":805,"neow_bonus":"","is_daily":false,"chose_seed":false,"campfire_upgraded":0,"win_rate":0.0,"timestamp":1611786962,"path_taken":["M","?","$","?","?","R","?","M","T","E","?","$","M","M","R","BOSS","M","$"],"items_purchased_type":["Card","Card"],"build_version":"2020-12-22","purchased_purges":0,"victory":false,"max_hp_per_floor":[70,70,70,70,70,65,65,65,65,65,65,65,65,65,60,60,65,65,65,65],"card_choices":[{"not_picked":["Dagger Spray","Deadly Poison","Acrobatics"],"picked":"SKIP","floor":10},{"not_picked":["Dodge and Roll","Endless Agony"],"picked":"Deep Breath","floor":17}],"player_experience":127702,"relics_obtained":[{"floor":1,"key":"Ninja Scroll"},{"floor":8,"key":"Darkstone Periapt"},{"floor":9,"key":"Bag of Marbles"},{"floor":10,"key":"Tiny Chest"},{"floor":11,"key":"Dream Catcher"},{"floor":13,"key":"Bag of Preparation"},{"floor":14,"key":"Matryoshka"},{"floor":18,"key":"Pantograph"}],"event_choices":[{"damage_healed":0,"gold_gain":0,"player_choice":"Entered Light","damage_taken":14,"max_hp_gain":0,"max_hp_loss":0,"event_name":"Shining Light","floor":2,"gold_loss":0,"cards_upgraded":["Deflect","Poisoned Stab"]},{"cards_removed":["Deflect"],"damage_healed":0,"gold_gain":0,"player_choice":"Card Removal","damage_taken":0,"max_hp_gain":0,"max_hp_loss":0,"event_name":"The Cleric","floor":4,"gold_loss":50},{"cards_removed":["Concentrate"],"damage_healed":0,"gold_gain":0,"player_choice":"Card Removal","damage_taken":7,"max_hp_gain":0,"max_hp_loss":0,"event_name":"Golden Wing","floor":5,"gold_loss":0}],"is_beta":false,"boss_relics":[{"not_picked":["Ectoplasm","Runic Dome"],"picked":"Tiny House"}],"items_purged_floors":[],"is_endless":false,"potions_floor_spawned":[8,13,14,18],"ascension_level":0}}