{"host":"qzpuxnheibnu7155","time":1611754141,"event":{"mods":["Act Like it!","BaseMod","Displayed Cursed Tome","Downfall","FoggyMod","Gensokyo","Minty Spire (QoL Compilation)","MostiFishMod","Pale of the Ancients","Remilia（蕾米莉亚）","RumiaBox-露米娅的神秘盒子","StSLib","TestMod","Waifu the Spire","【功能Mod】Neow奖励","【遗物卡牌】REMEMod","没有小屋子和绿帽子啦"],"gold_per_floor":[99,199,199,199,254,254,308,308,335,335,192,192,192,228,251,365,365,65,74,284,284,284,284,284,293,336,355,391,391,391,291,310,419,419,419,419],"floor_reached":34,"language":"ZHS","playtime":1476,"items_purged":["Guardian:Defend_Guardian","downfall:Malfunctioning","Guardian:Strike_Guardian"],"score":512,"play_id":"cce44b32-6f5d-4d25-afbd-5220b2865f18","local_time":"20210127212901","is_ascension_mode":true,"campfire_choices":[{"floor":1.0,"key":"RECALL"},{"data":"Guardian:FierceBash","floor":18,"key":"SMITH"},{"data":"Guardian:TwinSlam","floor":23,"key":"SMITH"},{"data":"Guardian:FuturePlans","floor":30,"key":"SMITH"}],"circlet_count":0,"master_deck":["Guardian:Strike_Guardian+1","Guardian:Defend_Guardian+1","Guardian:CurlUp+1","Guardian:TwinSlam+1","BloodyHallows+1","Guardian:RollAttack","Guardian:CrystalBeam","Guardian:StasisStrike+1","Guardian:MultiBeam","Guardian:FierceBash+1","Guardian:FierceBash+1","Guardian:Emergency","Guardian:VentSteam","Guardian:TimeCapacitor","Guardian:GemFire","Guardian:FuturePlans+1","Guardian:PrimingBeam","Guardian:Gem_Red","Guardian:AncientConstruct"],"relics":["Guardian:ModeShifterPlus","DaveBox","testmod-TestBox","REME_ComplimentaryCards","Transparent","testmod-BouquetWithThorns","downfall:HeartsMalice","War Paint","bronze:BronzeIdol","GodSword1","Blue Candle","CeramicFish","The Courier","Runic Pyramid","downfall:HeartBlessingGreen","downfall:HeartBlessingRed","downfall:HeartBlessingBlue","DianDianMeat","OriginationStaff","Red Mask"],"acts_visited":["Exordium","TheCity","TheBeyond"],"potions_floor_usage":[],"damage_taken":[{"damage":0.0,"enemies":"3 Sentries","floor":5.0,"turns":1.0},{"damage":0.0,"enemies":"2 Louse","floor":6.0,"turns":1.0},{"damage":0.0,"enemies":"3 Sentries","floor":9.0,"turns":1.0},{"damage":32.0,"enemies":"downfall:FleeingMerchant","floor":11.0,"turns":4.0},{"damage":17,"enemies":"Gremlin Nob","floor":14,"turns":2},{"damage":9,"enemies":"Jaw Worm","floor":15,"turns":1},{"damage":34,"enemies":"WA_ARCHETYPE_RETAIN","floor":16,"turns":2},{"damage":27,"enemies":"downfall:FleeingMerchant","floor":20,"turns":2},{"damage":26,"enemies":"Gremlin Leader","floor":26,"turns":2},{"damage":19,"enemies":"Chosen","floor":27,"turns":1},{"damage":18,"enemies":"Masked Bandits","floor":28,"turns":2},{"damage":10,"enemies":"Shell Parasite","floor":32,"turns":1},{"damage":52,"enemies":"SI_MIRROR_ARCHETYPE","floor":33,"turns":4}],"seed_played":"3322503220042898998","potions_obtained":[{"floor":14,"key":"Regen Potion"},{"floor":16,"key":"FearPotion"},{"floor":27,"key":"Strength Potion"},{"floor":28,"key":"AttackPotion"},{"floor":29,"key":"CultistPotion"}],"is_trial":false,"path_per_floor":["R","?","?","?","?","M","T","T","E","?","$","?","?","E","M","B",null,"R","?","$","?","?","R","T","?","E","M","?","?","R","$","M","B",null],"character_chosen":"GUARDIAN","items_purchased":["Guardian:Gem_Lightblue","Guardian:VentSteam"],"campfire_rested":0,"item_purchase_floors":[11,20],"current_hp_per_floor":[80,80,80,80,80,80,80,80,80,75,80,80,68,80,80,80,80,90,90,90,90,90,90,90,91,93,96,100,100,100,100,105,111,111,111,111],"gold":419,"neow_bonus":"THREE_ENEMY_KILL","is_daily":false,"chose_seed":false,"campfire_upgraded":3,"win_rate":0.0,"timestamp":1611754141,"path_taken":["R","?","?","?","?","?","T","?","E","?","$","?","?","E","M","BOSS","R","?","?","?","?","R","T","?","E","?","?","?","R","?","M","BOSS"],"items_purchased_type":["Card","Card"],"build_version":"2020-12-22","purchased_purges":3,"victory":false,"max_hp_per_floor":[80,80,80,80,80,80,80,80,80,80,80,80,80,80,80,80,80,90,90,90,90,90,90,90,91,93,96,100,100,100,100,105,111,111,111,111],"card_choices":[{"not_picked":["Guardian:Reroute","Guardian:Planning"],"picked":"Guardian:RollAttack","floor":5.0},{"not_picked":["Guardian:BronzeArmor","Guardian:ChargeCore"],"picked":"Guardian:CrystalBeam","floor":6.0},{"not_picked":["Guardian:PrismaticBarrier","Guardian:Incinerate"],"picked":"Guardian:StasisStrike","floor":9.0},{"not_picked":["Guardian:ArmoredProtocol","Guardian:BronzeArmor"],"picked":"Guardian:Gem_Crimson","floor":11},{"not_picked":["Guardian:TemporalShield","Guardian:Gem_Lightblue"],"picked":"Guardian:Gem_Red","floor":14},{"not_picked":["Guardian:ArmoredProtocol","Guardian:Reroute"],"picked":"Guardian:MultiBeam","floor":15},{"not_picked":["Guardian:SphericShield","Guardian:StasisStrike"],"picked":"Guardian:FierceBash","floor":16},{"not_picked":["Guardian:ChargeCore","Guardian:VentSteam"],"picked":"Guardian:Emergency","floor":20},{"not_picked":["Guardian:PrismaticBeam","Guardian:Gem_White"],"picked":"Guardian:GemFire","floor":26},{"not_picked":["Guardian:Recover","Guardian:VentSteam"],"picked":"Guardian:FuturePlans","floor":27},{"not_picked":["Guardian:Incinerate","Guardian:BodySlam"],"picked":"Guardian:PrimingBeam","floor":28},{"not_picked":["Guardian:Repulse","Guardian:Gem_Cyan"],"picked":"Guardian:Gem_Red","floor":32},{"not_picked":["Guardian:RevengeProtocol","Guardian:ConstructionForm"],"picked":"Guardian:AncientConstruct","floor":33}],"player_experience":613028,"relics_obtained":[{"floor":5.0,"key":"War Paint"},{"floor":8.0,"key":"bronze:BronzeIdol"},{"floor":9.0,"key":"GodSword1"},{"floor":14,"key":"The Courier"},{"floor":24,"key":"DianDianMeat"},{"floor":26,"key":"OriginationStaff"},{"floor":28,"key":"Red Mask"}],"event_choices":[{"damage_healed":0.0,"max_hp_gain":0.0,"max_hp_loss":0.0,"gold_gain":0.0,"event_name":"给自己的盒子","player_choice":"Swap Relic","floor":3.0,"relics_lost":["Empty Cage"],"gold_loss":0.0,"damage_taken":0.0,"relics_obtained":["Empty Cage"]},{"damage_healed":0,"gold_gain":0,"player_choice":"Success","damage_taken":12,"relics_obtained":["CeramicFish"],"max_hp_gain":0,"max_hp_loss":0,"event_name":"Scrap Ooze","floor":13,"gold_loss":0},{"damage_healed":0,"gold_gain":0,"player_choice":"Ignored","damage_taken":0,"max_hp_gain":0,"max_hp_loss":0,"event_name":"Vampires","floor":22,"gold_loss":0},{"damage_healed":0,"gold_gain":0,"player_choice":"Fought Bandits","damage_taken":0,"max_hp_gain":0,"max_hp_loss":0,"event_name":"Masked Bandits","floor":28,"gold_loss":0}],"is_beta":false,"boss_relics":[{"not_picked":["HereWithMe","Cursed Key"],"picked":"Runic Pyramid"},{"not_picked":["AddBug","Calling Bell"],"picked":"Guardian:ModeShifterPlus"}],"items_purged_floors":[11,20,31],"is_endless":false,"potions_floor_spawned":[14,16,27,28],"ascension_level":1}}