{"host":"yvb207ks1sg3cxef","time":1611747035,"event":{"mods":["2.2 Compatiblity","BaseMod","Bestiary","Colored Powertips","Minty Spire (QoL Compilation)","Permanent Neow","Quick Restart","Relic Stats","StSLib"],"gold_per_floor":[111,128,139,139,139,139,171,121,121,131,160,176,192,212,212,312,312,332,346,376,291,115,115,125,125,125],"floor_reached":25,"language":"ENG","playtime":1183,"items_purged":["Strike_R"],"score":247,"play_id":"d60d9663-9a7b-4205-8513-f46966e8d07c","local_time":"20210127170035","is_ascension_mode":true,"campfire_choices":[{"data":"Uppercut","floor":6.0,"key":"SMITH"},{"data":"True Grit","floor":15,"key":"SMITH"},{"data":"Armaments","floor":23,"key":"SMITH"}],"circlet_count":0,"master_deck":["Strike_R","Strike_R","Strike_R","Defend_R","Defend_R","Defend_R","Defend_R","Bash","Reaper","Uppercut+1","Carnage+1","Demon Form","True Grit+1","Sword Boomerang","Armaments+1","Feed","Shrug It Off+1","True Grit+1","Feel No Pain","Heavy Blade"],"relics":["Burning Blood","Shuriken","Gremlin Horn","Potion Belt","Philosopher\u0027s Stone","Red Mask","Darkstone Periapt"],"acts_visited":["Exordium","TheCity"],"potions_floor_usage":[11,12,18,19,20,20,25,25,25],"damage_taken":[{"damage":7.0,"enemies":"Jaw Worm","floor":1.0,"turns":3.0},{"damage":0.0,"enemies":"Small Slimes","floor":2.0,"turns":3.0},{"damage":1.0,"enemies":"2 Louse","floor":3.0,"turns":3.0},{"damage":25.0,"enemies":"Lagavulin","floor":7.0,"turns":5.0},{"damage":9.0,"enemies":"Red Slaver","floor":10.0,"turns":3.0},{"damage":13,"enemies":"3 Sentries","floor":11,"turns":7},{"damage":0,"enemies":"2 Fungi Beasts","floor":12,"turns":2},{"damage":0,"enemies":"Exordium Wildlife","floor":13,"turns":3},{"damage":33,"enemies":"Lots of Slimes","floor":14,"turns":4},{"damage":61,"enemies":"Hexaghost","floor":16,"turns":10},{"damage":34,"enemies":"2 Thieves","floor":18,"turns":5},{"damage":30,"enemies":"3 Byrds","floor":19,"turns":4},{"damage":21,"enemies":"Masked Bandits","floor":20,"turns":4},{"damage":22,"enemies":"Centurion and Healer","floor":24,"turns":9},{"damage":69,"enemies":"Book of Stabbing","floor":25,"turns":6}],"seed_played":"-8118320622869474488","potions_obtained":[{"floor":1.0,"key":"Fire Potion"},{"floor":7.0,"key":"Explosive Potion"},{"floor":11,"key":"GamblersBrew"},{"floor":12,"key":"Weak Potion"},{"floor":14,"key":"Explosive Potion"},{"floor":19,"key":"DuplicationPotion"}],"is_trial":false,"path_per_floor":["M","M","M","?","?","R","E","?","T","M","E","M","M","M","R","B",null,"M","M","?","?","$","R","M","E"],"character_chosen":"IRONCLAD","items_purchased":["EntropicBrew"],"campfire_rested":0,"item_purchase_floors":[22],"current_hp_per_floor":[79,80,80,80,80,80,61,61,61,58,63,73,80,80,80,55,80,66,65,57,57,57,57,66,0,0],"gold":125,"neow_bonus":"ONE_RANDOM_RARE_CARD","is_daily":false,"chose_seed":false,"campfire_upgraded":3,"win_rate":0.0,"timestamp":1611747035,"path_taken":["M","M","M","?","?","R","E","?","T","M","E","M","M","M","R","BOSS","M","M","?","?","$","R","M","E"],"items_purchased_type":["Potion"],"build_version":"2020-12-22","purchased_purges":1,"victory":false,"max_hp_per_floor":[80,80,80,80,80,80,80,80,80,80,80,80,80,80,80,80,80,84,87,90,90,90,90,93,93,93],"relic_stats":{"Darkstone Periapt":0,"Gremlin Horn":[14,14],"counters":[15,71],"Shuriken":[9],"obtain_stats":[{"Potion Belt":11,"Darkstone Periapt":21,"Gremlin Horn":9,"Shuriken":7,"Philosopher\u0027s Stone":17,"Red Mask":20,"Burning Blood":0},{"Potion Belt":6,"Darkstone Periapt":13,"Gremlin Horn":4,"Shuriken":4,"Philosopher\u0027s Stone":10,"Red Mask":13,"Burning Blood":0},{"Potion Belt":24,"Darkstone Periapt":56,"Gremlin Horn":14,"Shuriken":14,"Philosopher\u0027s Stone":43,"Red Mask":56,"Burning Blood":0}],"Burning Blood":67},"card_choices":[{"not_picked":["Shockwave","Headbutt"],"picked":"Uppercut","floor":1.0},{"not_picked":["Warcry","Reckless Charge","Seeing Red"],"picked":"SKIP","floor":2.0},{"not_picked":["Flex","Headbutt"],"picked":"Carnage","floor":3.0},{"not_picked":["Iron Wave","True Grit"],"picked":"Demon Form","floor":7.0},{"not_picked":["Body Slam","Clothesline"],"picked":"True Grit","floor":10.0},{"not_picked":["Dual Wield","Hemokinesis"],"picked":"Sword Boomerang","floor":11},{"not_picked":["Dropkick","Rage","Warcry"],"picked":"SKIP","floor":12},{"not_picked":["Reckless Charge","Wild Strike"],"picked":"Armaments","floor":13},{"not_picked":["Reckless Charge","Body Slam","Power Through"],"picked":"SKIP","floor":14},{"not_picked":["Limit Break","Reaper"],"picked":"Feed","floor":16},{"not_picked":["Seeing Red+1","Sword Boomerang"],"picked":"Shrug It Off+1","floor":18},{"not_picked":["Uppercut+1","Warcry+1"],"picked":"True Grit+1","floor":19},{"not_picked":["True Grit","Shrug It Off+1"],"picked":"Feel No Pain","floor":20},{"not_picked":["Shrug It Off","Thunderclap"],"picked":"Heavy Blade","floor":24}],"player_experience":482449,"relics_obtained":[{"floor":7.0,"key":"Shuriken"},{"floor":9.0,"key":"Gremlin Horn"},{"floor":11,"key":"Potion Belt"},{"floor":20,"key":"Red Mask"}],"event_choices":[{"damage_healed":0.0,"max_hp_gain":0.0,"max_hp_loss":0.0,"gold_gain":0.0,"event_name":"Liars Game","player_choice":"Ignored","floor":4.0,"gold_loss":0.0,"damage_taken":0.0},{"damage_healed":0.0,"max_hp_gain":0.0,"max_hp_loss":0.0,"gold_gain":0.0,"event_name":"Living Wall","player_choice":"Grow","floor":5.0,"gold_loss":0.0,"damage_taken":0.0,"cards_upgraded":["Carnage"]},{"cards_removed":["Strike_R"],"damage_healed":0.0,"max_hp_gain":0.0,"max_hp_loss":0.0,"gold_gain":0.0,"event_name":"The Cleric","player_choice":"Card Removal","floor":8.0,"gold_loss":50.0,"damage_taken":0.0},{"damage_healed":0,"gold_gain":0,"player_choice":"Fought Bandits","damage_taken":0,"max_hp_gain":0,"max_hp_loss":0,"event_name":"Masked Bandits","floor":20,"gold_loss":0},{"damage_healed":0,"gold_gain":0,"player_choice":"Obtained Relic","damage_taken":0,"relics_obtained":["Darkstone Periapt"],"max_hp_gain":0,"max_hp_loss":0,"event_name":"Addict","floor":21,"gold_loss":85}],"is_beta":false,"boss_relics":[{"not_picked":["Tiny House","Runic Dome"],"picked":"Philosopher\u0027s Stone"}],"items_purged_floors":[22],"is_endless":false,"potions_floor_spawned":[1,7,11,12,14,19],"killed_by":"Book of Stabbing","ascension_level":3}}