{"host":"hqsnl0mtmp1qafm7","time":1611711510,"event":{"mods":["AchievementEnabler","BaseMod","Better Altar","Better Sensory Stone","Better Third Choice","Colored Map","Colored Powertips","Conspire","Downfall","Friendly Minions","Hubris","Minty Spire (QoL Compilation)","Permanent Neow","Quick Restart","Rare Cards Sparkle","Replay The Spire","StSLib","Wandering Minibosses","egg"],"gold_per_floor":[110,110,110,130,29,71,62,96,96,196,196,28,28,23,23,104,104,109,109,109,118,127,147,147,95,95,95,88,84,84,138,138,208,208,213,213,48,73,75,85,85,88,88,88,111,812,847,847,847,847,847,847,3,30,30],"floor_reached":56,"language":"ENG","playtime":4315,"items_purged":["Strike_B","Strike_B","Dualcast","Streamline"],"score":1691,"play_id":"6ec59086-3942-44f6-9717-84aa90f8a40b","local_time":"20210126203830","is_ascension_mode":true,"campfire_choices":[{"floor":11,"key":"REST"},{"data":"Glacier","floor":13,"key":"SMITH"},{"data":"Blizzard","floor":15,"key":"SMITH"},{"floor":30,"key":"REST"},{"floor":32,"key":"REST"},{"floor":41,"key":"REST"},{"floor":49,"key":"RECALL"},{"floor":52,"key":"REST"}],"circlet_count":0,"master_deck":["Defend_B","Defend_B","Defend_B","Zap+1","Cold Snap","Glacier+1","Coolheaded","conspire:Rain","Blizzard+1","Leap","Machine Learning","Slimebound:Tackle+1","Slimebound:Tackle+1","Slimebound:Tackle+1","Defragment+1","Buffer","Loop","Hologram+1","Leap","Genetic Algorithm","Loop+1","Electrodynamics+1","Chill+1","Echo Form+1","Capacitor+1","Flash of Steel","Crystallizer+1","Lockon+1","Crow Ritual+1","Secret Technique","Force Field+1","ReplayTheSpireMod:GoodbyeWorld+1","Defragment+1","hubris:SpecializedCircuitry+1","Leap"],"relics":["Cracked Core","Calipers","ReplayTheSpireMod:TigerMarble","Tiny Chest","Meat on the Bone","Fusion Hammer","Kunai","Sundial","Runic Capacitor","Frozen Egg 2","Bronze Scales","Philosopher\u0027s Stone","TungstenRod","Bottled Flame","Durian","Replay:Frozen Program","ReplayTheSpireMod:ShopPack","Boot","wanderingMiniBosses:MasterThiefsPresence","Replay:Wax Seal","Strawberry","conspire:GiftBox","Toolbox","Vajra"],"acts_visited":["Exordium","TheCity","TheBeyond","TheEnding"],"potions_floor_usage":[8,16,22,23,46,46,55],"damage_taken":[{"damage":5,"enemies":"Small Slimes","floor":1,"turns":4},{"damage":1,"enemies":"2 Louse","floor":4,"turns":3},{"damage":17,"enemies":"conspire:MimicChest","floor":6,"turns":11},{"damage":0,"enemies":"Jaw Worm","floor":7,"turns":6},{"damage":4,"enemies":"3 Sentries","floor":8,"turns":10},{"damage":0,"enemies":"3 Louse","floor":14,"turns":5},{"damage":0,"enemies":"Slime Boss","floor":16,"turns":13},{"damage":0,"enemies":"Shell Parasite","floor":18,"turns":7},{"damage":5,"enemies":"Chosen","floor":21,"turns":5},{"damage":2,"enemies":"3 Cultists","floor":22,"turns":5},{"damage":23,"enemies":"Book of Stabbing","floor":23,"turns":8},{"damage":8,"enemies":"Shelled Parasite and Fungi","floor":25,"turns":6},{"damage":0,"enemies":"Centurion and Healer","floor":28,"turns":7},{"damage":0,"enemies":"Snake Plant","floor":29,"turns":5},{"damage":4,"enemies":"Pondfish","floor":33,"turns":13},{"damage":7,"enemies":"Orb Walker","floor":35,"turns":4},{"damage":0,"enemies":"Mind Bloom Boss Battle","floor":38,"turns":7},{"damage":0,"enemies":"3 Darklings","floor":39,"turns":4},{"damage":0,"enemies":"Reptomancer","floor":40,"turns":7},{"damage":0,"enemies":"R_Hoarder","floor":42,"turns":9},{"damage":11,"enemies":"Jaw Worm Horde","floor":46,"turns":6},{"damage":0,"enemies":"Nemesis","floor":47,"turns":7},{"damage":8,"enemies":"Donu and Deca","floor":50,"turns":6},{"damage":32,"enemies":"Shield and Spear","floor":54,"turns":6},{"damage":14,"enemies":"The Heart","floor":55,"turns":11}],"seed_played":"-1658003040238105717","potions_obtained":[{"floor":4,"key":"Explosive Potion"},{"floor":14,"key":"Block Potion"},{"floor":16,"key":"Explosive Potion"},{"floor":18,"key":"PowerPotion"},{"floor":25,"key":"Elixir"},{"floor":28,"key":"GamblersBrew"},{"floor":29,"key":"Flashbang"},{"floor":35,"key":"LiquidBronze"}],"is_trial":false,"path_per_floor":["M","?","?","M","$","?","M","E","T","?","R","$","R","M","R","B",null,"M","?","T","M","M","E","$","M","T","?","M","M","R","T","R","B",null,"M","?","$","?","M","E","R","E","T","$","T","M","E","?","R","B",null,"R","$","E","B",null],"character_chosen":"DEFECT","items_purchased":["Streamline","Blizzard","Runic Capacitor","Capacitor+1","Flash of Steel","Replay:Frozen Program","ReplayTheSpireMod:ShopPack","Defragment+1","Strawberry","conspire:GiftBox","Toolbox","Leap"],"campfire_rested":5,"item_purchase_floors":[5,12,24,37,37,44,44,53,53,53,53,53],"current_hp_per_floor":[49,42,42,41,41,24,24,20,20,20,42,42,42,42,42,42,75,75,75,75,70,68,45,30,34,34,34,46,46,68,68,75,71,75,68,53,53,53,53,53,75,80,80,62,62,51,51,51,51,43,80,80,87,55,53],"gold":30,"neow_bonus":"ONE_RARE_RELIC","is_daily":false,"chose_seed":false,"campfire_upgraded":2,"win_rate":0.0,"timestamp":1611711510,"path_taken":["M","?","?","M","$","?","?","E","T","?","R","$","R","?","R","BOSS","M","?","?","?","M","E","?","M","T","?","M","M","R","?","R","BOSS","M","?","$","?","M","E","R","E","T","?","?","M","E","?","R","BOSS","R","$","E","BOSS"],"items_purchased_type":["Card","Card","Relic","Card","Card","Relic","Relic","Card","Relic","Relic","Relic","Card"],"build_version":"2020-12-22","purchased_purges":4,"victory":true,"max_hp_per_floor":[75,75,75,75,75,75,75,75,75,75,75,75,75,75,75,75,75,75,75,75,75,75,75,75,75,75,75,75,75,75,75,75,75,75,75,75,75,75,75,75,75,80,80,80,80,80,80,80,80,80,80,80,87,87,87],"card_choices":[{"not_picked":["Hologram","White Noise"],"picked":"Cold Snap","floor":1},{"not_picked":["Barrage","Ball Lightning"],"picked":"Glacier","floor":4},{"not_picked":["conspire:SharedLibrary","hubris:DoWhile"],"picked":"Coolheaded","floor":6},{"not_picked":["Compile Driver","Consume"],"picked":"conspire:Rain","floor":7},{"not_picked":["Coolheaded","Double Energy","Streamline"],"picked":"SKIP","floor":8},{"not_picked":["Hologram","Double Energy"],"picked":"Leap","floor":14},{"not_picked":["Electrodynamics","Thunder Strike"],"picked":"Machine Learning","floor":16},{"not_picked":["Ball Lightning+1","Stack","Gash+1"],"picked":"SKIP","floor":18},{"not_picked":["Heatsinks","Force Field"],"picked":"Defragment+1","floor":21},{"not_picked":["Steam+1","Sweeping Beam"],"picked":"Buffer","floor":22},{"not_picked":["Coolheaded","Auto Shields"],"picked":"Loop","floor":23},{"not_picked":["FTL","Stack+1"],"picked":"Hologram+1","floor":25},{"not_picked":["Go for the Eyes","Undo"],"picked":"Genetic Algorithm","floor":28},{"not_picked":["Cold Snap+1","Chill"],"picked":"Loop+1","floor":29},{"not_picked":["Multi-Cast","ReplayTheSpireMod:Omega Cannon"],"picked":"Electrodynamics+1","floor":33},{"not_picked":["Panic Button","Streamline+1"],"picked":"Chill+1","floor":35},{"not_picked":["Aggregate","Doom and Gloom","Skim"],"picked":"SKIP","floor":39},{"not_picked":["Ball Lightning","Compile Driver"],"picked":"Crystallizer+1","floor":40},{"not_picked":["Meteor Strike","Hyperbeam"],"picked":"Lockon+1","floor":42},{"not_picked":["Violence","Master of Strategy"],"picked":"Crow Ritual","floor":44},{"not_picked":["Madness","Trip"],"picked":"Secret Technique","floor":44},{"not_picked":["Undo+1","Hologram"],"picked":"Force Field+1","floor":46},{"not_picked":["Beam Cell+1","Multi-Cast"],"picked":"ReplayTheSpireMod:GoodbyeWorld+1","floor":47},{"not_picked":["Seek","Buffer+1"],"picked":"hubris:SpecializedCircuitry+1","floor":53},{"not_picked":["Steam Power+1","Genetic Algorithm+1","Conserve Battery+1"],"picked":"SKIP","floor":54}],"player_experience":87355,"relics_obtained":[{"floor":6,"key":"ReplayTheSpireMod:TigerMarble"},{"floor":8,"key":"Tiny Chest"},{"floor":9,"key":"Meat on the Bone"},{"floor":20,"key":"Kunai"},{"floor":23,"key":"Sundial"},{"floor":26,"key":"Frozen Egg 2"},{"floor":31,"key":"Bronze Scales"},{"floor":38,"key":"TungstenRod"},{"floor":40,"key":"Bottled Flame"},{"floor":42,"key":"Durian"},{"floor":45,"key":"Boot"},{"floor":46,"key":"wanderingMiniBosses:MasterThiefsPresence"},{"floor":47,"key":"Replay:Wax Seal"},{"floor":54,"key":"Vajra"}],"event_choices":[{"cards_removed":["Strike_B"],"damage_healed":0,"gold_gain":0,"player_choice":"Card Removal","damage_taken":7,"max_hp_gain":0,"max_hp_loss":0,"event_name":"Golden Wing","floor":2,"gold_loss":0},{"damage_healed":0,"gold_gain":100,"player_choice":"Pray","damage_taken":0,"max_hp_gain":0,"max_hp_loss":0,"event_name":"Golden Shrine","floor":10,"gold_loss":0},{"damage_healed":0,"gold_gain":0,"player_choice":"1 cards matched","damage_taken":0,"max_hp_gain":0,"max_hp_loss":0,"event_name":"Match and Keep!","floor":27,"gold_loss":0,"cards_obtained":["Leap"]},{"damage_healed":0,"gold_gain":3,"player_choice":"2","damage_taken":0,"max_hp_gain":0,"max_hp_loss":15,"event_name":"betterStone:BetterStone","floor":36,"gold_loss":0},{"damage_healed":0,"gold_gain":0,"player_choice":"Fight","damage_taken":0,"max_hp_gain":0,"max_hp_loss":0,"event_name":"MindBloom","floor":38,"gold_loss":0},{"cards_removed":["Defend_B"],"damage_healed":0,"gold_gain":0,"player_choice":"Removed Skill","damage_taken":0,"max_hp_gain":0,"max_hp_loss":0,"event_name":"Falling","floor":48,"gold_loss":0}],"is_beta":false,"boss_relics":[{"not_picked":["Coffee Dripper","hubris:TerracottaHorce"],"picked":"Fusion Hammer"},{"not_picked":["hubris:HollowSoul","conspire:SeveredTorchhead"],"picked":"Philosopher\u0027s Stone"}],"items_purged_floors":[5,12,24,53],"is_endless":false,"potions_floor_spawned":[4,14,16,18,25,28,29,35,40,42],"ascension_level":1}}