{"host":"vhrbb9mxb8fcxsba","time":1611746630,"event":{"mods":["2.2 Compatiblity","Act Like it!","Aspiration","BaseMod","Downfall","GungeonMod","Hubris","Infinite Spire","Minty Spire (QoL Compilation)","Quick Restart","StSLib","The Disciple","Wandering Minibosses"],"gold_per_floor":[115,134,145,163,12,12,37,56,56,70,81,111,16,0,0,0,0],"floor_reached":16,"language":"ENG","playtime":495,"items_purged":[],"score":125,"play_id":"4a347d6e-5815-4dc9-b302-01733f6ee01f","local_time":"20210128002350","is_ascension_mode":true,"campfire_choices":[{"data":"Zap","floor":6,"key":"SMITH"},{"floor":15,"key":"REST"}],"circlet_count":0,"master_deck":["Strike_B","Strike_B","Strike_B","Strike_B","Defend_B","Defend_B","Defend_B","Defend_B","Zap+1","Dualcast","Beam Cell","Rip and Tear","Turbo","Skim","Defragment","Reboot","Reinforced Body","BootSequence","Capacitor"],"relics":["Cracked Core","aspiration:Nostalgia","bronze:BronzeCore","Membership Card","Boot","hubris:BallOfYels","Toolbox"],"acts_visited":["Exordium"],"potions_floor_usage":[7,11,12,16],"damage_taken":[{"damage":1,"enemies":"Cultist","floor":1,"turns":4},{"damage":9,"enemies":"Jaw Worm","floor":2,"turns":3},{"damage":0,"enemies":"2 Louse","floor":3,"turns":2},{"damage":0,"enemies":"2 Fungi Beasts","floor":4,"turns":2},{"damage":15,"enemies":"Lagavulin","floor":7,"turns":5},{"damage":22,"enemies":"Blue Slaver","floor":8,"turns":5},{"damage":0,"enemies":"Exordium Wildlife","floor":10,"turns":2},{"damage":6,"enemies":"Looter","floor":11,"turns":2},{"damage":34,"enemies":"3 Sentries","floor":12,"turns":7},{"damage":30,"enemies":"Slime Boss","floor":16,"turns":7}],"seed_played":"-85853176229880342","potions_obtained":[{"floor":3,"key":"Strength Potion"},{"floor":7,"key":"Regen Potion"},{"floor":8,"key":"FocusPotion"},{"floor":10,"key":"BlessingOfTheForge"}],"is_trial":false,"path_per_floor":["M","M","M","M","$","R","E","M","T","M","M","E","$","?","R","B"],"character_chosen":"DEFECT","items_purchased":["Membership Card","Capacitor","Toolbox"],"campfire_rested":1,"item_purchase_floors":[5,13,13],"current_hp_per_floor":[74,65,65,65,65,65,50,28,28,28,22,3,3,3,25,0,0],"gold":0,"neow_bonus":"NOSTALGIA","is_daily":false,"chose_seed":false,"campfire_upgraded":1,"win_rate":0.0,"timestamp":1611746630,"path_taken":["M","?","M","M","$","R","E","M","T","M","M","E","?","?","R","BOSS"],"items_purchased_type":["Relic","Card","Relic"],"build_version":"2020-12-22","purchased_purges":0,"victory":false,"max_hp_per_floor":[75,75,75,75,75,75,75,75,75,75,75,75,75,75,75,75,75],"card_choices":[{"not_picked":["Cold Snap","Lockon","Conserve Battery"],"picked":"SKIP","floor":1},{"not_picked":["Coolheaded","Rebound"],"picked":"Beam Cell","floor":2},{"not_picked":["Rebound","Compile Driver"],"picked":"Rip and Tear","floor":3},{"not_picked":["Compile Driver","Loop"],"picked":"Turbo","floor":4},{"not_picked":["Consume","Compile Driver"],"picked":"Skim","floor":7},{"not_picked":["Stack","Gash"],"picked":"Defragment","floor":8},{"not_picked":["Recycle","Beam Cell"],"picked":"Reboot","floor":10},{"not_picked":["Barrage","Streamline"],"picked":"Reinforced Body","floor":11},{"not_picked":["hubris:SpecializedCircuitry","Go for the Eyes"],"picked":"BootSequence","floor":12}],"player_experience":172897,"relics_obtained":[{"floor":7,"key":"Boot"},{"floor":12,"key":"hubris:BallOfYels"}],"event_choices":[{"damage_healed":0,"gold_gain":0,"player_choice":"Left Gold","damage_taken":0,"max_hp_gain":0,"max_hp_loss":0,"event_name":"World of Goop","floor":14,"gold_loss":16}],"is_beta":false,"boss_relics":[],"items_purged_floors":[],"is_endless":false,"potions_floor_spawned":[3,7,8,10],"killed_by":"Slime Boss","ascension_level":2}}