{"host":"hfxahm4y1ssattqc","time":1611771371,"event":{"mods":["2.2 Compatiblity","Act Like it!","Aspiration","BaseMod","Beaked The Cultist","Better Third Choice","BetterRewards","Colored Map","Colored Powertips","Custom Start","Googly Eyes","Halation","Hallownest","Hermit","Highlight Path","Hubris","Mimic Mod","Minty Spire (QoL Compilation)","Reorder Act Four","Replay The Spire","Shop Mod","Spikes Relics","StSLib","The Bug Knight","The IronCluck","The Jungle","Unknown Chances","slay the spire mod where everything is the same but ironclad has a cowboy hat"],"gold_per_floor":[109,121,0,18,37,62,75,86,86,97,97,113,38,49,49,148,148,159,169,187,10,27,27,27,27,27,27,43,73,73,87,87,187,187,197,197,197,197,207,207,227,227,253,216,232,232,242,259,259,259,259,105,105,105,105,105],"floor_reached":55,"language":"ENG","playtime":3062,"items_purged":[],"score":1172,"play_id":"f1eff91f-f047-42e8-8bea-fac971c44656","local_time":"20210127101611","is_ascension_mode":false,"campfire_choices":[{"data":"Armaments","floor":11.0,"key":"SMITH"},{"floor":15.0,"key":"RECALL"},{"data":"Heavy Blade","floor":27.0,"key":"SMITH"},{"data":"Barricade","floor":30.0,"key":"SMITH"},{"data":"ReplayUltimateDefense","floor":32.0,"key":"SMITH"},{"data":"Metallicize","floor":40.0,"key":"SMITH"},{"data":"hubris:EnhanceAbility","floor":42.0,"key":"SMITH"},{"floor":49.0,"key":"REST"},{"data":"Enlightenment","floor":53.0,"key":"SMITH"},{"data":"Metallicize","floor":54.0,"key":"SMITH"}],"circlet_count":0,"master_deck":["Strike_R","Strike_R","Strike_R","Strike_R","Strike_R","Defend_R","Defend_R","Defend_R","Defend_R","Bash","Disarm","Armaments+1","hubris:EnhanceAbility+1","Demon Form","Metallicize+1","BarbarianYell","Enlightenment+1","Metallicize","ReplayReversal","Metallicize+1","Feed","BarbarianYell","ReplayUltimateDefense+1","Heavy Blade+1","Pain","Barricade+1","Berserk","Hallucinations","ReplayTheSpireMod:Limb From Limb","Pommel Strike+1","Body Slam+1"],"relics":["Burning Blood","Incense Burner","aspiration:ArtOfWarUpgrade","Iron Hammer","hubris:DeckOfHolding","Question Card","Cursed Key","Replay:Mystery Machine","Nunchaku","Busted Crown","hubris:Towel","halation:PapillonHeart","halation:AfternoonTea","halation:Komachan"],"acts_visited":["Exordium","TheCity","TheBeyond","TheEnding"],"potions_floor_usage":[55,55],"damage_taken":[{"damage":4.0,"enemies":"Cultist","floor":1.0,"turns":4.0},{"damage":0.0,"enemies":"Small Slimes","floor":2.0,"turns":3.0},{"damage":0.0,"enemies":"Jaw Worm","floor":4.0,"turns":3.0},{"damage":0.0,"enemies":"Blue Slaver","floor":5.0,"turns":7.0},{"damage":0.0,"enemies":"HollowMod:MossKnight","floor":6.0,"turns":6.0},{"damage":0.0,"enemies":"3 Louse","floor":7.0,"turns":3.0},{"damage":3.0,"enemies":"Lots of Slimes","floor":8.0,"turns":8.0},{"damage":0.0,"enemies":"Large Slime","floor":10.0,"turns":7.0},{"damage":9.0,"enemies":"Exordium Wildlife","floor":12.0,"turns":4.0},{"damage":0.0,"enemies":"2 Fungi Beasts","floor":14.0,"turns":4.0},{"damage":36.0,"enemies":"Hexaghost","floor":16.0,"turns":9.0},{"damage":4.0,"enemies":"Chosen","floor":18.0,"turns":6.0},{"damage":2.0,"enemies":"Shell Parasite","floor":19.0,"turns":5.0},{"damage":15.0,"enemies":"Snake Plant","floor":20.0,"turns":5.0},{"damage":0.0,"enemies":"Snecko","floor":22.0,"turns":7.0},{"damage":9.0,"enemies":"Shelled Parasite and Fungi","floor":28.0,"turns":4.0},{"damage":17.0,"enemies":"Slavers","floor":29.0,"turns":7.0},{"damage":5.0,"enemies":"Centurion and Healer","floor":31.0,"turns":7.0},{"damage":57.0,"enemies":"Pondfish","floor":33.0,"turns":14.0},{"damage":28.0,"enemies":"Orb Walker","floor":35.0,"turns":8.0},{"damage":6.0,"enemies":"3 Darklings","floor":39.0,"turns":9.0},{"damage":4.0,"enemies":"Spire Growth","floor":41.0,"turns":8.0},{"damage":37.0,"enemies":"Jaw Worm Horde","floor":45.0,"turns":7.0},{"damage":5.0,"enemies":"Maw","floor":47.0,"turns":10.0},{"damage":15.0,"enemies":"Transient","floor":48.0,"turns":5.0},{"damage":68.0,"enemies":"Time Eater","floor":50.0,"turns":10.0},{"damage":103,"enemies":"The Heart","floor":55,"turns":8}],"seed_played":"1966193423181493132","potions_obtained":[{"floor":2.0,"key":"Strength Potion"},{"floor":4.0,"key":"BlessingOfTheForge"},{"floor":7.0,"key":"Dexterity Potion"},{"floor":12.0,"key":"Strength Potion"},{"floor":29.0,"key":"SpeedPotion"},{"floor":38.0,"key":"Milkshake"},{"floor":45.0,"key":"Block Potion"},{"floor":47.0,"key":"Doom Potion"}],"is_trial":false,"path_per_floor":["M","M","?","M","M","E","M","M","T","M","R","M","?","M","R","B",null,"M","M","M","$","M","R","?","R","T","R","M","E","R","M","R","B",null,"M","?","?","?","M","R","M","R","T","$","M","$","M","M","R","B",null,"$","R","R","B"],"character_chosen":"IRONCLAD","items_purchased":["Disarm","Incense Burner","Art of War","Iron Hammer","Armaments","hubris:EnhanceAbility","Demon Form","ReplayUltimateDefense","ReplayTheSpireMod:Limb From Limb","halation:Komachan"],"campfire_rested":1,"item_purchase_floors":[0,0,0,0,0,0,0,21,44,52],"current_hp_per_floor":[80,80,86,86,86,86,86,86,86,86,86,83,83,86,86,56,86,89,89,83,83,93,93,93,93,93,93,90,82,82,83,83,32,99,77,77,77,77,81,81,83,83,83,83,55,55,56,47,77,30,101,101,101,101,0,0],"gold":105,"neow_bonus":"","is_daily":false,"chose_seed":false,"campfire_upgraded":8,"win_rate":0.0,"timestamp":1611771371,"path_taken":["M","M","?","M","M","E","M","M","T","M","R","M","?","M","R","BOSS","M","?","M","$","M","R","?","R","T","R","M","E","R","?","R","BOSS","M","?","?","?","M","R","?","R","T","$","M","$","M","M","R","BOSS","$","R","R","BOSS"],"items_purchased_type":["Card","Relic","Relic","Relic","Card","Card","Card","Card","Card","Relic"],"build_version":"2020-12-22","purchased_purges":0,"victory":false,"max_hp_per_floor":[80,80,86,86,86,86,86,86,86,86,86,86,86,86,86,86,86,89,89,92,92,96,96,96,96,96,96,96,99,99,99,99,99,99,99,99,94,94,98,98,98,98,98,98,101,101,101,101,101,101,101,101,101,101,101,101],"card_choices":[{"not_picked":["ReplayTheSpireMod:Stacked","Pommel Strike"],"picked":"Metallicize","floor":1.0},{"not_picked":["Infernal Blade","Flex"],"picked":"BarbarianYell","floor":2.0},{"not_picked":["Anger","Dropkick"],"picked":"Metallicize","floor":4.0},{"not_picked":["ReplayTheSpireMod:Corrosion Curse","Havoc","ReplayTheSpireMod:Strike From Hell"],"picked":"SKIP","floor":5.0},{"not_picked":["Headbutt","Replay:Undeath\u0027s Touch","Reckless Charge"],"picked":"SKIP","floor":6.0},{"not_picked":["Body Slam","Clash","Headbutt"],"picked":"SKIP","floor":7.0},{"not_picked":["Sword Boomerang","Ghostly Armor"],"picked":"ReplayReversal","floor":8.0},{"not_picked":["Shrug It Off","Whirlwind","Run Through"],"picked":"SKIP","floor":10.0},{"not_picked":["Evolve","Sword Boomerang","Wild Strike"],"picked":"SKIP","floor":12.0},{"not_picked":["Run Through","Clothesline","Massacre"],"picked":"Metallicize","floor":14.0},{"not_picked":["Corruption","Immolate","Replay:Many Hands"],"picked":"Feed","floor":16.0},{"not_picked":["ReplayTheSpireMod:Strike From Hell+1","Clothesline+1","Warcry","Havoc"],"picked":"SKIP","floor":18.0},{"not_picked":["Iron Wave","Clothesline","Intimidate+1","Flame Barrier+1"],"picked":"SKIP","floor":19.0},{"not_picked":["Thunderclap","Iron Wave","Cleave"],"picked":"BarbarianYell","floor":20.0},{"not_picked":["Rupture","Clash","Twin Strike","Replay:Undeath\u0027s Touch"],"picked":"SKIP","floor":22.0},{"not_picked":["Twin Strike","Run Through+1","Flex","Shrug It Off"],"picked":"SKIP","floor":28.0},{"not_picked":["Hemokinesis","Twin Strike","Pommel Strike+1"],"picked":"Barricade","floor":29.0},{"not_picked":["Invigoration+1","Cleave+1","Twin Strike","Run Through+1"],"picked":"SKIP","floor":31.0},{"not_picked":["Corruption","Exhume","Eclipse"],"picked":"Berserk","floor":33.0},{"not_picked":["Sentinel+1","Flame Barrier"],"picked":"SKIP","floor":35.0},{"not_picked":["Dropkick+1","Rampage"],"picked":"SKIP","floor":39.0},{"not_picked":["Wild Strike","Iron Wave+1"],"picked":"SKIP","floor":41.0},{"not_picked":["hubris:ReadiedAction"],"picked":"Pommel Strike+1","floor":45.0},{"not_picked":["Sentinel+1","Flame Barrier+1"],"picked":"SKIP","floor":47.0},{"not_picked":["Dual Wield"],"picked":"Body Slam+1","floor":48.0}],"player_experience":924986,"relics_obtained":[{"floor":6.0,"key":"hubris:DeckOfHolding"},{"floor":26.0,"key":"Replay:Mystery Machine"},{"floor":29.0,"key":"Nunchaku"},{"floor":43.0,"key":"halation:AfternoonTea"}],"event_choices":[{"damage_healed":0.0,"max_hp_gain":0.0,"max_hp_loss":0.0,"gold_gain":0.0,"event_name":"betterThird:BetterSerpent","player_choice":"RENOUNCE","floor":3.0,"gold_loss":121.0,"damage_taken":121.0,"cards_obtained":["Enlightenment"]},{"damage_healed":0.0,"max_hp_gain":0.0,"max_hp_loss":0.0,"gold_gain":0.0,"event_name":"WeMeetAgain","player_choice":"Paid Gold","floor":13.0,"gold_loss":75.0,"damage_taken":0.0,"relics_obtained":["Question Card"]},{"damage_healed":0.0,"max_hp_gain":0.0,"max_hp_loss":0.0,"gold_gain":0.0,"event_name":"The Library","player_choice":"Read","floor":24.0,"gold_loss":0.0,"damage_taken":0.0,"cards_obtained":["Heavy Blade"]},{"damage_healed":0.0,"max_hp_gain":0.0,"max_hp_loss":0.0,"gold_gain":0.0,"event_name":"Lab","player_choice":"Got Potions","floor":38.0,"gold_loss":0.0,"damage_taken":0.0}],"is_beta":false,"boss_relics":[{"not_picked":["aspiration:PoetsPen_weak","SacredBark"],"picked":"Cursed Key"},{"not_picked":["hubris:CrackedHourglass","CosmicIsotope"],"picked":"Busted Crown"}],"items_purged_floors":[],"is_endless":false,"potions_floor_spawned":[2,4,7,12,14,16,18,19,28,29,45,47],"killed_by":"The Heart","ascension_level":0}}