{"host":"qbvxbacgnxuisbbe","time":1611711880,"event":{"mods":["Alarm Clock","BaseMod","Humility","Minty Spire (QoL Compilation)","StSLib"],"gold_per_floor":[112,112,387,399,418,418,5,17,17,17,17,17,44,56,56,56,56],"floor_reached":16,"language":"ENG","playtime":460,"items_purged":["Regret"],"score":250,"play_id":"f5618cda-44c8-4a36-902a-c26aae20fc64","local_time":"20210127014440","is_ascension_mode":true,"campfire_choices":[{"data":"Pommel Strike","floor":6,"key":"SMITH"},{"floor":10,"key":"REST"},{"data":"Offering","floor":12,"key":"SMITH"},{"data":"Shockwave","floor":15,"key":"SMITH"}],"circlet_count":0,"master_deck":["AscendersBane","Strike_R","Strike_R","Strike_R","Strike_R","Strike_R","Defend_R","Defend_R","Defend_R","Defend_R","Bash","Pommel Strike","Pommel Strike+1","Offering+1","Shockwave+1","Dropkick+1","Thunderclap+1"],"relics":["Burning Blood","Meat on the Bone","Paper Frog","Pear","Molten Egg 2"],"acts_visited":["Exordium"],"potions_floor_usage":[13,16],"damage_taken":[{"damage":7,"enemies":"Small Slimes","floor":1,"turns":4},{"damage":16,"enemies":"Cultist","floor":4,"turns":4},{"damage":20,"enemies":"Jaw Worm","floor":5,"turns":3},{"damage":33,"enemies":"Large Slime","floor":8,"turns":5},{"damage":6,"enemies":"Gremlin Nob","floor":13,"turns":2},{"damage":15,"enemies":"3 Louse","floor":14,"turns":3},{"damage":39,"enemies":"Hexaghost","floor":16,"turns":7}],"seed_played":"8782533438626939319","potions_obtained":[{"floor":8,"key":"Fire Potion"},{"floor":13,"key":"FearPotion"},{"floor":14,"key":"Dexterity Potion"}],"is_trial":false,"path_per_floor":["M","?","?","M","M","R","$","M","T","R","?","R","E","M","R","B"],"character_chosen":"IRONCLAD","items_purchased":["Meat on the Bone","Offering"],"campfire_rested":1,"item_purchase_floors":[7,7],"current_hp_per_floor":[74,74,74,64,50,50,50,35,35,59,69,69,69,60,60,21,21],"gold":56,"neow_bonus":"TEN_PERCENT_HP_BONUS","is_daily":false,"chose_seed":false,"campfire_upgraded":3,"win_rate":0.0,"timestamp":1611711880,"path_taken":["M","?","?","?","?","R","$","M","T","R","?","R","E","?","R","BOSS"],"items_purchased_type":["Relic","Card"],"build_version":"2020-12-22","purchased_purges":1,"victory":false,"max_hp_per_floor":[82,82,82,82,82,82,82,82,82,82,92,92,92,92,92,92,92],"card_choices":[{"not_picked":["Flex","Armaments"],"picked":"Pommel Strike","floor":1},{"not_picked":["Wild Strike","Thunderclap"],"picked":"Pommel Strike","floor":4},{"not_picked":["True Grit","Clash"],"picked":"Seeing Red","floor":5},{"not_picked":["Clothesline","Impervious"],"picked":"Shockwave","floor":8},{"not_picked":["Twin Strike+1","Fire Breathing"],"picked":"Dropkick+1","floor":13},{"not_picked":["Bloodletting","Flex"],"picked":"Thunderclap+1","floor":14}],"player_experience":151647,"relics_obtained":[{"floor":9,"key":"Paper Frog"},{"floor":13,"key":"Molten Egg 2"}],"event_choices":[{"damage_healed":0,"gold_gain":0,"player_choice":"Ignored","damage_taken":0,"max_hp_gain":0,"max_hp_loss":0,"event_name":"Shining Light","floor":2,"gold_loss":0},{"damage_healed":0,"gold_gain":275,"player_choice":"Desecrate","damage_taken":0,"max_hp_gain":0,"max_hp_loss":0,"event_name":"Golden Shrine","floor":3,"gold_loss":0,"cards_obtained":["Regret"]},{"cards_removed":["Seeing Red"],"damage_healed":0,"gold_gain":0,"player_choice":"Gave Card","damage_taken":0,"relics_obtained":["Pear"],"max_hp_gain":0,"max_hp_loss":0,"event_name":"WeMeetAgain","floor":11,"gold_loss":0}],"is_beta":false,"boss_relics":[],"items_purged_floors":[7],"is_endless":false,"potions_floor_spawned":[8,13,14],"killed_by":"Hexaghost","ascension_level":20,"is_humility":true}}