{"host":"x3xr1fzypq6qqz5s","time":1611742003,"event":{"mods":["BaseMod","Better Vampires","Colored Powertips","DeckTracker","Highlight Path","Minty Spire (QoL Compilation)","Quick Restart","Rare Cards Sparkle","Relic Stats"],"gold_per_floor":[115,128,145,157,169,169,179,197,275,275,275,133,183,203,203,308,308,321,371,192,242,311,339,339,403,403,453,260,279,306,322,322,322,322],"floor_reached":33,"language":"ZHS","playtime":1557,"items_purged":["Defend_G","Strike_G","Strike_G"],"score":388,"play_id":"b582eab0-a8c3-4023-8ced-b2d0c107f2b2","local_time":"20210127180643","is_ascension_mode":false,"campfire_choices":[{"data":"Terror","floor":6.0,"key":"SMITH"},{"data":"Glass Knife","floor":11.0,"key":"SMITH"},{"data":"Finisher","floor":15.0,"key":"SMITH"},{"floor":24.0,"key":"REST"},{"floor":32.0,"key":"REST"}],"circlet_count":0,"master_deck":["Strike_G","Defend_G","Defend_G","Defend_G","Survivor","Neutralize","Finisher+1","Cloak And Dagger","Terror+1","Glass Knife+1","Infinite Blades","Cloak And Dagger","A Thousand Cuts","Accuracy+1","Cloak And Dagger+1","A Thousand Cuts+1","Infinite Blades","Leg Sweep","Infinite Blades","Blade Dance","Cloak And Dagger"],"relics":["Ring of the Snake","Paper Crane","SsserpentHead","Astrolabe","Matryoshka","InkBottle","Ninja Scroll","CeramicFish","Anchor"],"acts_visited":["Exordium","TheCity"],"potions_floor_usage":[33,33,33],"damage_taken":[{"damage":0.0,"enemies":"Cultist","floor":1.0,"turns":5.0},{"damage":2.0,"enemies":"Jaw Worm","floor":2.0,"turns":4.0},{"damage":0.0,"enemies":"Small Slimes","floor":3.0,"turns":4.0},{"damage":0.0,"enemies":"Red Slaver","floor":4.0,"turns":6.0},{"damage":0.0,"enemies":"Large Slime","floor":5.0,"turns":8.0},{"damage":10.0,"enemies":"Lots of Slimes","floor":7.0,"turns":7.0},{"damage":5.0,"enemies":"Exordium Thugs","floor":8.0,"turns":7.0},{"damage":0.0,"enemies":"Large Slime","floor":14.0,"turns":5.0},{"damage":43.0,"enemies":"Slime Boss","floor":16.0,"turns":10.0},{"damage":6.0,"enemies":"Shell Parasite","floor":18.0,"turns":4.0},{"damage":7.0,"enemies":"3 Byrds","floor":22.0,"turns":4.0},{"damage":28.0,"enemies":"Book of Stabbing","floor":23.0,"turns":5.0},{"damage":6.0,"enemies":"Cultist and Chosen","floor":25.0,"turns":6.0},{"damage":0.0,"enemies":"Centurion and Healer","floor":29.0,"turns":3.0},{"damage":7.0,"enemies":"Shelled Parasite and Fungi","floor":30.0,"turns":4.0},{"damage":12.0,"enemies":"Snake Plant","floor":31.0,"turns":3.0},{"damage":55,"enemies":"Collector","floor":33,"turns":6}],"seed_played":"-9097021537811582748","potions_obtained":[{"floor":1.0,"key":"Fire Potion"},{"floor":3.0,"key":"Block Potion"},{"floor":4.0,"key":"Block Potion"},{"floor":14.0,"key":"Energy Potion"},{"floor":18.0,"key":"SkillPotion"},{"floor":22.0,"key":"Strength Potion"}],"is_trial":false,"path_per_floor":["M","M","M","M","M","R","M","M","T","?","R","$","?","M","R","B",null,"M","?","$","?","M","E","R","M","T","T","$","M","M","M","R","B"],"character_chosen":"THE_SILENT","items_purchased":["Infinite Blades","Cloak And Dagger","Infinite Blades","Infinite Blades"],"campfire_rested":2,"item_purchase_floors":[12,12,20,28],"current_hp_per_floor":[70,68,68,68,68,68,58,53,53,53,53,53,53,53,53,10,70,64,64,64,64,57,29,50,44,44,44,44,44,37,25,46,0,0],"gold":322,"neow_bonus":"THREE_CARDS","is_daily":false,"chose_seed":false,"campfire_upgraded":3,"win_rate":0.0,"timestamp":1611742003,"path_taken":["M","M","M","M","?","R","M","M","T","?","R","?","?","M","R","BOSS","M","?","$","?","?","E","R","?","T","?","$","M","M","M","R","BOSS"],"items_purchased_type":["Card","Card","Card","Card"],"build_version":"2020-12-22","purchased_purges":3,"victory":false,"max_hp_per_floor":[70,70,70,70,70,70,70,70,70,70,70,70,70,70,70,70,70,70,70,70,70,70,70,70,70,70,70,70,70,70,70,70,70,70],"relic_stats":{"SsserpentHead":350,"counters":[17,91],"Astrolabe":["Accuracy","Cloak And Dagger","A Thousand Cuts"],"CeramicFish":27,"obtain_stats":[{"SsserpentHead":10,"Anchor":27,"Matryoshka":21,"Ninja Scroll":26,"Astrolabe":17,"CeramicFish":26,"Paper Crane":9,"InkBottle":23,"Ring of the Snake":0},{"SsserpentHead":7,"Anchor":13,"Matryoshka":10,"Ninja Scroll":13,"Astrolabe":9,"CeramicFish":13,"Paper Crane":7,"InkBottle":12,"Ring of the Snake":0},{"SsserpentHead":41,"Anchor":75,"Matryoshka":60,"Ninja Scroll":75,"Astrolabe":56,"CeramicFish":75,"Paper Crane":41,"InkBottle":69,"Ring of the Snake":0}],"InkBottle":[12],"Ring of the Snake":[34]},"card_choices":[{"not_picked":["PiercingWail","Dodge and Roll"],"picked":"Accuracy","floor":0.0},{"not_picked":["Blade Dance","Prepared"],"picked":"Finisher","floor":1.0},{"not_picked":["Eviscerate","Flying Knee"],"picked":"Cloak And Dagger","floor":2.0},{"not_picked":["Prepared","Sucker Punch","Skewer"],"picked":"SKIP","floor":3.0},{"not_picked":["Prepared","Flechettes"],"picked":"Terror","floor":4.0},{"not_picked":["Choke","Bane","Deadly Poison"],"picked":"SKIP","floor":5.0},{"not_picked":["Choke","Bane","Deadly Poison"],"picked":"SKIP","floor":5.0},{"not_picked":["Endless Agony","Acrobatics","Crippling Poison"],"picked":"SKIP","floor":7.0},{"not_picked":["Flying Knee","Prepared"],"picked":"Glass Knife","floor":8.0},{"not_picked":["Deadly Poison","Tactician","Caltrops"],"picked":"SKIP","floor":14.0},{"not_picked":["Unload","Malaise"],"picked":"A Thousand Cuts","floor":16.0},{"not_picked":["Calculated Gamble","Finisher","Dagger Spray"],"picked":"SKIP","floor":18.0},{"not_picked":["Reflex","Skewer+1","Flying Knee"],"picked":"SKIP","floor":22.0},{"not_picked":["Well Laid Plans","Sucker Punch+1"],"picked":"Leg Sweep","floor":23.0},{"not_picked":["Heel Hook","Dodge and Roll"],"picked":"Blade Dance","floor":29.0},{"not_picked":["Riddle With Holes+1","Deflect+1"],"picked":"Cloak And Dagger","floor":30.0},{"not_picked":["Backstab","Deadly Poison","Acrobatics"],"picked":"SKIP","floor":31.0}],"player_experience":647977,"relics_obtained":[{"floor":9.0,"key":"Paper Crane"},{"floor":23.0,"key":"InkBottle"},{"floor":26.0,"key":"Ninja Scroll"},{"floor":26.0,"key":"CeramicFish"},{"floor":27.0,"key":"Anchor"}],"event_choices":[{"damage_healed":0.0,"max_hp_gain":0.0,"max_hp_loss":0.0,"gold_gain":0.0,"event_name":"FaceTrader","player_choice":"Trade","floor":10.0,"gold_loss":0.0,"damage_taken":0.0,"relics_obtained":["SsserpentHead"]},{"damage_healed":0.0,"max_hp_gain":0.0,"max_hp_loss":0.0,"gold_gain":0.0,"event_name":"NoteForYourself","player_choice":"Ignored","floor":13.0,"gold_loss":0.0,"damage_taken":0.0},{"damage_healed":0.0,"max_hp_gain":0.0,"max_hp_loss":0.0,"gold_gain":0.0,"event_name":"Ghosts","player_choice":"Ignored","floor":19.0,"gold_loss":0.0,"damage_taken":0.0},{"damage_healed":0.0,"max_hp_gain":0.0,"max_hp_loss":0.0,"gold_gain":0.0,"event_name":"WeMeetAgain","player_choice":"Gave Potion","floor":21.0,"gold_loss":0.0,"damage_taken":0.0,"relics_obtained":["Matryoshka"]}],"is_beta":false,"boss_relics":[{"not_picked":["HoveringKite","Sozu"],"picked":"Astrolabe"}],"items_purged_floors":[12,20,28],"is_endless":false,"potions_floor_spawned":[1,3,4,14,18,22,23],"killed_by":"Collector","ascension_level":0}}