{"host":"kpyoctgc7jne3jiy","time":1611768718,"event":{"mods":["AchievementEnabler","BaseMod","Minty Spire (QoL Compilation)","Relic Stats"],"gold_per_floor":[113,124,144,163,4,4,18,48,48,83,33,46,46,46,46],"floor_reached":14,"language":"ENG","playtime":616,"items_purged":[],"score":128,"play_id":"abc6e45d-d0ee-4904-9fc5-5a9eabbb65ba","local_time":"20210127183158","is_ascension_mode":true,"campfire_choices":[{"data":"Genetic Algorithm","floor":6,"key":"SMITH"}],"circlet_count":0,"master_deck":["Strike_B","Strike_B","Strike_B","Defend_B","Defend_B","Defend_B","Zap","Dualcast","Cold Snap","Glacier","Barrage","Beam Cell","Genetic Algorithm+1","Capacitor","Chaos","Consume","Self Repair","Streamline","Sunder"],"relics":["Empty Cage","Pantograph","Nunchaku","Bag of Marbles","The Courier"],"acts_visited":["Exordium"],"potions_floor_usage":[8,14],"damage_taken":[{"damage":2,"enemies":"2 Louse","floor":1,"turns":6},{"damage":0,"enemies":"Cultist","floor":2,"turns":4},{"damage":0,"enemies":"Small Slimes","floor":3,"turns":4},{"damage":8,"enemies":"Red Slaver","floor":4,"turns":5},{"damage":3,"enemies":"2 Fungi Beasts","floor":7,"turns":4},{"damage":22,"enemies":"Gremlin Nob","floor":8,"turns":5},{"damage":21,"enemies":"Lagavulin","floor":10,"turns":6},{"damage":8,"enemies":"Large Slime","floor":12,"turns":7},{"damage":23,"enemies":"Gremlin Nob","floor":14,"turns":4}],"seed_played":"879000685142415429","potions_obtained":[{"floor":2,"key":"Dexterity Potion"},{"floor":4,"key":"Block Potion"},{"floor":8,"key":"Weak Potion"},{"floor":10,"key":"FearPotion"}],"is_trial":false,"path_per_floor":["M","M","M","M","$","R","M","E","T","E","$","M","?","E"],"character_chosen":"DEFECT","items_purchased":["Genetic Algorithm","Capacitor","Streamline"],"campfire_rested":0,"item_purchase_floors":[5,5,11],"current_hp_per_floor":[73,73,73,65,65,65,62,40,40,19,19,18,18,0,0],"gold":46,"neow_bonus":"BOSS_RELIC","is_daily":false,"chose_seed":false,"campfire_upgraded":1,"win_rate":0.0,"timestamp":1611768718,"path_taken":["M","M","M","M","$","R","M","E","T","E","$","M","?","E"],"items_purchased_type":["Card","Card","Card"],"build_version":"2020-12-22","purchased_purges":0,"victory":false,"max_hp_per_floor":[75,75,75,75,75,75,75,75,75,75,75,75,75,75,75],"relic_stats":{"Nunchaku":[2],"counters":[9,45],"Pantograph":0,"obtain_stats":[{"Nunchaku":9,"Pantograph":8,"The Courier":13,"Bag of Marbles":10,"Cracked Core":0,"Empty Cage":0},{"Nunchaku":6,"Pantograph":6,"The Courier":8,"Bag of Marbles":7,"Cracked Core":0,"Empty Cage":0},{"Nunchaku":28,"Pantograph":28,"The Courier":41,"Bag of Marbles":34,"Cracked Core":0,"Empty Cage":0}]},"card_choices":[{"not_picked":["Turbo","Hologram"],"picked":"Cold Snap","floor":1},{"not_picked":["Turbo","Cold Snap"],"picked":"Glacier","floor":2},{"not_picked":["Cold Snap","Hyperbeam"],"picked":"Barrage","floor":3},{"not_picked":["Hologram","Force Field"],"picked":"Beam Cell","floor":4},{"not_picked":["Sweeping Beam","Tempest"],"picked":"Chaos","floor":7},{"not_picked":["Rebound","Hologram"],"picked":"Consume","floor":8},{"not_picked":["Ball Lightning","Fusion"],"picked":"Self Repair","floor":10},{"not_picked":["Steam","Coolheaded"],"picked":"Sunder","floor":12}],"player_experience":331461,"relics_obtained":[{"floor":8,"key":"Pantograph"},{"floor":9,"key":"Nunchaku"},{"floor":10,"key":"Bag of Marbles"}],"event_choices":[{"damage_healed":0,"gold_gain":0,"player_choice":"Gave Potion","damage_taken":0,"relics_obtained":["The Courier"],"max_hp_gain":0,"max_hp_loss":0,"event_name":"WeMeetAgain","floor":13,"gold_loss":0}],"is_beta":false,"boss_relics":[],"items_purged_floors":[],"is_endless":false,"potions_floor_spawned":[2,4,8,10],"killed_by":"Gremlin Nob","ascension_level":5}}