{"host":"n7aywsqehmyjh5xy","time":1611716709,"event":{"mods":["BaseMod","Colored Map","Downfall","Minty Spire (QoL Compilation)","StSLib"],"gold_per_floor":[114,289,289,309,324,324,357,357,357,383,396,422,422,309,309,413,413,430,430,447,463,463,463],"floor_reached":22,"language":"ENG","playtime":854,"items_purged":["Strike_B"],"score":275,"play_id":"4a498961-4c1a-4086-b0a6-2ff0f4ae4e3b","local_time":"20210126220509","is_ascension_mode":true,"campfire_choices":[{"data":"Redo","floor":6,"key":"SMITH"},{"data":"Core Surge","floor":8,"key":"SMITH"},{"floor":15,"key":"REST"}],"circlet_count":0,"master_deck":["Strike_B","Strike_B","Strike_B","Defend_B","Defend_B","Defend_B","Defend_B","Zap+1","Dualcast","Ball Lightning","Cold Snap","Redo+1","Core Surge+1","Coolheaded","Cold Snap","Storm+1","Capacitor+1","Creative AI+1","Steam+1","White Noise+1","Coolheaded"],"relics":["Cracked Core","NeowsBlessing","Symbiotic Virus","Frozen Egg 2","Matryoshka","Nunchaku","Letter Opener","Sozu"],"acts_visited":["Exordium","TheCity"],"potions_floor_usage":[],"damage_taken":[{"damage":0,"enemies":"Small Slimes","floor":1,"turns":1},{"damage":0,"enemies":"Cultist","floor":4,"turns":1},{"damage":0,"enemies":"2 Louse","floor":5,"turns":1},{"damage":18,"enemies":"3 Sentries","floor":7,"turns":5},{"damage":8,"enemies":"Gremlin Nob","floor":10,"turns":3},{"damage":7,"enemies":"Lots of Slimes","floor":11,"turns":2},{"damage":1,"enemies":"3 Sentries","floor":12,"turns":6},{"damage":23,"enemies":"Hexaghost","floor":16,"turns":9},{"damage":12,"enemies":"Chosen","floor":18,"turns":3},{"damage":29,"enemies":"2 Thieves","floor":20,"turns":3},{"damage":10,"enemies":"Centurion and Healer","floor":21,"turns":5},{"damage":17,"enemies":"Chosen and Byrds","floor":22,"turns":1}],"seed_played":"-7041546159479907400","potions_obtained":[{"floor":1,"key":"FearPotion"},{"floor":10,"key":"FocusPotion"},{"floor":16,"key":"Fire Potion"}],"is_trial":false,"path_per_floor":["M","?","?","M","M","R","E","R","T","E","M","E","?","$","R","B",null,"M","?","M","M","M"],"character_chosen":"DEFECT","items_purchased":["Capacitor+1"],"campfire_rested":1,"item_purchase_floors":[14],"current_hp_per_floor":[68,68,68,68,68,68,50,50,50,42,35,34,27,27,49,26,63,51,51,22,12,0,0],"gold":463,"neow_bonus":"THREE_ENEMY_KILL","is_daily":false,"chose_seed":false,"campfire_upgraded":2,"win_rate":0.0,"timestamp":1611716709,"path_taken":["M","?","?","?","M","R","E","R","T","E","M","E","?","$","R","BOSS","M","?","?","M","M"],"items_purchased_type":["Card"],"build_version":"2020-12-22","purchased_purges":1,"victory":false,"max_hp_per_floor":[75,75,75,75,75,75,75,75,75,75,75,75,75,75,75,75,75,75,75,75,75,75,75],"card_choices":[{"not_picked":["Scrape","Sweeping Beam"],"picked":"Ball Lightning","floor":1},{"not_picked":["Redo","Storm"],"picked":"Cold Snap","floor":4},{"not_picked":["Stack","Hologram"],"picked":"Redo","floor":5},{"not_picked":["Steam Power","Rip and Tear"],"picked":"Core Surge","floor":7},{"not_picked":["Beam Cell","Recycle"],"picked":"Coolheaded","floor":10},{"not_picked":["Compile Driver","Beam Cell"],"picked":"Cold Snap","floor":11},{"not_picked":["Barrage","Gash"],"picked":"Storm+1","floor":12},{"not_picked":["Multi-Cast","All For One"],"picked":"Creative AI+1","floor":16},{"not_picked":["Turbo","Gash+1"],"picked":"Steam+1","floor":18},{"not_picked":["Chaos","Doom and Gloom"],"picked":"White Noise+1","floor":20},{"not_picked":["Consume","Barrage"],"picked":"Coolheaded","floor":21}],"player_experience":168076,"relics_obtained":[{"floor":7,"key":"Symbiotic Virus"},{"floor":9,"key":"Frozen Egg 2"},{"floor":10,"key":"Matryoshka"},{"floor":12,"key":"Nunchaku"}],"event_choices":[{"damage_healed":0,"gold_gain":175,"player_choice":"AGREE","damage_taken":0,"max_hp_gain":0,"max_hp_loss":0,"event_name":"Liars Game","floor":2,"gold_loss":0,"cards_obtained":["Doubt"]},{"damage_healed":0,"gold_gain":0,"player_choice":"Upgraded","damage_taken":0,"max_hp_gain":0,"max_hp_loss":0,"event_name":"Upgrade Shrine","floor":3,"gold_loss":0,"cards_upgraded":["Zap"]},{"damage_healed":0,"gold_gain":0,"player_choice":"Success","damage_taken":7,"relics_obtained":["Letter Opener"],"max_hp_gain":0,"max_hp_loss":0,"event_name":"Scrap Ooze","floor":13,"gold_loss":0},{"cards_removed":["Doubt"],"damage_healed":0,"gold_gain":0,"player_choice":"Removed Curses","damage_taken":0,"max_hp_gain":0,"max_hp_loss":0,"event_name":"Fountain of Cleansing","floor":19,"gold_loss":0}],"is_beta":false,"boss_relics":[{"not_picked":["Pandora\u0027s Box","Busted Crown"],"picked":"Sozu"}],"items_purged_floors":[14],"is_endless":false,"potions_floor_spawned":[1,10,16,18,20],"killed_by":"Chosen and Byrds","ascension_level":7}}