{"host":"bxd97rc2ofc6op20","time":1611727867,"event":{"mods":["BaseMod","Colored Map","Colored Powertips","Googly Eyes","Highlight Path","Minty Spire (QoL Compilation)","Quick Restart","Rare Cards Sparkle"],"gold_per_floor":[113,113,124,141,49,49,82,93,117,117,145,157,186,199,199,295,295,305,324,344,360,360,360,385,404,453,484,209,244,263,178,178,273,273,293,1292,811,861,861,878,878,207,234,253,272,289,303,316,316,316,316,316,114,145,145,145],"floor_reached":55,"language":"ENG","playtime":5534,"items_purged":["Strike_G","Normality","Normality","Strike_G"],"score":916,"play_id":"c47e1fb0-c589-4a5f-9767-8fff77f2965a","local_time":"20210126221107","is_ascension_mode":true,"campfire_choices":[{"data":"Neutralize","floor":6,"key":"SMITH"},{"data":"Trip","floor":10,"key":"SMITH"},{"floor":15,"key":"REST"},{"data":"Footwork","floor":23,"key":"SMITH"},{"floor":32,"key":"REST"},{"data":"Prepared","floor":41,"key":"SMITH"},{"floor":49,"key":"RECALL"},{"data":"Backflip","floor":52,"key":"SMITH"}],"circlet_count":0,"master_deck":["Defend_G","Defend_G","Defend_G","Defend_G","Defend_G","Survivor","Neutralize+1","Backstab","Die Die Die","Expertise","Good Instincts","Infinite Blades","Quick Slash","Trip+1","Blade Dance","Crippling Poison","Dash","Poisoned Stab","Blur","Cloak And Dagger","Phantasmal Killer","Footwork+1","Backflip+1","Leg Sweep+1","Adrenaline","RitualDagger","After Image","Well Laid Plans+1","Terror","Flash of Steel","Deadly Poison+1","Adrenaline","Underhanded Strike+1","Quick Slash+1","Dodge and Roll+1","Caltrops+1","Accuracy","PanicButton","Calculated Gamble","Prepared+1","Sadistic Nature","Swift Strike","Acrobatics","All Out Attack+1","Deadly Poison+1","Outmaneuver+1"],"relics":["Ring of the Snake","NeowsBlessing","Vajra","Anchor","Smiling Mask","Bird Faced Urn","Sozu","Dream Catcher","Snake Skull","Art of War","Toolbox","Boot","Sundial","Astrolabe","Medical Kit","Lantern","Dead Branch","Girya","Pen Nib","Happy Flower","Oddly Smooth Stone"],"acts_visited":["Exordium","TheCity","TheBeyond","TheEnding"],"potions_floor_usage":[7,13,16,16,24],"damage_taken":[{"damage":0,"enemies":"2 Louse","floor":1,"turns":1},{"damage":0,"enemies":"Cultist","floor":3,"turns":1},{"damage":0,"enemies":"Small Slimes","floor":4,"turns":1},{"damage":23,"enemies":"Gremlin Nob","floor":7,"turns":4},{"damage":0,"enemies":"Exordium Wildlife","floor":8,"turns":2},{"damage":20,"enemies":"Lagavulin","floor":11,"turns":5},{"damage":0,"enemies":"Looter","floor":12,"turns":2},{"damage":18,"enemies":"Gremlin Nob","floor":13,"turns":4},{"damage":0,"enemies":"Exordium Thugs","floor":14,"turns":3},{"damage":21,"enemies":"Slime Boss","floor":16,"turns":10},{"damage":0,"enemies":"Chosen","floor":18,"turns":2},{"damage":0,"enemies":"3 Byrds","floor":19,"turns":4},{"damage":13,"enemies":"Sentry and Sphere","floor":20,"turns":5},{"damage":9,"enemies":"Snecko","floor":21,"turns":4},{"damage":2,"enemies":"Slavers","floor":24,"turns":4},{"damage":17,"enemies":"Cultist and Chosen","floor":25,"turns":7},{"damage":0,"enemies":"Gremlin Leader","floor":27,"turns":6},{"damage":19,"enemies":"Slavers","floor":29,"turns":5},{"damage":6,"enemies":"Centurion and Healer","floor":30,"turns":6},{"damage":30,"enemies":"Champ","floor":33,"turns":12},{"damage":7,"enemies":"3 Darklings","floor":35,"turns":3},{"damage":32,"enemies":"2 Orb Walkers","floor":38,"turns":6},{"damage":0,"enemies":"Orb Walker","floor":40,"turns":5},{"damage":15,"enemies":"Sphere and 2 Shapes","floor":44,"turns":6},{"damage":6,"enemies":"Spire Growth","floor":45,"turns":6},{"damage":18,"enemies":"Jaw Worm Horde","floor":46,"turns":3},{"damage":1,"enemies":"Maw","floor":47,"turns":7},{"damage":1,"enemies":"Spire Growth","floor":48,"turns":5},{"damage":45,"enemies":"Time Eater","floor":50,"turns":13},{"damage":22,"enemies":"Shield and Spear","floor":54,"turns":5},{"damage":62,"enemies":"The Heart","floor":55,"turns":5}],"seed_played":"-859897014897595678","potions_obtained":[{"floor":1,"key":"EssenceOfSteel"},{"floor":8,"key":"Block Potion"},{"floor":12,"key":"Ancient Potion"},{"floor":14,"key":"SneckoOil"},{"floor":16,"key":"SteroidPotion"}],"is_trial":false,"path_per_floor":["M","?","M","M","$","R","E","M","T","R","E","M","E","M","R","B",null,"M","M","M","M","?","R","E","M","T","E","$","E","M","?","R","B",null,"M","?","$","?","T","M","R","$","T","M","M","M","M","M","R","B",null,"R","$","E","B"],"character_chosen":"THE_SILENT","items_purchased":["Trip","Toolbox","Flash of Steel","Medical Kit","Lantern","Accuracy","PanicButton","Girya","Sadistic Nature","Swift Strike","Acrobatics","Happy Flower"],"campfire_rested":2,"item_purchase_floors":[5,28,28,37,37,37,37,42,42,42,42,53],"current_hp_per_floor":[70,70,70,70,70,70,47,47,47,47,27,27,9,9,30,11,70,70,70,57,50,44,44,42,31,31,39,39,28,30,30,51,29,70,69,69,69,46,46,56,56,56,56,53,57,47,60,69,69,27,70,70,70,55,0,0],"gold":145,"neow_bonus":"THREE_ENEMY_KILL","is_daily":false,"chose_seed":false,"campfire_upgraded":5,"win_rate":0.0,"timestamp":1611727867,"path_taken":["M","?","?","M","$","R","E","?","T","R","E","M","E","M","R","BOSS","M","M","M","M","?","R","E","M","T","E","$","E","M","?","R","BOSS","M","?","$","?","?","M","R","$","T","M","M","M","?","M","R","BOSS","R","$","E","BOSS"],"items_purchased_type":["Card","Relic","Card","Relic","Relic","Card","Card","Relic","Card","Card","Card","Relic"],"build_version":"2020-12-22","purchased_purges":4,"victory":false,"max_hp_per_floor":[70,70,70,70,70,70,70,70,70,70,70,70,70,70,70,70,70,70,70,70,70,70,70,70,70,70,70,70,70,70,70,70,70,70,70,70,70,70,70,70,70,70,70,70,70,70,70,70,70,70,70,70,70,70,70,70],"card_choices":[{"not_picked":["Distraction","Catalyst"],"picked":"Backstab","floor":1},{"not_picked":["Riddle With Holes","Slice"],"picked":"Infinite Blades","floor":3},{"not_picked":["Outmaneuver","Underhanded Strike"],"picked":"Quick Slash","floor":4},{"not_picked":["Endless Agony","Underhanded Strike"],"picked":"Blade Dance","floor":7},{"not_picked":["Sucker Punch","Deflect"],"picked":"Crippling Poison","floor":8},{"not_picked":["Expertise","Prepared"],"picked":"Dash","floor":11},{"not_picked":["Infinite Blades","All Out Attack"],"picked":"Poisoned Stab","floor":12},{"not_picked":["Blade Dance","Glass Knife"],"picked":"Blur","floor":13},{"not_picked":["Poisoned Stab","Leg Sweep"],"picked":"Cloak And Dagger","floor":14},{"not_picked":["Night Terror","Grand Finale"],"picked":"Phantasmal Killer","floor":16},{"not_picked":["Dodge and Roll","Underhanded Strike"],"picked":"Footwork","floor":18},{"not_picked":["Sucker Punch","Poisoned Stab"],"picked":"Backflip","floor":19},{"not_picked":["Blade Dance+1","Poisoned Stab"],"picked":"Leg Sweep+1","floor":20},{"not_picked":["Riddle With Holes","Crippling Poison"],"picked":"Adrenaline","floor":21},{"not_picked":["Prepared","PiercingWail"],"picked":"After Image","floor":24},{"not_picked":["Outmaneuver+1","Tactician+1"],"picked":"Well Laid Plans+1","floor":25},{"not_picked":["Sucker Punch+1","Footwork+1"],"picked":"Terror","floor":27},{"not_picked":["Poisoned Stab+1","Bane+1"],"picked":"Deadly Poison+1","floor":29},{"not_picked":["Glass Knife","Unload"],"picked":"Adrenaline","floor":33},{"not_picked":["Dodge and Roll","Dash"],"picked":"Caltrops+1","floor":35},{"not_picked":["All Out Attack+1","Acrobatics"],"picked":"Calculated Gamble","floor":38},{"not_picked":["Underhanded Strike","Dagger Spray+1"],"picked":"Prepared","floor":40},{"not_picked":["Deflect","Adrenaline"],"picked":"All Out Attack+1","floor":46},{"not_picked":["Infinite Blades+1","Leg Sweep","Dagger Spray+1"],"picked":"SKIP","floor":47},{"not_picked":["Underhanded Strike","Expertise+1"],"picked":"Deadly Poison+1","floor":48},{"not_picked":["Venomology","Riddle With Holes+1"],"picked":"Outmaneuver+1","floor":54}],"player_experience":391239,"relics_obtained":[{"floor":7,"key":"Vajra"},{"floor":9,"key":"Anchor"},{"floor":11,"key":"Smiling Mask"},{"floor":13,"key":"Bird Faced Urn"},{"floor":24,"key":"Dream Catcher"},{"floor":26,"key":"Snake Skull"},{"floor":27,"key":"Art of War"},{"floor":29,"key":"Boot"},{"floor":38,"key":"Dead Branch"},{"floor":43,"key":"Pen Nib"},{"floor":54,"key":"Oddly Smooth Stone"}],"event_choices":[{"damage_healed":0,"gold_gain":0,"player_choice":"3 cards matched","damage_taken":0,"max_hp_gain":0,"max_hp_loss":0,"event_name":"Match and Keep!","floor":2,"gold_loss":0,"cards_obtained":["Die Die Die","Expertise","Good Instincts"]},{"damage_healed":0,"gold_gain":0,"player_choice":"Joined the Cult","damage_taken":6,"max_hp_gain":0,"max_hp_loss":0,"event_name":"Nest","floor":22,"gold_loss":0,"cards_obtained":["RitualDagger"]},{"damage_healed":0,"gold_gain":0,"player_choice":"Obtained Relic","damage_taken":0,"relics_obtained":["Sundial"],"max_hp_gain":0,"max_hp_loss":0,"event_name":"Addict","floor":31,"gold_loss":85},{"damage_healed":0,"gold_gain":999,"player_choice":"Gold","damage_taken":0,"max_hp_gain":0,"max_hp_loss":0,"event_name":"MindBloom","floor":36,"gold_loss":0,"cards_obtained":["Normality","Normality"]},{"damage_healed":0,"gold_gain":0,"player_choice":"Fight","damage_taken":0,"max_hp_gain":0,"max_hp_loss":0,"event_name":"Mysterious Sphere","floor":38,"gold_loss":0}],"is_beta":false,"boss_relics":[{"not_picked":["Runic Dome","HoveringKite"],"picked":"Sozu"},{"not_picked":["Calling Bell","Velvet Choker"],"picked":"Astrolabe"}],"items_purged_floors":[28,37,42,53],"is_endless":false,"potions_floor_spawned":[1,8,12,14,16,19,20,24,29,30,38,44,46,47,48],"killed_by":"The Heart","ascension_level":3}}