{"host":"vhrbb9mxb8fcxsba","time":1611747562,"event":{"mods":["2.2 Compatiblity","Act Like it!","Aspiration","BaseMod","Downfall","GungeonMod","Hubris","Infinite Spire","Minty Spire (QoL Compilation)","Quick Restart","StSLib","The Disciple","Wandering Minibosses"],"gold_per_floor":[99,118,138,155,13,13,13,42,56,81,81,81,81,101,117,117,117,117],"floor_reached":16,"language":"ENG","playtime":545,"items_purged":[],"score":112,"play_id":"a1fe95ae-82de-4fc4-b6af-8bf410e9480e","local_time":"20210128003922","is_ascension_mode":false,"campfire_choices":[{"data":"bronze:Replicate","floor":1,"key":"SMITH"},{"data":"bronze:BuggyMess","floor":6,"key":"SMITH"},{"data":"expansioncontent:Chronoboost","floor":11,"key":"SMITH"}],"circlet_count":0,"master_deck":["bronze:Strike","bronze:Strike","bronze:Strike","bronze:Strike","bronze:Defend","bronze:Defend","bronze:Defend","bronze:Replicate+1","bronze:Goto","bronze:BuggyMess+1","bronze:DarkDash","expansioncontent:Chronoboost+1","bronze:Optimize","bronze:Flail","bronze:GetLatest","bronze:Turbo"],"relics":["bronze:BronzeCore","Juzu Bracelet","infinitespire:Eraser","The Courier"],"acts_visited":["Exordium"],"potions_floor_usage":[8,10,14,16,16],"damage_taken":[{"damage":1,"enemies":"Cultist","floor":2,"turns":3},{"damage":4,"enemies":"2 Louse","floor":3,"turns":3},{"damage":7,"enemies":"Small Slimes","floor":4,"turns":3},{"damage":0,"enemies":"downfall:FleeingMerchant","floor":5,"turns":4},{"damage":36,"enemies":"Gremlin Nob","floor":8,"turns":6},{"damage":2,"enemies":"3 Louse","floor":9,"turns":2},{"damage":5,"enemies":"3 Sentries","floor":10,"turns":6},{"damage":4,"enemies":"Gremlin Gang","floor":14,"turns":2},{"damage":11,"enemies":"Blue Slaver","floor":15,"turns":4},{"damage":14,"enemies":"DF_ARCHETYPE_STREAMLINE","floor":16,"turns":3}],"seed_played":"-3880544596220103121","potions_obtained":[{"floor":3,"key":"Dexterity Potion"},{"floor":9,"key":"BlessingOfTheForge"},{"floor":10,"key":"Swift Potion"},{"floor":13,"key":"Dexterity Potion"},{"floor":13,"key":"Explosive Potion"}],"is_trial":false,"path_per_floor":["R","M","M","M","$","R","T","E","M","E","R","?","?","M","M","B"],"character_chosen":"THE_AUTOMATON","items_purchased":["expansioncontent:Chronoboost","bronze:Optimize"],"campfire_rested":0,"item_purchase_floors":[5,5],"current_hp_per_floor":[77,76,72,65,65,65,65,29,27,22,22,22,22,18,7,0,0,0],"gold":117,"neow_bonus":"TEN_PERCENT_HP_BONUS","is_daily":false,"chose_seed":false,"campfire_upgraded":3,"win_rate":0.0,"timestamp":1611747562,"path_taken":["R","M","M","M","?","R","T","E","M","E","R","?","?","M","M","BOSS"],"items_purchased_type":["Card","Card"],"build_version":"2020-12-22","purchased_purges":0,"victory":false,"max_hp_per_floor":[77,77,77,77,77,77,77,77,77,77,77,77,77,77,77,77,77,77],"card_choices":[{"not_picked":["bronze:Turbo","bronze:Branch"],"picked":"bronze:BuggyMess","floor":2},{"not_picked":["bronze:BitShift","bronze:BugBarrage","bronze:Shell"],"picked":"SKIP","floor":3},{"not_picked":["bronze:BitShift","bronze:BugBarrage"],"picked":"bronze:DarkDash","floor":4},{"not_picked":["bronze:CutThrough","bronze:ChosenStrike","bronze:Frontload"],"picked":"SKIP","floor":5},{"not_picked":["bronze:Shell","bronze:OilSpill"],"picked":"bronze:Flail","floor":8},{"not_picked":["bronze:WhirlingStrike","bronze:Break","bronze:BronzeOrb"],"picked":"SKIP","floor":9},{"not_picked":["bronze:NullPointer","bronze:WhirlingStrike","bronze:OilSpill"],"picked":"SKIP","floor":10},{"not_picked":["bronze:Iterate","bronze:GetLatest","bronze:Frontload"],"picked":"SKIP","floor":14},{"not_picked":["bronze:Iterate","bronze:Shell"],"picked":"bronze:Turbo","floor":15}],"player_experience":173762,"relics_obtained":[{"floor":7,"key":"Juzu Bracelet"},{"floor":8,"key":"infinitespire:Eraser"},{"floor":10,"key":"The Courier"}],"event_choices":[{"damage_healed":0,"gold_gain":0,"player_choice":"Got Potions","damage_taken":0,"max_hp_gain":0,"max_hp_loss":0,"event_name":"Lab","floor":13,"gold_loss":0}],"is_beta":false,"boss_relics":[],"items_purged_floors":[],"is_endless":false,"potions_floor_spawned":[3,9,10],"killed_by":"DF_ARCHETYPE_STREAMLINE","ascension_level":0}}