{"host":"kiehjq3lc4w5t4uc","time":1611749664,"event":{"mods":["AchievementEnabler","BaseMod","BetterRewards","Colored Map","Colored Powertips","DeckTracker","Good Game Mod","Minty Spire (QoL Compilation)","Quick Restart","Rare Cards Sparkle","Relic Stats","Shop Mod","StSLib","SuperFastMode"],"gold_per_floor":[114,129,3,3,19,19,49,49,49,49,60,135,151,151,151,280,280,305,205,205,220,17,38,38,38],"floor_reached":24,"language":"KOR","playtime":2384,"items_purged":["Well Laid Plans","Defend_B","Strike_B"],"score":216,"play_id":"51aa4a9b-8242-4b6b-a6d5-f929a5d0f433","local_time":"20210127211424","is_ascension_mode":true,"campfire_choices":[{"data":"Dualcast","floor":6.0,"key":"SMITH"},{"data":"Amplify","floor":8.0,"key":"SMITH"},{"data":"Zap","floor":10.0,"key":"SMITH"},{"floor":15.0,"key":"REST"}],"circlet_count":0,"master_deck":["Strike_B","Strike_B","Defend_B","Defend_B","Defend_B","Zap+1","Dualcast+1","Defragment","Master of Strategy","Bandage Up","Sweeping Beam","Ball Lightning","Defragment","Amplify+1","Heatsinks","Fission","Machine Learning","Steam","Loop","Coolheaded"],"relics":["Cracked Core","REME:ComplimentaryCards","TungstenRod","Membership Card","Omamori","Question Card","Golden Idol","Inserter","Lee\u0027s Waffle","Pantograph"],"acts_visited":["Exordium","TheCity"],"potions_floor_usage":[21,21,24],"damage_taken":[{"damage":6.0,"enemies":"2 Louse","floor":1.0,"turns":2.0},{"damage":0.0,"enemies":"Cultist","floor":2.0,"turns":3.0},{"damage":11.0,"enemies":"Small Slimes","floor":5.0,"turns":3.0},{"damage":30.0,"enemies":"3 Sentries","floor":7.0,"turns":5.0},{"damage":2.0,"enemies":"3 Louse","floor":11.0,"turns":3.0},{"damage":5.0,"enemies":"Looter","floor":13.0,"turns":2.0},{"damage":43.0,"enemies":"Slime Boss","floor":16.0,"turns":8.0},{"damage":52.0,"enemies":"2 Thieves","floor":18.0,"turns":4.0},{"damage":0,"enemies":"Chosen","floor":21,"turns":4},{"damage":34,"enemies":"Centurion and Healer","floor":23,"turns":6},{"damage":38,"enemies":"Slavers","floor":24,"turns":3}],"seed_played":"-3735117037611123266","potions_obtained":[{"floor":11.0,"key":"Block Potion"},{"floor":13.0,"key":"BlessingOfTheForge"},{"floor":21,"key":"FearPotion"}],"is_trial":false,"path_per_floor":["M","M","$","?","M","R","E","R","T","R","M","?","M","?","R","B",null,"M","$","?","M","$","M","E"],"character_chosen":"DEFECT","items_purchased":["Defragment","Master of Strategy","Bandage Up","Membership Card","Loop","Lee\u0027s Waffle","Pantograph"],"campfire_rested":1,"item_purchase_floors":[0,0,0,3,19,22,22],"current_hp_per_floor":[73,75,75,75,68,68,42,42,42,42,44,34,29,29,49,10,69,21,21,21,25,76,46,12,12],"gold":38,"neow_bonus":"","is_daily":false,"chose_seed":false,"campfire_upgraded":3,"win_rate":0.0,"timestamp":1611749664,"path_taken":["M","M","$","?","?","R","E","R","T","R","M","?","M","?","R","BOSS","M","$","?","?","$","M","E"],"items_purchased_type":["Card","Card","Card","Relic","Card","Relic","Relic"],"build_version":"2020-12-22","purchased_purges":3,"victory":false,"max_hp_per_floor":[75,75,75,75,75,75,75,75,75,75,75,75,75,69,69,69,69,69,69,69,69,76,76,76,76],"relic_stats":{"Lee\u0027s Waffle":51,"Inserter":[8],"counters":[63,338],"Golden Idol":38,"Pantograph":0,"Question Card":6,"obtain_stats":[{"Ice Cream":0,"Calipers":0,"Gremlin Horn":0,"Vajra":10,"Whetstone":33,"Ginger":0,"Bottled Tornado":14,"Boot":40,"Sling":0,"Old Coin":44,"FrozenCore":0,"Blood Vial":0,"Lizard Tail":0,"HornCleat":30,"Sundial":0,"DollysMirror":0,"Strawberry":12,"Philosopher\u0027s Stone":19,"MealTicket":29,"Prayer Wheel":42,"HandDrill":0,"Kunai":27,"Toxic Egg 2":43,"MerchantsRug":0,"Happy Flower":48,"Dead Branch":0,"Oddly Smooth Stone":0,"Pen Nib":20,"Letter Opener":11,"War Paint":28,"Question Card":9,"WarpedTongs":0,"Du-Vu Doll":0,"SlaversCollar":34,"Bronze Scales":45,"Bird Faced Urn":0,"Molten Egg 2":25,"Pandora\u0027s Box":17,"Black Star":0,"Unceasing Top":0,"Meat on the Bone":0,"Pocketwatch":0,"Darkstone Periapt":0,"Lantern":0,"Torii":0,"Singing Bowl":0,"SacredBark":0,"StoneCalendar":0,"Mango":0,"Snake Skull":0,"Incense Burner":45,"Bag of Preparation":0,"Ancient Tea Set":17,"Empty Cage":36,"ClockworkSouvenir":0,"SsserpentHead":0,"Nunchaku":9,"Dream Catcher":0,"Shovel":8,"TheAbacus":0,"Gambling Chip":0,"Pantograph":22,"Toolbox":0,"WingedGreaves":0,"Red Mask":48,"Chemical X":0,"Cracked Core":0,"InkBottle":0,"Ring of the Snake":0,"Potion Belt":0,"Lee\u0027s Waffle":0,"Inserter":0,"Golden Idol":7,"Circlet":0,"Thread and Needle":0,"PreservedInsect":13,"Omamori":44,"Orichalcum":0,"Mercury Hourglass":0,"Peace Pipe":0,"Strange Spoon":0,"Cauldron":0,"Anchor":30,"CaptainsWheel":0,"REME:ComplimentaryCards":0,"Busted Crown":0,"Ornamental Fan":0,"Orrery":0,"Bag of Marbles":26,"Art of War":33,"Coffee Dripper":0,"Membership Card":13,"Bottled Lightning":42,"TungstenRod":41,"FossilizedHelix":0,"Toy Ornithopter":0},{"Ice Cream":52,"Calipers":52,"Gremlin Horn":52,"Vajra":6,"Whetstone":16,"Ginger":52,"Bottled Tornado":6,"Boot":46,"Sling":52,"Old Coin":21,"FrozenCore":52,"Blood Vial":52,"Lizard Tail":52,"HornCleat":40,"Sundial":52,"DollysMirror":52,"Strawberry":6,"Philosopher\u0027s Stone":8,"MealTicket":14,"Prayer Wheel":20,"HandDrill":52,"Kunai":13,"Toxic Egg 2":48,"MerchantsRug":52,"Happy Flower":51,"Dead Branch":0,"Oddly Smooth Stone":52,"Pen Nib":34,"Letter Opener":6,"War Paint":13,"Question Card":56,"WarpedTongs":52,"Du-Vu Doll":52,"SlaversCollar":41,"Bronze Scales":21,"Bird Faced Urn":52,"Molten Egg 2":12,"Pandora\u0027s Box":32,"Black Star":52,"Unceasing Top":52,"Meat on the Bone":0,"Pocketwatch":52,"Darkstone Periapt":52,"Lantern":52,"Torii":52,"Singing Bowl":52,"SacredBark":52,"StoneCalendar":52,"Mango":52,"Snake Skull":0,"Incense Burner":49,"Bag of Preparation":52,"Ancient Tea Set":7,"Empty Cage":17,"ClockworkSouvenir":52,"SsserpentHead":52,"Nunchaku":28,"Dream Catcher":52,"Shovel":5,"TheAbacus":52,"Gambling Chip":52,"Pantograph":61,"Toolbox":52,"WingedGreaves":52,"Red Mask":22,"Chemical X":52,"Cracked Core":52,"InkBottle":52,"Ring of the Snake":0,"Potion Belt":52,"Lee\u0027s Waffle":52,"Inserter":52,"Golden Idol":4,"Circlet":52,"Thread and Needle":24,"PreservedInsect":6,"Omamori":48,"Orichalcum":52,"Mercury Hourglass":52,"Peace Pipe":52,"Strange Spoon":52,"Cauldron":52,"Anchor":14,"CaptainsWheel":52,"REME:ComplimentaryCards":52,"Busted Crown":52,"Ornamental Fan":52,"Orrery":52,"Bag of Marbles":13,"Art of War":16,"Coffee Dripper":52,"Membership Card":6,"Bottled Lightning":48,"TungstenRod":19,"FossilizedHelix":52,"Toy Ornithopter":52},{"Ice Cream":295,"Calipers":295,"Gremlin Horn":295,"Vajra":26,"Whetstone":84,"Ginger":295,"Bottled Tornado":26,"Boot":260,"Sling":295,"Old Coin":118,"FrozenCore":295,"Blood Vial":295,"Lizard Tail":295,"HornCleat":229,"Sundial":295,"DollysMirror":295,"Strawberry":26,"Philosopher\u0027s Stone":43,"MealTicket":70,"Prayer Wheel":111,"HandDrill":295,"Kunai":64,"Toxic Egg 2":274,"MerchantsRug":295,"Happy Flower":286,"Dead Branch":0,"Oddly Smooth Stone":295,"Pen Nib":195,"Letter Opener":26,"War Paint":64,"Question Card":308,"WarpedTongs":295,"Du-Vu Doll":295,"SlaversCollar":236,"Bronze Scales":118,"Bird Faced Urn":295,"Molten Egg 2":60,"Pandora\u0027s Box":186,"Black Star":295,"Unceasing Top":295,"Meat on the Bone":0,"Pocketwatch":295,"Darkstone Periapt":295,"Lantern":295,"Torii":295,"Singing Bowl":295,"SacredBark":295,"StoneCalendar":295,"Mango":295,"Snake Skull":0,"Incense Burner":278,"Bag of Preparation":295,"Ancient Tea Set":28,"Empty Cage":95,"ClockworkSouvenir":295,"SsserpentHead":295,"Nunchaku":157,"Dream Catcher":295,"Shovel":21,"TheAbacus":295,"Gambling Chip":295,"Pantograph":329,"Toolbox":295,"WingedGreaves":295,"Red Mask":123,"Chemical X":295,"Cracked Core":295,"InkBottle":295,"Ring of the Snake":0,"Potion Belt":295,"Lee\u0027s Waffle":295,"Inserter":295,"Golden Idol":17,"Circlet":295,"Thread and Needle":138,"PreservedInsect":26,"Omamori":274,"Orichalcum":295,"Mercury Hourglass":295,"Peace Pipe":295,"Strange Spoon":295,"Cauldron":295,"Anchor":70,"CaptainsWheel":295,"REME:ComplimentaryCards":295,"Busted Crown":295,"Ornamental Fan":295,"Orrery":295,"Bag of Marbles":64,"Art of War":84,"Coffee Dripper":295,"Membership Card":26,"Bottled Lightning":274,"TungstenRod":104,"FossilizedHelix":295,"Toy Ornithopter":295}],"TungstenRod":31},"card_choices":[{"not_picked":["Hello World","Leap"],"picked":"Sweeping Beam","floor":1.0},{"not_picked":["Hello World","Consume"],"picked":"Ball Lightning","floor":2.0},{"not_picked":["Stack","Skim","Rip and Tear"],"picked":"SKIP","floor":5.0},{"not_picked":["Redo","Lockon"],"picked":"Amplify","floor":7.0},{"not_picked":["Stack","Beam Cell","Hologram"],"picked":"Heatsinks","floor":11.0},{"not_picked":["Cold Snap","Tempest","Coolheaded"],"picked":"Fission","floor":13.0},{"not_picked":["All For One","Echo Form","Multi-Cast"],"picked":"Machine Learning","floor":16.0},{"not_picked":["Cold Snap","Stack","Rebound"],"picked":"Steam","floor":18.0},{"not_picked":["BootSequence+1","Tempest","Gash"],"picked":"Coolheaded","floor":21},{"not_picked":["Steam","Go for the Eyes","Compile Driver","Aggregate"],"picked":"SKIP","floor":23}],"player_experience":103261,"relics_obtained":[{"floor":7.0,"key":"Omamori"},{"floor":9.0,"key":"Question Card"}],"event_choices":[{"damage_healed":0.0,"max_hp_gain":0.0,"max_hp_loss":0.0,"gold_gain":75.0,"event_name":"World of Goop","player_choice":"Gather Gold","floor":12.0,"gold_loss":0.0,"damage_taken":11.0},{"damage_healed":0.0,"max_hp_gain":0.0,"max_hp_loss":6.0,"gold_gain":0.0,"event_name":"Golden Idol","player_choice":"Lose Max HP","floor":14.0,"gold_loss":0.0,"damage_taken":0.0,"relics_obtained":["Golden Idol"]},{"cards_removed":["Strike_B"],"damage_healed":0.0,"max_hp_gain":0.0,"max_hp_loss":0.0,"gold_gain":0.0,"event_name":"Bonfire Elementals","player_choice":"Offered Basic","floor":20.0,"gold_loss":0.0,"damage_taken":0.0}],"is_beta":false,"boss_relics":[{"not_picked":["Sozu","Philosopher\u0027s Stone"],"picked":"Inserter"}],"items_purged_floors":[0,0,19],"is_endless":false,"potions_floor_spawned":[11,13,21],"killed_by":"Slavers","ascension_level":2}}