{"host":"9viy3memdfgcf4vy","time":1611779436,"event":{"mods":["BaseMod","Colored Map","Downfall","Minty Spire (QoL Compilation)","StSLib"],"gold_per_floor":[99,115,131,148,148,133,157,57,232,232,250,275,275,308,328,425,425,425,445,445,445,459,459,459,359,394,59,59,142,42,68,87,192,192,192,209,226,236,286,286,286,319,66,77,102,121,121,156,171,171,171,202,77,77,77,77,77,77],"floor_reached":56,"language":"ENG","playtime":4354,"items_purged":["downfall:Bewildered","bronze:Strike","bronze:Defend"],"score":1029,"play_id":"a7cdaa53-1247-40c5-b6a4-3dcf934344d5","local_time":"20210127223036","is_ascension_mode":true,"campfire_choices":[{"floor":1,"key":"RECALL"},{"data":"bronze:ChosenStrike","floor":8,"key":"SMITH"},{"data":"bronze:FollowUp","floor":13,"key":"SMITH"},{"data":"bronze:Format","floor":18,"key":"SMITH"},{"data":"bronze:BronzeOrb","floor":23,"key":"SMITH"},{"data":"bronze:MaxOutput","floor":25,"key":"SMITH"},{"data":"bronze:Iterate","floor":28,"key":"SMITH"},{"data":"bronze:Goto","floor":30,"key":"SMITH"},{"data":"bronze:Verify","floor":35,"key":"SMITH"},{"data":"bronze:FollowUp","floor":40,"key":"SMITH"},{"floor":47,"key":"REST"},{"data":"bronze:Constructor","floor":54,"key":"SMITH"}],"circlet_count":0,"master_deck":["bronze:Strike","bronze:Strike","bronze:Strike+1","bronze:Defend","bronze:Defend","bronze:Defend","bronze:Replicate+1","bronze:Goto+1","bronze:ChosenStrike+1","bronze:FollowUp+1","bronze:WhirlingStrike","bronze:Constructor+1","bronze:BronzeOrb+1","bronze:FineTuning","bronze:Format+1","bronze:MaxOutput+1","bronze:Verify+1","bronze:FollowUp+1","bronze:Deprecate+1","bronze:Invalidate+1","bronze:FunctionCard"],"relics":["bronze:PlatinumCore","PreservedInsect","Lantern","downfall:HeartBlessingRed","Bronze Scales","HornCleat","Cursed Key","bronze:BottledCode","downfall:HeartBlessingBlue","Omamori","Letter Opener","Oddly Smooth Stone","downfall:HeartBlessingGreen","Regal Pillow","bronze:Mallet","Darkstone Periapt","Whetstone","bronze:CableSpool","Pen Nib","Potion Belt","StoneCalendar"],"acts_visited":["Exordium","TheCity","TheBeyond","TheEnding"],"potions_floor_usage":[14,33,33,33,33,56,56,56,56,56],"damage_taken":[{"damage":2,"enemies":"Jaw Worm","floor":2,"turns":4},{"damage":0,"enemies":"Cultist","floor":3,"turns":4},{"damage":5,"enemies":"Small Slimes","floor":4,"turns":3},{"damage":0,"enemies":"downfall:FleeingMerchant","floor":6,"turns":4},{"damage":6,"enemies":"Exordium Wildlife","floor":11,"turns":3},{"damage":0,"enemies":"3 Sentries","floor":14,"turns":2},{"damage":1,"enemies":"3 Louse","floor":15,"turns":2},{"damage":13,"enemies":"SI_SHIV_ARCHETYPE","floor":16,"turns":6},{"damage":3,"enemies":"Shell Parasite","floor":19,"turns":2},{"damage":3,"enemies":"Snake Plant","floor":22,"turns":3},{"damage":1,"enemies":"Gremlin Leader","floor":26,"turns":5},{"damage":0,"enemies":"downfall:FleeingMerchant","floor":27,"turns":4},{"damage":0,"enemies":"downfall:FleeingMerchant","floor":29,"turns":3},{"damage":0,"enemies":"Book of Stabbing","floor":31,"turns":2},{"damage":0,"enemies":"3 Cultists","floor":32,"turns":3},{"damage":54,"enemies":"DF_ARCHETYPE_CLAW","floor":33,"turns":6},{"damage":2,"enemies":"3 Darklings","floor":36,"turns":3},{"damage":9,"enemies":"3 Shapes","floor":37,"turns":4},{"damage":0,"enemies":"3 Darklings","floor":38,"turns":4},{"damage":0,"enemies":"3 Darklings","floor":39,"turns":3},{"damage":0,"enemies":"Giant Head","floor":42,"turns":4},{"damage":0,"enemies":"Jaw Worm Horde","floor":44,"turns":3},{"damage":9,"enemies":"Nemesis","floor":45,"turns":3},{"damage":20,"enemies":"Writhing Mass","floor":46,"turns":4},{"damage":0,"enemies":"Giant Head","floor":48,"turns":3},{"damage":0,"enemies":"Transient","floor":49,"turns":5},{"damage":57,"enemies":"WA_ARCHETYPE_DIVINITY","floor":50,"turns":11},{"damage":0,"enemies":"downfall:CharBossMerchant","floor":52,"turns":6},{"damage":0,"enemies":"downfall:NeowBoss","floor":55,"turns":13},{"damage":77,"enemies":"downfall:NeowBossFinal","floor":56,"turns":5}],"seed_played":"3013465678812334743","potions_obtained":[{"floor":2,"key":"DistilledChaos"},{"floor":3,"key":"Dexterity Potion"},{"floor":4,"key":"Block Potion"},{"floor":5,"key":"EntropicBrew"},{"floor":5,"key":"LiquidMemories"},{"floor":15,"key":"bronze:BurnAndBuffPotion"},{"floor":22,"key":"DuplicationPotion"},{"floor":33,"key":"Block Potion"},{"floor":36,"key":"Dexterity Potion"},{"floor":39,"key":"GamblersBrew"},{"floor":48,"key":"Block Potion"},{"floor":49,"key":"bronze:CleanCodePotion"},{"floor":52,"key":"Slimebound:ThreeZeroPotion"}],"is_trial":false,"path_per_floor":["R","M","M","M","?","$","T","R","?","?","M","T","R","E","M","B",null,"R","M","?","?","M","R","T","R","E","$","R","$","R","E","M","B",null,"R","M","M","M","?","R","T","E","$","M","E","M","R","E","M","B",null,"E","$","R","B","B"],"character_chosen":"THE_AUTOMATON","items_purchased":["Letter Opener","Oddly Smooth Stone","bronze:CableSpool"],"campfire_rested":1,"item_purchase_floors":[27,29,43],"current_hp_per_floor":[70,68,68,63,63,63,63,63,63,63,57,57,57,57,56,43,70,70,67,67,60,57,57,57,67,66,66,66,66,66,66,66,12,70,70,68,59,59,59,59,59,59,59,59,50,30,66,66,66,9,70,70,70,70,70,0,0,0],"gold":77,"neow_bonus":"RANDOM_COMMON_RELIC","is_daily":false,"chose_seed":false,"campfire_upgraded":10,"win_rate":0.0,"timestamp":1611779436,"path_taken":["R","M","M","M","?","?","T","R","?","?","M","?","R","E","M","BOSS","R","M","?","?","?","R","T","R","E","$","R","$","R","E","M","BOSS","R","M","M","M","?","R","T","E","$","M","E","M","R","E","M","BOSS","E","$","R","BOSS","BOSS"],"items_purchased_type":["Relic","Relic","Relic"],"build_version":"2020-12-22","purchased_purges":3,"victory":false,"max_hp_per_floor":[70,70,70,70,70,70,70,70,70,70,70,70,70,70,70,70,70,70,70,70,60,60,60,60,70,70,70,70,70,70,70,70,70,70,70,70,70,70,70,70,70,70,70,70,70,70,70,70,70,70,70,70,70,70,70,70,70,70],"card_choices":[{"not_picked":["bronze:Frontload","bronze:Fortify"],"picked":"bronze:ChosenStrike","floor":2},{"not_picked":["bronze:Return","bronze:BitShift","bronze:Branch"],"picked":"SKIP","floor":3},{"not_picked":["bronze:Turbo","bronze:Constructor"],"picked":"bronze:FollowUp","floor":4},{"not_picked":["bronze:Overheat","bronze:DarkDash"],"picked":"bronze:WhirlingStrike","floor":6},{"not_picked":["bronze:Shield","bronze:DarkDash"],"picked":"bronze:Constructor","floor":11},{"not_picked":["bronze:WhirlingStrike","bronze:BuggyMess"],"picked":"bronze:BronzeOrb","floor":14},{"not_picked":["bronze:Deprecate","bronze:ChosenStrike"],"picked":"bronze:FineTuning","floor":15},{"not_picked":["bronze:BurnOut","bronze:HyperBeam"],"picked":"bronze:Format","floor":16},{"not_picked":["bronze:BuggyMess+1","bronze:CutThrough+1"],"picked":"bronze:MaxOutput","floor":19},{"not_picked":["bronze:Repulsor+1","bronze:OilSpill","bronze:DelayedGuard"],"picked":"SKIP","floor":22},{"not_picked":["bronze:Shell","bronze:GetLatest","bronze:Optimize"],"picked":"SKIP","floor":26},{"not_picked":["bronze:Separator+1","bronze:Verify"],"picked":"bronze:Iterate","floor":27},{"not_picked":["bronze:Constructor+1","bronze:Turbo","bronze:OilSpill"],"picked":"SKIP","floor":29},{"not_picked":["bronze:FineTuning+1","bronze:DelayedGuard+1","bronze:Repulsor"],"picked":"SKIP","floor":31},{"not_picked":["bronze:ChosenStrike","bronze:Deprecate","bronze:Backtrace+1"],"picked":"SKIP","floor":32},{"not_picked":["bronze:BurnOut","bronze:ThunderWave"],"picked":"bronze:Verify","floor":33},{"not_picked":["bronze:DelayedGuard","bronze:DelayedSlice+1","bronze:BitShift"],"picked":"SKIP","floor":36},{"not_picked":["bronze:DelayedGuard+1","bronze:Overheat","bronze:Allocate"],"picked":"SKIP","floor":37},{"not_picked":["bronze:DelayedGuard+1","bronze:Deprecate","bronze:BitShift"],"picked":"SKIP","floor":38},{"not_picked":["bronze:CutThrough","bronze:DelayedGuard+1"],"picked":"bronze:FollowUp","floor":39},{"not_picked":["bronze:Turbo","bronze:Overload+1"],"picked":"bronze:Deprecate+1","floor":42},{"not_picked":["bronze:InfiniteBeams","bronze:Break","bronze:Deprecate"],"picked":"SKIP","floor":44},{"not_picked":["bronze:Return+1","bronze:Frontload+1"],"picked":"bronze:Invalidate+1","floor":45},{"not_picked":["bronze:ChildClass+1","bronze:Iterate","bronze:OilSpill+1"],"picked":"SKIP","floor":46},{"not_picked":["bronze:Turbo","bronze:WildBeam+1"],"picked":"bronze:Hardcode","floor":48},{"not_picked":["bronze:Deprecate","bronze:BugBarrage"],"picked":"bronze:Shell+1","floor":49},{"not_picked":["bronze:BronzeArmor","bronze:Return+1","bronze:FineTuning"],"picked":"SKIP","floor":52}],"player_experience":412519,"relics_obtained":[{"floor":7,"key":"Lantern"},{"floor":12,"key":"Bronze Scales"},{"floor":14,"key":"HornCleat"},{"floor":26,"key":"Omamori"},{"floor":31,"key":"Regal Pillow"},{"floor":39,"key":"bronze:Mallet"},{"floor":41,"key":"Darkstone Periapt"},{"floor":42,"key":"Whetstone"},{"floor":45,"key":"Pen Nib"},{"floor":48,"key":"Potion Belt"},{"floor":52,"key":"StoneCalendar"}],"event_choices":[{"damage_healed":0,"gold_gain":0,"player_choice":"Got Potions","damage_taken":0,"max_hp_gain":0,"max_hp_loss":0,"event_name":"Lab","floor":5,"gold_loss":0},{"cards_removed":["Doubt"],"damage_healed":0,"gold_gain":0,"player_choice":"Card Removal","damage_taken":0,"max_hp_gain":0,"max_hp_loss":0,"event_name":"The Cleric","floor":10,"gold_loss":0}],"is_beta":false,"boss_relics":[{"not_picked":["Snecko Eye","Velvet Choker"],"picked":"Cursed Key"},{"not_picked":["Empty Cage","Tiny House"],"picked":"bronze:PlatinumCore"}],"items_purged_floors":[27,29,53],"is_endless":false,"potions_floor_spawned":[2,3,4,15,22,26,31,33,36,39,44,48,49,52],"killed_by":"downfall:NeowBossFinal","ascension_level":3}}