{"host":"gc0hqzwg2gd3zszy","time":1611743771,"event":{"mods":["BaseMod","DeckTracker","Minty Spire (QoL Compilation)","Relic Stats","SuperFastMode"],"gold_per_floor":[35,185,185,26,80,80,139,139,221,221,263,272,272,334,334,334,334],"floor_reached":16,"language":"KOR","playtime":450,"items_purged":["Doubt"],"score":228,"play_id":"53e80633-5680-4d05-9242-44c207c5eab5","local_time":"20210127193611","is_ascension_mode":true,"campfire_choices":[{"data":"HandOfGreed","floor":6.0,"key":"SMITH"},{"floor":8.0,"key":"REST"},{"data":"Noxious Fumes","floor":10.0,"key":"SMITH"},{"data":"Dagger Spray","floor":13.0,"key":"SMITH"},{"data":"Glass Knife","floor":15.0,"key":"SMITH"}],"circlet_count":0,"master_deck":["AscendersBane","Strike_G","Strike_G","Strike_G","Strike_G","Defend_G","Defend_G","Defend_G","Defend_G","Defend_G","Survivor","Neutralize","HandOfGreed+1","Deadly Poison","Noxious Fumes+1","Acrobatics","Glass Knife+1","Dagger Spray+1","Escape Plan"],"relics":["Ring of the Snake","Vajra","CeramicFish","Matryoshka","Letter Opener","Frozen Egg 2"],"acts_visited":["Exordium"],"potions_floor_usage":[],"damage_taken":[{"damage":1.0,"enemies":"Jaw Worm","floor":1.0,"turns":4.0},{"damage":6.0,"enemies":"2 Louse","floor":5.0,"turns":5.0},{"damage":26.0,"enemies":"Gremlin Nob","floor":7.0,"turns":4.0},{"damage":17.0,"enemies":"Lagavulin","floor":11.0,"turns":6.0},{"damage":15.0,"enemies":"3 Sentries","floor":14.0,"turns":4.0},{"damage":16,"enemies":"Hexaghost","floor":16,"turns":7}],"seed_played":"-5268085610388353641","potions_obtained":[{"floor":1.0,"key":"DistilledChaos"},{"floor":5.0,"key":"LiquidMemories"},{"floor":14.0,"key":"LiquidBronze"}],"is_trial":false,"path_per_floor":["M","?","?","$","M","R","E","R","T","R","E","?","R","E","R","B"],"character_chosen":"THE_SILENT","items_purchased":["Noxious Fumes"],"campfire_rested":1,"item_purchase_floors":[4],"current_hp_per_floor":[58,58,53,53,47,47,21,40,40,40,23,23,23,8,8,0,0],"gold":334,"neow_bonus":"RANDOM_COLORLESS_2","is_daily":false,"chose_seed":false,"campfire_upgraded":4,"win_rate":0.0,"timestamp":1611743771,"path_taken":["M","?","?","$","M","R","E","R","T","R","E","?","R","E","R","BOSS"],"items_purchased_type":["Card"],"build_version":"2020-12-22","purchased_purges":1,"victory":false,"max_hp_per_floor":[66,66,66,66,66,66,66,66,66,66,66,66,66,66,66,66,66],"relic_stats":{"counters":[6,30],"CeramicFish":36,"Letter Opener":[10],"obtain_stats":[{"Matryoshka":9,"CeramicFish":7,"Vajra":3,"Letter Opener":11,"Frozen Egg 2":14,"Ring of the Snake":0},{"Matryoshka":3,"CeramicFish":3,"Vajra":1,"Letter Opener":4,"Frozen Egg 2":5,"Ring of the Snake":0},{"Matryoshka":13,"CeramicFish":13,"Vajra":4,"Letter Opener":19,"Frozen Egg 2":23,"Ring of the Snake":0}],"Ring of the Snake":[12]},"card_choices":[{"not_picked":["Sadistic Nature","Secret Technique"],"picked":"HandOfGreed","floor":0.0},{"not_picked":["Bane","Setup"],"picked":"Deadly Poison","floor":1.0},{"not_picked":["Bane","Riddle With Holes","Blade Dance"],"picked":"SKIP","floor":5.0},{"not_picked":["Prepared","Dodge and Roll"],"picked":"Acrobatics","floor":7.0},{"not_picked":["Dodge and Roll","Masterful Stab"],"picked":"Glass Knife","floor":11.0},{"not_picked":["Poisoned Stab","Leg Sweep"],"picked":"Escape Plan","floor":14.0}],"player_experience":1363604,"relics_obtained":[{"floor":7.0,"key":"CeramicFish"},{"floor":9.0,"key":"Matryoshka"},{"floor":11.0,"key":"Letter Opener"},{"floor":14.0,"key":"Frozen Egg 2"}],"event_choices":[{"damage_healed":0.0,"max_hp_gain":0.0,"max_hp_loss":0.0,"gold_gain":150.0,"event_name":"Liars Game","player_choice":"AGREE","floor":2.0,"gold_loss":0.0,"damage_taken":0.0,"cards_obtained":["Doubt"]},{"damage_healed":0.0,"max_hp_gain":0.0,"max_hp_loss":0.0,"gold_gain":0.0,"event_name":"Scrap Ooze","player_choice":"Success","floor":3.0,"gold_loss":0.0,"damage_taken":5.0,"relics_obtained":["Vajra"]},{"damage_healed":0.0,"max_hp_gain":0.0,"max_hp_loss":0.0,"gold_gain":0.0,"cards_transformed":["Strike_G"],"event_name":"Transmorgrifier","player_choice":"Transformed","floor":12.0,"gold_loss":0.0,"damage_taken":0.0,"cards_obtained":["Dagger Spray"]}],"is_beta":false,"boss_relics":[],"items_purged_floors":[4],"is_endless":false,"potions_floor_spawned":[1,5,14],"killed_by":"Hexaghost","ascension_level":20}}