{"host":"iao9zlhzdan4iyha","time":1611742605,"event":{"mods":["BaseMod","BetterRewards","Downfall","Hermit","Ironclad Rager","Minty Spire (QoL Compilation)","Quick Restart","Replay The Spire","Shop Mod","StSLib","The Bug Knight","The Judge","The Runesmith"],"gold_per_floor":[99,115,115,115,126,136,136,149,97,97,110,110,124,152,162,258,258,58,76,76,94,104,130,157,177,197,226,264,386,435,472,502,624,624,524,554,595,661,699,396,468,468,507,53,79,79,115,8,44,72,72,129,4,4,30,52,52,52],"floor_reached":56,"language":"ENG","playtime":9212,"items_purged":["downfall:Haunted"],"score":876,"play_id":"223392a9-128d-4e2a-9b35-ff9d9eaa76b9","local_time":"20210127101645","is_ascension_mode":false,"campfire_choices":[{"floor":1.0,"key":"RECALL"},{"data":"Guardian:DecasProtection","floor":10,"key":"SMITH"},{"floor":12,"key":"REST"},{"data":"Guardian:ConstructionForm","floor":35,"key":"SMITH"},{"data":"Guardian:ShieldCharger","floor":42,"key":"SMITH"},{"data":"expansioncontent:DashGenerateEvil","floor":46,"key":"SMITH"},{"data":"expansioncontent:StudyTheSpire","floor":54,"key":"SMITH"}],"circlet_count":0,"master_deck":["Guardian:Defend_Guardian","Guardian:Defend_Guardian","Guardian:Defend_Guardian","Guardian:Defend_Guardian","Guardian:TwinSlam","Guardian:FloatingOrbs","Guardian:ShieldSpikes","Guardian:DecasProtection+1","Guardian:FloatingOrbs","Guardian:Planning","Guardian:Suspension","Guardian:PiercingHide","Guardian:PiercingHide","Guardian:TimeCapacitor","Guardian:Suspension","Guardian:SpikerProtocol+1","Guardian:TemporalStrike","Guardian:ChargeCore","Guardian:CrystalBeam","Guardian:BodySlam","Guardian:HyperBeam_Guardian","Replay:Sssssssssshield","Guardian:FloatingOrbs","Guardian:StasisStrike","Guardian:Repulse","Guardian:ConstructionForm+1","Guardian:EvasiveProtocol+1","Guardian:RefractedBeam+1","Guardian:Recover","Guardian:GuardianWhirl+1","Guardian:Incinerate+1","Guardian:Recover+1","Guardian:TimeBomb","Guardian:ShieldCharger+1","Guardian:PiercingHide+1","expansioncontent:DashGenerateEvil+1","Guardian:FloatingOrbs+1","Guardian:Suspension","Guardian:PolyBeam+1","expansioncontent:StudyTheSpire+1","Guardian:DecasProtection+1","Guardian:TimeSifter","Replay:Parry+1"],"relics":["Guardian:ModeShifter","downfall:ShatteredFragment","FossilizedHelix","Replay:Drink Me","downfall:HeartBlessingGreen","downfall:HeartBlessingRed","Enchiridion","Lantern","Pet Ghost","Replay:Bandana","downfall:GremlinSack","Astrolabe","downfall:HeartBlessingBlue","Ginger","Guardian:BottledStasis","Letter Opener","Incense Burner","Replay:Baseball","Blue Doll","Gremlin Food"],"acts_visited":["Exordium","TheCity","TheBeyond","TheEnding"],"potions_floor_usage":[16,16,23,33,33,33,38,50,50,50,55],"damage_taken":[{"damage":4.0,"enemies":"Small Slimes","floor":2.0,"turns":4.0},{"damage":9,"enemies":"2 Louse","floor":5,"turns":3},{"damage":7,"enemies":"Cultist","floor":6,"turns":4},{"damage":11,"enemies":"Large Slime","floor":8,"turns":4},{"damage":5,"enemies":"downfall:FleeingMerchant","floor":9,"turns":4},{"damage":7,"enemies":"Gremlin Gang","floor":11,"turns":6},{"damage":0,"enemies":"Blue Slaver","floor":13,"turns":4},{"damage":28,"enemies":"Lagavulin","floor":14,"turns":8},{"damage":4,"enemies":"Gremlin Gang","floor":15,"turns":5},{"damage":4,"enemies":"IC_STATUS_ARCHETYPE","floor":16,"turns":11},{"damage":0,"enemies":"3 Byrds","floor":19,"turns":4},{"damage":0,"enemies":"Shell Parasite","floor":21,"turns":6},{"damage":0,"enemies":"3 Cultists","floor":22,"turns":6},{"damage":6,"enemies":"Replay:Snechameleon","floor":23,"turns":5},{"damage":0,"enemies":"Snecko","floor":25,"turns":6},{"damage":0,"enemies":"Shelled Parasite and Fungi","floor":26,"turns":5},{"damage":0,"enemies":"HollowMod:Nosk","floor":27,"turns":8},{"damage":0,"enemies":"Cultist and Chosen","floor":28,"turns":5},{"damage":0,"enemies":"Cultist and Chosen","floor":29,"turns":4},{"damage":0,"enemies":"3 Cultists","floor":30,"turns":5},{"damage":0,"enemies":"Centurion and Healer","floor":31,"turns":3},{"damage":3,"enemies":"Sentry and Sphere","floor":32,"turns":6},{"damage":0,"enemies":"WA_ARCHETYPE_CALM","floor":33,"turns":8},{"damage":5,"enemies":"Orb Walker","floor":36,"turns":5},{"damage":10,"enemies":"3 Shapes","floor":37,"turns":3},{"damage":0,"enemies":"3 Shapes","floor":38,"turns":6},{"damage":0,"enemies":"Maw","floor":39,"turns":7},{"damage":0,"enemies":"downfall:FleeingMerchant","floor":40,"turns":4},{"damage":0,"enemies":"Writhing Mass","floor":43,"turns":5},{"damage":4,"enemies":"downfall:FleeingMerchant","floor":44,"turns":4},{"damage":0,"enemies":"4 Shapes","floor":45,"turns":2},{"damage":0,"enemies":"Sphere and 2 Shapes","floor":47,"turns":5},{"damage":0,"enemies":"downfall:FleeingMerchant","floor":48,"turns":3},{"damage":0,"enemies":"Transient","floor":49,"turns":5},{"damage":13,"enemies":"DF_ARCHETYPE_ORBS","floor":50,"turns":10},{"damage":0,"enemies":"downfall:CharBossMerchant","floor":52,"turns":10},{"damage":20,"enemies":"downfall:NeowBoss","floor":55,"turns":11},{"damage":63,"enemies":"downfall:NeowBossFinal","floor":56,"turns":11}],"seed_played":"6402285535334180036","potions_obtained":[{"floor":6,"key":"Elixir"},{"floor":11,"key":"SneckoOil"},{"floor":15,"key":"LiquidBronze"},{"floor":16,"key":"Strength Potion"},{"floor":19,"key":"Adrenaline Potion"},{"floor":22,"key":"Weak Potion"},{"floor":23,"key":"Toxic Potion"},{"floor":29,"key":"Cursed Concoction"},{"floor":38,"key":"Fruit Juice"},{"floor":43,"key":"BlessingOfTheForge"},{"floor":45,"key":"LiquidBronze"},{"floor":47,"key":"Explosive Potion"}],"is_trial":false,"path_per_floor":["R","M","?","?","M","M","T","M","$","R","M","R","M","E","M","B",null,"R","M","?","M","M","E","T","M","M","E","M","?","M","M","M","B",null,"R","M","M","?","M","$","T","R","M","$","M","R","M","$","M","B",null,"E","$","R","B","B"],"character_chosen":"GUARDIAN","items_purchased":["Guardian:FloatingOrbs","Guardian:BottledStasis","Guardian:TimeBomb","Guardian:ShieldCharger","expansioncontent:DashGenerateEvil","Incense Burner","Replay:Baseball","Blue Doll","expansioncontent:StudyTheSpire","Replay:Parry+1","Reflective Coating"],"campfire_rested":1,"item_purchase_floors":[9,40,40,40,44,44,48,48,48,53,53],"current_hp_per_floor":[88,84,60,60,51,44,44,33,28,28,21,47,47,19,15,11,66,50,50,50,50,50,44,44,44,44,44,44,44,44,44,41,41,66,76,71,61,66,66,66,66,66,66,62,62,62,62,62,62,49,81,81,81,81,61,0,0,0],"gold":52,"neow_bonus":"TEN_PERCENT_HP_BONUS","is_daily":false,"chose_seed":false,"campfire_upgraded":5,"win_rate":0.0,"timestamp":1611742605,"path_taken":["R","M","?","?","M","?","T","M","$","R","M","R","M","E","M","BOSS","R","M","?","M","?","E","T","M","M","E","M","?","?","M","M","BOSS","R","M","M","?","M","$","T","R","M","$","M","R","M","$","M","BOSS","E","$","R","BOSS","BOSS"],"items_purchased_type":["Card","Relic","Card","Card","Card","Relic","Relic","Relic","Card","Card","Potion"],"build_version":"2020-12-22","purchased_purges":1,"victory":false,"max_hp_per_floor":[88,88,88,88,88,88,88,88,88,88,88,88,88,88,88,88,66,66,66,66,66,66,66,66,66,66,66,66,66,66,66,66,66,66,76,76,76,81,81,81,81,81,81,81,81,81,81,81,81,81,81,81,81,81,81,81,81,81],"card_choices":[{"not_picked":["Guardian:PrimingBeam","Guardian:CrystalBeam"],"picked":"Guardian:Gem_Cyan","floor":2},{"not_picked":["Guardian:ChargeCore","Guardian:Planning"],"picked":"Guardian:FloatingOrbs","floor":5},{"not_picked":["Guardian:PrismaticBarrier","Guardian:VentSteam"],"picked":"Guardian:PrimingBeam","floor":6},{"not_picked":["Guardian:TemporalStrike","Guardian:HyperBeam_Guardian"],"picked":"Guardian:ShieldSpikes","floor":8},{"not_picked":["Guardian:Planning","Guardian:VentSteam"],"picked":"Guardian:DecasProtection","floor":9},{"not_picked":["Guardian:Preprogram","Guardian:Gem_Yellow"],"picked":"Guardian:Planning","floor":11},{"not_picked":["Guardian:PolyBeam","Guardian:Gem_Red"],"picked":"Guardian:Suspension","floor":13},{"not_picked":["Guardian:Gem_Cyan","Guardian:Planning"],"picked":"Guardian:PiercingHide","floor":14},{"not_picked":["Guardian:TemporalStrike","Guardian:CrystalBeam"],"picked":"Guardian:PiercingHide","floor":15},{"not_picked":["Guardian:BaubleBeam","Guardian:FastForward"],"picked":"Guardian:Gem_Synthetic","floor":16},{"not_picked":["Guardian:RollAttack","Guardian:WalkerClaw"],"picked":"Guardian:TimeCapacitor","floor":19},{"not_picked":["Guardian:TemporalShield+1","Guardian:Gem_Lightblue"],"picked":"Guardian:Gem_Fragmented","floor":21},{"not_picked":["Guardian:TimeBomb","Guardian:GuardianWhirl"],"picked":"Guardian:SpikerProtocol+1","floor":22},{"not_picked":["Guardian:Planning","Guardian:Gem_Red","Guardian:Suspension"],"picked":"SKIP","floor":23},{"not_picked":["Guardian:CrystalBeam","Guardian:RollAttack+1"],"picked":"Guardian:TemporalStrike","floor":25},{"not_picked":["Guardian:TemporalShield","Guardian:PrismaticBarrier"],"picked":"Guardian:ChargeCore","floor":26},{"not_picked":["Guardian:ChargeCore+1","Guardian:Repulse"],"picked":"Guardian:Gem_Crimson","floor":27},{"not_picked":["Guardian:TimeCapacitor","Guardian:CrystalBeam"],"picked":"Guardian:Gem_Crimson","floor":28},{"not_picked":["Guardian:PolyBeam","Guardian:PiercingHide"],"picked":"Guardian:FloatingOrbs","floor":29},{"not_picked":["Guardian:ChargeCore","Guardian:BronzeArmor"],"picked":"Guardian:StasisStrike","floor":30},{"not_picked":["Guardian:Planning+1","Guardian:PiercingHide"],"picked":"Guardian:Gem_Green","floor":31},{"not_picked":["Guardian:DonusPower","Guardian:Planning+1"],"picked":"Guardian:Repulse","floor":32},{"not_picked":["Guardian:AncientConstruct","Guardian:SphericShield"],"picked":"Guardian:ConstructionForm","floor":33},{"not_picked":["Guardian:TemporalShield","Guardian:PiercingHide"],"picked":"Guardian:Recover","floor":36},{"not_picked":["Guardian:Gem_Cyan","Guardian:WalkerClaw"],"picked":"Guardian:Gem_Orange","floor":37},{"not_picked":["Guardian:VentSteam+1","Guardian:TemporalShield"],"picked":"Guardian:GuardianWhirl+1","floor":38},{"not_picked":["Guardian:Suspension","Guardian:EvasiveProtocol+1"],"picked":"Guardian:Incinerate+1","floor":39},{"not_picked":["Guardian:Gem_Fragmented","Guardian:VentSteam"],"picked":"Guardian:Recover+1","floor":40},{"not_picked":["Guardian:BronzeArmor","Guardian:MultiBeam"],"picked":"Guardian:PiercingHide+1","floor":43},{"not_picked":["Guardian:MultiBeam+1","Guardian:Suspension+1"],"picked":"Guardian:Gem_Crimson","floor":44},{"not_picked":["Guardian:PrimingBeam+1","Guardian:WalkerClaw+1"],"picked":"Guardian:FloatingOrbs+1","floor":45},{"not_picked":["Guardian:RollAttack+1","Guardian:Incinerate+1"],"picked":"Guardian:Suspension","floor":47},{"not_picked":["Guardian:TemporalStrike","Guardian:Gem_Cyan"],"picked":"Guardian:PolyBeam+1","floor":48},{"not_picked":["Guardian:ChargeCore+1","Guardian:ShieldSpikes"],"picked":"Guardian:DecasProtection+1","floor":49},{"not_picked":["Guardian:Gem_Red","Guardian:PiercingHide+1"],"picked":"Guardian:TimeSifter","floor":52}],"player_experience":67810,"relics_obtained":[{"floor":14,"key":"FossilizedHelix"},{"floor":18,"key":"Enchiridion"},{"floor":23,"key":"Lantern"},{"floor":24,"key":"Pet Ghost"},{"floor":27,"key":"Replay:Bandana"},{"floor":29,"key":"downfall:GremlinSack"},{"floor":38,"key":"Ginger"},{"floor":41,"key":"Letter Opener"},{"floor":52,"key":"Gremlin Food"}],"event_choices":[],"is_beta":false,"boss_relics":[{"not_picked":["Cursed Key","SacredBark"],"picked":"Replay:Drink Me"},{"not_picked":["Guardian:StasisSlotReductionRelic","Runic Dome"],"picked":"Astrolabe"}],"items_purged_floors":[40],"is_endless":false,"potions_floor_spawned":[6,11,15,16,19,22,23,25,29,30,31,38,43,45,47,49],"killed_by":"downfall:NeowBossFinal","ascension_level":0}}