{"host":"aqym1xxr3lb31d9m","time":1611766372,"event":{"mods":["BaseMod","Block Reminder","Colored Map","Colored Powertips","DeckTracker","Highlight Path","Minty Spire (QoL Compilation)","Quick Restart","Random Character Button","StSLib","SuperFastMode","UnlockEverythingMod"],"gold_per_floor":[115,130,130,27,27,27,70,91,169,194,235,200,200,218,218,314,314,329,45,59,80,104,104,104],"floor_reached":23,"language":"JPN","playtime":964,"items_purged":["Injury"],"score":456,"play_id":"97ae942d-6a59-47fe-88f9-d99c193defde","local_time":"20210128015252","is_ascension_mode":true,"campfire_choices":[{"data":"Sunder","floor":6.0,"key":"SMITH"},{"data":"Chill","floor":13.0,"key":"SMITH"},{"data":"Coolheaded","floor":15.0,"key":"SMITH"}],"circlet_count":0,"master_deck":["AscendersBane","Strike_B","Strike_B","Strike_B","Strike_B","Defend_B","Defend_B","Defend_B","Defend_B","Zap","Dualcast","Sunder+1","Streamline","FTL","Coolheaded+1","Turbo","Chill+1","Gash","Meteor Strike","Hologram","Turbo","Compile Driver"],"relics":["Busted Crown","Golden Idol","Art of War","Bag of Preparation","Runic Pyramid","White Beast Statue"],"acts_visited":["Exordium","TheCity"],"potions_floor_usage":[23,23,23,23],"damage_taken":[{"damage":9.0,"enemies":"Small Slimes","floor":1.0,"turns":3.0},{"damage":1.0,"enemies":"2 Louse","floor":2.0,"turns":3.0},{"damage":30.0,"enemies":"Lagavulin","floor":7.0,"turns":4.0},{"damage":0.0,"enemies":"Cultist","floor":8.0,"turns":3.0},{"damage":0.0,"enemies":"2 Fungi Beasts","floor":10.0,"turns":2.0},{"damage":0.0,"enemies":"Gremlin Nob","floor":11.0,"turns":2.0},{"damage":0.0,"enemies":"Large Slime","floor":14.0,"turns":4.0},{"damage":21.0,"enemies":"Slime Boss","floor":16.0,"turns":10.0},{"damage":0.0,"enemies":"3 Byrds","floor":18.0,"turns":6.0},{"damage":9.0,"enemies":"Spheric Guardian","floor":20.0,"turns":5.0},{"damage":13.0,"enemies":"Snake Plant","floor":21.0,"turns":3.0},{"damage":0.0,"enemies":"Centurion and Healer","floor":22.0,"turns":5.0},{"damage":52,"enemies":"Book of Stabbing","floor":23,"turns":4}],"seed_played":"1044872037519122811","potions_obtained":[{"floor":2.0,"key":"Fire Potion"},{"floor":10.0,"key":"FocusPotion"},{"floor":11.0,"key":"Regen Potion"},{"floor":16.0,"key":"Swift Potion"},{"floor":20.0,"key":"EntropicBrew"},{"floor":21.0,"key":"Explosive Potion"}],"is_trial":false,"path_per_floor":["M","M","?","$","?","R","E","M","T","M","E","?","R","M","R","B",null,"M","$","M","M","M","E"],"character_chosen":"DEFECT","items_purchased":["Streamline","White Beast Statue"],"campfire_rested":0,"item_purchase_floors":[4,19],"current_hp_per_floor":[55,54,54,54,54,54,24,24,24,24,24,24,24,24,24,3,54,54,54,59,46,46,0,0],"gold":104,"neow_bonus":"BOSS_RELIC","is_daily":false,"chose_seed":false,"campfire_upgraded":3,"win_rate":0.0,"timestamp":1611766372,"path_taken":["M","M","?","$","?","R","E","M","T","M","E","?","R","M","R","BOSS","M","$","M","M","M","E"],"items_purchased_type":["Card","Relic"],"build_version":"2020-12-22","purchased_purges":1,"victory":false,"max_hp_per_floor":[71,71,71,71,71,71,71,71,71,71,71,71,71,71,71,71,71,71,71,71,71,71,71,71],"card_choices":[{"not_picked":["Steam"],"picked":"SKIP","floor":1.0},{"not_picked":[],"picked":"Sunder","floor":2.0},{"not_picked":[],"picked":"FTL","floor":7.0},{"not_picked":[],"picked":"Coolheaded","floor":8.0},{"not_picked":[],"picked":"Turbo","floor":10.0},{"not_picked":[],"picked":"Chill","floor":11.0},{"not_picked":[],"picked":"Gash","floor":14.0},{"not_picked":[],"picked":"Meteor Strike","floor":16.0},{"not_picked":[],"picked":"Hologram","floor":18.0},{"not_picked":[],"picked":"Turbo","floor":20.0},{"not_picked":[],"picked":"Compile Driver","floor":21.0}],"player_experience":4106048,"relics_obtained":[{"floor":7.0,"key":"Art of War"},{"floor":11.0,"key":"Bag of Preparation"}],"event_choices":[{"damage_healed":0.0,"max_hp_gain":0.0,"max_hp_loss":0.0,"gold_gain":0.0,"event_name":"Golden Idol","player_choice":"Take Wound","floor":3.0,"gold_loss":0.0,"damage_taken":0.0,"relics_obtained":["Golden Idol"],"cards_obtained":["Injury"]},{"damage_healed":0.0,"max_hp_gain":0.0,"max_hp_loss":0.0,"gold_gain":0.0,"event_name":"Liars Game","player_choice":"Ignored","floor":5.0,"gold_loss":0.0,"damage_taken":0.0},{"damage_healed":0.0,"max_hp_gain":0.0,"max_hp_loss":0.0,"gold_gain":0.0,"event_name":"World of Goop","player_choice":"Left Gold","floor":12.0,"gold_loss":35.0,"damage_taken":0.0}],"is_beta":false,"boss_relics":[{"not_picked":["Empty Cage","Nuclear Battery"],"picked":"Runic Pyramid"}],"items_purged_floors":[4],"is_endless":false,"potions_floor_spawned":[2,10,11,16,18,20,21,22],"killed_by":"Book of Stabbing","ascension_level":20}}