{"host":"z9grmtg2w0nmz8n1","time":1611708164,"event":{"mods":["Aspiration","BaseMod","Better Altar","Better Match","Better Note","Better Sensory Stone","Better Skull","Better Third Choice","BetterRewards","CCEM2","Clawfect","Colored Map","Conspire","GifTheSpireLib","Halation","Highlight Path","Hubris","Hunter ??","Jedi Mod","Minty Spire (QoL Compilation)","Permanent Neow","Reliquary","Replay The Spire","Shop Mod","Spicy Shops","StSLib","Stuff the Spire","The Administrix","The Blackbeard","The Runesmith","The Servant 0.9.4"],"gold_per_floor":[111,111,111,123,138,164,164,175,228,228,260,276,307,324,324,427,427,440,244,244,254,272,272,298,313,339,339,352,372,387,413,413,508,508,519,555,46,77,96,124,124,34,88,88,126,146,146,192,192,227,227,227,77,114,160,160,160],"floor_reached":55,"language":"ENG","playtime":3240,"items_purged":["blackbeard:BlackbeardStrike","blackbeard:BlackbeardStrike","blackbeard:BlackbeardStrike","blackbeard:BlackbeardDefend"],"score":780,"play_id":"771468f3-19e8-4ebb-b1e7-0513e04a53ba","local_time":"20210126224244","is_ascension_mode":false,"campfire_choices":[{"floor":7,"key":"RECALL"},{"data":"blackbeard:FieryDefense","floor":10,"key":"SMITH"},{"data":"blackbeard:BeatUp","floor":15,"key":"SMITH"},{"data":"blackbeard:BoostMorale","floor":23,"key":"SMITH"},{"data":"blackbeard:Boarding","floor":32,"key":"SMITH"},{"data":"blackbeard:PirateHook","floor":41,"key":"SMITH"},{"data":"blackbeard:RearmingStrike","floor":44,"key":"SMITH"},{"floor":49,"key":"REST"},{"data":"blackbeard:GoldenCannonball","floor":52,"key":"SMITH"}],"circlet_count":0,"master_deck":["blackbeard:IntimidatingStrike+1","blackbeard:BlackbeardDefend","blackbeard:BlackbeardDefend+1","blackbeard:BlackbeardDefend","blackbeard:Cutlass+1","blackbeard:TacticalRetreat","blackbeard:WiseDefense+1","blackbeard:Anchor+1","blackbeard:FieryDefense+1","blackbeard:CloakAndCannonball+1","blackbeard:TacticalRetreat","blackbeard:BeatUp+1","blackbeard:RearmingStrike+1","blackbeard:BoostMorale+1","blackbeard:TacticalRetreat","blackbeard:Boarding+1","blackbeard:FieryDefense","blackbeard:Spear","blackbeard:Shrapnel+1","blackbeard:BountyHunter+1","blackbeard:Shrapnel+1","blackbeard:GoldenStrike+1","blackbeard:PirateHook+1","blackbeard:GoldenCannonball+1","blackbeard:CloakAndCannonball","blackbeard:FieryDefense","blackbeard:GoldenStrike+1","blackbeard:InfiniteBarrage+1","blackbeard:CloakAndCannonball+1","blackbeard:Dagger+1"],"relics":["blackbeard:LoadTheCannons","NeowsBlessing","Ornamental Fan","Boot","hubris:DeckOfHolding","jedi:battlestandard","hubris:BottledRain","Replay:Baseball","Pen Nib","StuffTheSpire:DarkSteelAnvil","Black Star","Guide Book","War Paint","jedi:shrinkray","halation:IllGainedPizza","Toy Ornithopter","reliquary:JackalopeAntler"],"acts_visited":["Exordium","TheCity","TheBeyond","TheEnding"],"potions_floor_usage":[1,6,11,12,13,13,13,31,31,33,40,50,50],"damage_taken":[{"damage":0,"enemies":"Small Slimes","floor":1,"turns":1},{"damage":0,"enemies":"2 Louse","floor":4,"turns":1},{"damage":0,"enemies":"Jaw Worm","floor":5,"turns":1},{"damage":27,"enemies":"3 Sentries","floor":6,"turns":11},{"damage":0,"enemies":"Exordium Wildlife","floor":8,"turns":3},{"damage":0,"enemies":"conspire:MimicChest","floor":11,"turns":9},{"damage":0,"enemies":"Exordium Thugs","floor":12,"turns":5},{"damage":0,"enemies":"Lagavulin","floor":13,"turns":5},{"damage":0,"enemies":"3 Louse","floor":14,"turns":3},{"damage":6,"enemies":"The Guardian","floor":16,"turns":11},{"damage":0,"enemies":"Spheric Guardian","floor":18,"turns":3},{"damage":0,"enemies":"conspire:FuzzyDice","floor":21,"turns":5},{"damage":0,"enemies":"Shelled Parasite and Fungi","floor":22,"turns":5},{"damage":0,"enemies":"conspire:Head Lice","floor":24,"turns":4},{"damage":0,"enemies":"Cultist and Chosen","floor":25,"turns":5},{"damage":0,"enemies":"Sentry and Sphere","floor":28,"turns":5},{"damage":0,"enemies":"Snake Plant","floor":29,"turns":4},{"damage":0,"enemies":"Centurion and Healer","floor":30,"turns":5},{"damage":1,"enemies":"Slavers","floor":31,"turns":4},{"damage":72,"enemies":"Collector","floor":33,"turns":9},{"damage":0,"enemies":"3 Darklings","floor":35,"turns":3},{"damage":0,"enemies":"Orb Walker","floor":36,"turns":3},{"damage":0,"enemies":"Sphere and 2 Shapes","floor":38,"turns":3},{"damage":0,"enemies":"Transient","floor":39,"turns":5},{"damage":18,"enemies":"Giant Head","floor":40,"turns":8},{"damage":0,"enemies":"Jaw Worm Horde","floor":45,"turns":2},{"damage":0,"enemies":"Sphere and 2 Shapes","floor":46,"turns":3},{"damage":23,"enemies":"Writhing Mass","floor":48,"turns":4},{"damage":24,"enemies":"Donu and Deca","floor":50,"turns":10},{"damage":14,"enemies":"Shield and Spear","floor":54,"turns":6},{"damage":61,"enemies":"The Heart","floor":55,"turns":5}],"seed_played":"4814955555466566398","potions_obtained":[{"floor":1,"key":"EntropicBrew"},{"floor":8,"key":"ColorlessPotion"},{"floor":11,"key":"Explosive Potion"},{"floor":12,"key":"Swift Potion"},{"floor":14,"key":"Languid Potion"},{"floor":24,"key":"Energy Potion"},{"floor":25,"key":"GamblersBrew"},{"floor":28,"key":"Strength Potion"},{"floor":36,"key":"Weak Potion"},{"floor":40,"key":"blackbeard:RumPotion"},{"floor":46,"key":"GamblersBrew"}],"is_trial":false,"path_per_floor":["M","?","?","M","M","E","R","M","T","R","?","M","E","M","R","B",null,"M","$","?","M","M","R","E","M","T","?","M","M","M","E","R","B",null,"M","M","$","M","M","E","R","?","T","R","M","M","$","M","R","B",null,"R","$","E","B"],"character_chosen":"BLACKBEARD_CLASS","items_purchased":["hubris:BottledRain","blackbeard:PirateHook","blackbeard:GoldenCannonball","Guide Book"],"campfire_rested":1,"item_purchase_floors":[19,37,37,37],"current_hp_per_floor":[75,60,60,60,60,33,33,33,33,33,33,33,33,33,33,27,75,75,75,75,75,75,75,75,75,75,75,75,75,75,74,74,2,75,75,75,75,75,75,57,57,57,57,57,57,57,57,34,56,32,75,75,75,61,0,0,0],"gold":160,"neow_bonus":"THREE_ENEMY_KILL","is_daily":false,"chose_seed":false,"campfire_upgraded":7,"win_rate":0.0,"timestamp":1611708164,"path_taken":["M","?","?","M","M","E","R","M","T","R","?","?","E","M","R","BOSS","M","$","?","M","M","R","E","M","T","?","M","M","M","E","R","BOSS","M","M","$","M","M","E","R","?","T","R","M","M","$","M","R","BOSS","R","$","E","BOSS"],"items_purchased_type":["Relic","Card","Card","Relic"],"build_version":"2020-12-22","purchased_purges":4,"victory":false,"max_hp_per_floor":[75,75,75,75,75,75,75,75,75,75,75,75,75,75,75,75,75,75,75,75,75,75,75,75,75,75,75,75,75,75,75,75,75,75,75,75,75,75,75,75,75,75,75,75,75,75,75,75,75,75,75,75,75,75,75,75,75],"card_choices":[{"not_picked":["blackbeard:CannonBarrage","blackbeard:Rum"],"picked":"blackbeard:TacticalRetreat","floor":1},{"not_picked":["blackbeard:Sword","blackbeard:Dagger"],"picked":"blackbeard:WiseDefense","floor":4},{"not_picked":["blackbeard:DeadlyArsenal","blackbeard:CaptainsHat"],"picked":"blackbeard:Anchor","floor":5},{"not_picked":["blackbeard:BuriedTreasure","blackbeard:Fencing"],"picked":"blackbeard:FieryDefense","floor":6},{"not_picked":["blackbeard:GoldenStrike","blackbeard:Fencing"],"picked":"blackbeard:CloakAndCannonball","floor":8},{"not_picked":["blackbeard:FishingNets","blackbeard:Halberd"],"picked":"blackbeard:TacticalRetreat","floor":11},{"not_picked":["blackbeard:Fencing","blackbeard:DoubleBottom"],"picked":"blackbeard:BeatUp","floor":12},{"not_picked":["blackbeard:ArmorUp","blackbeard:Anchor","blackbeard:Provisioning"],"picked":"SKIP","floor":13},{"not_picked":["blackbeard:Sword","blackbeard:FieryDefense"],"picked":"blackbeard:RearmingStrike","floor":14},{"not_picked":["blackbeard:Lifeboat","blackbeard:Murder"],"picked":"blackbeard:BoostMorale","floor":16},{"not_picked":["blackbeard:DeadlyArsenal","blackbeard:Sharpening+1"],"picked":"blackbeard:TacticalRetreat","floor":18},{"not_picked":["blackbeard:BeatUp","blackbeard:RemoveScurvy","blackbeard:Sharpening"],"picked":"SKIP","floor":21},{"not_picked":["blackbeard:PiratesWill","blackbeard:DeadlyArsenal"],"picked":"blackbeard:Boarding","floor":22},{"not_picked":["blackbeard:WiseDefense","blackbeard:UndeadForm"],"picked":"blackbeard:FieryDefense","floor":24},{"not_picked":["blackbeard:Fencing","blackbeard:PiratesWill+1","blackbeard:DangerousBlow"],"picked":"SKIP","floor":25},{"not_picked":["blackbeard:BeatUp","blackbeard:SwordDance","blackbeard:WiseDefense"],"picked":"SKIP","floor":28},{"not_picked":["blackbeard:Rum+1","blackbeard:UndeadForm"],"picked":"blackbeard:Spear","floor":29},{"not_picked":["blackbeard:Sword","blackbeard:Dagger","blackbeard:GoldenDefense"],"picked":"SKIP","floor":30},{"not_picked":["blackbeard:DeadlyArsenal","blackbeard:FieryDefense"],"picked":"blackbeard:Shrapnel+1","floor":31},{"not_picked":["blackbeard:MegaUpgrade","blackbeard:HumongousCannonball"],"picked":"blackbeard:BountyHunter","floor":33},{"not_picked":["blackbeard:Dagger+1","blackbeard:FishingNets"],"picked":"blackbeard:Shrapnel+1","floor":35},{"not_picked":["blackbeard:BlindAttacks","blackbeard:Dagger+1"],"picked":"blackbeard:GoldenStrike","floor":36},{"not_picked":["blackbeard:CannonBarrage","blackbeard:Intoxication"],"picked":"blackbeard:CloakAndCannonball","floor":38},{"not_picked":["blackbeard:SwordDance+1","blackbeard:Sharpening","blackbeard:VengefulSpirit+1"],"picked":"SKIP","floor":39},{"not_picked":["blackbeard:DoubleBottom+1","blackbeard:Fencing+1"],"picked":"blackbeard:FieryDefense","floor":40},{"not_picked":["blackbeard:GoldenDefense+1","blackbeard:Provisioning"],"picked":"blackbeard:GoldenStrike+1","floor":45},{"not_picked":["blackbeard:PiratesWill+1","blackbeard:BuriedTreasure+1"],"picked":"blackbeard:InfiniteBarrage+1","floor":46},{"not_picked":["blackbeard:Fencing+1","blackbeard:ArmorUp"],"picked":"blackbeard:CloakAndCannonball+1","floor":48},{"not_picked":["blackbeard:Intoxication","blackbeard:Toast+1"],"picked":"blackbeard:Dagger+1","floor":54}],"player_experience":852153,"relics_obtained":[{"floor":6,"key":"Ornamental Fan"},{"floor":11,"key":"Boot"},{"floor":13,"key":"hubris:DeckOfHolding"},{"floor":24,"key":"Replay:Baseball"},{"floor":26,"key":"Pen Nib"},{"floor":31,"key":"StuffTheSpire:DarkSteelAnvil"},{"floor":40,"key":"War Paint"},{"floor":40,"key":"jedi:shrinkray"},{"floor":43,"key":"halation:IllGainedPizza"},{"floor":54,"key":"Toy Ornithopter"},{"floor":54,"key":"reliquary:JackalopeAntler"}],"event_choices":[{"damage_healed":75,"gold_gain":0,"player_choice":"Upgrade","damage_taken":15,"max_hp_gain":0,"max_hp_loss":75,"event_name":"betterThird:BetterShining","floor":2,"gold_loss":0,"cards_upgraded":["blackbeard:IntimidatingStrike","blackbeard:BlackbeardDefend"]},{"cards_removed":["blackbeard:BlackbeardStrike"],"damage_healed":0,"gold_gain":0,"player_choice":"Give","damage_taken":0,"max_hp_gain":0,"max_hp_loss":0,"event_name":"betterNote:BetterNote","floor":20,"gold_loss":0,"cards_obtained":["blackbeard:BlackbeardDefend"]},{"damage_healed":0,"gold_gain":0,"player_choice":"Ignored","damage_taken":0,"max_hp_gain":0,"max_hp_loss":0,"event_name":"Ghosts","floor":27,"gold_loss":0},{"cards_removed":["blackbeard:BlackbeardStrike"],"damage_healed":0,"gold_gain":0,"player_choice":"Upgrade and Remove","damage_taken":0,"max_hp_gain":0,"max_hp_loss":0,"event_name":"Designer","floor":42,"gold_loss":90,"cards_upgraded":["blackbeard:GoldenStrike"]}],"is_beta":false,"boss_relics":[{"not_picked":["Snecko Eye","Astrolabe"],"picked":"jedi:battlestandard"},{"not_picked":["hubris:BlackHole","CCEMRelics:GreenEgg"],"picked":"Black Star"}],"items_purged_floors":[19,37,37,53],"is_endless":false,"potions_floor_spawned":[1,8,11,12,14,24,25,28,29,36,40,46],"killed_by":"The Heart","ascension_level":0}}