{"host":"c97twqu0op5dg8i4","time":1611772605,"event":{"mods":["AchievementEnabler","BaseMod","Colored Map","Minty Spire (QoL Compilation)","Permanent Neow"],"gold_per_floor":[114,114,124,124,16,50,50,65,65,65,75,75,75,89,89,190,190,201,191,141,141,158,158,193,204,254,283,296,4,4,18,18,18,18,18],"floor_reached":34,"language":"ENG","playtime":1252,"items_purged":["Strike_R","Decay"],"score":482,"play_id":"80804b3f-001c-4b27-85a7-2c8716f40009","local_time":"20210127133645","is_ascension_mode":true,"campfire_choices":[{"floor":7,"key":"REST"},{"data":"Reaper","floor":10,"key":"SMITH"},{"data":"Rampage","floor":13,"key":"SMITH"},{"data":"Spot Weakness","floor":15,"key":"SMITH"},{"data":"True Grit","floor":23,"key":"SMITH"},{"data":"Shrug It Off","floor":32,"key":"SMITH"},{"data":"True Grit","floor":33,"key":"SMITH"}],"circlet_count":0,"master_deck":["Strike_R+1","Strike_R","Strike_R","Strike_R+1","Defend_R","Defend_R","Defend_R","Defend_R","Bash","Reaper+1","Flex","Rampage+1","Spot Weakness+1","Cleave","Flex","Reaper","CurseOfTheBell","True Grit+1","True Grit+1","Pummel+1","Shrug It Off","Flex","Spot Weakness","Shrug It Off+1"],"relics":["Burning Blood","Matryoshka","FaceOfCleric","Regal Pillow","Whetstone","Bottled Flame","Calling Bell","Art of War","Frozen Egg 2","TungstenRod","Gremlin Horn","Orichalcum","Vajra","Anchor","Medical Kit","MutagenicStrength"],"acts_visited":["Exordium","TheCity"],"potions_floor_usage":[21,22,24,34,34],"damage_taken":[{"damage":34,"enemies":"Cultist","floor":1,"turns":7},{"damage":14,"enemies":"Jaw Worm","floor":3,"turns":3},{"damage":56,"enemies":"Gremlin Nob","floor":6,"turns":5},{"damage":0,"enemies":"Small Slimes","floor":8,"turns":2},{"damage":32,"enemies":"Gremlin Gang","floor":11,"turns":3},{"damage":16,"enemies":"3 Louse","floor":14,"turns":3},{"damage":56,"enemies":"Slime Boss","floor":16,"turns":10},{"damage":27,"enemies":"Chosen","floor":18,"turns":5},{"damage":32,"enemies":"2 Thieves","floor":19,"turns":4},{"damage":73,"enemies":"3 Cultists","floor":21,"turns":6},{"damage":87,"enemies":"Sentry and Sphere","floor":22,"turns":12},{"damage":170,"enemies":"Book of Stabbing","floor":24,"turns":9},{"damage":47,"enemies":"Snake Plant","floor":25,"turns":5},{"damage":0,"enemies":"Slavers","floor":27,"turns":1},{"damage":55,"enemies":"Shelled Parasite and Fungi","floor":28,"turns":7},{"damage":0,"enemies":"Sentry and Sphere","floor":31,"turns":1},{"damage":132,"enemies":"Collector","floor":34,"turns":10}],"seed_played":"5722338123588612750","potions_obtained":[{"floor":3,"key":"SmokeBomb"},{"floor":8,"key":"LiquidBronze"},{"floor":16,"key":"PowerPotion"},{"floor":25,"key":"Block Potion"},{"floor":27,"key":"Ancient Potion"},{"floor":28,"key":"SteroidPotion"}],"is_trial":false,"path_per_floor":["M","T","M","?","$","E","R","M","T","R","M","?","R","M","R","B",null,"M","M","?","M","M","R","E","M","T","E","M","$","?","M","R","R","B"],"character_chosen":"IRONCLAD","items_purchased":["Spot Weakness","Shrug It Off","Medical Kit"],"campfire_rested":1,"item_purchase_floors":[5,29,29],"current_hp_per_floor":[48,48,49,49,49,9,48,55,55,55,48,48,48,55,55,16,68,59,60,60,21,46,46,54,91,91,92,51,51,51,58,58,58,0,0],"gold":18,"neow_bonus":"ONE_RANDOM_RARE_CARD","is_daily":false,"chose_seed":false,"campfire_upgraded":6,"win_rate":0.0,"timestamp":1611772605,"path_taken":["M","?","M","?","$","E","R","M","T","R","?","?","R","M","R","BOSS","M","?","?","M","M","R","E","M","T","E","?","$","?","M","R","R","BOSS"],"items_purchased_type":["Card","Card","Relic"],"build_version":"2020-12-22","purchased_purges":2,"victory":false,"max_hp_per_floor":[80,80,80,80,80,81,81,82,82,82,83,83,83,84,84,85,85,86,87,87,88,89,89,90,91,91,92,93,93,93,94,94,94,94,94],"card_choices":[{"not_picked":["Cleave","Anger"],"picked":"Flex","floor":1},{"not_picked":["Dark Embrace","True Grit"],"picked":"Rampage","floor":3},{"not_picked":["Ghostly Armor","Twin Strike"],"picked":"Cleave","floor":6},{"not_picked":["Metallicize","Carnage"],"picked":"Flex","floor":8},{"not_picked":["Second Wind","Clash","Perfected Strike"],"picked":"SKIP","floor":11},{"not_picked":["Carnage","Blood for Blood","Havoc"],"picked":"SKIP","floor":14},{"not_picked":["Immolate","Berserk"],"picked":"Reaper","floor":16},{"not_picked":["Searing Blow","Power Through"],"picked":"True Grit","floor":18},{"not_picked":["Heavy Blade","Body Slam"],"picked":"True Grit","floor":19},{"not_picked":["Pommel Strike","Blood for Blood"],"picked":"Pummel+1","floor":22},{"not_picked":["Warcry","Armaments"],"picked":"Shrug It Off","floor":24},{"not_picked":["Corruption+1","Clash","Warcry"],"picked":"SKIP","floor":25},{"not_picked":["Entrench","Offering"],"picked":"Flex","floor":27},{"not_picked":["Anger+1","Heavy Blade"],"picked":"Spot Weakness","floor":28},{"not_picked":["Rupture+1","Infernal Blade+1","Iron Wave+1"],"picked":"SKIP","floor":31}],"player_experience":316226,"relics_obtained":[{"floor":2,"key":"Matryoshka"},{"floor":6,"key":"Regal Pillow"},{"floor":9,"key":"Whetstone"},{"floor":9,"key":"Bottled Flame"},{"floor":17,"key":"Art of War"},{"floor":17,"key":"Frozen Egg 2"},{"floor":17,"key":"TungstenRod"},{"floor":24,"key":"Gremlin Horn"},{"floor":26,"key":"Orichalcum"},{"floor":26,"key":"Vajra"},{"floor":27,"key":"Anchor"}],"event_choices":[{"damage_healed":0,"gold_gain":0,"player_choice":"Trade","damage_taken":0,"relics_obtained":["FaceOfCleric"],"max_hp_gain":0,"max_hp_loss":0,"event_name":"FaceTrader","floor":4,"gold_loss":0},{"damage_healed":0,"gold_gain":0,"player_choice":"Cursed","damage_taken":0,"max_hp_gain":0,"max_hp_loss":0,"event_name":"Wheel of Change","floor":12,"gold_loss":0,"cards_obtained":["Decay"]},{"damage_healed":0,"gold_gain":0,"player_choice":"Bet on Owner","damage_taken":0,"max_hp_gain":0,"max_hp_loss":0,"event_name":"The Joust","floor":20,"gold_loss":50},{"damage_healed":0,"gold_gain":0,"player_choice":"Inject Mutagens","damage_taken":0,"relics_obtained":["MutagenicStrength"],"max_hp_gain":0,"max_hp_loss":0,"event_name":"Drug Dealer","floor":30,"gold_loss":0}],"is_beta":false,"boss_relics":[{"not_picked":["Busted Crown","Sozu"],"picked":"Calling Bell"}],"items_purged_floors":[5,29],"is_endless":false,"potions_floor_spawned":[3,8,16,21,25,27,28],"killed_by":"Collector","ascension_level":8}}