{"host":"i1xfvbr0z23eel2z","time":1611711679,"event":{"mods":["2.2 Compatiblity","BaseMod","Colored Map","Highlight Path","Minty Spire (QoL Compilation)","StSLib","Together in Spire"],"gold_per_floor":[109,126,76,76,91,91,119,119,164,65,13,30,30,30],"floor_reached":13,"language":"ENG","playtime":338,"items_purged":["Strike_B"],"score":83,"play_id":"7c6e34b3-7d8c-4d56-8a15-5759d1cc972f","local_time":"20210126204119","is_ascension_mode":false,"campfire_choices":[{"data":"Zap","floor":6,"key":"SMITH"},{"data":"Doom and Gloom","floor":8,"key":"SMITH"}],"circlet_count":0,"master_deck":["Strike_B+1","Strike_B","Defend_B","Defend_B","Defend_B","Defend_B","Zap+1","Dualcast","Gash+1","Beam Cell","Lockon","Doom and Gloom+1","Sweeping Beam"],"relics":["Cracked Core","MealTicket","Whetstone"],"acts_visited":["Exordium"],"potions_floor_usage":[7],"damage_taken":[{"damage":2,"enemies":"2 Louse","floor":1,"turns":2},{"damage":2,"enemies":"Small Slimes","floor":2,"turns":2},{"damage":6,"enemies":"Jaw Worm","floor":5,"turns":2},{"damage":4,"enemies":"3 Sentries","floor":7,"turns":3},{"damage":4,"enemies":"Red Slaver","floor":12,"turns":2},{"damage":0,"enemies":"Gremlin Nob","floor":13,"turns":1}],"seed_played":"-947136399264713736","potions_obtained":[{"floor":5,"key":"Block Potion"},{"floor":12,"key":"LiquidBronze"}],"is_trial":false,"path_per_floor":["M","M","?","?","M","R","E","R","T","$","$","M","E"],"character_chosen":"DEFECT","items_purchased":["Sweeping Beam","Block Potion"],"campfire_rested":0,"item_purchase_floors":[10,11],"current_hp_per_floor":[80,78,78,78,72,72,68,68,68,82,82,78,78,78],"gold":30,"neow_bonus":"TEN_PERCENT_HP_BONUS","is_daily":false,"chose_seed":false,"campfire_upgraded":2,"win_rate":0.0,"timestamp":1611711679,"path_taken":["M","M","?","?","?","R","E","R","T","?","$","M","E"],"items_purchased_type":["Card","Potion"],"build_version":"2020-12-22","purchased_purges":1,"victory":false,"max_hp_per_floor":[82,82,82,82,82,82,82,82,82,82,82,82,82,82],"card_choices":[{"not_picked":["Steam","Hologram"],"picked":"Gash","floor":1},{"not_picked":["Storm","Sweeping Beam"],"picked":"Beam Cell","floor":2},{"not_picked":["Reinforced Body","Conserve Battery"],"picked":"Lockon","floor":5},{"not_picked":["Fusion","Heatsinks"],"picked":"Doom and Gloom","floor":7},{"not_picked":["Meteor Strike","White Noise","Blizzard"],"picked":"SKIP","floor":12}],"player_experience":89997,"relics_obtained":[{"floor":7,"key":"MealTicket"},{"floor":9,"key":"Whetstone"}],"event_choices":[{"cards_removed":["Strike_B"],"damage_healed":0,"gold_gain":0,"player_choice":"Card Removal","damage_taken":0,"max_hp_gain":0,"max_hp_loss":0,"event_name":"The Cleric","floor":3,"gold_loss":50},{"damage_healed":0,"gold_gain":0,"player_choice":"Ignored","damage_taken":0,"max_hp_gain":0,"max_hp_loss":0,"event_name":"Liars Game","floor":4,"gold_loss":0}],"is_beta":false,"boss_relics":[],"items_purged_floors":[10],"is_endless":false,"potions_floor_spawned":[5,12],"killed_by":"Gremlin Nob","ascension_level":0}}