{"host":"hvwa7s69zr612rn1","time":1611742308,"event":{"mods":["BaseMod","Colored Map","Colored Powertips","Minty Spire (QoL Compilation)","StSLib","The Runesmith"],"gold_per_floor":[112,125,143,160,40,68,83,83,110,130,164,179,179,190,190,288,288,271,290,301,41,41,41,69,88,88,122,122,122],"floor_reached":28,"language":"ENG","playtime":2494,"items_purged":["Runesmith:Strike_RS","Runesmith:Fortify"],"score":349,"play_id":"1244895d-44f8-4121-8fd4-5a3ee36bda3c","local_time":"20210127211148","is_ascension_mode":false,"campfire_choices":[{"data":"Runesmith:Grindstone","floor":8,"key":"SMITH"},{"data":"Runesmith:CraftFirestone","floor":13,"key":"SMITH"},{"data":"Runesmith:Permafrost","floor":15,"key":"SMITH"},{"data":"Runesmith:ChaoticBlast","floor":23,"key":"SMITH"}],"circlet_count":0,"master_deck":["Runesmith:CraftFirestone+1","Runesmith:HammerThrow","Runesmith:ChaoticBlast+1","Runesmith:FissionHammer","Runesmith:Permafrost+1","Runesmith:EnergizedChisel","Runesmith:Grindstone+1","Runesmith:StaticCage","Runesmith:CraftSpiculum","Runesmith:CraftPrismatica","Runesmith:UnstableHammer","Runesmith:UnstableHammer","Runesmith:EnergizedChisel","Runesmith:ChargedHammer","Runesmith:RuneHurl","Runesmith:DoubleUp","Runesmith:EnergizedChisel","Runesmith:Repurpose","Runesmith:Discharge","Runesmith:GoWithTheFlow","Flash of Steel","Runesmith:Firewall","Runesmith:UnlimitedPower","Runesmith:NegativeSpace+1"],"relics":["Runesmith:BrokenRuby","Runesmith:AutoHammer","Nunchaku","Pandora\u0027s Box","Nloth\u0027s Gift","Bronze Scales","Toxic Egg 2","Sundial"],"acts_visited":["Exordium","TheCity"],"potions_floor_usage":[11,25,25,27],"damage_taken":[{"damage":0,"enemies":"Cultist","floor":1,"turns":4},{"damage":0,"enemies":"Jaw Worm","floor":2,"turns":4},{"damage":0,"enemies":"2 Louse","floor":3,"turns":1},{"damage":0,"enemies":"Exordium Wildlife","floor":4,"turns":3},{"damage":30,"enemies":"Gremlin Nob","floor":6,"turns":5},{"damage":9,"enemies":"Looter","floor":7,"turns":4},{"damage":14,"enemies":"3 Louse","floor":10,"turns":2},{"damage":4,"enemies":"Lagavulin","floor":11,"turns":9},{"damage":5,"enemies":"Large Slime","floor":12,"turns":4},{"damage":1,"enemies":"Blue Slaver","floor":14,"turns":3},{"damage":0,"enemies":"Hexaghost","floor":16,"turns":9},{"damage":9,"enemies":"2 Thieves","floor":18,"turns":4},{"damage":0,"enemies":"Chosen","floor":19,"turns":4},{"damage":17,"enemies":"Snake Plant","floor":20,"turns":4},{"damage":34,"enemies":"Book of Stabbing","floor":24,"turns":6},{"damage":10,"enemies":"Centurion and Healer","floor":25,"turns":3},{"damage":0,"enemies":"Gremlin Leader","floor":27,"turns":6},{"damage":13,"enemies":"Shelled Parasite and Fungi","floor":28,"turns":4}],"seed_played":"-3986828497792127000","potions_obtained":[{"floor":6,"key":"SpeedPotion"},{"floor":7,"key":"BlessingOfTheForge"},{"floor":10,"key":"SneckoOil"},{"floor":16,"key":"SteroidPotion"},{"floor":19,"key":"Explosive Potion"},{"floor":25,"key":"DuplicationPotion"}],"is_trial":false,"path_per_floor":["M","M","M","M","$","E","M","R","T","M","E","M","R","M","R","B",null,"M","M","M","$","?","R","E","M","T","E","M"],"character_chosen":"RUNESMITH_CLASS","items_purchased":["Runesmith:EnergizedChisel","Flash of Steel","Runesmith:Firewall"],"campfire_rested":0,"item_purchase_floors":[5,21,21],"current_hp_per_floor":[77,77,77,77,77,47,38,38,38,24,20,15,15,14,14,14,77,68,68,51,51,51,51,17,7,7,7,0,0],"gold":122,"neow_bonus":"TEN_PERCENT_HP_BONUS","is_daily":false,"chose_seed":false,"campfire_upgraded":4,"win_rate":0.0,"timestamp":1611742308,"path_taken":["M","M","M","M","$","E","M","R","T","M","E","M","R","M","R","BOSS","M","M","M","$","?","R","E","M","T","E","M"],"items_purchased_type":["Card","Card","Card"],"build_version":"2020-12-22","purchased_purges":2,"victory":false,"max_hp_per_floor":[77,77,77,77,77,77,77,77,77,77,77,77,77,77,77,77,77,77,77,77,77,77,77,77,77,77,77,77,77],"card_choices":[{"not_picked":["Runesmith:Overpower","Runesmith:CraftProtectio"],"picked":"Runesmith:HammerThrow","floor":1},{"not_picked":["Runesmith:RuneHurl","Runesmith:ShiftingStrike"],"picked":"Runesmith:ChaoticBlast","floor":2},{"not_picked":["Runesmith:HeatExchange","Runesmith:EnergizedChisel"],"picked":"Runesmith:FissionHammer","floor":3},{"not_picked":["Runesmith:UnstableHammer","Runesmith:DoubleUp"],"picked":"Runesmith:Permafrost","floor":4},{"not_picked":["Runesmith:UnstableHammer","Runesmith:HeatExchange"],"picked":"Runesmith:Grindstone","floor":6},{"not_picked":["Runesmith:Grindstone","Runesmith:Empowerment"],"picked":"Runesmith:StaticCage","floor":7},{"not_picked":["Runesmith:EarthShield","Runesmith:StaticCage","Runesmith:HeatedChisel"],"picked":"SKIP","floor":10},{"not_picked":["Runesmith:HeatedChisel","Runesmith:DoubleUp","Runesmith:HammerAndChisel"],"picked":"SKIP","floor":11},{"not_picked":["Runesmith:CraftProtectio","Runesmith:Overpower","Runesmith:MetallurgicalResearch"],"picked":"SKIP","floor":12},{"not_picked":["Runesmith:HeatedChisel","Runesmith:FieryHammer"],"picked":"Runesmith:CraftSpiculum","floor":14},{"not_picked":["Runesmith:ReplicatingBarrier","Runesmith:Supernova"],"picked":"Runesmith:CraftPrismatica","floor":16},{"not_picked":["Runesmith:NanitesCloud","Runesmith:Grindstone"],"picked":"Runesmith:Repurpose","floor":18},{"not_picked":["Runesmith:Repurpose+1","Runesmith:Grindstone+1"],"picked":"Runesmith:Discharge","floor":19},{"not_picked":["Runesmith:ElementalConversion","Runesmith:CraftMagma"],"picked":"Runesmith:GoWithTheFlow","floor":20},{"not_picked":["Runesmith:Repurpose","Runesmith:Retool","Runesmith:ChargedHammer"],"picked":"SKIP","floor":24},{"not_picked":["Runesmith:Attraction","Runesmith:Repurpose"],"picked":"Runesmith:UnlimitedPower","floor":25},{"not_picked":["Runesmith:Discharge","Runesmith:CreatorForm"],"picked":"Runesmith:NegativeSpace+1","floor":27}],"player_experience":314511,"relics_obtained":[{"floor":6,"key":"Runesmith:AutoHammer"},{"floor":9,"key":"Pen Nib"},{"floor":11,"key":"Nunchaku"},{"floor":24,"key":"Bronze Scales"},{"floor":26,"key":"Toxic Egg 2"},{"floor":27,"key":"Sundial"}],"event_choices":[{"damage_healed":0,"gold_gain":0,"player_choice":"Traded Relic","damage_taken":0,"relics_obtained":["Nloth\u0027s Gift"],"max_hp_gain":0,"max_hp_loss":0,"event_name":"N\u0027loth","floor":22,"relics_lost":["Pen Nib"],"gold_loss":0}],"is_beta":false,"boss_relics":[{"not_picked":["Cursed Key","Runic Dome"],"picked":"Pandora\u0027s Box"}],"items_purged_floors":[5,21],"is_endless":false,"potions_floor_spawned":[6,7,10,16,19,24,25],"killed_by":"Shelled Parasite and Fungi","ascension_level":0}}