{"host":"usru02jcpe2a942d","time":1611746835,"event":{"mods":["Act Like it!","BaseMod","Colored Powertips","GifTheSpireLib","Highlight Path","Hubris","Infinite Spire","Minty Spire (QoL Compilation)","MostiFishMod","Quick Restart","Relic Stats","RumiaBox-露米娅的神秘盒子","StSLib","The Senshi","noobMod","【遗物卡牌】REMEMod","篝火指南"],"gold_per_floor":[114,132,57,57,70,70,145,155,155,155,168,168,168,179,179,278,278,294,294,306,320,340,367,367,392,392,408,420,433,447,457,457,562,562,574,574,585,602,602,602,602,602,602,602,619,636,636,636,636,731,731,731],"floor_reached":51,"language":"ZHS","playtime":2196,"items_purged":["theSenshi:SailorKick"],"score":835,"play_id":"771570db-b41a-46bd-8d0f-36373f18795e","local_time":"20210127192715","is_ascension_mode":false,"campfire_choices":[{"data":"theSenshi:MoonPrismPowerMakeUp","floor":6.0,"key":"SMITH"},{"data":"theSenshi:MoonCosmicPowerMakeUp","floor":15.0,"key":"SMITH"},{"data":"theSenshi:SteeledNerves","floor":24.0,"key":"SMITH"},{"data":"theSenshi:MoonCrystalPowerMakeUp","floor":32.0,"key":"SMITH"},{"data":"Madness","floor":40.0,"key":"SMITH"},{"data":"theSenshi:LunaSensingAllies","floor":42.0,"key":"SMITH"},{"data":"theSenshi:MoonCosmicPowerMakeUp","floor":49,"key":"SMITH"}],"circlet_count":0,"master_deck":["theSenshi:SailorKick","theSenshi:SailorBlock","theSenshi:SailorBlock","theSenshi:SailorBlock","theSenshi:SailorBlock","theSenshi:RoseThrow","theSenshi:MoonPrismPowerMakeUp+1","MostiFishMod:ButterFly","theSenshi:MoonTiaraMagic","theSenshi:LateForSchool","theSenshi:EncouragingSpeech","theSenshi:MoonCosmicPowerMakeUp+1","theSenshi:MoonPunch","theSenshi:MoonsReflection","theSenshi:InTheNameOfTheMoon","theSenshi:TuxedoSmokingBomber+1","theSenshi:GatheringStrength+1","theSenshi:MoonCosmicPowerMakeUp+1","theSenshi:MoonCrystalPowerMakeUp+1","theSenshi:SteeledNerves+1","theSenshi:SupersonicWaves+1","theSenshi:MoonHealingEscalation+1","theSenshi:MoonCrisisMakeUp+1","theSenshi:TuxedoMaskAssists","theSenshi:LunaSensingAllies+1","theSenshi:CrisisMakeUp+1","theSenshi:TallSilhouette+1","theSenshi:DramaticEntrance+1","Madness+1","Madness+1","Master of Strategy","MostiFishMod:ButterFly"],"relics":["theSenshi:TransformationBroochRelic","DaveBox","ice","REME_ComplimentaryCards","Civilization","SynthV:TestCard","hubris:Towel","REME_LimitBreaker","hubris:Icosahedron","FeatherPendant","infinitespire:Golems Mask","Bottled Tornado","REME_HourglassOfDeath","PatriotShield","Singing Bowl","hubris:TinFlute","REME_LowDesire","SSSystem","Centennial Puzzle","ice"],"acts_visited":["Exordium","TheCity","TheBeyond","Exordium"],"potions_floor_usage":[],"damage_taken":[{"damage":0.0,"enemies":"Cultist","floor":1.0,"turns":2.0},{"damage":0.0,"enemies":"Small Slimes","floor":2.0,"turns":3.0},{"damage":0.0,"enemies":"2 Louse","floor":5.0,"turns":2.0},{"damage":0.0,"enemies":"Looter","floor":8.0,"turns":2.0},{"damage":9.0,"enemies":"Gremlin Gang","floor":11.0,"turns":3.0},{"damage":0.0,"enemies":"Large Slime","floor":14.0,"turns":4.0},{"damage":27.0,"enemies":"The Guardian","floor":16.0,"turns":9.0},{"damage":0.0,"enemies":"3 Byrds","floor":18.0,"turns":5.0},{"damage":0.0,"enemies":"Shell Parasite","floor":20.0,"turns":2.0},{"damage":17.0,"enemies":"Snecko","floor":21.0,"turns":5.0},{"damage":0.0,"enemies":"Snake Plant","floor":22.0,"turns":3.0},{"damage":50.0,"enemies":"Nightmare","floor":23.0,"turns":7.0},{"damage":37.0,"enemies":"Slavers","floor":25.0,"turns":4.0},{"damage":0.0,"enemies":"Sentry and Sphere","floor":27.0,"turns":2.0},{"damage":0.0,"enemies":"Shelled Parasite and Fungi","floor":28.0,"turns":4.0},{"damage":7.0,"enemies":"Chosen and Byrds","floor":29.0,"turns":6.0},{"damage":4.0,"enemies":"Centurion and Healer","floor":30.0,"turns":5.0},{"damage":0.0,"enemies":"Shelled Parasite and Fungi","floor":31.0,"turns":3.0},{"damage":0.0,"enemies":"Collector","floor":33.0,"turns":5.0},{"damage":0.0,"enemies":"3 Darklings","floor":35.0,"turns":1.0},{"damage":0.0,"enemies":"3 Shapes","floor":37.0,"turns":3.0},{"damage":0.0,"enemies":"Spire Growth","floor":38.0,"turns":2.0},{"damage":0.0,"enemies":"3 Darklings","floor":45.0,"turns":2.0},{"damage":9.0,"enemies":"4 Shapes","floor":46.0,"turns":1.0},{"damage":0,"enemies":"Awakened One","floor":50,"turns":5}],"seed_played":"3524769623858284247","potions_obtained":[{"floor":2.0,"key":"SkillPotion"},{"floor":8.0,"key":"Block Potion"},{"floor":14.0,"key":"DistilledChaos"},{"floor":22.0,"key":"SkillPotion"},{"floor":23.0,"key":"Fire Potion"},{"floor":30.0,"key":"REME_GoldPotion"},{"floor":31.0,"key":"CultistPotion"},{"floor":33.0,"key":"ColorlessPotion"}],"is_trial":false,"path_per_floor":["M","M","$","?","M","R","?","M","T","?","M","?","?","M","R","B",null,"M","?","M","M","M","NM","R","E","T","M","M","M","M","M","R","B",null,"M","?","M","M","?","R","?","R","T","AVR","M","M","?","?","R","B",null],"character_chosen":"THE_SENSHI","items_purchased":[],"campfire_rested":0,"item_purchase_floors":[],"current_hp_per_floor":[83,86,86,86,91,91,82,95,95,95,92,92,92,101,101,83,111,116,105,121,113,122,85,85,61,61,66,99,125,154,166,166,171,171,176,176,181,186,163,163,163,163,163,163,170,168,160,160,160,209,209,209],"gold":731,"neow_bonus":"TEN_PERCENT_HP_BONUS","is_daily":false,"chose_seed":false,"campfire_upgraded":7,"win_rate":0.0,"timestamp":1611746835,"path_taken":["M","M","?","?","M","R","?","?","T","?","M","?","?","M","R","BOSS","M","?","M","M","M","NM","R","E","T","?","?","?","?","M","R","BOSS","M","?","M","M","?","R","?","R","T","AVR","M","?","?","?","R","BOSS"],"items_purchased_type":[],"build_version":"2020-12-22","purchased_purges":1,"victory":false,"max_hp_per_floor":[83,86,86,86,91,91,91,96,96,96,101,101,101,106,106,111,111,116,116,121,126,131,136,136,141,141,146,151,156,161,166,166,171,171,176,176,181,186,186,186,186,186,186,186,193,200,202,202,202,209,209,209],"relic_stats":{"Centennial Puzzle":[0],"Singing Bowl":8,"counters":[25,89],"obtain_stats":[{"PatriotShield":34,"DaveBox":0,"Singing Bowl":43,"SSSystem":51,"ice":0,"hubris:Towel":4,"REME_LimitBreaker":9,"Bottled Tornado":25,"Civilization":0,"Centennial Puzzle":51,"theSenshi:TransformationBroochRelic":0,"SynthV:TestCard":1,"hubris:Icosahedron":12,"REME_HourglassOfDeath":26,"FeatherPendant":17,"infinitespire:Golems Mask":23,"REME_LowDesire":51,"hubris:TinFlute":44,"REME_ComplimentaryCards":0},{"PatriotShield":19,"DaveBox":0,"Singing Bowl":22,"SSSystem":25,"ice":0,"hubris:Towel":2,"REME_LimitBreaker":4,"Bottled Tornado":13,"Civilization":0,"Centennial Puzzle":25,"theSenshi:TransformationBroochRelic":0,"SynthV:TestCard":1,"hubris:Icosahedron":5,"REME_HourglassOfDeath":13,"FeatherPendant":7,"infinitespire:Golems Mask":12,"REME_LowDesire":25,"hubris:TinFlute":22,"REME_ComplimentaryCards":0},{"PatriotShield":75,"DaveBox":0,"Singing Bowl":81,"SSSystem":89,"ice":0,"hubris:Towel":5,"REME_LimitBreaker":9,"Bottled Tornado":51,"Civilization":0,"Centennial Puzzle":89,"theSenshi:TransformationBroochRelic":0,"SynthV:TestCard":2,"hubris:Icosahedron":12,"REME_HourglassOfDeath":51,"FeatherPendant":25,"infinitespire:Golems Mask":47,"REME_LowDesire":89,"hubris:TinFlute":81,"REME_ComplimentaryCards":0}]},"card_choices":[{"not_picked":["theSenshi:MoonsReflection","theSenshi:OdangoHead"],"picked":"theSenshi:MoonTiaraMagic","floor":1.0},{"not_picked":["theSenshi:MoonPrincessHalation","theSenshi:MercurysCunning","theSenshi:LunasBite","theSenshi:SailorVenusAssists"],"picked":"theSenshi:LateForSchool","floor":2.0},{"not_picked":["theSenshi:DramaticEntrance","theSenshi:SailorStarFighterAssists","theSenshi:MoonSpiralHeartAttack","theSenshi:SailorMercuryAssists"],"picked":"theSenshi:EncouragingSpeech","floor":5.0},{"not_picked":["theSenshi:LateForSchool","theSenshi:MoonsReflection","theSenshi:MoonHealingEscalation","theSenshi:SchoolBag"],"picked":"theSenshi:MoonCosmicPowerMakeUp","floor":8.0},{"not_picked":["theSenshi:DramaticEntrance","theSenshi:LunaSensingAllies","theSenshi:SailorUranusAssists","theSenshi:OdangoHead","theSenshi:KlutzyLuck"],"picked":"SKIP","floor":11.0},{"not_picked":["theSenshi:SailorV","theSenshi:SailorChibiMoonAssists","theSenshi:LunasBite","theSenshi:TuxedoSmokingBomber"],"picked":"theSenshi:MoonsReflection","floor":14.0},{"not_picked":["theSenshi:SailorStarHealerAssists","theSenshi:LunaSensingAllies","theSenshi:ChibiMoonsLove","theSenshi:StudyParty"],"picked":"theSenshi:InTheNameOfTheMoon","floor":16.0},{"not_picked":["theSenshi:LateForSchool","theSenshi:MoonTiaraMagic+1","theSenshi:SailorChibiMoonAssists","theSenshi:MoonPunch+1"],"picked":"theSenshi:TuxedoSmokingBomber+1","floor":18.0},{"not_picked":["theSenshi:MoonPrincessHalation","theSenshi:EncouragingSpeech","theSenshi:FatedKiss","theSenshi:MoonsReflection"],"picked":"theSenshi:GatheringStrength+1","floor":20.0},{"not_picked":["theSenshi:SailorPlanetPower+1","theSenshi:MoonSpiralHeartAttack","theSenshi:OdangoHead+1","theSenshi:EncouragingSpeech+1"],"picked":"theSenshi:MoonCosmicPowerMakeUp","floor":21.0},{"not_picked":["theSenshi:MoonTiaraMagic+1","theSenshi:SailorStarMakerAssists","theSenshi:GlimpseOfThePast","theSenshi:MoonSpiralHeartAttack"],"picked":"theSenshi:MoonCrystalPowerMakeUp","floor":22.0},{"not_picked":["theSenshi:PlutosSolemnity","theSenshi:LateForSchool","theSenshi:SchoolBag","theSenshi:MoonPunch"],"picked":"theSenshi:SteeledNerves","floor":23.0},{"not_picked":["theSenshi:SailorPlutoAssists","theSenshi:SailorChibiMoonAssists+1","theSenshi:InTheNickOfTime+1","theSenshi:MoonTiaraMagic+1"],"picked":"theSenshi:SupersonicWaves+1","floor":25.0},{"not_picked":["theSenshi:LunasBite","theSenshi:YouCanTalk","theSenshi:SchoolBag+1","theSenshi:CrisisMakeUp"],"picked":"theSenshi:MoonHealingEscalation+1","floor":27.0},{"not_picked":["theSenshi:SchoolBag+1","theSenshi:MoonPunch","theSenshi:SailorMercuryAssists","theSenshi:SailorStarMakerAssists+1"],"picked":"theSenshi:MoonCrisisMakeUp+1","floor":28.0},{"not_picked":["theSenshi:TuxedoSmokingBomber+1","theSenshi:MoonSpiralHeartAttack","theSenshi:SailorMercuryAssists","theSenshi:TallSilhouette","theSenshi:SailorPlanetAttack+1"],"picked":"SKIP","floor":29.0},{"not_picked":["theSenshi:SailorVenusAssists","theSenshi:SailorChibiMoonAssists+1","theSenshi:MoonSpiralHeartAttack+1","theSenshi:CrisisMakeUp"],"picked":"theSenshi:TuxedoMaskAssists","floor":30.0},{"not_picked":["theSenshi:MoonTiaraMagic","theSenshi:SailorVenusAssists+1","theSenshi:MoonKick+1","theSenshi:TuxedoSmokingBomber","theSenshi:MoonCrisisMakeUp"],"picked":"SKIP","floor":31.0},{"not_picked":["theSenshi:FatedKiss","theSenshi:InTheNameOfTheMoon","theSenshi:SilverMoonCrystalPowerKiss","theSenshi:StudyParty"],"picked":"theSenshi:LunaSensingAllies","floor":33.0},{"not_picked":["theSenshi:InTheNickOfTime+1","theSenshi:SaturnsMystery","theSenshi:MoonTiaraMagic+1","theSenshi:MoonCrystalPowerMakeUp"],"picked":"theSenshi:CrisisMakeUp+1","floor":35.0},{"not_picked":["theSenshi:EncouragingSpeech","theSenshi:SailorStarMakerAssists+1","theSenshi:SchoolBag+1","theSenshi:SailorPlanetPower+1"],"picked":"theSenshi:TallSilhouette+1","floor":37.0},{"not_picked":["theSenshi:SailorCosmosAssists","theSenshi:MoonsReflection+1","theSenshi:CrisisMakeUp+1","theSenshi:RainbowMoonHeartAche+1"],"picked":"theSenshi:DramaticEntrance+1","floor":38.0},{"not_picked":["theSenshi:TuxedoSmokingBomber+1","theSenshi:UranusStrength","theSenshi:LateForSchool","theSenshi:MoonGorgeousMeditation","theSenshi:TallSilhouette+1"],"picked":"Singing Bowl","floor":45.0},{"not_picked":["theSenshi:TallSilhouette","theSenshi:MoonTwilightFlash+1","theSenshi:MoonSpiralHeartAttack+1","theSenshi:MoonPunch+1","theSenshi:Sidestep+1"],"picked":"Singing Bowl","floor":46.0},{"not_picked":["hubris:Ssssneak","Impatience","Flash of Steel","Deep Breath","Secret Weapon"],"picked":"Singing Bowl","floor":47},{"not_picked":["Enlightenment","PanicButton","Secret Weapon","Dark Shackles"],"picked":"Master of Strategy","floor":47},{"not_picked":["Finesse","MostiFishMod:Awakening","Swift Strike","REME_ShortnessOfBreath"],"picked":"MostiFishMod:ButterFly","floor":47},{"not_picked":["theSenshi:SailorCosmosAssists","theSenshi:SailorStarHealerAssists","theSenshi:JupitersPower","theSenshi:ChibiMoonsLove","theSenshi:FatedKiss"],"picked":"Singing Bowl","floor":50}],"player_experience":225501,"relics_obtained":[{"floor":1.0,"key":"SynthV:TestCard"},{"floor":9.0,"key":"REME_LimitBreaker"},{"floor":23.0,"key":"infinitespire:Golems Mask"},{"floor":25.0,"key":"Bottled Tornado"},{"floor":26.0,"key":"REME_HourglassOfDeath"},{"floor":43.0,"key":"Singing Bowl"},{"floor":51,"key":"SSSystem"},{"floor":51,"key":"Centennial Puzzle"}],"event_choices":[{"damage_healed":0.0,"max_hp_gain":0.0,"max_hp_loss":0.0,"gold_gain":75.0,"event_name":"FaceTrader","player_choice":"Touch","floor":7.0,"gold_loss":0.0,"damage_taken":9.0},{"damage_healed":0.0,"max_hp_gain":0.0,"max_hp_loss":0.0,"gold_gain":0.0,"cards_transformed":["theSenshi:SailorKick"],"event_name":"Living Wall","player_choice":"Change","floor":10.0,"gold_loss":0.0,"damage_taken":0.0,"cards_obtained":["theSenshi:MoonPunch"]},{"damage_healed":0.0,"max_hp_gain":0.0,"max_hp_loss":0.0,"gold_gain":0.0,"event_name":"Wheel of Change","player_choice":"Damaged","floor":19.0,"gold_loss":0.0,"damage_taken":11.0},{"damage_healed":0.0,"max_hp_gain":0.0,"max_hp_loss":0.0,"gold_gain":0.0,"event_name":"Winding Halls","player_choice":"Embrace Madness","floor":39.0,"gold_loss":0.0,"damage_taken":23.0,"cards_obtained":["Madness","Madness"]},{"damage_healed":0.0,"max_hp_gain":0.0,"max_hp_loss":0.0,"gold_gain":0.0,"event_name":"Upgrade Shrine","player_choice":"Upgraded","floor":41.0,"gold_loss":0.0,"damage_taken":0.0,"cards_upgraded":["Madness"]},{"damage_healed":0,"gold_gain":0,"player_choice":"Memory 3","damage_taken":10,"max_hp_gain":0,"max_hp_loss":0,"event_name":"SensoryStone","floor":47,"gold_loss":0},{"cards_removed":["theSenshi:SailorKick"],"damage_healed":0,"gold_gain":0,"player_choice":"Purged","damage_taken":0,"max_hp_gain":0,"max_hp_loss":0,"event_name":"Purifier","floor":48,"gold_loss":0}],"is_beta":false,"boss_relics":[{"not_picked":["HaiYi:Twilight","EasyGame_NEW"],"picked":"FeatherPendant"},{"not_picked":["TimeKeys","MostiFishMod:Hod"],"picked":"PatriotShield"},{"not_picked":["Calling Bell","hubris:BlackHole"],"picked":"REME_LowDesire"}],"items_purged_floors":[3],"is_endless":true,"potions_floor_spawned":[2,8,14,22,23,28,30,31,33,38,45,46],"ascension_level":0}}