{"host":"8d3fefv2347kqkpz","time":1611782941,"event":{"mods":["AchievementEnabler","Act Like it!","Aspiration","BaseMod","Better Vampires","Colored Map","Colored Powertips","Conspire","GifTheSpireLib","Hermit","Highlight Path","Hubris","Marisa£®ÏF”Í°°ƒß¿Ì…≥£©","Mimic Mod","Minty Spire (QoL Compilation)","Quick Restart","Rare Cards Sparkle","Reimu£®≤©¿ˆ¡È√Œ£©","Relic Stats","Remilia£®¿Ÿ√◊¿Ú—«£©","Replay The Spire","Spicy Shops","StSLib","The Cursed","The Jungle","The Servant 0.9.4","Waifu the Spire","Youmu£®ªÍ∆«—˝√Œ£©"],"gold_per_floor":[219,219,68,80,96,96,121,121,121,91,102,102,116,126,126,227,227,167,16,16,26,41,41,59,59,89,89,103,146,146,146,146,146,146],"floor_reached":33,"language":"ZHS","playtime":1937,"items_purged":["Defend_P"],"score":247,"play_id":"227aa852-301a-4c49-99e3-810ee40ccf7a","local_time":"20210128052901","is_ascension_mode":false,"campfire_choices":[{"data":"LikeWater","floor":6.0,"key":"SMITH"},{"floor":8.0,"key":"REST"},{"data":"Omniscience","floor":12.0,"key":"SMITH"},{"floor":15.0,"key":"REST"},{"floor":23.0,"key":"REST"},{"floor":32.0,"key":"REST"}],"circlet_count":0,"master_deck":["Strike_P","Strike_P","Strike_P","Defend_P","Defend_P","Eruption","Vigilance","Evaluate","Omniscience+1","Evaluate","LikeWater+1","CarveReality+1","Replay:LoomingThreat","DevaForm","LikeWater+1","SignatureMove+1","WheelKick+1","Study+1","Wish","Replay:Vibes"],"relics":["PureWater","PreservedInsect","Molten Egg 2","Empty Cage","HornCleat","hubris:Towel"],"acts_visited":["Exordium","TheCity"],"potions_floor_usage":[33,33],"damage_taken":[{"damage":7.0,"enemies":"Jaw Worm","floor":1.0,"turns":6.0},{"damage":5.0,"enemies":"Small Slimes","floor":4.0,"turns":4.0},{"damage":4.0,"enemies":"Cultist","floor":5.0,"turns":5.0},{"damage":16.0,"enemies":"3 Sentries","floor":7.0,"turns":26.0},{"damage":0.0,"enemies":"Looter","floor":10.0,"turns":4.0},{"damage":7.0,"enemies":"3 Louse","floor":11.0,"turns":8.0},{"damage":0.0,"enemies":"2 Fungi Beasts","floor":13.0,"turns":4.0},{"damage":10.0,"enemies":"Large Slime","floor":14.0,"turns":9.0},{"damage":65.0,"enemies":"Fading Forest","floor":16.0,"turns":11.0},{"damage":14.0,"enemies":"2 Thieves","floor":18.0,"turns":4.0},{"damage":19.0,"enemies":"Shell Parasite","floor":21.0,"turns":7.0},{"damage":6.0,"enemies":"Sentry and Sphere","floor":22.0,"turns":6.0},{"damage":5.0,"enemies":"Cultist and Chosen","floor":24.0,"turns":5.0},{"damage":0.0,"enemies":"Snake Plant","floor":26.0,"turns":9.0},{"damage":29.0,"enemies":"Snake Plant","floor":28.0,"turns":5.0},{"damage":6.0,"enemies":"Centurion and Healer","floor":29.0,"turns":7.0},{"damage":39,"enemies":"hubris:MusketHawk","floor":33,"turns":9}],"seed_played":"-4970520922487262695","potions_obtained":[{"floor":1.0,"key":"SpeedPotion"},{"floor":5.0,"key":"BottledMiracle"},{"floor":13.0,"key":"Adrenaline Potion"},{"floor":21.0,"key":"ColorlessPotion"},{"floor":28.0,"key":"ColorlessPotion"}],"is_trial":false,"path_per_floor":["M","?","$","M","M","R","E","R","T","M","M","R","M","M","R","B",null,"M","$","?","M","M","R","M","?","MIM","?","M","M","?","?","R","B"],"character_chosen":"WATCHER","items_purchased":["Omniscience","LikeWater"],"campfire_rested":4,"item_purchase_floors":[3,19],"current_hp_per_floor":[65,65,65,60,56,56,40,61,61,61,54,54,54,44,65,18,72,58,58,58,39,33,54,49,49,49,49,20,14,14,14,35,0,0],"gold":146,"neow_bonus":"HUNDRED_GOLD","is_daily":false,"chose_seed":false,"campfire_upgraded":2,"win_rate":0.0,"timestamp":1611782941,"path_taken":["M","?","$","M","M","R","E","R","T","M","M","R","M","M","R","BOSS","M","$","?","?","M","R","M","?","MIM","?","M","M","?","?","R","BOSS"],"items_purchased_type":["Card","Card"],"build_version":"2020-12-22","purchased_purges":1,"victory":false,"max_hp_per_floor":[72,72,72,72,72,72,72,72,72,72,72,72,72,72,72,72,72,72,72,72,72,72,72,72,72,72,72,72,72,72,72,72,72,72],"relic_stats":{"counters":[17,129],"PreservedInsect":0,"obtain_stats":[{"HornCleat":26,"Molten Egg 2":9,"PreservedInsect":7,"PureWater":0,"hubris:Towel":27,"Empty Cage":17},{"HornCleat":14,"Molten Egg 2":4,"PreservedInsect":4,"PureWater":0,"hubris:Towel":14,"Empty Cage":9},{"HornCleat":108,"Molten Egg 2":41,"PreservedInsect":41,"PureWater":0,"hubris:Towel":108,"Empty Cage":77}]},"card_choices":[{"not_picked":["ForeignInfluence","Consecrate"],"picked":"Evaluate","floor":1.0},{"not_picked":["JustLucky","Replay:BluntJabs"],"picked":"Evaluate","floor":4.0},{"not_picked":["FlyingSleeves","FollowUp"],"picked":"LikeWater","floor":5.0},{"not_picked":["LessonLearned","CarveReality","Nirvana"],"picked":"SKIP","floor":7.0},{"not_picked":["Collect","FlurryOfBlows+1","Weave+1"],"picked":"SKIP","floor":10.0},{"not_picked":["SashWhip+1","JustLucky+1"],"picked":"CarveReality+1","floor":11.0},{"not_picked":["Swivel","ForeignInfluence"],"picked":"Replay:LoomingThreat","floor":13.0},{"not_picked":["JustLucky+1","Consecrate+1","Evaluate"],"picked":"SKIP","floor":14.0},{"not_picked":["Establishment","Vault"],"picked":"DevaForm","floor":16.0},{"not_picked":["Halt+1","EmptyBody","Replay:ManipulateFuture"],"picked":"SKIP","floor":18.0},{"not_picked":["Protect","Prostrate+1"],"picked":"SignatureMove+1","floor":21.0},{"not_picked":["FollowUp+1","ForeignInfluence+1"],"picked":"WheelKick+1","floor":22.0},{"not_picked":["EmptyMind+1","Consecrate+1"],"picked":"Study+1","floor":24.0},{"not_picked":["WindmillStrike+1","FollowUp+1"],"picked":"Wish","floor":28.0},{"not_picked":["EmptyBody","DevaForm"],"picked":"Replay:Vibes","floor":29.0}],"player_experience":219442,"relics_obtained":[{"floor":7.0,"key":"PreservedInsect"},{"floor":9.0,"key":"Molten Egg 2"},{"floor":26.0,"key":"HornCleat"}],"event_choices":[{"damage_healed":0.0,"max_hp_gain":0.0,"max_hp_loss":0.0,"gold_gain":0.0,"event_name":"conspire:LoneGhost","player_choice":"Disagree","floor":2.0,"gold_loss":0.0,"damage_taken":0.0},{"damage_healed":0.0,"max_hp_gain":0.0,"max_hp_loss":0.0,"gold_gain":0.0,"event_name":"Upgrade Shrine","player_choice":"Upgraded","floor":20.0,"gold_loss":0.0,"damage_taken":0.0,"cards_upgraded":["LikeWater"]},{"damage_healed":0.0,"max_hp_gain":0.0,"max_hp_loss":0.0,"gold_gain":0.0,"event_name":"conspire:Investor","player_choice":"Leave","floor":25.0,"gold_loss":0.0,"damage_taken":0.0},{"damage_healed":0.0,"max_hp_gain":0.0,"max_hp_loss":0.0,"gold_gain":0.0,"event_name":"The Mausoleum","player_choice":"Ignored","floor":31.0,"gold_loss":0.0,"damage_taken":0.0}],"is_beta":false,"boss_relics":[{"not_picked":["Replay:Grab Bag","aspiration:SilentSkillbook"],"picked":"Empty Cage"}],"items_purged_floors":[19],"is_endless":false,"potions_floor_spawned":[1,5,13,16,21,24,28],"killed_by":"hubris:MusketHawk","ascension_level":0}}