{"host":"hn99riirbf0lv0ml","time":1611707923,"event":{"mods":["AchievementEnabler","Act Like it!","Bard","BaseMod","Beaked The Cultist","Colored Map","Colored Powertips","Conspire","Curses Come First","Downfall","Duelist Mod","Friendly Minions","Gensokyo","GifTheSpireLib","Glutton Mod","Halation","Jorbs\u0027s Wanderer Trilogy","Mad Scientist","Marisa????????","Minty Spire (QoL Compilation)","Rare Cards Sparkle","Replay The Spire","StSLib","The Blackbeard","The Bug Knight","The Construct","The Cursed","The Disciple","The Mystic","The Runesmith","The Servant 0.9.4","The Witch"],"gold_per_floor":[116,184,184,194,1,1,1,1,1,20,33,67,67,80,80,181,181,195,195,205,58,69,69,88,88,111,111,111,129,50,102,128,140,152,164,164],"floor_reached":35,"language":"ENG","playtime":6677,"items_purged":["Defend_Witch","Strike_Witch"],"score":282,"play_id":"5d90adcd-545b-4307-b4d5-f8f4fc8623ac","local_time":"20210126193843","is_ascension_mode":false,"campfire_choices":[{"data":"Hexguard","floor":6,"key":"SMITH"},{"data":"SummonCatFamiliar","floor":8,"key":"SMITH"},{"floor":15,"key":"REST"},{"floor":23,"key":"REST"},{"floor":25,"key":"REST"},{"data":"SummonRatFamiliar","floor":34,"key":"SMITH"}],"circlet_count":0,"master_deck":["Strike_Witch","Defend_Witch","Defend_Witch","Hexguard+1","ZombieSpit","MementoMori","Graveburst","SummonCatFamiliar+1","GnarledBody+1","Atonement","BleedOut","MortusClaw","GrimVengeance","UnnaturalEnergy","KarmaDrain","LivingBomb+1","BoneCarving","SaltCircle+1","SummonCatFamiliar","SummonRatFamiliar+1","Carnage"],"relics":["BlackCat","NeowsBlessing","Meat on the Bone","Busted Crown","Omamori","MawBank"],"acts_visited":["Exordium","Gensokyo:Gensokyoer"],"potions_floor_usage":[12,22,32,35,35],"damage_taken":[{"damage":0,"enemies":"Cultist","floor":1,"turns":1},{"damage":0,"enemies":"Jaw Worm","floor":4,"turns":1},{"damage":0,"enemies":"Small Slimes","floor":10,"turns":1},{"damage":0,"enemies":"2 Fungi Beasts","floor":11,"turns":5},{"damage":34,"enemies":"Gremlin Nob","floor":12,"turns":7},{"damage":12,"enemies":"Exordium Thugs","floor":14,"turns":3},{"damage":24,"enemies":"Hexaghost","floor":16,"turns":7},{"damage":24,"enemies":"Gensokyo:2_Gloops","floor":18,"turns":7},{"damage":9,"enemies":"Gensokyo:CosmicMonolith","floor":20,"turns":6},{"damage":5,"enemies":"Gensokyo:Wraith","floor":22,"turns":4},{"damage":21,"enemies":"Gensokyo:Slime_Group","floor":24,"turns":6},{"damage":37,"enemies":"Gensokyo:Mirror_and_Dog","floor":29,"turns":5},{"damage":2,"enemies":"Gensokyo:Swordslinger","floor":32,"turns":3},{"damage":75,"enemies":"Gensokyo:Eiki","floor":35,"turns":12}],"seed_played":"-1847924000787090447","potions_obtained":[{"floor":1,"key":"BlessingOfTheForge"},{"floor":11,"key":"Elixir"},{"floor":14,"key":"SpeedPotion"},{"floor":16,"key":"EssenceOfSteel"},{"floor":20,"key":"PowerPotion"},{"floor":29,"key":"Guardian:BlockOnCardUsePotion"},{"floor":32,"key":"EssenceOfSteel"}],"is_trial":false,"path_per_floor":["M","?","?","M","$","R","T","R","T","M","M","E","?","M","R","B",null,"M","?","M","$","M","R","M","R","T","PTL","PTL","M","$","T","M","?","R","B"],"character_chosen":"WITCH","items_purchased":["SummonCatFamiliar","GnarledBody+1","BoneCarving","SummonRatFamiliar"],"campfire_rested":3,"item_purchase_floors":[5,5,21,30],"current_hp_per_floor":[67,67,67,67,67,67,67,67,67,70,73,42,42,45,68,47,82,61,61,52,52,47,72,51,76,76,76,76,51,51,51,49,49,49,0,0],"gold":164,"neow_bonus":"THREE_ENEMY_KILL","is_daily":false,"chose_seed":false,"campfire_upgraded":3,"win_rate":0.0,"timestamp":1611707923,"path_taken":["M","?","?","M","$","R","?","R","T","?","M","E","?","M","R","BOSS","M","?","M","$","M","R","M","R","T","PTL","PTL","M","$","?","M","?","R","BOSS"],"items_purchased_type":["Card","Card","Card","Card"],"build_version":"2020-12-22","purchased_purges":2,"victory":false,"max_hp_per_floor":[67,67,67,67,67,67,67,67,67,70,73,76,76,79,79,82,82,85,85,85,85,85,85,85,85,85,85,85,85,85,85,85,85,85,85,85],"card_choices":[{"not_picked":["Demonfyre","GnarledBody"],"picked":"MementoMori","floor":1},{"not_picked":["MementoMori","RiteOfSummer"],"picked":"Graveburst","floor":4},{"not_picked":["Demonfyre","SkullFlask"],"picked":"Atonement","floor":10},{"not_picked":["SaltCircle","BlackBolt"],"picked":"BleedOut","floor":11},{"not_picked":["SaltCircle","BlackBolt"],"picked":"MortusClaw","floor":12},{"not_picked":["RoilingBarrier","Bewitch"],"picked":"GrimVengeance","floor":14},{"not_picked":["FatalRay","DeliriumForm"],"picked":"UnnaturalEnergy","floor":16},{"not_picked":[],"picked":"KarmaDrain","floor":18},{"not_picked":[],"picked":"LivingBomb+1","floor":20},{"not_picked":[],"picked":"SaltCircle+1","floor":22},{"not_picked":[],"picked":"SummonCatFamiliar","floor":24},{"not_picked":["BlackShield"],"picked":"SKIP","floor":29},{"not_picked":["RiteOfAutumn"],"picked":"SKIP","floor":32}],"player_experience":244961,"relics_obtained":[{"floor":9,"key":"Replay:Ringing Soul"},{"floor":12,"key":"Meat on the Bone"},{"floor":26,"key":"Omamori"},{"floor":31,"key":"MawBank"}],"event_choices":[{"damage_healed":0,"gold_gain":68,"player_choice":"Gained Gold","damage_taken":0,"max_hp_gain":0,"max_hp_loss":0,"event_name":"Golden Wing","floor":2,"gold_loss":0}],"is_beta":false,"boss_relics":[{"not_picked":["Black Star","Runesmith:UraniumAnvil"],"picked":"Busted Crown"}],"items_purged_floors":[5,21],"is_endless":false,"potions_floor_spawned":[1,11,14,16,20,29,32],"killed_by":"Gensokyo:Eiki","ascension_level":0}}