{"host":"zqowyf7xxb4s9ib0","time":1611724611,"event":{"mods":["BaseMod","Better Note","Colored Map","Colored Powertips","Downfall","Highlight Path","Minty Spire (QoL Compilation)","Permanent Neow","Quick Restart","StSLib"],"gold_per_floor":[99,116,116,116,132,166,166,66,85,85,99,117,117,217,227,325,325,325,339,339,357,357,384,452,471,371,397,397,407,407,421,441,541,541,541,561,576,676,691,718,766,666,684,698,698,728,338,368,386,386,386,416,30,30,30,30,30,30],"floor_reached":56,"language":"ENG","playtime":4626,"items_purged":["bronze:Defend"],"score":844,"play_id":"9b4ba9b2-1a04-4ee3-b669-44a5bfc6a2ac","local_time":"20210126211651","is_ascension_mode":true,"campfire_choices":[{"floor":1,"key":"RECALL"},{"data":"bronze:BugBarrage","floor":8,"key":"SMITH"},{"data":"bronze:Repair","floor":13,"key":"SMITH"},{"data":"bronze:TinkerersToolbox","floor":18,"key":"SMITH"},{"data":"bronze:Repair","floor":26,"key":"SMITH"},{"data":"bronze:Boost","floor":28,"key":"SMITH"},{"data":"bronze:Deprecate","floor":30,"key":"SMITH"},{"data":"bronze:BurnOut","floor":35,"key":"SMITH"},{"data":"bronze:ShipIt","floor":42,"key":"SMITH"},{"data":"bronze:OilSpill","floor":45,"key":"SMITH"},{"data":"bronze:Terminator","floor":54,"key":"SMITH"}],"circlet_count":0,"master_deck":["bronze:Strike+1","bronze:Strike+1","bronze:Defend","bronze:Defend","bronze:Defend","bronze:Replicate+1","bronze:BugBarrage+1","bronze:Backtrace+1","bronze:Repair+1","bronze:BugBarrage+1","bronze:Boost+1","bronze:Branch","bronze:TinkerersToolbox+1","bronze:OilSpill+1","bronze:Deprecate+1","bronze:Repair+1","bronze:Philosophize+1","bronze:BurnOut+1","bronze:DelayedSlice+1","bronze:Terminator+1","bronze:ShipIt+1","bronze:ForceShield+1","bronze:NullPointer","bronze:BugBarrage+1"],"relics":["bronze:BronzeCore","Vajra","Eternal Feather","Anchor","downfall:HeartBlessingRed","Coffee Dripper","Dream Catcher","Meat on the Bone","downfall:HeartBlessingGreen","Nunchaku","Empty Cage","Toy Ornithopter","Gambling Chip","downfall:HeartBlessingBlue","Whetstone","Kunai","Pen Nib","Sundial","Shuriken","Bronze Scales"],"acts_visited":["Exordium","TheCity","TheBeyond","TheEnding"],"potions_floor_usage":[16,23,31,33,38,47,48,50,52,55],"damage_taken":[{"damage":6,"enemies":"Jaw Worm","floor":2,"turns":4},{"damage":2,"enemies":"Small Slimes","floor":5,"turns":2},{"damage":50,"enemies":"Lagavulin","floor":6,"turns":8},{"damage":0,"enemies":"2 Louse","floor":9,"turns":1},{"damage":0,"enemies":"Blue Slaver","floor":11,"turns":2},{"damage":0,"enemies":"Lots of Slimes","floor":12,"turns":4},{"damage":0,"enemies":"Large Slime","floor":15,"turns":3},{"damage":12,"enemies":"SI_SHIV_ARCHETYPE","floor":16,"turns":7},{"damage":0,"enemies":"Shell Parasite","floor":19,"turns":3},{"damage":3,"enemies":"3 Byrds","floor":21,"turns":3},{"damage":45,"enemies":"Gremlin Leader","floor":23,"turns":10},{"damage":6,"enemies":"Centurion and Healer","floor":25,"turns":4},{"damage":6,"enemies":"Book of Stabbing","floor":27,"turns":4},{"damage":16,"enemies":"Cultist and Chosen","floor":29,"turns":5},{"damage":3,"enemies":"Snecko","floor":31,"turns":6},{"damage":6,"enemies":"Snake Plant","floor":32,"turns":4},{"damage":58,"enemies":"IC_MUSHROOM_ARCHETYPE","floor":33,"turns":11},{"damage":0,"enemies":"3 Shapes","floor":36,"turns":3},{"damage":11,"enemies":"3 Darklings","floor":37,"turns":3},{"damage":9,"enemies":"downfall:LadyInBlue","floor":38,"turns":4},{"damage":2,"enemies":"Transient","floor":39,"turns":5},{"damage":18,"enemies":"Reptomancer","floor":40,"turns":8},{"damage":0,"enemies":"Jaw Worm Horde","floor":43,"turns":4},{"damage":9,"enemies":"4 Shapes","floor":44,"turns":3},{"damage":29,"enemies":"Giant Head","floor":46,"turns":7},{"damage":0,"enemies":"downfall:FleeingMerchant","floor":47,"turns":4},{"damage":15,"enemies":"Nemesis","floor":48,"turns":5},{"damage":12,"enemies":"Spire Growth","floor":49,"turns":4},{"damage":86,"enemies":"DF_ARCHETYPE_ORBS","floor":50,"turns":10},{"damage":101,"enemies":"downfall:CharBossMerchant","floor":52,"turns":9},{"damage":44,"enemies":"downfall:NeowBoss","floor":55,"turns":12},{"damage":60,"enemies":"downfall:NeowBossFinal","floor":56,"turns":5}],"seed_played":"-8139165746597715433","potions_obtained":[{"floor":5,"key":"FairyPotion"},{"floor":9,"key":"sneckomod:MuddlingPotion"},{"floor":12,"key":"bronze:FreeFunctionsPotion"},{"floor":15,"key":"champ:CounterPotion"},{"floor":16,"key":"PowerPotion"},{"floor":25,"key":"bronze:BurnAndBuffPotion"},{"floor":29,"key":"AttackPotion"},{"floor":31,"key":"bronze:BuildAFunctionPotion"},{"floor":33,"key":"LiquidMemories"},{"floor":38,"key":"bronze:BurnAndBuffPotion"},{"floor":38,"key":"BlessingOfTheForge"},{"floor":49,"key":"SpeedPotion"},{"floor":52,"key":"bronze:BurnAndBuffPotion"}],"is_trial":false,"path_per_floor":["R","M","?","?","M","E","T","R","M","?","M","M","R","?","M","B",null,"R","M","?","M","?","E","T","M","R","E","R","M","R","M","M","B",null,"R","M","M","?","M","E","T","R","M","M","R","E","$","E","M","B",null,"E","$","R","B","B"],"character_chosen":"THE_AUTOMATON","items_purchased":["Kunai","FearPotion","Shuriken","Bronze Scales"],"campfire_rested":0,"item_purchase_floors":[47,47,53,53],"current_hp_per_floor":[70,64,64,64,62,19,19,25,25,25,32,39,45,45,55,43,70,70,70,57,64,56,21,21,37,46,60,69,59,71,75,69,31,75,75,75,74,66,73,57,57,79,85,85,85,76,85,85,81,26,85,37,37,49,42,0,0,0],"gold":30,"neow_bonus":"RANDOM_COMMON_RELIC","is_daily":false,"chose_seed":false,"campfire_upgraded":10,"win_rate":0.0,"timestamp":1611724611,"path_taken":["R","M","?","?","M","E","T","R","M","?","M","M","R","?","M","BOSS","R","M","?","M","?","E","T","M","R","E","R","?","R","M","M","BOSS","R","M","M","?","M","E","T","R","M","M","R","E","$","E","M","BOSS","E","$","R","BOSS","BOSS"],"items_purchased_type":["Relic","Potion","Relic","Relic"],"build_version":"2020-12-22","purchased_purges":1,"victory":false,"max_hp_per_floor":[70,70,70,70,70,70,70,70,70,70,70,70,70,70,70,70,70,70,70,75,75,75,75,75,75,75,75,75,75,75,75,75,75,75,75,75,75,75,75,75,75,85,85,85,85,85,85,85,85,85,85,85,85,85,85,85,85,85],"card_choices":[{"not_picked":["bronze:Constructor","bronze:Overheat"],"picked":"bronze:BugBarrage","floor":2},{"not_picked":["bronze:FineTuning","bronze:Return"],"picked":"bronze:Repair","floor":5},{"not_picked":["bronze:BronzeOrb","bronze:ThunderWave","bronze:Frontload"],"picked":"SKIP","floor":6},{"not_picked":["bronze:Frontload","bronze:Overheat"],"picked":"bronze:BugBarrage","floor":9},{"not_picked":["bronze:Branch","bronze:Repulsor"],"picked":"bronze:Boost","floor":11},{"not_picked":["bronze:DelayedGuard","bronze:BuggyMess","bronze:OilSpill"],"picked":"SKIP","floor":12},{"not_picked":["bronze:OilSpill","bronze:Deprecate"],"picked":"bronze:Branch","floor":15},{"not_picked":["bronze:CleanCode","bronze:Break"],"picked":"bronze:TinkerersToolbox","floor":16},{"not_picked":["bronze:DelayedSlice+1","bronze:Overload"],"picked":"bronze:OilSpill","floor":19},{"not_picked":["bronze:DelayedGuard","bronze:Deprecate","bronze:GetLatest"],"picked":"SKIP","floor":21},{"not_picked":["bronze:Invalidate","bronze:Break"],"picked":"bronze:Deprecate","floor":23},{"not_picked":["bronze:FineTuning","bronze:Fortify"],"picked":"bronze:Repair","floor":25},{"not_picked":["bronze:Format","bronze:Iterate","bronze:BitShift"],"picked":"SKIP","floor":27},{"not_picked":["bronze:Iterate","bronze:Shield"],"picked":"bronze:Philosophize+1","floor":29},{"not_picked":["bronze:DigitalCarnage","bronze:Allocate","bronze:Separator+1"],"picked":"SKIP","floor":31},{"not_picked":["bronze:WhirlingStrike+1","bronze:Repulsor","bronze:Separator"],"picked":"SKIP","floor":32},{"not_picked":["bronze:Verify","bronze:CleanCode"],"picked":"bronze:BurnOut","floor":33},{"not_picked":["bronze:Iterate","bronze:OilSpill+1"],"picked":"bronze:DelayedSlice+1","floor":36},{"not_picked":["bronze:Invalidate+1","bronze:Allocate+1"],"picked":"bronze:Terminator","floor":37},{"not_picked":["bronze:Invalidate","bronze:CutThrough+1","bronze:Separator"],"picked":"SKIP","floor":39},{"not_picked":["bronze:Shield","bronze:WildBeam+1"],"picked":"bronze:ShipIt","floor":40},{"not_picked":["bronze:Philosophize","bronze:Branch+1","bronze:Iterate+1"],"picked":"SKIP","floor":43},{"not_picked":["bronze:FineTuning+1","bronze:OilSpill+1"],"picked":"bronze:ForceShield+1","floor":44},{"not_picked":["bronze:Constructor","bronze:Shell","bronze:BitShift+1"],"picked":"SKIP","floor":46},{"not_picked":["bronze:InfiniteLoop","bronze:Separator","bronze:DelayedSlice+1"],"picked":"SKIP","floor":47},{"not_picked":["bronze:DelayedSlice","bronze:WhirlingStrike"],"picked":"bronze:NullPointer","floor":48},{"not_picked":["bronze:Turbo","bronze:CutThrough+1"],"picked":"bronze:BugBarrage+1","floor":49},{"not_picked":["bronze:Turbo+1","bronze:Return","bronze:CutThrough+1"],"picked":"SKIP","floor":52}],"player_experience":518783,"relics_obtained":[{"floor":6,"key":"Eternal Feather"},{"floor":7,"key":"Anchor"},{"floor":23,"key":"Dream Catcher"},{"floor":24,"key":"Meat on the Bone"},{"floor":27,"key":"Nunchaku"},{"floor":38,"key":"Toy Ornithopter"},{"floor":40,"key":"Gambling Chip"},{"floor":46,"key":"Whetstone"},{"floor":48,"key":"Pen Nib"},{"floor":52,"key":"Sundial"}],"event_choices":[{"damage_healed":0,"gold_gain":0,"player_choice":"Grow","damage_taken":0,"max_hp_gain":0,"max_hp_loss":0,"event_name":"Living Wall","floor":10,"gold_loss":0,"cards_upgraded":["bronze:BugBarrage"]}],"is_beta":false,"boss_relics":[{"not_picked":["Velvet Choker","bronze:PlatinumCore"],"picked":"Coffee Dripper"},{"not_picked":["Fusion Hammer","Tiny House"],"picked":"Empty Cage"}],"items_purged_floors":[47],"is_endless":false,"potions_floor_spawned":[5,9,12,15,16,21,25,29,31,33,36,40,43,49,52],"killed_by":"downfall:NeowBossFinal","ascension_level":1}}