{"host":"viepjj0bn20d0lzc","time":1611781519,"event":{"mods":["AchievementEnabler","BaseMod","Better Altar","Better Match","Better Note","Better Sensory Stone","Better Skull","Better Third Choice","Better Vampires","Block Reminder","Colored Map","Colored Powertips","Disable Question Mark Monsters","Downfall","Hermit","Highlight Path","Hubris","Mimic Mod","Minty Spire (QoL Compilation)","Permanent Neow","Practice Mode","Quick Restart","Random Character Button","Rare Cards Sparkle","Relic Sorter","Reliquary","Replay The Spire","StSLib","The Blue Laboratory","The Cursed","The Jungle","The Runesmith","Wandering Minibosses"],"gold_per_floor":[99,99,99,99,24,24,49,49,49,49,49,49,76,96,113,214,214,64,339,356,373,373,373,373],"floor_reached":22,"language":"ENG","playtime":1157,"items_purged":[],"score":178,"play_id":"500bce95-8183-4b6e-82e4-0984f834f70a","local_time":"20210127150519","is_ascension_mode":false,"campfire_choices":[{"floor":1.0,"key":"RECALL"},{"data":"Slimebound:CorrosiveSpit","floor":10.0,"key":"SMITH"},{"data":"Slimebound:DuplicatedForm","floor":18.0,"key":"SMITH"}],"circlet_count":0,"master_deck":["Slimebound:Strike_Slimebound","Slimebound:Strike_Slimebound","Slimebound:Tackle","Slimebound:Defend_Slimebound","Slimebound:Defend_Slimebound","Slimebound:Defend_Slimebound","Slimebound:Defend_Slimebound","Slimebound:Split","Slimebound:CorrosiveSpit+1","Slimebound:Equalize+1","Slimebound:SlimeSpikes","Regret","Slimebound:SamplingLick","Slimebound:Repurpose","Slimebound:LevelUp","Slimebound:SlimeBarrage","Slimebound:DuplicatedForm+1","Regret","Slimebound:GoopSpray","Slimebound:MegaLick"],"relics":["Slimebound:AbsorbEndCombat","downfall:HeartsMalice","hubris:Towel","Slimebound:GreedOozeRelic","reliquary:RedPaperclip","downfall:HeartBlessingRed"],"acts_visited":["Exordium","TheCity"],"potions_floor_usage":[],"damage_taken":[{"damage":0.0,"enemies":"Small Slimes","floor":2.0,"turns":1.0},{"damage":0.0,"enemies":"Jaw Worm","floor":3.0,"turns":1.0},{"damage":0.0,"enemies":"downfall:FleeingMerchant","floor":11.0,"turns":1.0},{"damage":22.0,"enemies":"Replay:BlueRogue","floor":13.0,"turns":6.0},{"damage":2.0,"enemies":"2 Louse","floor":14.0,"turns":3.0},{"damage":14.0,"enemies":"Large Slime","floor":15.0,"turns":7.0},{"damage":98.0,"enemies":"WA_ARCHETYPE_RETAIN","floor":16.0,"turns":10.0},{"damage":38,"enemies":"Spheric Guardian","floor":20,"turns":4},{"damage":33,"enemies":"Centurion and Healer","floor":21,"turns":6},{"damage":63,"enemies":"Sentry and Sphere","floor":22,"turns":5}],"seed_played":"676716756016398427","potions_obtained":[{"floor":12.0,"key":"LiquidBronze"},{"floor":12.0,"key":"Strength Potion"},{"floor":15.0,"key":"Regen Potion"},{"floor":21,"key":"SkillPotion"}],"is_trial":false,"path_per_floor":["R","M","M","?","?","?","T","?","?","R","$","R","E","M","M","B",null,"R_BF","?","M","M","M"],"character_chosen":"SLIMEBOUND","items_purchased":[],"campfire_rested":0,"item_purchase_floors":[],"current_hp_per_floor":[65,65,65,65,65,65,65,65,65,65,65,65,60,63,64,12,77,77,77,54,56,0,0,0],"gold":373,"neow_bonus":"THREE_ENEMY_KILL","is_daily":false,"chose_seed":false,"campfire_upgraded":2,"win_rate":0.0,"timestamp":1611781519,"path_taken":["R","M","M","?","?","?","T","?","?","R","$","R","E","?","M","BOSS","R_BF","?","M","M","M"],"items_purchased_type":[],"build_version":"2020-12-22","purchased_purges":0,"victory":false,"max_hp_per_floor":[65,65,65,65,65,65,65,65,65,65,65,65,68,71,74,77,77,77,77,77,77,77,77,77],"card_choices":[{"not_picked":["Slimebound:LeechEnergy","Slimebound:RollThrough"],"picked":"Slimebound:Equalize","floor":2.0},{"not_picked":["Slimebound:FormOfPuddle","Slimebound:LeechEnergy"],"picked":"Slimebound:SlimeSpikes","floor":3.0},{"not_picked":["Slimebound:PressTheAttack","Slimebound:OneTwoCombo"],"picked":"Slimebound:SamplingLick","floor":11.0},{"not_picked":["Slimebound:GrowthPunch","Slimebound:BestDefense"],"picked":"Slimebound:Repurpose","floor":13.0},{"not_picked":["Slimebound:SlimeSpikes","Slimebound:RollThrough"],"picked":"Slimebound:LevelUp","floor":14.0},{"not_picked":["Slimebound:FinishingTackle","Slimebound:AcidTongue"],"picked":"Slimebound:SlimeBarrage","floor":15.0},{"not_picked":["Slimebound:MassRepurpose","Slimebound:OneTwoCombo"],"picked":"Slimebound:DuplicatedForm","floor":16.0},{"not_picked":["Slimebound:SplitLeeching","Slimebound:Chomp+1"],"picked":"Slimebound:GoopSpray","floor":20},{"not_picked":["Slimebound:SplitBruiser","Slimebound:FinishingTackle"],"picked":"Slimebound:MegaLick","floor":21}],"player_experience":33244,"relics_obtained":[{"floor":13.0,"key":"Replay:Ringing Soul"}],"event_choices":[{"damage_healed":0.0,"max_hp_gain":0.0,"max_hp_loss":0.0,"gold_gain":0.0,"event_name":"Big Fish","player_choice":"Box","floor":8.0,"gold_loss":0.0,"damage_taken":0.0,"relics_obtained":["Chameleon Ring"],"cards_obtained":["Regret"]},{"damage_healed":0.0,"max_hp_gain":0.0,"max_hp_loss":0.0,"gold_gain":0.0,"event_name":"Living Wall","player_choice":"Grow","floor":9.0,"gold_loss":0.0,"damage_taken":0.0,"cards_upgraded":["Slimebound:Equalize"]}],"is_beta":false,"boss_relics":[{"not_picked":["Cursed Key","ChewingGum"],"picked":"reliquary:RedPaperclip"}],"items_purged_floors":[],"is_endless":false,"potions_floor_spawned":[13,15,21],"killed_by":"Sentry and Sphere","ascension_level":0}}