{"host":"vx9g5eyuglzorf3u","time":1611719778,"event":{"mods":["2.2 Compatiblity","BaseMod","DeckTracker","Keyboard Shortcuts","Minty Spire (QoL Compilation)","Relic Stats","StSLib","SuperFastMode","everything is the same but u backflip on backflip"],"gold_per_floor":[114,114,127,127,147,147,164,164,216,216,231,231,258,276,276,350,350,366,416,426,426,441,441,455,488,488,488,507,27,27,40,40,111,111,123,134,134,189,189,189,205,205,205,205,232,232,2,2,2],"floor_reached":48,"language":"KOR","playtime":1814,"items_purged":["Decay","Writhe"],"score":945,"play_id":"ef51d627-4b4f-410a-8a13-80ae00897315","local_time":"20210127125618","is_ascension_mode":true,"campfire_choices":[{"data":"Uppercut","floor":6,"key":"SMITH"},{"data":"Fire Breathing","floor":12,"key":"SMITH"},{"floor":15,"key":"REST"},{"floor":23,"key":"REST"},{"floor":27,"key":"REST"},{"floor":30,"key":"REST"},{"floor":32,"key":"REST"},{"floor":40,"key":"REST"},{"floor":42,"key":"REST"},{"data":"Dark Embrace","floor":44,"key":"SMITH"}],"circlet_count":0,"master_deck":["AscendersBane","Strike_R","Defend_R+1","Defend_R","Defend_R","Defend_R+1","Bash","Trip","Uppercut+1","Cleave","Fire Breathing+1","Dropkick","Feed","CurseOfTheBell","Reckless Charge","Flame Barrier","True Grit+1","Power Through","Shockwave+1","Evolve+1","Dark Embrace+1","Finesse","Ghostly Armor","Feed","Metallicize+1","Shockwave+1","Whirlwind+1","Feel No Pain+1","Armaments+1","Parasite","Offering+1"],"relics":["Burning Blood","Shuriken","Lantern","Pen Nib","Calling Bell","Darkstone Periapt","Boot","Dead Branch","Red Mask","Orrery","Astrolabe","Torii","Potion Belt","Toxic Egg 2","Mercury Hourglass"],"acts_visited":["Exordium","TheCity","TheBeyond"],"potions_floor_usage":[7,16,18,25,25,33,33,38,48,48],"damage_taken":[{"damage":1,"enemies":"Cultist","floor":1,"turns":3},{"damage":4,"enemies":"Small Slimes","floor":3,"turns":3},{"damage":4,"enemies":"Jaw Worm","floor":5,"turns":3},{"damage":17,"enemies":"Exordium Thugs","floor":7,"turns":4},{"damage":3,"enemies":"Looter","floor":11,"turns":2},{"damage":32,"enemies":"Gremlin Nob","floor":13,"turns":4},{"damage":8,"enemies":"2 Fungi Beasts","floor":14,"turns":3},{"damage":15,"enemies":"Hexaghost","floor":16,"turns":8},{"damage":23,"enemies":"Spheric Guardian","floor":18,"turns":4},{"damage":23,"enemies":"Shell Parasite","floor":20,"turns":4},{"damage":24,"enemies":"3 Cultists","floor":22,"turns":4},{"damage":28,"enemies":"Snake Plant","floor":24,"turns":4},{"damage":9,"enemies":"Masked Bandits","floor":25,"turns":3},{"damage":15,"enemies":"Cultist and Chosen","floor":28,"turns":5},{"damage":50,"enemies":"Shelled Parasite and Fungi","floor":31,"turns":7},{"damage":34,"enemies":"Champ","floor":33,"turns":9},{"damage":11,"enemies":"3 Shapes","floor":35,"turns":5},{"damage":46,"enemies":"3 Darklings","floor":36,"turns":10},{"damage":69,"enemies":"2 Orb Walkers","floor":38,"turns":5},{"damage":38,"enemies":"Writhing Mass","floor":41,"turns":9},{"damage":47,"enemies":"Nemesis","floor":45,"turns":7},{"damage":62,"enemies":"Giant Head","floor":48,"turns":9}],"seed_played":"-297533524274467628","potions_obtained":[{"floor":1,"key":"Fire Potion"},{"floor":11,"key":"CultistPotion"},{"floor":13,"key":"Explosive Potion"},{"floor":16,"key":"DuplicationPotion"},{"floor":24,"key":"Energy Potion"},{"floor":28,"key":"Energy Potion"},{"floor":35,"key":"EssenceOfSteel"},{"floor":38,"key":"SpeedPotion"},{"floor":41,"key":"EssenceOfSteel"}],"is_trial":false,"path_per_floor":["M","?","M","?","M","R","M","T","T","?","M","R","E","M","R","B",null,"M","?","M","?","M","R","M","?","T","R","M","$","R","M","R","B",null,"M","M","?","?","?","R","M","R","T","R","E","T","$","E"],"character_chosen":"IRONCLAD","items_purchased":["Orrery","Dark Embrace","Finesse","Swift Potion","Offering+1","Weak Potion"],"campfire_rested":7,"item_purchase_floors":[29,29,29,29,47,47],"current_hp_per_floor":[73,73,75,68,70,70,59,59,59,36,39,39,13,11,33,24,62,48,48,31,37,22,48,29,29,29,56,47,47,74,33,61,33,80,78,38,81,18,40,66,43,71,71,71,33,33,33,0,0],"gold":2,"neow_bonus":"RANDOM_COLORLESS","is_daily":false,"chose_seed":false,"campfire_upgraded":3,"win_rate":0.0,"timestamp":1611719778,"path_taken":["M","?","M","?","M","R","?","?","T","?","?","R","E","M","R","BOSS","M","?","M","?","M","R","M","?","T","R","M","$","R","?","R","BOSS","M","M","?","?","?","R","M","R","T","R","E","?","$","E"],"items_purchased_type":["Relic","Card","Card","Potion","Card","Potion"],"build_version":"2020-12-22","purchased_purges":2,"victory":false,"max_hp_per_floor":[75,75,75,75,75,75,75,75,75,75,75,75,75,75,75,75,75,78,78,78,84,87,87,90,93,93,93,93,93,93,96,96,96,96,99,99,81,81,87,87,96,96,96,96,99,99,99,99,99],"relic_stats":{"Darkstone Periapt":18,"Torii":5,"counters":[22,115],"Shuriken":[19],"Dead Branch":[100],"Astrolabe":["Metallicize","Shockwave","Whirlwind"],"Pen Nib":[14],"Boot":[15],"obtain_stats":[{"Darkstone Periapt":17,"Potion Belt":43,"Lantern":9,"Torii":38,"Dead Branch":17,"Astrolabe":34,"Pen Nib":13,"Boot":17,"Burning Blood":0,"Mercury Hourglass":46,"Calling Bell":17,"Shuriken":8,"Orrery":29,"Red Mask":25,"Toxic Egg 2":45},{"Darkstone Periapt":8,"Potion Belt":20,"Lantern":4,"Torii":19,"Dead Branch":8,"Astrolabe":16,"Pen Nib":6,"Boot":8,"Burning Blood":0,"Mercury Hourglass":21,"Calling Bell":8,"Shuriken":4,"Orrery":14,"Red Mask":13,"Toxic Egg 2":21},{"Darkstone Periapt":30,"Potion Belt":99,"Lantern":13,"Torii":90,"Dead Branch":30,"Astrolabe":70,"Pen Nib":19,"Boot":30,"Burning Blood":0,"Mercury Hourglass":106,"Calling Bell":30,"Shuriken":13,"Orrery":54,"Red Mask":49,"Toxic Egg 2":106}],"Burning Blood":126,"Mercury Hourglass":[27]},"card_choices":[{"not_picked":["Swift Strike","Panacea"],"picked":"Trip","floor":0},{"not_picked":["Thunderclap","Armaments","Flex"],"picked":"SKIP","floor":1},{"not_picked":["Cleave","Headbutt"],"picked":"Uppercut","floor":3},{"not_picked":["Searing Blow","Pommel Strike"],"picked":"Cleave","floor":5},{"not_picked":["Infernal Blade","Perfected Strike"],"picked":"Fire Breathing","floor":7},{"not_picked":["Heavy Blade","Armaments","Pummel"],"picked":"SKIP","floor":11},{"not_picked":["Perfected Strike","Anger","Brutality"],"picked":"SKIP","floor":13},{"not_picked":["Thunderclap","Intimidate"],"picked":"Dropkick","floor":14},{"not_picked":["Barricade","Impervious"],"picked":"Feed","floor":16},{"not_picked":["Twin Strike","Headbutt"],"picked":"Reckless Charge","floor":18},{"not_picked":["Barricade","Entrench"],"picked":"Flame Barrier","floor":20},{"not_picked":["Headbutt+1","Reckless Charge"],"picked":"True Grit+1","floor":22},{"not_picked":["Rampage","Pommel Strike","Wild Strike"],"picked":"SKIP","floor":24},{"not_picked":["Clash","Perfected Strike"],"picked":"Power Through","floor":25},{"not_picked":["Flame Barrier","Perfected Strike"],"picked":"Shockwave+1","floor":28},{"not_picked":["Dropkick","Double Tap"],"picked":"Evolve+1","floor":29},{"not_picked":["Anger","Rage"],"picked":"Ghostly Armor","floor":29},{"not_picked":["Perfected Strike","Carnage"],"picked":"Feed","floor":29},{"not_picked":["Iron Wave","Armaments","Perfected Strike"],"picked":"SKIP","floor":31},{"not_picked":["Headbutt","Bloodletting"],"picked":"Feel No Pain+1","floor":35},{"not_picked":["Sword Boomerang","Clothesline","Searing Blow+1"],"picked":"SKIP","floor":36},{"not_picked":["Body Slam","Pummel"],"picked":"Armaments+1","floor":38},{"not_picked":["Pommel Strike","Inflame","Armaments"],"picked":"SKIP","floor":41},{"not_picked":["Heavy Blade","Armaments+1","Combust"],"picked":"SKIP","floor":45}],"player_experience":1483118,"relics_obtained":[{"floor":8,"key":"Shuriken"},{"floor":9,"key":"Lantern"},{"floor":13,"key":"Pen Nib"},{"floor":17,"key":"Darkstone Periapt"},{"floor":17,"key":"Boot"},{"floor":17,"key":"Dead Branch"},{"floor":25,"key":"Red Mask"},{"floor":38,"key":"Torii"},{"floor":43,"key":"Potion Belt"},{"floor":45,"key":"Toxic Egg 2"},{"floor":46,"key":"Mercury Hourglass"}],"event_choices":[{"damage_healed":0,"gold_gain":0,"player_choice":"Ignored","damage_taken":0,"max_hp_gain":0,"max_hp_loss":0,"event_name":"Liars Game","floor":2,"gold_loss":0},{"cards_removed":["Strike_R"],"damage_healed":0,"gold_gain":0,"player_choice":"Card Removal","damage_taken":7,"max_hp_gain":0,"max_hp_loss":0,"event_name":"Golden Wing","floor":4,"gold_loss":0},{"damage_healed":0,"gold_gain":0,"player_choice":"Entered Light","damage_taken":23,"max_hp_gain":0,"max_hp_loss":0,"event_name":"Shining Light","floor":10,"gold_loss":0,"cards_upgraded":["Defend_R","Defend_R"]},{"damage_healed":0,"gold_gain":50,"player_choice":"Stole From Cult","damage_taken":0,"max_hp_gain":0,"max_hp_loss":0,"event_name":"Nest","floor":19,"gold_loss":0},{"damage_healed":0,"gold_gain":0,"player_choice":"Smashed Altar","damage_taken":0,"max_hp_gain":0,"max_hp_loss":0,"event_name":"Forgotten Altar","floor":21,"gold_loss":0,"cards_obtained":["Decay"]},{"damage_healed":0,"gold_gain":0,"player_choice":"Fought Bandits","damage_taken":0,"max_hp_gain":0,"max_hp_loss":0,"event_name":"Masked Bandits","floor":25,"gold_loss":0},{"damage_healed":81,"gold_gain":0,"player_choice":"Heal","damage_taken":0,"max_hp_gain":0,"max_hp_loss":18,"event_name":"The Moai Head","floor":37,"gold_loss":0},{"damage_healed":0,"gold_gain":0,"player_choice":"Fight","damage_taken":0,"max_hp_gain":0,"max_hp_loss":0,"event_name":"Mysterious Sphere","floor":38,"gold_loss":0},{"damage_healed":16,"gold_gain":0,"player_choice":"Writhe","damage_taken":0,"max_hp_gain":0,"max_hp_loss":0,"event_name":"Winding Halls","floor":39,"gold_loss":0,"cards_obtained":["Writhe"]}],"is_beta":false,"boss_relics":[{"not_picked":["Velvet Choker","Black Star"],"picked":"Calling Bell"},{"not_picked":["Mark of Pain","Runic Cube"],"picked":"Astrolabe"}],"items_purged_floors":[29,47],"is_endless":false,"potions_floor_spawned":[1,11,13,14,16,24,28,31,35,38,41],"killed_by":"Giant Head","ascension_level":20}}