{"host":"y3h3n3f7seyagppx","time":1611706443,"event":{"mods":["AlwaysNeverKeys","BaseMod","Better Vampires","Colored Powertips","DeckTracker","Emptier Cage","Minty Spire (QoL Compilation)","Permanent Neow","Quick Restart","Rare Cards Sparkle","Relic Sorter","Relic Stats","StSLib","Transform Curses"],"gold_per_floor":[109,119,119,129,129,164,178,178,205,237,237,266,276,296,296,373,373,384,384,25,25,37,71,71,98,98,116,148,162,180,209,209,280,280,298,314,52,66,113,141,171,196,219,94,109,124,159,159,159,159,159,159,159,73,104,104],"floor_reached":57,"language":"ENG","playtime":6235,"items_purged":["Demon Form","Anger","Doubt"],"score":3119,"play_id":"05f789ca-a151-4366-9fc4-fe07764cdf43","local_time":"20210126191403","is_ascension_mode":true,"campfire_choices":[{"data":"Hemokinesis","floor":8.0,"key":"SMITH"},{"data":"Uppercut","floor":15.0,"key":"SMITH"},{"data":"Spot Weakness","floor":24.0,"key":"SMITH"},{"floor":32,"key":"DIG"},{"data":"Dual Wield","floor":49,"key":"SMITH"},{"floor":53,"key":"DIG"}],"circlet_count":0,"master_deck":["AscendersBane","Strike_R","Strike_R","Strike_R","Defend_R","Defend_R","Defend_R","Defend_R","Bash","Whirlwind+1","Thunderclap","Uppercut+1","Hemokinesis+1","Feel No Pain+1","Spot Weakness+1","Shrug It Off","Feed","Flame Barrier+1","Necronomicurse","Whirlwind+1","Flame Barrier+1","Berserk+1","Dark Embrace+1","Evolve+1","Spot Weakness","Shrug It Off","Reaper","Blood for Blood+1","Shrug It Off+1","Power Through","Dual Wield+1","Clothesline+1","Ghostly Armor+1","Reaper","Reaper"],"relics":["Burning Blood","Strawberry","Bag of Marbles","Happy Flower","Eternal Feather","Frozen Egg 2","Art of War","Cursed Key","Necronomicon","OrangePellets","MealTicket","Shovel","Turnip","Shuriken","Nunchaku","Snecko Eye","Centennial Puzzle","WingedGreaves","Ancient Tea Set","Blood Vial","Self Forming Clay","Vajra","Red Skull","Kunai","Bronze Scales"],"acts_visited":["Exordium","TheCity","TheBeyond","TheEnding"],"potions_floor_usage":[36,39],"damage_taken":[{"damage":17.0,"enemies":"Jaw Worm","floor":1.0,"turns":8.0},{"damage":7.0,"enemies":"Cultist","floor":2.0,"turns":4.0},{"damage":0.0,"enemies":"2 Louse","floor":4.0,"turns":1.0},{"damage":20.0,"enemies":"Lagavulin","floor":6.0,"turns":7.0},{"damage":11.0,"enemies":"Blue Slaver","floor":7.0,"turns":3.0},{"damage":14.0,"enemies":"3 Sentries","floor":10.0,"turns":5.0},{"damage":2.0,"enemies":"Gremlin Nob","floor":12.0,"turns":2.0},{"damage":10.0,"enemies":"Red Slaver","floor":13.0,"turns":3.0},{"damage":8.0,"enemies":"Looter","floor":14.0,"turns":2.0},{"damage":2.0,"enemies":"Slime Boss","floor":16.0,"turns":4.0},{"damage":2.0,"enemies":"Chosen","floor":18.0,"turns":3.0},{"damage":0.0,"enemies":"Shell Parasite","floor":22.0,"turns":1.0},{"damage":13.0,"enemies":"Book of Stabbing","floor":23.0,"turns":3.0},{"damage":0.0,"enemies":"Gremlin Leader","floor":25.0,"turns":3.0},{"damage":0.0,"enemies":"Sentry and Sphere","floor":27.0,"turns":1.0},{"damage":7.0,"enemies":"Book of Stabbing","floor":28.0,"turns":3.0},{"damage":9.0,"enemies":"Shelled Parasite and Fungi","floor":29.0,"turns":8.0},{"damage":0,"enemies":"Snake Plant","floor":30,"turns":1},{"damage":5,"enemies":"Gremlin Leader","floor":31,"turns":3},{"damage":32,"enemies":"Champ","floor":33,"turns":7},{"damage":0,"enemies":"Orb Walker","floor":35,"turns":1},{"damage":9,"enemies":"3 Darklings","floor":36,"turns":5},{"damage":51,"enemies":"4 Shapes","floor":38,"turns":4},{"damage":15,"enemies":"2 Orb Walkers","floor":39,"turns":2},{"damage":42,"enemies":"Nemesis","floor":40,"turns":5},{"damage":14,"enemies":"Giant Head","floor":41,"turns":6},{"damage":21,"enemies":"Nemesis","floor":42,"turns":5},{"damage":14,"enemies":"Transient","floor":45,"turns":6},{"damage":0,"enemies":"3 Darklings","floor":46,"turns":1},{"damage":56,"enemies":"Giant Head","floor":47,"turns":5},{"damage":93,"enemies":"Awakened One","floor":50,"turns":11},{"damage":41,"enemies":"Time Eater","floor":51,"turns":7},{"damage":12,"enemies":"Shield and Spear","floor":55,"turns":2},{"damage":74,"enemies":"The Heart","floor":56,"turns":7}],"seed_played":"-5659593852982780126","potions_obtained":[{"floor":4.0,"key":"CultistPotion"},{"floor":6.0,"key":"ColorlessPotion"},{"floor":10.0,"key":"Fire Potion"},{"floor":14.0,"key":"CultistPotion"},{"floor":16.0,"key":"Block Potion"},{"floor":23.0,"key":"Block Potion"},{"floor":25.0,"key":"LiquidMemories"},{"floor":33,"key":"SkillPotion"},{"floor":36,"key":"FearPotion"},{"floor":42,"key":"DuplicationPotion"},{"floor":45,"key":"DuplicationPotion"}],"is_trial":false,"path_per_floor":["M","M","?","M","?","E","M","R","T","E","T","E","M","M","R","B",null,"M","?","$","?","M","E","R","E","T","M","E","M","M","E","R","B",null,"M","M","$","M","?","E","E","E","T","$","M","M","E","?","R","B","B",null,"R","$","E","B",null],"character_chosen":"IRONCLAD","items_purchased":["OrangePellets","BloodPotion","AttackPotion","Centennial Puzzle","Reaper"],"campfire_rested":0,"item_purchase_floors":[20,20,20,37,54],"current_hp_per_floor":[57,56,56,62,58,44,39,39,39,31,31,35,31,29,38,42,67,71,50,65,65,71,64,75,75,75,75,77,77,81,84,84,58,78,84,87,87,85,93,72,64,51,51,66,90,93,43,43,61,65,69,87,93,93,87,93],"gold":104,"neow_bonus":"TRANSFORM_TWO_CARDS","is_daily":false,"chose_seed":false,"campfire_upgraded":4,"win_rate":0.0,"timestamp":1611706443,"path_taken":["M","M","?","?","?","E","M","R","T","E","?","E","M","M","R","BOSS","M","?","$","?","M","E","R","E","T","?","E","M","M","E","R","BOSS","M","M","$","M","?","E","E","E","T","$","M","M","E","?","R","BOSS","BOSS","R","$","E","BOSS"],"items_purchased_type":["Relic","Potion","Potion","Relic","Card"],"build_version":"2020-12-22","purchased_purges":3,"victory":true,"max_hp_per_floor":[68,68,68,68,75,75,75,75,75,75,75,75,75,75,75,75,75,75,75,75,75,75,75,75,75,75,75,78,81,81,84,84,84,84,84,87,87,90,93,93,93,93,93,93,93,93,93,93,93,93,93,93,93,93,93,93],"relic_stats":{"Happy Flower":[38],"counters":[34,139],"Self Forming Clay":[120],"Eternal Feather":44,"Cursed Key":1,"Burning Blood":172,"Blood Vial":12,"OrangePellets":[21],"Nunchaku":[16],"Centennial Puzzle":[33],"Shovel":2,"Shuriken":[35],"Bronze Scales":[96],"Snecko Eye":[54,51,58,37],"MealTicket":15,"Turnip":[6],"Art of War":[20],"Necronomicon":[55],"Kunai":[6],"obtain_stats":[{"Vajra":43,"Cursed Key":17,"Ancient Tea Set":40,"Burning Blood":0,"Blood Vial":41,"Nunchaku":32,"Centennial Puzzle":37,"Shovel":25,"Strawberry":5,"MealTicket":23,"WingedGreaves":39,"Necronomicon":19,"Kunai":53,"Red Skull":47,"Happy Flower":9,"Self Forming Clay":42,"Eternal Feather":10,"Frozen Egg 2":11,"OrangePellets":20,"Shuriken":31,"Bronze Scales":55,"Snecko Eye":34,"Turnip":28,"Bag of Marbles":6,"Art of War":12},{"Vajra":27,"Cursed Key":10,"Ancient Tea Set":25,"Burning Blood":0,"Blood Vial":26,"Nunchaku":19,"Centennial Puzzle":22,"Shovel":14,"Strawberry":3,"MealTicket":13,"WingedGreaves":24,"Necronomicon":11,"Kunai":32,"Red Skull":30,"Happy Flower":5,"Self Forming Clay":27,"Eternal Feather":6,"Frozen Egg 2":6,"OrangePellets":11,"Shuriken":19,"Bronze Scales":33,"Snecko Eye":20,"Turnip":16,"Bag of Marbles":4,"Art of War":7},{"Vajra":100,"Cursed Key":39,"Ancient Tea Set":89,"Burning Blood":0,"Blood Vial":95,"Nunchaku":65,"Centennial Puzzle":78,"Shovel":49,"Strawberry":13,"MealTicket":46,"WingedGreaves":84,"Necronomicon":42,"Kunai":130,"Red Skull":112,"Happy Flower":23,"Self Forming Clay":100,"Eternal Feather":28,"Frozen Egg 2":28,"OrangePellets":42,"Shuriken":65,"Bronze Scales":132,"Snecko Eye":72,"Turnip":53,"Bag of Marbles":20,"Art of War":30}]},"card_choices":[{"not_picked":["Headbutt","Heavy Blade"],"picked":"Thunderclap","floor":1.0},{"not_picked":["Clothesline","True Grit"],"picked":"Uppercut","floor":2.0},{"not_picked":["Whirlwind","Headbutt","Twin Strike"],"picked":"SKIP","floor":4.0},{"not_picked":["Metallicize","Brutality","Sentinel"],"picked":"SKIP","floor":6.0},{"not_picked":["Blood for Blood","Sword Boomerang","Hemokinesis"],"picked":"SKIP","floor":7.0},{"not_picked":["Blood for Blood","Sword Boomerang"],"picked":"Hemokinesis","floor":7.0},{"not_picked":["Sword Boomerang","Rupture"],"picked":"Anger","floor":10.0},{"not_picked":["Rupture+1","Dropkick"],"picked":"Feel No Pain+1","floor":12.0},{"not_picked":["Twin Strike","Clash"],"picked":"Spot Weakness","floor":13.0},{"not_picked":["Warcry","Limit Break"],"picked":"Shrug It Off","floor":14.0},{"not_picked":["Juggernaut+1","Fiend Fire"],"picked":"Feed","floor":16.0},{"not_picked":["Whirlwind","Warcry"],"picked":"Flame Barrier+1","floor":18.0},{"not_picked":["Sword Boomerang","Anger"],"picked":"Flame Barrier+1","floor":22.0},{"not_picked":["Flame Barrier+1","Bloodletting"],"picked":"Berserk+1","floor":23.0},{"not_picked":["Armaments","Havoc"],"picked":"Dark Embrace+1","floor":25.0},{"not_picked":["Heavy Blade","Rage","Blood for Blood"],"picked":"SKIP","floor":27.0},{"not_picked":["Perfected Strike","Sword Boomerang"],"picked":"Evolve+1","floor":28.0},{"not_picked":["Thunderclap","Anger"],"picked":"Spot Weakness","floor":29.0},{"not_picked":["Dark Embrace+1","Wild Strike"],"picked":"Shrug It Off","floor":30},{"not_picked":["Flame Barrier","Cleave","Havoc"],"picked":"SKIP","floor":31},{"not_picked":["Berserk+1","Demon Form+1"],"picked":"Reaper","floor":33},{"not_picked":["Sever Soul","Flex+1","Body Slam"],"picked":"SKIP","floor":35},{"not_picked":["Uppercut","Pommel Strike"],"picked":"Blood for Blood+1","floor":36},{"not_picked":["Perfected Strike+1","Flex","Reckless Charge"],"picked":"SKIP","floor":38},{"not_picked":["Twin Strike","Headbutt"],"picked":"Shrug It Off+1","floor":39},{"not_picked":["Sword Boomerang","Clash+1","Thunderclap+1"],"picked":"SKIP","floor":40},{"not_picked":["Inflame+1","Heavy Blade"],"picked":"Power Through","floor":41},{"not_picked":["Brutality+1","Cleave"],"picked":"Dual Wield","floor":42},{"not_picked":["Twin Strike","Pommel Strike"],"picked":"Clothesline+1","floor":45},{"not_picked":["Clash","Anger"],"picked":"Ghostly Armor+1","floor":46},{"not_picked":["Feel No Pain+1","Perfected Strike"],"picked":"Reaper","floor":47},{"not_picked":["Havoc+1","Cleave","Clothesline"],"picked":"SKIP","floor":55}],"player_experience":21640666,"relics_obtained":[{"floor":6.0,"key":"Bag of Marbles"},{"floor":9.0,"key":"Happy Flower"},{"floor":10.0,"key":"Eternal Feather"},{"floor":11.0,"key":"Frozen Egg 2"},{"floor":12.0,"key":"Art of War"},{"floor":19.0,"key":"Necronomicon"},{"floor":23.0,"key":"MealTicket"},{"floor":25.0,"key":"Shovel"},{"floor":28.0,"key":"Turnip"},{"floor":31,"key":"Shuriken"},{"floor":32,"key":"Nunchaku"},{"floor":39,"key":"WingedGreaves"},{"floor":40,"key":"Ancient Tea Set"},{"floor":41,"key":"Blood Vial"},{"floor":42,"key":"Self Forming Clay"},{"floor":43,"key":"Vajra"},{"floor":47,"key":"Red Skull"},{"floor":53,"key":"Kunai"},{"floor":55,"key":"Bronze Scales"}],"event_choices":[{"damage_healed":0.0,"max_hp_gain":0.0,"max_hp_loss":0.0,"gold_gain":0.0,"event_name":"Upgrade Shrine","player_choice":"Upgraded","floor":3.0,"gold_loss":0.0,"damage_taken":0.0,"cards_upgraded":["Whirlwind"]},{"damage_healed":0.0,"max_hp_gain":0.0,"max_hp_loss":0.0,"gold_gain":0.0,"event_name":"Scrap Ooze","player_choice":"Success","floor":5.0,"gold_loss":0.0,"damage_taken":11.0,"relics_obtained":["Strawberry"]},{"damage_healed":0.0,"max_hp_gain":0.0,"max_hp_loss":0.0,"gold_gain":0.0,"event_name":"Cursed Tome","player_choice":"Obtained Book","floor":19.0,"gold_loss":0.0,"damage_taken":21.0},{"damage_healed":0.0,"max_hp_gain":0.0,"max_hp_loss":0.0,"gold_gain":0.0,"event_name":"Duplicator","player_choice":"Copied","floor":21.0,"gold_loss":0.0,"damage_taken":0.0,"cards_obtained":["Whirlwind"]},{"damage_healed":0,"gold_gain":0,"player_choice":"Fight","damage_taken":0,"max_hp_gain":0,"max_hp_loss":0,"event_name":"Mysterious Sphere","floor":39,"gold_loss":0},{"damage_healed":0,"gold_gain":0,"player_choice":"Got Potions","damage_taken":0,"max_hp_gain":0,"max_hp_loss":0,"event_name":"Lab","floor":48,"gold_loss":0}],"is_beta":false,"boss_relics":[{"not_picked":["Black Blood","SlaversCollar"],"picked":"Cursed Key"},{"not_picked":["Fusion Hammer","Tiny House"],"picked":"Snecko Eye"}],"items_purged_floors":[20,37,44],"is_endless":false,"potions_floor_spawned":[4,6,10,14,16,23,25,27,28,33,36,42,45,47],"ascension_level":20}}