{"host":"00f1p9ihhzi7hxfk","time":1611749336,"event":{"mods":["AchievementEnabler","BaseMod","Colored Map","Colored Powertips","Minty Spire (QoL Compilation)","Rare Cards Sparkle","Relic Stats"],"gold_per_floor":[115,132,151,121,121,121,19,37,37,37,51,65,65,119,119,119,119],"floor_reached":16,"language":"DEU","playtime":821,"items_purged":[],"score":92,"play_id":"19b961c3-6b0e-4f04-97cf-e9b8aff60ddb","local_time":"20210127130856","is_ascension_mode":false,"campfire_choices":[{"floor":6,"key":"REST"},{"floor":10,"key":"REST"},{"floor":13,"key":"REST"},{"data":"Defend_R","floor":15,"key":"SMITH"}],"circlet_count":0,"master_deck":["Strike_R","Strike_R","Strike_R","Strike_R","Strike_R","Defend_R","Defend_R+1","Defend_R","Defend_R","Bash","Cleave","Headbutt","Heavy Blade","Iron Wave","Anger"],"relics":["Burning Blood","Golden Idol","HornCleat","Blood Vial"],"acts_visited":["Exordium"],"potions_floor_usage":[],"damage_taken":[{"damage":0,"enemies":"Small Slimes","floor":1,"turns":3},{"damage":10,"enemies":"Jaw Worm","floor":2,"turns":5},{"damage":0,"enemies":"2 Louse","floor":3,"turns":2},{"damage":0,"enemies":"Looter","floor":4,"turns":4},{"damage":33,"enemies":"Exordium Thugs","floor":8,"turns":7},{"damage":6,"enemies":"Large Slime","floor":11,"turns":6},{"damage":5,"enemies":"2 Fungi Beasts","floor":12,"turns":4},{"damage":70,"enemies":"Slime Boss","floor":16,"turns":12}],"seed_played":"-8074167138003774323","potions_obtained":[{"floor":3,"key":"ColorlessPotion"},{"floor":8,"key":"EssenceOfSteel"},{"floor":11,"key":"Strength Potion"}],"is_trial":false,"path_per_floor":["M","M","M","M","?","R","$","M","T","R","M","M","R","T","R","B"],"character_chosen":"IRONCLAD","items_purchased":["AttackPotion","BloodPotion"],"campfire_rested":3,"item_purchase_floors":[7,7],"current_hp_per_floor":[72,68,72,72,67,67,67,40,40,60,60,61,67,67,67,0,0],"gold":119,"neow_bonus":"RANDOM_COLORLESS_2","is_daily":false,"chose_seed":false,"campfire_upgraded":1,"win_rate":0.0,"timestamp":1611749336,"path_taken":["M","M","M","M","?","R","$","M","T","R","M","M","R","?","R","BOSS"],"items_purchased_type":["Potion","Potion"],"build_version":"2020-12-22","purchased_purges":0,"victory":false,"max_hp_per_floor":[72,72,72,72,67,67,67,67,67,67,67,67,67,67,67,67,67],"relic_stats":{"Blood Vial":0,"counters":[8,43],"Golden Idol":10,"obtain_stats":[{"Blood Vial":14,"HornCleat":9,"Golden Idol":5,"Burning Blood":0},{"Blood Vial":7,"HornCleat":5,"Golden Idol":4,"Burning Blood":0},{"Blood Vial":31,"HornCleat":21,"Golden Idol":14,"Burning Blood":0}],"Burning Blood":28},"card_choices":[{"not_picked":["Twin Strike","Body Slam"],"picked":"Cleave","floor":1},{"not_picked":["Dual Wield","Intimidate","Perfected Strike"],"picked":"SKIP","floor":2},{"not_picked":["Searing Blow","Shrug It Off"],"picked":"Headbutt","floor":3},{"not_picked":["Wild Strike","Shrug It Off"],"picked":"Heavy Blade","floor":4},{"not_picked":["Anger","Berserk"],"picked":"Iron Wave","floor":8},{"not_picked":["Burning Pact","Cleave","Heavy Blade"],"picked":"SKIP","floor":11},{"not_picked":["Thunderclap","Whirlwind"],"picked":"Anger","floor":12}],"player_experience":83743,"relics_obtained":[{"floor":9,"key":"HornCleat"},{"floor":14,"key":"Blood Vial"}],"event_choices":[{"damage_healed":0,"gold_gain":0,"player_choice":"Lose Max HP","damage_taken":0,"relics_obtained":["Golden Idol"],"max_hp_gain":0,"max_hp_loss":5,"event_name":"Golden Idol","floor":5,"gold_loss":0}],"is_beta":false,"boss_relics":[],"items_purged_floors":[],"is_endless":false,"potions_floor_spawned":[3,8,11],"killed_by":"Slime Boss","ascension_level":0}}