{"host":"6xsbn6ynqlzwllfm","time":1611757121,"event":{"mods":["2.2 Compatiblity","BaseMod","Bestiary","Colored Map","Colored Powertips","Curses Come First","Highlight Path","Keyboard Shortcuts","Minty Spire (QoL Compilation)","Relic Stats","Slay the Relics Exporter","StSLib","SuperFastMode"],"gold_per_floor":[121,133,159,171,197,209,255,267,304,342,372,404,470,507,519,606,618,649,177,177,193,212,246,246,246,246,246,18,31,65,65,65,139,139,158,158,169,91,111,111,111,142,142,155,173,183,183,217,217,217,217],"floor_reached":50,"language":"ENG","playtime":2318,"items_purged":["Strike_R","Strike_R+1"],"score":1255,"play_id":"233a31a1-cf30-46ab-93d5-78cd3b1ff853","local_time":"20210127091841","is_ascension_mode":true,"campfire_choices":[{"data":"Bash","floor":6.0,"key":"SMITH"},{"data":"Brutality","floor":8.0,"key":"SMITH"},{"data":"Double Tap","floor":15.0,"key":"SMITH"},{"floor":25.0,"key":"REST"},{"floor":32.0,"key":"REST"},{"floor":41.0,"key":"REST"},{"floor":47.0,"key":"RECALL"},{"floor":49,"key":"REST"}],"circlet_count":0,"master_deck":["AscendersBane","Strike_R+1","Defend_R+1","Defend_R+1","Defend_R+1","Defend_R+1","Bash+1","Sword Boomerang","Blood for Blood","Pommel Strike","Brutality+1","Double Tap+1","Second Wind","Headbutt","Dropkick","Immolate","Uppercut","True Grit","Inflame","Impervious","Evolve","Iron Wave+1","Feel No Pain","RitualDagger","Rupture","Burning Pact","Rupture","Body Slam","Feed","Rage","Master of Strategy","Finesse","Shrug It Off+1","Dark Embrace","Second Wind","Battle Trance+1"],"relics":["Burning Blood","MawBank","Nunchaku","Anchor","Mercury Hourglass","Happy Flower","Bag of Marbles","Sozu","Orrery","Orichalcum","Bag of Preparation","Vajra","Meat on the Bone","Runic Cube","Dream Catcher","Smiling Mask"],"acts_visited":["Exordium","TheCity","TheBeyond"],"potions_floor_usage":[],"damage_taken":[{"damage":2.0,"enemies":"Cultist","floor":1.0,"turns":4.0},{"damage":12.0,"enemies":"Small Slimes","floor":3.0,"turns":3.0},{"damage":4.0,"enemies":"Jaw Worm","floor":5.0,"turns":4.0},{"damage":8.0,"enemies":"Gremlin Nob","floor":7.0,"turns":3.0},{"damage":29.0,"enemies":"3 Sentries","floor":10.0,"turns":10.0},{"damage":1.0,"enemies":"Red Slaver","floor":11.0,"turns":2.0},{"damage":8.0,"enemies":"3 Louse","floor":12.0,"turns":3.0},{"damage":10.0,"enemies":"Gremlin Nob","floor":14.0,"turns":3.0},{"damage":36.0,"enemies":"Slime Boss","floor":16.0,"turns":6.0},{"damage":1.0,"enemies":"Chosen","floor":18.0,"turns":2.0},{"damage":14.0,"enemies":"2 Thieves","floor":21.0,"turns":3.0},{"damage":7.0,"enemies":"Cultist and Chosen","floor":22.0,"turns":3.0},{"damage":24.0,"enemies":"Slavers","floor":23.0,"turns":4.0},{"damage":20.0,"enemies":"Snecko","floor":29.0,"turns":5.0},{"damage":9.0,"enemies":"Book of Stabbing","floor":30.0,"turns":3.0},{"damage":33.0,"enemies":"Collector","floor":33.0,"turns":6.0},{"damage":16.0,"enemies":"3 Darklings","floor":35.0,"turns":5.0},{"damage":2.0,"enemies":"Orb Walker","floor":37.0,"turns":3.0},{"damage":14.0,"enemies":"4 Shapes","floor":39.0,"turns":6.0},{"damage":31.0,"enemies":"Reptomancer","floor":40.0,"turns":5.0},{"damage":47.0,"enemies":"Giant Head","floor":42.0,"turns":7.0},{"damage":18.0,"enemies":"Maw","floor":44.0,"turns":6.0},{"damage":3.0,"enemies":"Sphere and 2 Shapes","floor":45.0,"turns":4.0},{"damage":26.0,"enemies":"Spire Growth","floor":46.0,"turns":3.0},{"damage":2,"enemies":"Reptomancer","floor":48,"turns":3},{"damage":86,"enemies":"Awakened One","floor":50,"turns":6}],"seed_played":"-2697161928880437208","potions_obtained":[{"floor":1.0,"key":"LiquidMemories"},{"floor":3.0,"key":"EssenceOfSteel"},{"floor":11.0,"key":"FearPotion"},{"floor":12.0,"key":"SmokeBomb"},{"floor":16.0,"key":"EssenceOfSteel"}],"is_trial":false,"path_per_floor":["M","?","M","?","M","R","E","R","T","E","M","M","T","E","R","B",null,"M","$","?","M","M","E","?","R","T","?","$","M","E","?","R","B",null,"M","?","M","$","M","E","R","E","T","M","M","M","R","E","R","B"],"character_chosen":"IRONCLAD","items_purchased":["Orrery","Orichalcum","Evolve","Rupture","Burning Pact","Dark Embrace"],"campfire_rested":4,"item_purchase_floors":[19,19,19,28,28,38],"current_hp_per_floor":[72,72,66,66,68,68,66,66,66,43,48,46,46,42,42,12,59,64,64,64,56,55,37,37,59,59,53,53,39,36,36,58,43,67,60,50,54,54,49,36,60,31,31,31,49,41,41,60,86,0,0],"gold":217,"neow_bonus":"RANDOM_COMMON_RELIC","is_daily":false,"chose_seed":false,"campfire_upgraded":3,"win_rate":0.0,"timestamp":1611757121,"path_taken":["M","?","M","?","M","R","E","R","T","E","?","M","?","E","R","BOSS","M","$","?","M","M","E","?","R","T","?","$","M","E","?","R","BOSS","M","?","M","?","M","E","R","E","T","M","M","M","R","E","R","BOSS"],"items_purchased_type":["Relic","Relic","Card","Card","Card","Card"],"build_version":"2020-12-22","purchased_purges":2,"victory":false,"max_hp_per_floor":[75,75,75,75,75,75,75,75,75,75,75,75,75,75,75,75,75,75,75,75,75,75,75,75,75,75,75,75,75,75,75,75,75,75,78,78,78,78,81,81,81,81,81,81,84,84,84,87,87,87,87],"relic_stats":{"Happy Flower":[27],"counters":[26,112],"Bag of Preparation":[26],"Orichalcum":[48],"MawBank":228,"Smiling Mask":0,"Burning Blood":150,"Mercury Hourglass":[445],"Sozu":6,"Nunchaku":[23],"Dream Catcher":1,"obtain_stats":[{"Happy Flower":13,"Vajra":26,"Bag of Preparation":23,"Orichalcum":19,"MawBank":0,"Smiling Mask":48,"Burning Blood":0,"Mercury Hourglass":10,"Sozu":17,"Nunchaku":7,"Anchor":9,"Dream Catcher":42,"Orrery":19,"Bag of Marbles":14,"Meat on the Bone":30,"Runic Cube":34},{"Happy Flower":7,"Vajra":13,"Bag of Preparation":13,"Orichalcum":10,"MawBank":0,"Smiling Mask":25,"Burning Blood":0,"Mercury Hourglass":5,"Sozu":9,"Nunchaku":4,"Anchor":4,"Dream Catcher":21,"Orrery":10,"Bag of Marbles":8,"Meat on the Bone":15,"Runic Cube":16},{"Happy Flower":29,"Vajra":50,"Bag of Preparation":50,"Orichalcum":40,"MawBank":0,"Smiling Mask":106,"Burning Blood":0,"Mercury Hourglass":24,"Sozu":38,"Nunchaku":14,"Anchor":14,"Dream Catcher":90,"Orrery":40,"Bag of Marbles":32,"Meat on the Bone":58,"Runic Cube":64}],"Meat on the Bone":84,"Runic Cube":[56]},"card_choices":[{"not_picked":["Infernal Blade","Dual Wield"],"picked":"Sword Boomerang","floor":1.0},{"not_picked":["Heavy Blade","Sword Boomerang"],"picked":"Blood for Blood","floor":3.0},{"not_picked":["Infernal Blade","Havoc"],"picked":"Pommel Strike","floor":5.0},{"not_picked":["Cleave","Disarm"],"picked":"Brutality","floor":7.0},{"not_picked":["Heavy Blade","Cleave"],"picked":"Double Tap","floor":10.0},{"not_picked":["Bloodletting","Clash"],"picked":"Second Wind","floor":11.0},{"not_picked":["Armaments","Seeing Red"],"picked":"Headbutt","floor":12.0},{"not_picked":["Combust","Disarm"],"picked":"Dropkick","floor":14.0},{"not_picked":["Exhume","Fiend Fire"],"picked":"Immolate","floor":16.0},{"not_picked":["Pommel Strike","Cleave"],"picked":"Uppercut","floor":18.0},{"not_picked":["Flex","Sever Soul"],"picked":"True Grit","floor":19.0},{"not_picked":["True Grit","Sword Boomerang"],"picked":"Inflame","floor":19.0},{"not_picked":["Ghostly Armor","Cleave+1"],"picked":"Impervious","floor":19.0},{"not_picked":["Evolve","Armaments"],"picked":"Iron Wave+1","floor":21.0},{"not_picked":["Armaments","Exhume"],"picked":"Feel No Pain","floor":23.0},{"not_picked":["Flex","True Grit"],"picked":"Rupture","floor":29.0},{"not_picked":["Berserk","Corruption"],"picked":"Feed","floor":33.0},{"not_picked":["Pommel Strike","Rampage"],"picked":"Rage","floor":35.0},{"not_picked":["Purity","Impatience"],"picked":"Master of Strategy","floor":36.0},{"not_picked":["Magnetism","PanicButton"],"picked":"Finesse","floor":36.0},{"not_picked":["Sever Soul","Iron Wave+1"],"picked":"Shrug It Off+1","floor":37.0},{"not_picked":["Cleave","Carnage"],"picked":"Second Wind","floor":42.0},{"not_picked":["Sever Soul+1","Second Wind","Inflame"],"picked":"SKIP","floor":44.0},{"not_picked":["Heavy Blade+1","Metallicize","Clash"],"picked":"SKIP","floor":45.0},{"not_picked":["Iron Wave+1","Berserk","Flex+1"],"picked":"SKIP","floor":48},{"not_picked":["Shrug It Off","Whirlwind"],"picked":"Battle Trance+1","floor":49}],"player_experience":1150977,"relics_obtained":[{"floor":7.0,"key":"Nunchaku"},{"floor":9.0,"key":"Anchor"},{"floor":10.0,"key":"Mercury Hourglass"},{"floor":13.0,"key":"Happy Flower"},{"floor":14.0,"key":"Bag of Marbles"},{"floor":23.0,"key":"Bag of Preparation"},{"floor":26.0,"key":"Vajra"},{"floor":30.0,"key":"Meat on the Bone"},{"floor":42.0,"key":"Dream Catcher"},{"floor":48,"key":"Smiling Mask"}],"event_choices":[{"damage_healed":0.0,"max_hp_gain":0.0,"max_hp_loss":0.0,"gold_gain":0.0,"cards_transformed":["Strike_R"],"event_name":"Living Wall","player_choice":"Change","floor":2.0,"gold_loss":0.0,"damage_taken":0.0,"cards_obtained":["Anger"]},{"cards_removed":["Strike_R"],"damage_healed":0.0,"max_hp_gain":0.0,"max_hp_loss":0.0,"gold_gain":0.0,"event_name":"Bonfire Elementals","player_choice":"Offered Basic","floor":4.0,"gold_loss":0.0,"damage_taken":0.0},{"damage_healed":0.0,"max_hp_gain":0.0,"max_hp_loss":0.0,"gold_gain":0.0,"event_name":"The Mausoleum","player_choice":"Ignored","floor":20.0,"gold_loss":0.0,"damage_taken":0.0},{"damage_healed":0.0,"max_hp_gain":0.0,"max_hp_loss":0.0,"gold_gain":0.0,"event_name":"Back to Basics","player_choice":"Simplicity","floor":24.0,"gold_loss":0.0,"damage_taken":0.0,"cards_upgraded":["Strike_R","Strike_R","Defend_R","Defend_R","Defend_R","Defend_R"]},{"damage_healed":0.0,"max_hp_gain":0.0,"max_hp_loss":0.0,"gold_gain":0.0,"event_name":"Nest","player_choice":"Joined the Cult","floor":27.0,"gold_loss":0.0,"damage_taken":6.0,"cards_obtained":["RitualDagger"]},{"damage_healed":0.0,"max_hp_gain":0.0,"max_hp_loss":0.0,"gold_gain":0.0,"cards_transformed":["Anger"],"event_name":"Transmorgrifier","player_choice":"Transformed","floor":31.0,"gold_loss":0.0,"damage_taken":0.0,"cards_obtained":["Body Slam"]},{"damage_healed":0.0,"max_hp_gain":0.0,"max_hp_loss":0.0,"gold_gain":0.0,"event_name":"SensoryStone","player_choice":"Memory 3","floor":36.0,"gold_loss":0.0,"damage_taken":10.0}],"is_beta":false,"boss_relics":[{"not_picked":["Philosopher\u0027s Stone","Calling Bell"],"picked":"Sozu"},{"not_picked":["Runic Pyramid","Astrolabe"],"picked":"Runic Cube"}],"items_purged_floors":[19,28],"is_endless":false,"potions_floor_spawned":[1,3,11,12,16,18,22,29,35,45,48],"killed_by":"Awakened One","ascension_level":20}}