{"host":"yy1cu9q9bsxhflzi","time":1611752569,"event":{"mods":["BaseMod","DeckTracker","Minty Spire (QoL Compilation)","Quick Restart","StSLib","everything is the same but u backflip on backflip"],"gold_per_floor":[119,138,213,138,158,158,308,149,149,149,178,206,206,306,306,384,384,394,394,419,419,437,437,468,468,468,502,518,529,560,578,578,655,655,670,670,681,692,240,274,289,112,135,145,162,182,202,235,235,235,235,235,235,29,61,61,61],"floor_reached":56,"language":"KOR","playtime":2805,"items_purged":["Defend_G","Doubt","Defend_G","Defend_G"],"score":2584,"play_id":"18b83549-53cd-43b7-a762-e33ffd7851f8","local_time":"20210127220249","is_ascension_mode":true,"campfire_choices":[{"data":"A Thousand Cuts","floor":6.0,"key":"SMITH"},{"data":"A Thousand Cuts","floor":10.0,"key":"SMITH"},{"data":"Tactician","floor":13.0,"key":"SMITH"},{"data":"A Thousand Cuts","floor":15.0,"key":"SMITH"},{"data":"A Thousand Cuts","floor":23.0,"key":"SMITH"},{"data":"A Thousand Cuts","floor":25.0,"key":"SMITH"},{"data":"Calculated Gamble","floor":32.0,"key":"SMITH"},{"floor":49,"key":"RECALL"},{"data":"Burst","floor":53,"key":"SMITH"}],"circlet_count":0,"master_deck":["AscendersBane","Defend_G","Survivor","Neutralize","A Thousand Cuts+1","A Thousand Cuts+1","A Thousand Cuts+1","A Thousand Cuts+1","A Thousand Cuts+1","Backflip","Acrobatics","Prepared","Outmaneuver","Tactician+1","Adrenaline","PiercingWail+1","Deadly Poison","Calculated Gamble+1","Acrobatics+1","Burst+1","Bouncing Flask","Wraith Form v2","Prepared+1","After Image","Reflex","Night Terror"],"relics":["Ring of the Snake","Mummified Hand","Bird Faced Urn","Paper Crane","Odd Mushroom","InkBottle","Coffee Dripper","Red Mask","Blood Vial","Ginger","Gremlin Horn","Ancient Tea Set","Runic Pyramid","TheAbacus","Bag of Preparation","Turnip","The Specimen","War Paint"],"acts_visited":["Exordium","TheCity","TheBeyond","TheEnding"],"potions_floor_usage":[50],"damage_taken":[{"damage":3.0,"enemies":"Cultist","floor":1.0,"turns":5.0},{"damage":0.0,"enemies":"Small Slimes","floor":2.0,"turns":3.0},{"damage":3.0,"enemies":"2 Louse","floor":5.0,"turns":3.0},{"damage":17.0,"enemies":"The Mushroom Lair","floor":11.0,"turns":3.0},{"damage":11.0,"enemies":"3 Sentries","floor":12.0,"turns":3.0},{"damage":0.0,"enemies":"Slime Boss","floor":16.0,"turns":5.0},{"damage":7.0,"enemies":"Chosen","floor":18.0,"turns":3.0},{"damage":0.0,"enemies":"Masked Bandits","floor":20.0,"turns":2.0},{"damage":0.0,"enemies":"3 Byrds","floor":22.0,"turns":2.0},{"damage":0.0,"enemies":"Slavers","floor":24.0,"turns":3.0},{"damage":5.0,"enemies":"Gremlin Leader","floor":27.0,"turns":4.0},{"damage":0.0,"enemies":"Snecko","floor":28.0,"turns":3.0},{"damage":14.0,"enemies":"Centurion and Healer","floor":29.0,"turns":3.0},{"damage":0.0,"enemies":"Slavers","floor":30.0,"turns":2.0},{"damage":3.0,"enemies":"Snake Plant","floor":31.0,"turns":4.0},{"damage":0.0,"enemies":"Collector","floor":33.0,"turns":4.0},{"damage":0.0,"enemies":"Orb Walker","floor":35.0,"turns":2.0},{"damage":0.0,"enemies":"3 Darklings","floor":37.0,"turns":2.0},{"damage":0.0,"enemies":"Transient","floor":38.0,"turns":6.0},{"damage":0.0,"enemies":"Nemesis","floor":40.0,"turns":5.0},{"damage":0.0,"enemies":"Writhing Mass","floor":41.0,"turns":3.0},{"damage":0,"enemies":"Spire Growth","floor":44,"turns":3},{"damage":0,"enemies":"Transient","floor":45,"turns":6},{"damage":0,"enemies":"Sphere and 2 Shapes","floor":46,"turns":3},{"damage":19,"enemies":"4 Shapes","floor":47,"turns":2},{"damage":0,"enemies":"Giant Head","floor":48,"turns":5},{"damage":0,"enemies":"Awakened One","floor":50,"turns":3},{"damage":23,"enemies":"Time Eater","floor":51,"turns":9},{"damage":37,"enemies":"Shield and Spear","floor":55,"turns":3},{"damage":0,"enemies":"The Heart","floor":56,"turns":1}],"seed_played":"8983345222542035920","potions_obtained":[{"floor":1.0,"key":"EssenceOfSteel"},{"floor":12.0,"key":"FairyPotion"},{"floor":16.0,"key":"LiquidBronze"},{"floor":21.0,"key":"Regen Potion"},{"floor":37.0,"key":"Energy Potion"},{"floor":44,"key":"EntropicBrew"},{"floor":46,"key":"BlessingOfTheForge"}],"is_trial":true,"path_per_floor":["M","M","?","$","M","R","?","$","T","R","?","E","R","?","R","B",null,"M","?","?","?","M","R","E","R","T","E","M","M","E","M","R","B",null,"M","?","M","M","$","E","M","$","T","M","M","M","M","E","R","B","B",null,"R","$","E","B"],"character_chosen":"THE_SILENT","items_purchased":["Bird Faced Urn","Prepared","TheAbacus","Bag of Preparation","After Image","SpeedPotion"],"campfire_rested":0,"item_purchase_floors":[4,8,39,39,42,54],"current_hp_per_floor":[56,56,45,45,48,48,48,48,48,48,37,36,36,36,36,46,61,59,41,49,49,55,55,63,63,63,68,71,59,69,70,70,71,71,71,71,71,71,71,71,71,71,71,71,71,71,56,71,71,71,64,69,69,69,50,52,52],"gold":61,"neow_bonus":"","is_daily":false,"chose_seed":false,"campfire_upgraded":8,"win_rate":0.0,"timestamp":1611752569,"path_taken":["M","?","?","$","M","R","?","$","T","R","?","E","R","?","R","BOSS","M","?","?","?","M","R","E","R","T","E","?","M","E","M","R","BOSS","M","?","M","M","$","E","M","$","T","?","M","M","M","E","R","BOSS","BOSS","R","$","E","BOSS"],"items_purchased_type":["Relic","Card","Relic","Relic","Card","Potion"],"build_version":"2020-12-22","purchased_purges":4,"victory":false,"max_hp_per_floor":[66,66,66,66,66,66,66,66,66,66,66,66,66,66,66,66,66,66,71,71,71,71,71,71,71,71,71,71,71,71,71,71,71,71,71,71,71,71,71,71,71,71,71,71,71,71,71,71,71,71,71,71,71,71,71,71,71],"card_choices":[{"not_picked":["All Out Attack","Deadly Poison"],"picked":"Backflip","floor":1.0},{"not_picked":["Outmaneuver","Slice","Dagger Spray"],"picked":"SKIP","floor":2.0},{"not_picked":["Deflect","Distraction"],"picked":"Acrobatics","floor":5.0},{"not_picked":["Caltrops","Cloak And Dagger"],"picked":"Outmaneuver","floor":11.0},{"not_picked":["Backflip","Deadly Poison"],"picked":"Tactician","floor":12.0},{"not_picked":["Glass Knife","A Thousand Cuts"],"picked":"Adrenaline","floor":16.0},{"not_picked":["Flying Knee","Sucker Punch","Underhanded Strike+1"],"picked":"SKIP","floor":18.0},{"not_picked":["Blade Dance","Dagger Spray"],"picked":"PiercingWail","floor":20.0},{"not_picked":["Dagger Spray","Bouncing Flask","Grand Finale"],"picked":"SKIP","floor":22.0},{"not_picked":["PiercingWail","Choke"],"picked":"Deadly Poison","floor":24.0},{"not_picked":["Footwork","Malaise"],"picked":"Calculated Gamble","floor":27.0},{"not_picked":["Poisoned Stab","Dagger Throw","Cloak And Dagger"],"picked":"SKIP","floor":28.0},{"not_picked":["Quick Slash+1","Calculated Gamble"],"picked":"Acrobatics","floor":29.0},{"not_picked":["Dodge and Roll","Dagger Throw"],"picked":"Burst","floor":30.0},{"not_picked":["Outmaneuver+1","Quick Slash","Backstab"],"picked":"SKIP","floor":31.0},{"not_picked":["Dagger Spray+1","Masterful Stab+1"],"picked":"Bouncing Flask","floor":35.0},{"not_picked":["Setup","Blade Dance","Heel Hook"],"picked":"SKIP","floor":37.0},{"not_picked":["Dagger Spray","Deflect+1"],"picked":"Prepared+1","floor":38.0},{"not_picked":["Prepared","Blade Dance","Deadly Poison"],"picked":"SKIP","floor":40.0},{"not_picked":["Quick Slash","Deflect","Backflip"],"picked":"SKIP","floor":41.0},{"not_picked":["Bane","Dodge and Roll"],"picked":"Reflex","floor":44},{"not_picked":["Outmaneuver","Accuracy"],"picked":"Night Terror","floor":45},{"not_picked":["Bouncing Flask","Slice","Skewer"],"picked":"SKIP","floor":46},{"not_picked":["Bane","Flying Knee","Distraction"],"picked":"SKIP","floor":47},{"not_picked":["Bane+1","Slice+1","Acrobatics"],"picked":"SKIP","floor":48},{"not_picked":["Prepared","Corpse Explosion","Heel Hook"],"picked":"SKIP","floor":55}],"player_experience":3886614,"relics_obtained":[{"floor":9.0,"key":"Paper Crane"},{"floor":11.0,"key":"Odd Mushroom"},{"floor":12.0,"key":"InkBottle"},{"floor":20.0,"key":"Red Mask"},{"floor":24.0,"key":"Blood Vial"},{"floor":26.0,"key":"Ginger"},{"floor":27.0,"key":"Gremlin Horn"},{"floor":30.0,"key":"Ancient Tea Set"},{"floor":40.0,"key":"Turnip"},{"floor":48,"key":"The Specimen"},{"floor":55,"key":"War Paint"}],"event_choices":[{"damage_healed":0.0,"max_hp_gain":0.0,"max_hp_loss":0.0,"gold_gain":75.0,"event_name":"World of Goop","player_choice":"Gather Gold","floor":3.0,"gold_loss":0.0,"damage_taken":11.0},{"damage_healed":0.0,"max_hp_gain":0.0,"max_hp_loss":0.0,"gold_gain":150.0,"event_name":"Liars Game","player_choice":"AGREE","floor":7.0,"gold_loss":0.0,"damage_taken":0.0,"cards_obtained":["Doubt"]},{"damage_healed":0.0,"max_hp_gain":0.0,"max_hp_loss":0.0,"gold_gain":0.0,"event_name":"Mushrooms","player_choice":"Fought Mushrooms","floor":11.0,"gold_loss":0.0,"damage_taken":0.0},{"damage_healed":0.0,"max_hp_gain":0.0,"max_hp_loss":0.0,"gold_gain":100.0,"event_name":"Wheel of Change","player_choice":"Gold","floor":14.0,"gold_loss":0.0,"damage_taken":0.0},{"damage_healed":0.0,"max_hp_gain":5.0,"max_hp_loss":0.0,"gold_gain":0.0,"event_name":"Forgotten Altar","player_choice":"Shed Blood","floor":19.0,"gold_loss":0.0,"damage_taken":23.0},{"damage_healed":0.0,"max_hp_gain":0.0,"max_hp_loss":0.0,"gold_gain":0.0,"event_name":"Masked Bandits","player_choice":"Fought Bandits","floor":20.0,"gold_loss":0.0,"damage_taken":0.0},{"damage_healed":0.0,"max_hp_gain":0.0,"max_hp_loss":0.0,"gold_gain":0.0,"event_name":"Lab","player_choice":"Got Potions","floor":21.0,"gold_loss":0.0,"damage_taken":0.0},{"damage_healed":0.0,"max_hp_gain":0.0,"max_hp_loss":0.0,"gold_gain":0.0,"cards_transformed":["Defend_G"],"event_name":"Transmorgrifier","player_choice":"Transformed","floor":36.0,"gold_loss":0.0,"damage_taken":0.0,"cards_obtained":["Wraith Form v2"]}],"is_beta":false,"boss_relics":[{"not_picked":["Fusion Hammer","Snecko Eye"],"picked":"Coffee Dripper"},{"not_picked":["Velvet Choker","Calling Bell"],"picked":"Runic Pyramid"}],"items_purged_floors":[4,8,39,54],"is_endless":false,"potions_floor_spawned":[1,12,16,20,28,31,33,37,44,45,46,47],"killed_by":"The Heart","ascension_level":20}}