{"host":"j61pjxqytd94o6ng","time":1611727167,"event":{"mods":["BaseMod","Bestiary","Colored Map","Colored Powertips","Curses Come First","Minty Spire (QoL Compilation)","StSLib"],"gold_per_floor":[111,286,305,319,337,370,370,396,396,396,366,46,71,104,104,104,104],"floor_reached":16,"language":"ENG","playtime":715,"items_purged":["Defend_R"],"score":217,"play_id":"3982188a-7a0e-4fb7-9ae7-981a1bb4090d","local_time":"20210126225927","is_ascension_mode":true,"campfire_choices":[{"floor":15,"key":"REST"}],"circlet_count":0,"master_deck":["AscendersBane","Strike_R","Strike_R","Strike_R","Strike_R","Strike_R","Defend_R","Defend_R","Defend_R","Bash","Fire Breathing","Doubt","Perfected Strike+1","Second Wind","Disarm","Exhume","Twin Strike","Injury","Corruption"],"relics":["Burning Blood","Shovel","Pear","Self Forming Clay","Golden Idol","Singing Bowl","Pocketwatch"],"acts_visited":["Exordium"],"potions_floor_usage":[6,8,8,13,14],"damage_taken":[{"damage":7.0,"enemies":"Jaw Worm","floor":1.0,"turns":3.0},{"damage":2.0,"enemies":"2 Louse","floor":3.0,"turns":4.0},{"damage":0.0,"enemies":"Small Slimes","floor":4.0,"turns":3.0},{"damage":35.0,"enemies":"Gremlin Gang","floor":5.0,"turns":5.0},{"damage":30,"enemies":"3 Sentries","floor":6,"turns":9},{"damage":41,"enemies":"Lagavulin","floor":8,"turns":9},{"damage":2,"enemies":"2 Fungi Beasts","floor":13,"turns":3},{"damage":22,"enemies":"3 Sentries","floor":14,"turns":6},{"damage":48,"enemies":"The Guardian","floor":16,"turns":8}],"seed_played":"5036338824373281232","potions_obtained":[{"floor":1.0,"key":"BloodPotion"},{"floor":4.0,"key":"AttackPotion"},{"floor":6,"key":"SkillPotion"},{"floor":11,"key":"Energy Potion"},{"floor":11,"key":"DistilledChaos"},{"floor":13,"key":"Explosive Potion"}],"is_trial":false,"path_per_floor":["M","?","M","M","M","E","?","E","T","?","?","$","M","E","R","B"],"character_chosen":"IRONCLAD","items_purchased":["Singing Bowl"],"campfire_rested":1,"item_purchase_floors":[12],"current_hp_per_floor":[79,79,83,88,59,35,35,27,27,27,27,27,33,17,47,0,0],"gold":104,"neow_bonus":"TEN_PERCENT_HP_BONUS","is_daily":false,"chose_seed":false,"campfire_upgraded":0,"win_rate":0.0,"timestamp":1611727167,"path_taken":["M","?","M","M","M","E","?","E","T","?","?","$","?","E","R","BOSS"],"items_purchased_type":["Relic"],"build_version":"2020-12-22","purchased_purges":1,"victory":false,"max_hp_per_floor":[88,88,88,88,88,88,88,98,98,98,98,98,100,100,100,100,100],"card_choices":[{"not_picked":["Carnage","Pommel Strike"],"picked":"Fire Breathing","floor":1.0},{"not_picked":["Uppercut","Anger"],"picked":"Perfected Strike","floor":3.0},{"not_picked":["Body Slam","Dropkick"],"picked":"Second Wind","floor":4.0},{"not_picked":["Havoc","Sword Boomerang"],"picked":"Disarm","floor":5.0},{"not_picked":["Sentinel","Anger"],"picked":"Exhume","floor":6},{"not_picked":["Rage","Thunderclap"],"picked":"Twin Strike","floor":8},{"not_picked":["Armaments","Shrug It Off","Sever Soul"],"picked":"Singing Bowl","floor":13},{"not_picked":["Thunderclap","Power Through"],"picked":"Corruption","floor":14}],"player_experience":537652,"relics_obtained":[{"floor":6,"key":"Shovel"},{"floor":8,"key":"Pear"},{"floor":9,"key":"Self Forming Clay"},{"floor":14,"key":"Pocketwatch"}],"event_choices":[{"damage_healed":0.0,"max_hp_gain":0.0,"max_hp_loss":0.0,"gold_gain":175.0,"event_name":"Liars Game","player_choice":"AGREE","floor":2.0,"gold_loss":0.0,"damage_taken":0.0,"cards_obtained":["Doubt"]},{"damage_healed":0,"gold_gain":0,"player_choice":"Grow","damage_taken":0,"max_hp_gain":0,"max_hp_loss":0,"event_name":"Living Wall","floor":7,"gold_loss":0,"cards_upgraded":["Perfected Strike"]},{"damage_healed":0,"gold_gain":0,"player_choice":"Take Wound","damage_taken":0,"relics_obtained":["Golden Idol"],"max_hp_gain":0,"max_hp_loss":0,"event_name":"Golden Idol","floor":10,"gold_loss":0,"cards_obtained":["Injury"]},{"damage_healed":0,"gold_gain":0,"player_choice":"Bought 2 Potions","damage_taken":0,"max_hp_gain":0,"max_hp_loss":0,"event_name":"The Woman in Blue","floor":11,"gold_loss":0}],"is_beta":false,"boss_relics":[],"items_purged_floors":[12],"is_endless":false,"potions_floor_spawned":[1,4,5,6,13],"killed_by":"The Guardian","ascension_level":12}}