{"host":"f5n4tidiz2n5sooh","time":1611708847,"event":{"mods":["BaseMod","Colored Map","Minty Spire (QoL Compilation)","Relic Stats","Slay the Relics Exporter","StSLib"],"gold_per_floor":[111,124,144,161,178,209,209,209,209],"floor_reached":8,"language":"ENG","playtime":449,"items_purged":[],"score":170,"play_id":"78565494-7d9f-4c64-902b-24a60951f6a2","local_time":"20210126185407","is_ascension_mode":true,"campfire_choices":[],"circlet_count":0,"master_deck":["AscendersBane","Strike_R","Strike_R+1","Strike_R","Defend_R","Defend_R","Defend_R","Bash","Exhume+1","Feed+1","Reaper+1","Feed","Feel No Pain+1"],"relics":["Astrolabe","CeramicFish"],"acts_visited":["Exordium"],"potions_floor_usage":[6],"damage_taken":[{"damage":13,"enemies":"2 Louse","floor":1,"turns":3},{"damage":26,"enemies":"Jaw Worm","floor":2,"turns":5},{"damage":6,"enemies":"Cultist","floor":3,"turns":3},{"damage":7,"enemies":"Exordium Wildlife","floor":4,"turns":4},{"damage":22,"enemies":"Red Slaver","floor":5,"turns":5},{"damage":13,"enemies":"3 Sentries","floor":6,"turns":12},{"damage":40,"enemies":"Gremlin Nob","floor":8,"turns":4}],"seed_played":"-7962520563128686699","potions_obtained":[{"floor":2,"key":"Fire Potion"}],"is_trial":false,"path_per_floor":["M","M","M","M","M","E","?","E"],"character_chosen":"IRONCLAD","items_purchased":[],"campfire_rested":0,"item_purchase_floors":[],"current_hp_per_floor":[70,53,58,64,51,64,30,0,0],"gold":209,"neow_bonus":"BOSS_RELIC","is_daily":false,"chose_seed":false,"campfire_upgraded":0,"win_rate":0.0,"timestamp":1611708847,"path_taken":["M","M","M","M","M","E","?","E"],"items_purchased_type":[],"build_version":"2020-12-22","purchased_purges":0,"victory":false,"max_hp_per_floor":[83,87,91,99,103,114,114,114,114],"relic_stats":{"counters":[7,36],"Astrolabe":["Exhume","Feed","Reaper"],"CeramicFish":0,"obtain_stats":[{"Astrolabe":0,"CeramicFish":6,"Burning Blood":0},{"Astrolabe":0,"CeramicFish":6,"Burning Blood":0},{"Astrolabe":0,"CeramicFish":32,"Burning Blood":0}]},"card_choices":[{"not_picked":["Armaments","Anger","Entrench"],"picked":"SKIP","floor":1},{"not_picked":["Pommel Strike","Heavy Blade"],"picked":"Feed","floor":2},{"not_picked":["Armaments","Iron Wave","Clothesline"],"picked":"SKIP","floor":3},{"not_picked":["Fire Breathing","Sentinel","Sword Boomerang"],"picked":"SKIP","floor":4},{"not_picked":["Infernal Blade","Power Through"],"picked":"Feel No Pain","floor":5},{"not_picked":["Headbutt","Bludgeon","Havoc"],"picked":"SKIP","floor":6}],"player_experience":2031464,"relics_obtained":[{"floor":6,"key":"CeramicFish"}],"event_choices":[{"damage_healed":0,"gold_gain":0,"player_choice":"Entered Light","damage_taken":34,"max_hp_gain":0,"max_hp_loss":0,"event_name":"Shining Light","floor":7,"gold_loss":0,"cards_upgraded":["Feel No Pain","Strike_R"]}],"is_beta":false,"boss_relics":[],"items_purged_floors":[],"is_endless":false,"potions_floor_spawned":[2],"killed_by":"Gremlin Nob","ascension_level":20}}