{"host":"nug5xkek4sujf8as","time":1611758419,"event":{"mods":["Act Like it!","Aspiration","BaseMod","Booster Modes","CapriCore","Colored Powertips","Conspire","Energized Spire","Gensokyo","Minty Spire (QoL Compilation)","Permanent Neow","Quick Restart","Replay The Spire","Shop Mod","Spicy Shops","StSLib","¡¾¹¦ÄÜMod¡¿»ìãçÖ®»·ÐÞ¸´²¹¶¡","¡¾ÒÅÎï¿¨ÅÆ¡¿REMEMod","óô»ðÖ¸ÄÏ"],"gold_per_floor":[111,111,88,101,125,155,155,188,188,208,226,4,38,78,78,182,182,420,188,201,43,108,133,147,206,206,251,316,316,334,148,148,250,250,295,295,170,514,65,122,122,156,237,94,94,136,387,450,450,450,450,63,63,96,96],"floor_reached":56,"language":"ZHS","playtime":3544,"items_purged":["Strike_P","Strike_P","ReplayTheSpireMod:Exploit Weakness"],"score":2235,"play_id":"0f0f8288-1309-48ef-ad49-c9ad592e50c7","local_time":"20210127224019","is_ascension_mode":true,"campfire_choices":[{"data":"Discovery","floor":15.0,"key":"SMITH"},{"floor":32.0,"key":"RECALL"},{"data":"Gensokyo:LochNessMonster","floor":49.0,"key":"SMITH"}],"circlet_count":0,"master_deck":["AscendersBane","Eruption","Vigilance","Hyperbeam","ClearTheMind","Backstab","Cloak And Dagger","Replay:AtTheReady","EmptyBody","Replay:DivineShield","Clumsy","Wish","Chill+1","Headbutt","Discovery+1","ReplayTheSpireMod:Brewmster","Deep Breath+1","Burning Pact+1","Feel No Pain","Armaments","Sucker Punch","Exhume","ReplayRNGCard","Gensokyo:LochNessMonster+1","Gensokyo:PrivateSquare","Feel No Pain+1","TalkToTheHand","Apotheosis+1"],"relics":["PureWater","REME_ComplimentaryCards","aspiration:Nostalgia","Sizzling Blood","Bronze Scales","Potion Belt","Gensokyo:NagashiBinaDoll","Torii","Snack Pack","PrismaticShard","Replay:Mystery Machine","Painkiller Herb","Omamori","ReplayTheSpireMod:CursedCoin","REME_CardOfGreed","OrangePellets","aspiration:SeaSaltIceCream","PrismaticShard","Art of War","Lizard Tail","SlaversCollar","Replay:Rubber Ducky","Eternal Feather","ReplayTheSpireMod:EnergyBall","StoneCalendar","Letter Opener","MealTicket","Chameleon Ring","ReplayTheSpireMod:TigerMarble","Bag of Preparation","Blue Doll","Quantum Egg","Replay:Bottled Flurry"],"acts_visited":["Gensokyo:Gensokyo","Gensokyo:Gensokyoer","Gensokyo:Gensokyoest","TheEnding"],"potions_floor_usage":[55,55,55,55],"damage_taken":[{"damage":0.0,"enemies":"Gensokyo:2_Kodama","floor":1.0,"turns":3.0},{"damage":0.0,"enemies":"Gensokyo:Python","floor":4.0,"turns":2.0},{"damage":5.0,"enemies":"Gensokyo:Cirno","floor":6.0,"turns":5.0},{"damage":1.0,"enemies":"Gensokyo:Mamizou","floor":8.0,"turns":7.0},{"damage":0.0,"enemies":"Gensokyo:Gryphon","floor":10.0,"turns":1.0},{"damage":8.0,"enemies":"Gensokyo:CorruptedTreant","floor":11.0,"turns":1.0},{"damage":39.0,"enemies":"Gensokyo:Aya","floor":13.0,"turns":7.0},{"damage":1.0,"enemies":"Gensokyo:5_Fairies","floor":14.0,"turns":5.0},{"damage":20.0,"enemies":"Gensokyo:Reimu","floor":16.0,"turns":6.0},{"damage":4.0,"enemies":"Gensokyo:AngelMirror","floor":18.0,"turns":7.0},{"damage":0.0,"enemies":"Gensokyo:Chomper","floor":20.0,"turns":1.0},{"damage":12.0,"enemies":"Gensokyo:Monolith_and_Dog","floor":22.0,"turns":3.0},{"damage":9.0,"enemies":"Gensokyo:Koishi","floor":23.0,"turns":5.0},{"damage":0.0,"enemies":"Gensokyo:Wraith","floor":24.0,"turns":4.0},{"damage":1.0,"enemies":"Gensokyo:Reisen","floor":25.0,"turns":4.0},{"damage":1.0,"enemies":"Gensokyo:Slime_Group","floor":27.0,"turns":4.0},{"damage":9.0,"enemies":"Gensokyo:Tenshi","floor":28.0,"turns":7.0},{"damage":0.0,"enemies":"Gensokyo:Monolith_and_Dog","floor":30.0,"turns":2.0},{"damage":87.0,"enemies":"Gensokyo:Eternal_Rivals","floor":33.0,"turns":12.0},{"damage":0.0,"enemies":"Gensokyo:3_Bats","floor":35.0,"turns":4.0},{"damage":16.0,"enemies":"Gensokyo:AncientGuardian","floor":38.0,"turns":7.0},{"damage":31.0,"enemies":"Gensokyo:Kasen","floor":40.0,"turns":6.0},{"damage":2.0,"enemies":"Gensokyo:Marisa","floor":42.0,"turns":5.0},{"damage":0.0,"enemies":"Gensokyo:Dusk_and_Dawn","floor":46.0,"turns":5.0},{"damage":0.0,"enemies":"Gensokyo:Doremy","floor":47.0,"turns":4.0},{"damage":2.0,"enemies":"Gensokyo:3_Boulders","floor":48.0,"turns":3.0},{"damage":0.0,"enemies":"Gensokyo:Shinki","floor":50.0,"turns":7.0},{"damage":0.0,"enemies":"Shield and Spear","floor":54.0,"turns":1.0},{"damage":2,"enemies":"The Heart","floor":55,"turns":8}],"seed_played":"117602932449588547","potions_obtained":[{"floor":8.0,"key":"Ancient Potion"},{"floor":10.0,"key":"Flashbang"},{"floor":13.0,"key":"BottledMiracle"},{"floor":16.0,"key":"SpeedPotion"},{"floor":22.0,"key":"DuplicationPotion"},{"floor":24.0,"key":"AttackPotion"},{"floor":25.0,"key":"Elixir"},{"floor":28.0,"key":"Energy Potion"},{"floor":42.0,"key":"Energy Potion"},{"floor":47.0,"key":"REME_GoldPotion"}],"is_trial":false,"path_per_floor":["M","?","$","M","T","E","?","E","T","M","M","COS","E","M","R","B",null,"?","T","?","T","?","E","?","E","T","?","E","?","?","COS","T","B",null,"?","?","T","?","COS","E","?","E","T","T","?","?","E","?","T","B",null,"T","T","E","B",null],"character_chosen":"WATCHER","items_purchased":["Replay:AtTheReady","Omamori","ReplayTheSpireMod:CursedCoin","REME_CardOfGreed","OrangePellets","ReplayTheSpireMod:TigerMarble","TalkToTheHand","Quantum Egg","Apotheosis+1"],"campfire_rested":0,"item_purchase_floors":[3,19,19,19,21,44,44,52,52],"current_hp_per_floor":[69,69,69,72,72,71,71,72,72,72,70,70,37,40,40,26,61,61,61,67,67,61,56,64,71,71,72,67,67,71,71,71,29,61,67,53,53,43,43,20,20,24,24,39,39,45,49,55,70,72,72,72,72,72,72],"gold":96,"neow_bonus":"NOSTALGIA","is_daily":false,"chose_seed":false,"campfire_upgraded":2,"win_rate":0.0,"timestamp":1611758419,"path_taken":["M","?","$","?","?","E","?","E","T","?","?","COS","E","M","R","BOSS","?","T","?","?","?","E","?","E","T","?","E","?","?","COS","T","BOSS","?","?","T","?","COS","E","?","E","T","?","?","?","E","?","T","BOSS","T","T","E","BOSS"],"items_purchased_type":["Card","Relic","Relic","Relic","Relic","Relic","Card","Relic","Card"],"build_version":"2020-12-22","purchased_purges":3,"victory":true,"max_hp_per_floor":[72,72,72,72,72,72,72,72,72,72,72,72,72,72,72,72,72,72,72,72,72,72,72,72,72,72,72,72,72,72,72,72,72,72,72,72,72,72,72,72,72,72,72,72,72,72,72,72,72,72,72,72,72,72,72],"card_choices":[{"not_picked":["Consecrate","Indignation"],"picked":"ClearTheMind","floor":1.0},{"not_picked":["Prostrate","Evaluate"],"picked":"EmptyBody","floor":4.0},{"not_picked":["Weave","Replay:AtTheReady"],"picked":"Replay:DivineShield","floor":6.0},{"not_picked":["Prostrate","WaveOfTheHand","Replay:Anticipation"],"picked":"SKIP","floor":8.0},{"not_picked":["Fasting2","Replay:AtTheReady"],"picked":"Wish","floor":10.0},{"not_picked":["Replay:BluntJabs","Replay:DivineShield","Replay:ManipulateFuture"],"picked":"SKIP","floor":11.0},{"not_picked":["CrushJoints+1","Perfected Strike+1"],"picked":"Chill+1","floor":13.0},{"not_picked":["SandsOfTime","Shrug It Off"],"picked":"Headbutt","floor":13.0},{"not_picked":["Seeing Red","FollowUp"],"picked":"Discovery","floor":14.0},{"not_picked":["Burst","Malaise"],"picked":"ReplayTheSpireMod:Brewmster","floor":16.0},{"not_picked":["Cold Snap","Sneak Up+1"],"picked":"Deep Breath+1","floor":18.0},{"not_picked":["Go for the Eyes","Consecrate","Slice"],"picked":"SKIP","floor":20.0},{"not_picked":["Deep Breath","Scrape","Clash"],"picked":"SKIP","floor":22.0},{"not_picked":["Havoc","Clothesline+1"],"picked":"Burning Pact+1","floor":23.0},{"not_picked":["Hello World","FollowUp+1"],"picked":"Feel No Pain","floor":24.0},{"not_picked":["Self Repair","Dagger Spray","Ragnarok"],"picked":"SKIP","floor":25.0},{"not_picked":["BasicCrystalCard","Conserve Battery"],"picked":"Armaments","floor":27.0},{"not_picked":["REME_Scribble","Sword Boomerang","Outmaneuver"],"picked":"SKIP","floor":28.0},{"not_picked":["PiercingWail","FlyingSleeves"],"picked":"Exhume","floor":30.0},{"not_picked":["Feed","Replay:Many Hands"],"picked":"ReplayRNGCard","floor":33.0},{"not_picked":["Outmaneuver","Havoc","ForeignInfluence"],"picked":"SKIP","floor":35.0},{"not_picked":["CrushJoints+1","PathToVictory","Heavy Blade"],"picked":"SKIP","floor":38.0},{"not_picked":["Blade Dance","Disarm+1","Underhanded Strike"],"picked":"SKIP","floor":40.0},{"not_picked":["Gensokyo:MorningMist","Leap"],"picked":"Feel No Pain+1","floor":42.0},{"not_picked":["Replay:BluntJabs+1","Hidden Blade+1","Setup+1"],"picked":"SKIP","floor":42.0},{"not_picked":["Protect","Run Through","BowlingBash+1"],"picked":"SKIP","floor":46.0},{"not_picked":["Gensokyo:BuddhistDiamond","Secret Technique","conspire:Rain"],"picked":"SKIP","floor":47.0},{"not_picked":["Compile Driver+1","Flying Knee+1","Underhanded Strike"],"picked":"SKIP","floor":48.0},{"not_picked":["Eviscerate","Dagger Spray+1","Carnage"],"picked":"SKIP","floor":54.0}],"player_experience":711183,"relics_obtained":[{"floor":5.0,"key":"Bronze Scales"},{"floor":6.0,"key":"Potion Belt"},{"floor":8.0,"key":"Torii"},{"floor":9.0,"key":"Snack Pack"},{"floor":13.0,"key":"Replay:Mystery Machine"},{"floor":23.0,"key":"aspiration:SeaSaltIceCream"},{"floor":25.0,"key":"Art of War"},{"floor":28.0,"key":"Lizard Tail"},{"floor":40.0,"key":"Letter Opener"},{"floor":42.0,"key":"MealTicket"},{"floor":43.0,"key":"Chameleon Ring"},{"floor":47.0,"key":"Blue Doll"},{"floor":54.0,"key":"Replay:Bottled Flurry"}],"event_choices":[],"is_beta":false,"boss_relics":[{"not_picked":["Replay:Ancient Bell","energizedSpire:CrystalSphere"],"picked":"Painkiller Herb"},{"not_picked":["Replay:Wanted Poster","Cursed Key"],"picked":"SlaversCollar"}],"items_purged_floors":[19,21,37],"is_endless":false,"potions_floor_spawned":[8,10,13,16,22,24,25,28,42,47],"ascension_level":15}}