{"host":"8a72fthmlk1o8pdb","time":1611790806,"event":{"mods":["AchievementEnabler","Aspiration","Astrologer","Bard","BaseMod","Beaked The Cultist","Better Skull","Better Third Choice","Colored Map","Colored Powertips","Downfall","Friendly Minions","GifTheSpireLib","Googly Eyes","Gremlin Mod","Hermit","Jorbs\u0027s Wanderer Trilogy","Marisa????????","Minty Spire (QoL Compilation)","Permanent Neow","Random Character Button","Rare Cards Sparkle","Robot Space Explorer","Shop Mod","Somnambulant","StSLib","The Animator","The Construct","The Cursed","The Disciple","The Hayseed","The Hierophant","The Marked","The Necromancer","The Poker Player","The Problem Sleuth","The Runesmith","thorton"],"gold_per_floor":[117,192,192,207,172,172,186,186,209,219,235,235,235,251,251,355,355,373,2,21,38,38,38,48,48,98,116,116,131,131,56,56,152,152,168,168,134,134,134,166,186,186,186,186,35,35,46,71,71,71],"floor_reached":51,"language":"ENG","playtime":2383,"items_purged":["downfall:Bewildered"],"score":770,"play_id":"30e2a4fc-ca82-44ff-b923-b05782507f80","local_time":"20210127154006","is_ascension_mode":false,"campfire_choices":[{"data":"astrologer:Fireball","floor":6,"key":"SMITH"},{"data":"astrologer:Moonlight","floor":8,"key":"SMITH"},{"data":"astrologer:MeteorShower","floor":12,"key":"SMITH"},{"data":"astrologer:TheStar","floor":15,"key":"SMITH"},{"data":"astrologer:CosmicExpanse","floor":23,"key":"SMITH"},{"data":"astrologer:CosmicExpanse","floor":25,"key":"SMITH"},{"floor":32,"key":"RECALL"},{"floor":42,"key":"REST"},{"data":"astrologer:TheStar","floor":44,"key":"SMITH"},{"data":"astrologer:Nova","floor":49,"key":"SMITH"}],"circlet_count":0,"master_deck":["astrologer:Defend","astrologer:Defend","astrologer:Defend","astrologer:Defend","astrologer:NorthStar","astrologer:TheFool","astrologer:Fireball+1","astrologer:Moonlight+1","astrologer:Stardust","astrologer:MeteorShower+1","astrologer:TheStar+1","astrologer:TheSun","astrologer:Stardust","astrologer:Judgement","astrologer:CosmicExpanse+1","astrologer:CosmicExpanse+1","astrologer:TheHierophant","Slimebound:Tackle+1","Slimebound:Tackle+1","astrologer:Trine","astrologer:FadingStar+1","astrologer:TheStar+1","astrologer:LonelyStar","astrologer:Eclipse+1","Doubt","astrologer:TheTower+1","astrologer:Nova+1"],"relics":["astrologer:SkyMirror","Strawberry","Bronze Scales","aspiration:PoetsPen_weak","aspiration:KaomsHeart"],"acts_visited":["Exordium","TheCity","TheBeyond"],"potions_floor_usage":[16,24,24,47,48,50],"damage_taken":[{"damage":0,"enemies":"Small Slimes","floor":1,"turns":4},{"damage":0,"enemies":"Jaw Worm","floor":4,"turns":2},{"damage":0,"enemies":"2 Louse","floor":7,"turns":3},{"damage":0,"enemies":"Blue Slaver","floor":10,"turns":2},{"damage":6,"enemies":"Lots of Slimes","floor":11,"turns":4},{"damage":1,"enemies":"Exordium Wildlife","floor":14,"turns":2},{"damage":33,"enemies":"Hexaghost","floor":16,"turns":9},{"damage":0,"enemies":"Spheric Guardian","floor":18,"turns":3},{"damage":0,"enemies":"3 Byrds","floor":20,"turns":2},{"damage":7,"enemies":"3 Cultists","floor":21,"turns":3},{"damage":5,"enemies":"Snecko","floor":24,"turns":4},{"damage":51,"enemies":"Shelled Parasite and Fungi","floor":27,"turns":4},{"damage":11,"enemies":"Snake Plant","floor":29,"turns":2},{"damage":24,"enemies":"Champ","floor":33,"turns":8},{"damage":42,"enemies":"3 Darklings","floor":35,"turns":4},{"damage":47,"enemies":"Reptomancer","floor":40,"turns":5},{"damage":15,"enemies":"Orb Walker","floor":41,"turns":4},{"damage":37,"enemies":"Writhing Mass","floor":47,"turns":5},{"damage":41,"enemies":"Nemesis","floor":48,"turns":5},{"damage":64,"enemies":"Time Eater","floor":50,"turns":8}],"seed_played":"455222752358992466","potions_obtained":[{"floor":1,"key":"Swift Potion"},{"floor":14,"key":"ColorlessPotion"},{"floor":18,"key":"AttackPotion"},{"floor":21,"key":"champ:CounterPotion"},{"floor":27,"key":"hexamod:SoulburnPotion"},{"floor":33,"key":"CultistPotion"},{"floor":41,"key":"SkillPotion"},{"floor":47,"key":"SkillPotion"}],"is_trial":false,"path_per_floor":["M","?","?","M","?","R","M","R","T","M","M","R","?","M","R","B",null,"M","$","M","M","?","R","M","R","T","M","?","M","?","$","R","B",null,"M","?","$","?","?","E","M","R","T","R","$","?","M","E","R","B",null],"character_chosen":"ASTROLOGER","items_purchased":["aspiration:KaomsHeart","astrologer:Judgement","aspiration:KMNothing","aspiration:KMNothing","aspiration:KMNothing","aspiration:KMNothing","aspiration:KMNothing","aspiration:KMNothing","astrologer:TheStar","MerchantsRug","aspiration:KMNothing","aspiration:KMNothing","aspiration:KMNothing"],"campfire_rested":1,"item_purchase_floors":[19,19,31,31,31,37,37,37,37,45,45,45,45],"current_hp_per_floor":[70,59,48,48,67,67,67,67,67,67,61,61,77,76,76,43,77,77,177,177,170,170,170,165,165,165,114,114,103,103,103,103,79,177,135,135,135,135,135,88,73,126,126,126,126,177,140,99,99,35],"gold":71,"neow_bonus":"RANDOM_COLORLESS","is_daily":false,"chose_seed":false,"campfire_upgraded":8,"win_rate":0.0,"timestamp":1611790806,"path_taken":["M","?","?","M","?","R","M","R","T","?","M","R","?","?","R","BOSS","M","$","M","M","?","R","M","R","T","M","?","M","?","$","R","BOSS","M","?","$","?","?","E","M","R","T","R","?","?","?","E","R","BOSS"],"items_purchased_type":["Relic","Card","Relic","Relic","Relic","Relic","Relic","Relic","Card","Relic","Relic","Relic","Relic"],"build_version":"2020-12-22","purchased_purges":1,"victory":true,"max_hp_per_floor":[70,70,77,77,77,77,77,77,77,77,77,77,77,77,77,77,77,77,177,177,177,177,177,177,177,177,177,177,177,177,177,177,177,177,177,177,177,177,177,177,177,177,177,177,177,177,177,177,177,177],"card_choices":[{"not_picked":["astrologer:Moonlight","astrologer:Conjunction"],"picked":"astrologer:Fireball","floor":1},{"not_picked":["astrologer:FrozenStar","astrologer:Conjunction"],"picked":"astrologer:ShiningStar","floor":4},{"not_picked":["astrologer:SolarFlare","astrologer:ReadTheStars"],"picked":"astrologer:Moonlight","floor":7},{"not_picked":["astrologer:LonelyStar","astrologer:FrozenStar"],"picked":"astrologer:Stardust","floor":10},{"not_picked":["astrologer:SolarFlare","astrologer:Radiance"],"picked":"astrologer:MeteorShower","floor":11},{"not_picked":["astrologer:Opposition","astrologer:TheHermit"],"picked":"astrologer:TheStar","floor":14},{"not_picked":["astrologer:Wish","astrologer:BlackHole"],"picked":"astrologer:TheSun","floor":16},{"not_picked":["astrologer:ReadTheStars+1","astrologer:Eclipse"],"picked":"astrologer:Stardust","floor":18},{"not_picked":["astrologer:Still","astrologer:Stardust+1"],"picked":"astrologer:CosmicExpanse","floor":20},{"not_picked":["astrologer:Moonlight","astrologer:Premeditation"],"picked":"astrologer:CosmicExpanse","floor":21},{"not_picked":["astrologer:Divination+1","astrologer:Eclipse","astrologer:Glimpse"],"picked":"SKIP","floor":24},{"not_picked":["astrologer:SolarFlare+1","astrologer:StarOfCourage"],"picked":"astrologer:TheHierophant","floor":27},{"not_picked":["astrologer:SolarFlare","astrologer:Conjunction","astrologer:Temperance+1"],"picked":"SKIP","floor":29},{"not_picked":["astrologer:Alignment","astrologer:WheelofFortune"],"picked":"astrologer:Trine","floor":33},{"not_picked":["astrologer:Judgement","astrologer:Divination+1"],"picked":"astrologer:FadingStar+1","floor":35},{"not_picked":["astrologer:TheHierophant","astrologer:Still+1"],"picked":"astrologer:LonelyStar","floor":40},{"not_picked":["astrologer:CometStrike","astrologer:Moonlight+1"],"picked":"astrologer:Eclipse+1","floor":41},{"not_picked":["astrologer:Still+1","astrologer:MeteorShower+1"],"picked":"astrologer:TheTower+1","floor":47},{"not_picked":["astrologer:Fate","astrologer:Eclipse+1"],"picked":"astrologer:Nova","floor":48}],"player_experience":48748,"relics_obtained":[{"floor":9,"key":"Bronze Scales"},{"floor":40,"key":"aspiration:KMNothing"},{"floor":43,"key":"aspiration:KMNothing"},{"floor":48,"key":"aspiration:KMNothing"}],"event_choices":[{"damage_healed":0,"gold_gain":75,"player_choice":"Gold","damage_taken":11,"max_hp_gain":0,"max_hp_loss":0,"event_name":"betterThird:BetterGoop","floor":2,"gold_loss":0},{"damage_healed":0,"gold_gain":0,"player_choice":"Relic ","damage_taken":18,"max_hp_gain":0,"max_hp_loss":0,"event_name":"betterThird:BetterScrap","floor":3,"gold_loss":0,"cards_obtained":["Fusion"]},{"damage_healed":19,"gold_gain":0,"player_choice":"Healed","damage_taken":0,"max_hp_gain":0,"max_hp_loss":0,"event_name":"The Cleric","floor":5,"gold_loss":35},{"cards_removed":["astrologer:ShiningStar"],"damage_healed":16,"gold_gain":0,"player_choice":"Offered Uncommon","damage_taken":0,"max_hp_gain":0,"max_hp_loss":0,"event_name":"Bonfire Elementals","floor":13,"gold_loss":0},{"damage_healed":0,"gold_gain":0,"player_choice":"Ignored","damage_taken":0,"max_hp_gain":0,"max_hp_loss":0,"event_name":"Beggar","floor":30,"gold_loss":0},{"damage_healed":0,"gold_gain":0,"player_choice":"Memory 1","damage_taken":0,"max_hp_gain":0,"max_hp_loss":0,"event_name":"SensoryStone","floor":36,"gold_loss":0},{"cards_removed":["Slimebound:Tackle"],"damage_healed":0,"gold_gain":0,"player_choice":"Removed Attack","damage_taken":0,"max_hp_gain":0,"max_hp_loss":0,"event_name":"Falling","floor":38,"gold_loss":0},{"damage_healed":0,"gold_gain":0,"player_choice":"Ignored","damage_taken":0,"max_hp_gain":0,"max_hp_loss":0,"event_name":"Tomb of Lord Red Mask","floor":39,"gold_loss":0},{"damage_healed":51,"gold_gain":0,"player_choice":"Heal","damage_taken":0,"max_hp_gain":0,"max_hp_loss":0,"event_name":"MindBloom","floor":46,"gold_loss":0,"cards_obtained":["Doubt"]}],"is_beta":false,"boss_relics":[{"not_picked":["aspiration:MarisaSkillbook","Runic Dome"],"picked":"aspiration:PoetsPen_weak"},{"not_picked":["aspiration:KMNothing","aspiration:KMNothing"],"picked":"aspiration:KMNothing"}],"items_purged_floors":[31],"is_endless":false,"potions_floor_spawned":[1,14,18,21,27,33,41,47],"ascension_level":0}}