{"host":"9slw7l0ws16384qq","time":1611780066,"event":{"mods":["A Penny For Your Troubles","BaseMod","Clockwork Mod","Colored Map","Evolution","Fiend Mod","Hermit","Hubris","Minty Spire (QoL Compilation)","Railgun Mod","Replay The Spire","Shedinja","StS++","StSLib"],"gold_per_floor":[117,117,117,127,127,127,139,139,189,189,189,114,114,14,14,109,109,127,127,69,79,97,97,122,122,122,122,122,137,157,169,169,266,266,286,305,325,325,339,367,379,379,379,379,222,222,67,94,94,95],"floor_reached":51,"language":"FRA","playtime":1576,"items_purged":["Languid","Hallucinations"],"score":788,"play_id":"803be761-8793-4831-97e6-bdea38481d4d","local_time":"20210127214106","is_ascension_mode":false,"campfire_choices":[{"data":"Poisoned Stab","floor":6.0,"key":"SMITH"},{"data":"Poisoned Stab","floor":10.0,"key":"SMITH"},{"data":"Poisoned Stab","floor":13.0,"key":"SMITH"},{"data":"Poisoned Stab","floor":15.0,"key":"SMITH"},{"data":"Footwork","floor":23.0,"key":"SMITH"},{"data":"Footwork","floor":25.0,"key":"SMITH"},{"data":"StSpp:AbandonFlesh","floor":27.0,"key":"SMITH"},{"data":"hubris:Disease","floor":32.0,"key":"PURGE"},{"data":"Dodge and Roll","floor":44.0,"key":"SMITH"},{"data":"Poisoned Stab","floor":46.0,"key":"SMITH"},{"floor":49,"key":"REST"}],"circlet_count":0,"master_deck":["Poisoned Stab+1","Poisoned Stab+1","Poisoned Stab+1","Poisoned Stab+1","Poisoned Stab+1","Dodge and Roll+1","Dodge and Roll","Dodge and Roll","Dodge and Roll","Dodge and Roll","Survivor","StSpp:AbandonFlesh+1","Footwork+1","Footwork+1","Footwork+1"],"relics":["EVO:Axolotl","Cursed Key","Potion Belt","Boot","Ring of Chaos","Vajra","Ice Cream","hubris:ToyBattleship","hubris:TerracottaHorce","MealTicket","Regal Pillow","DollysMirror"],"acts_visited":["Exordium","TheCity","TheBeyond"],"potions_floor_usage":[50,50,50,50],"damage_taken":[{"damage":3.0,"enemies":"Jaw Worm","floor":1.0,"turns":3.0},{"damage":0.0,"enemies":"Small Slimes","floor":4.0,"turns":2.0},{"damage":0.0,"enemies":"2 Louse","floor":7.0,"turns":2.0},{"damage":18.0,"enemies":"Hexaghost","floor":16.0,"turns":7.0},{"damage":16.0,"enemies":"2 Thieves","floor":18.0,"turns":4.0},{"damage":0.0,"enemies":"Chosen","floor":21.0,"turns":4.0},{"damage":15.0,"enemies":"Snake Plant","floor":22.0,"turns":4.0},{"damage":11.0,"enemies":"Gremlin Leader","floor":24.0,"turns":10.0},{"damage":4.0,"enemies":"Snecko","floor":29.0,"turns":4.0},{"damage":0.0,"enemies":"Cultist and Chosen","floor":30.0,"turns":7.0},{"damage":4.0,"enemies":"Centurion and Healer","floor":31.0,"turns":7.0},{"damage":12.0,"enemies":"Champ","floor":33.0,"turns":12.0},{"damage":6.0,"enemies":"3 Shapes","floor":35.0,"turns":5.0},{"damage":0.0,"enemies":"Orb Walker","floor":36.0,"turns":3.0},{"damage":8.0,"enemies":"3 Darklings","floor":37.0,"turns":7.0},{"damage":7.0,"enemies":"Spire Growth","floor":39.0,"turns":5.0},{"damage":4.0,"enemies":"Giant Head","floor":40.0,"turns":9.0},{"damage":21.0,"enemies":"4 Shapes","floor":41.0,"turns":6.0},{"damage":0.0,"enemies":"Reptomancer","floor":48.0,"turns":8.0},{"damage":12,"enemies":"Time Eater","floor":50,"turns":12}],"seed_played":"6295709476841506914","potions_obtained":[{"floor":1.0,"key":"Regen Potion"},{"floor":7.0,"key":"BlessingOfTheForge"},{"floor":22.0,"key":"Dexterity Potion"},{"floor":30.0,"key":"Dexterity Potion"},{"floor":33.0,"key":"Fire Potion"},{"floor":41.0,"key":"Dexterity Potion"}],"is_trial":false,"path_per_floor":["M","?","?","M","?","R","M","T","T","R","?","$","R","$","R","B",null,"M","?","$","M","M","R","E","R","T","R","?","M","M","M","R_BF","B",null,"M","M","M","?","M","E","M","?","T","R","$","R","$","E","R","B",null],"character_chosen":"THE_SILENT","items_purchased":["Footwork","Regal Pillow","DollysMirror"],"campfire_rested":1,"item_purchase_floors":[20,45,47],"current_hp_per_floor":[80,80,80,80,80,80,80,80,80,80,80,80,80,80,80,62,83,67,67,67,67,52,52,56,56,56,56,83,79,79,75,75,63,78,72,72,64,64,57,53,32,32,32,32,47,47,62,62,83,71],"gold":95,"neow_bonus":"BOSS_RELIC","is_daily":false,"chose_seed":false,"campfire_upgraded":9,"win_rate":0.0,"timestamp":1611780066,"path_taken":["M","?","?","M","?","R","M","?","T","R","?","$","R","$","R","BOSS","M","?","$","M","M","R","E","R","T","R","?","M","M","M","R_BF","BOSS","M","M","M","?","?","E","M","?","T","R","$","R","$","E","R","BOSS"],"items_purchased_type":["Card","Relic","Relic"],"build_version":"2020-12-22","purchased_purges":2,"victory":true,"max_hp_per_floor":[83,83,83,83,83,83,83,83,83,83,83,83,83,83,83,83,83,83,83,83,83,83,83,83,83,83,83,83,83,83,83,83,83,83,83,83,83,83,83,83,83,83,83,83,83,83,83,83,83,83],"card_choices":[{"not_picked":["StSpp:StrikeFirst","Heel Hook","Cloak And Dagger"],"picked":"SKIP","floor":1.0},{"not_picked":["Accuracy","ReplayTheSpireMod:Tripwire","Slice"],"picked":"SKIP","floor":4.0},{"not_picked":["Dagger Throw","Hidden Blade","Prepared"],"picked":"SKIP","floor":7.0},{"not_picked":["Night Terror","Unload"],"picked":"StSpp:AbandonFlesh","floor":16.0},{"not_picked":["Cloak And Dagger+1","PiercingWail","Dagger Spray"],"picked":"SKIP","floor":18.0},{"not_picked":["Cloak And Dagger","Acrobatics","StSpp:Dive"],"picked":"SKIP","floor":21.0},{"not_picked":["Poisoned Stab","Acrobatics+1","Flechettes"],"picked":"SKIP","floor":22.0},{"not_picked":["StSpp:AbandonFlesh","StSpp:Anticipation","Tactician"],"picked":"SKIP","floor":24.0},{"not_picked":["Blur+1","Deflect","Poisoned Stab"],"picked":"SKIP","floor":29.0},{"not_picked":["hubris:Counter+1","Terror+1","Outmaneuver+1"],"picked":"SKIP","floor":30.0},{"not_picked":["Riddle With Holes","Blade Dance+1","Backflip"],"picked":"SKIP","floor":31.0},{"not_picked":["StSpp:CorrosivePoison+1","Terror+1","Masterful Stab"],"picked":"SKIP","floor":35.0},{"not_picked":["Outmaneuver+1","StSpp:Dive+1","Deadly Poison+1"],"picked":"SKIP","floor":36.0},{"not_picked":["Sucker Punch+1","Flechettes","PiercingWail+1"],"picked":"SKIP","floor":37.0},{"not_picked":["hubris:SlightOfHand+1","Sucker Punch","Hidden Blade"],"picked":"SKIP","floor":39.0},{"not_picked":["Dagger Throw","Poisoned Stab+1","Die Die Die"],"picked":"SKIP","floor":40.0},{"not_picked":["Dagger Spray","Cloak And Dagger+1","StSpp:PoisonousPunch"],"picked":"SKIP","floor":41.0},{"not_picked":["hubris:SlightOfHand","StSpp:ChainedTrap+1","Setup+1"],"picked":"SKIP","floor":48}],"player_experience":1945393,"relics_obtained":[{"floor":8.0,"key":"Potion Belt"},{"floor":9.0,"key":"Boot"},{"floor":24.0,"key":"Ice Cream"},{"floor":26.0,"key":"hubris:ToyBattleship"},{"floor":40.0,"key":"MealTicket"}],"event_choices":[{"cards_removed":["Neutralize"],"damage_healed":0.0,"max_hp_gain":0.0,"max_hp_loss":0.0,"gold_gain":0.0,"event_name":"Living Wall","player_choice":"Forget","floor":2.0,"gold_loss":0.0,"damage_taken":0.0},{"damage_healed":0.0,"max_hp_gain":0.0,"max_hp_loss":0.0,"gold_gain":0.0,"event_name":"Liars Game","player_choice":"Ignored","floor":5.0,"gold_loss":0.0,"damage_taken":0.0},{"damage_healed":27.0,"max_hp_gain":0.0,"max_hp_loss":0.0,"gold_gain":0.0,"event_name":"The Library","player_choice":"Heal","floor":28.0,"gold_loss":0.0,"damage_taken":0.0},{"damage_healed":0.0,"max_hp_gain":0.0,"max_hp_loss":0.0,"gold_gain":0.0,"event_name":"Match and Keep!","player_choice":"0 cards matched","floor":38.0,"gold_loss":0.0,"damage_taken":0.0,"cards_obtained":[]},{"damage_healed":0.0,"max_hp_gain":0.0,"max_hp_loss":0.0,"gold_gain":0.0,"event_name":"Tomb of Lord Red Mask","player_choice":"Ignored","floor":42.0,"gold_loss":0.0,"damage_taken":0.0}],"is_beta":false,"boss_relics":[{"not_picked":["Pandora\u0027s Box","hubris:BlackHole"],"picked":"Ring of Chaos"},{"not_picked":["Fusion Hammer","Honey Jar"],"picked":"hubris:TerracottaHorce"}],"items_purged_floors":[12,14],"is_endless":false,"potions_floor_spawned":[1,7,22,30,33,41,48],"ascension_level":0}}