{"host":"bczg3e1yq3rp3pkk","time":1611751616,"event":{"mods":["Act Like it!","BaseMod","Conspire","Hermit","KinomotoSakuraMod(木之本樱)","Marisa（F雨　魔理沙）","Minty Spire (QoL Compilation)","Quick Restart","Replay The Spire","RumiaBox-露米娅的神秘盒子","Shop Mod","StSLib","The Bug Knight","The Construct","The Hierophant","The Servant 0.9.4","Warlord Emblem","[GremlinLeader]The Maniac","【遗物卡牌】REMEMod"],"gold_per_floor":[109,109,127,77,89,119,119],"floor_reached":6,"language":"ZHS","playtime":213,"items_purged":[],"score":36,"play_id":"f3e5d60e-33fb-4733-b185-a52c11a9d591","local_time":"20210127204656","is_ascension_mode":false,"campfire_choices":[],"circlet_count":0,"master_deck":["Strike_B","Strike_B","Strike_B","Defend_B","Defend_B","Defend_B","Defend_B","Zap","Cold Snap","Darkness","Chaos","BasicCrystalCard","conspire:Rain"],"relics":["WarlordEmblem:SoulOfKael","REME_ComplimentaryCards","NeowsBlessing"],"acts_visited":["Exordium"],"potions_floor_usage":[6],"damage_taken":[{"damage":0.0,"enemies":"Small Slimes","floor":1.0,"turns":1.0},{"damage":0.0,"enemies":"Cultist","floor":3.0,"turns":1.0},{"damage":0,"enemies":"Jaw Worm","floor":5,"turns":2},{"damage":22,"enemies":"Lagavulin","floor":6,"turns":4}],"seed_played":"-7813061034403877693","potions_obtained":[{"floor":5,"key":"REME_GoldPotion"}],"is_trial":false,"path_per_floor":["M","?","M","?","M","E"],"character_chosen":"Kael","items_purchased":[],"campfire_rested":0,"item_purchase_floors":[],"current_hp_per_floor":[75,75,75,75,75,53,53],"gold":119,"neow_bonus":"THREE_ENEMY_KILL","is_daily":false,"chose_seed":false,"campfire_upgraded":0,"win_rate":0.0,"timestamp":1611751616,"path_taken":["M","?","?","?","M","E"],"items_purchased_type":[],"build_version":"2020-12-22","purchased_purges":0,"victory":false,"max_hp_per_floor":[75,75,75,75,75,75,75],"card_choices":[{"not_picked":["Doom and Gloom","Gash"],"picked":"BasicCrystalCard","floor":1.0},{"not_picked":["Beam Cell","Rebound","Gash"],"picked":"SKIP","floor":3.0},{"not_picked":["Melter","Sunder"],"picked":"conspire:Rain","floor":5}],"player_experience":378512,"relics_obtained":[],"event_choices":[{"cards_removed":["construct:ForceCore"],"damage_healed":0.0,"max_hp_gain":0.0,"max_hp_loss":0.0,"gold_gain":0.0,"event_name":"Bonfire Elementals","player_choice":"Offered Uncommon","floor":2.0,"gold_loss":0.0,"damage_taken":0.0},{"cards_removed":["Strike_B"],"damage_healed":0.0,"max_hp_gain":0.0,"max_hp_loss":0.0,"gold_gain":0.0,"event_name":"The Cleric","player_choice":"Card Removal","floor":4.0,"gold_loss":50.0,"damage_taken":0.0}],"is_beta":false,"boss_relics":[],"items_purged_floors":[],"is_endless":false,"potions_floor_spawned":[5],"killed_by":"Lagavulin","ascension_level":0}}