{"host":"ncocfkoislda923u","time":1611753694,"event":{"mods":["BaseMod","Downfall","Googly Eyes","Minty Spire (QoL Compilation)","Spire Arcade","StSLib"],"gold_per_floor":[99,113,113,113,125,125,125,151,163,189,201,243,269,293,320,433,445,457,483,505,517,543,555,567,579,601,613,625,637,94,79,97,198,198,198,198,198,198,212,212,239,256,256,256,141,141,191,254,272,272],"floor_reached":51,"language":"ENG","playtime":10013,"items_purged":["bronze:Strike","bronze:Strike","bronze:Defend"],"score":610,"play_id":"b9547bb6-de02-495b-acbf-8ebef9e8e397","local_time":"20210127142134","is_ascension_mode":false,"campfire_choices":[{"data":"bronze:Format","floor":1,"key":"SMITH"},{"data":"bronze:DelayedSlice","floor":6,"key":"SMITH"},{"data":"bronze:Shell","floor":9,"key":"SMITH"},{"data":"bronze:Frontload","floor":11,"key":"SMITH"},{"data":"bronze:InfiniteBeams","floor":18,"key":"SMITH"},{"data":"bronze:HardenedForm","floor":23,"key":"SMITH"},{"data":"bronze:Verify","floor":27,"key":"SMITH"},{"floor":29,"key":"REST"},{"data":"bronze:SpaghettiCode","floor":35,"key":"SMITH"},{"data":"expansioncontent:Hexaburn","floor":40,"key":"SMITH"},{"data":"bronze:HardenedForm","floor":43,"key":"SMITH"},{"data":"expansioncontent:QuickStudy","floor":46,"key":"SMITH"}],"circlet_count":0,"master_deck":["bronze:Defend","bronze:Defend","bronze:Replicate","bronze:Format+1","bronze:FollowUp","bronze:DelayedSlice+1","bronze:Shell+1","bronze:Frontload+1","bronze:HardenedForm+1","bronze:InfiniteBeams+1","bronze:ClassDefault","bronze:AlphaBuild","bronze:Return","bronze:BronzeArmor+1","bronze:FollowUp","bronze:Verify+1","bronze:HardenedForm+1","expansioncontent:QuickStudy+1","bronze:Fortify+1","bronze:SpaghettiCode+1","bronze:Refactor+1","bronze:FineTuning+1","bronze:Verify+1","expansioncontent:Hexaburn+1","bronze:Flail","bronze:Overload+1","bronze:SpaghettiCode","bronze:Shell+1"],"relics":["bronze:PlatinumCore","MawBank","bronze:ProtectiveGoggles","Potion Belt","Bottled Lightning","Thread and Needle","Astrolabe","bronze:BottledCode","MealTicket","sneckomod:BlankCard","Pear","Incense Burner","Blood Vial"],"acts_visited":["Exordium","TheCity","TheBeyond"],"potions_floor_usage":[16,26,33,49,50,50,50],"damage_taken":[{"damage":0,"enemies":"Small Slimes","floor":2,"turns":3},{"damage":0,"enemies":"2 Louse","floor":5,"turns":2},{"damage":0,"enemies":"Cultist","floor":8,"turns":2},{"damage":0,"enemies":"Large Slime","floor":10,"turns":3},{"damage":2,"enemies":"Blue Slaver","floor":13,"turns":4},{"damage":13,"enemies":"Exordium Thugs","floor":14,"turns":5},{"damage":10,"enemies":"3 Louse","floor":15,"turns":4},{"damage":16,"enemies":"WA_ARCHETYPE_RETAIN","floor":16,"turns":10},{"damage":0,"enemies":"Chosen","floor":19,"turns":4},{"damage":0,"enemies":"Shell Parasite","floor":20,"turns":6},{"damage":3,"enemies":"Snake Plant","floor":22,"turns":5},{"damage":10,"enemies":"Centurion and Healer","floor":26,"turns":4},{"damage":0,"enemies":"downfall:FleeingMerchant","floor":30,"turns":4},{"damage":0,"enemies":"downfall:FleeingMerchant","floor":31,"turns":4},{"damage":10,"enemies":"Shelled Parasite and Fungi","floor":32,"turns":7},{"damage":4,"enemies":"IC_MUSHROOM_ARCHETYPE","floor":33,"turns":11},{"damage":0,"enemies":"Orb Walker","floor":39,"turns":4},{"damage":0,"enemies":"3 Darklings","floor":42,"turns":11},{"damage":2,"enemies":"downfall:FleeingMerchant","floor":45,"turns":4},{"damage":0,"enemies":"downfall:FleeingMerchant","floor":47,"turns":6},{"damage":0,"enemies":"downfall:FleeingMerchant","floor":48,"turns":4},{"damage":6,"enemies":"Transient","floor":49,"turns":5},{"damage":7,"enemies":"DF_ARCHETYPE_ORBS","floor":50,"turns":9}],"seed_played":"1081192716199933393","potions_obtained":[{"floor":2,"key":"Energy Potion"},{"floor":14,"key":"SteroidPotion"},{"floor":16,"key":"bronze:BuildAFunctionPotion"},{"floor":19,"key":"Strength Potion"},{"floor":25,"key":"CultistPotion"},{"floor":32,"key":"sneckomod:MuddlingPotion"},{"floor":33,"key":"DistilledChaos"},{"floor":42,"key":"Ancient Potion"},{"floor":49,"key":"bronze:FreeFunctionsPotion"}],"is_trial":false,"path_per_floor":["R","M","?","?","M","R","T","M","R","M","R","?","M","M","M","B",null,"R","M","M","?","M","R","T","?","M","R","T","R","$","$","M","B",null,"R","?","?","T","M","R","T","M","R","?","$","R","?","$","M","B",null],"character_chosen":"THE_AUTOMATON","items_purchased":["expansioncontent:QuickStudy","Thread and Needle","Blood Vial"],"campfire_rested":1,"item_purchase_floors":[30,30,48],"current_hp_per_floor":[70,70,70,70,70,70,70,70,70,70,70,70,68,55,45,29,70,70,70,70,70,67,67,67,67,57,57,57,70,70,70,60,56,70,70,60,60,60,60,60,60,60,60,70,68,68,68,70,64,59],"gold":272,"neow_bonus":"ONE_RANDOM_RARE_CARD","is_daily":false,"chose_seed":false,"campfire_upgraded":11,"win_rate":0.0,"timestamp":1611753694,"path_taken":["R","M","?","?","M","R","T","M","R","?","R","?","M","M","M","BOSS","R","M","M","?","M","R","T","?","M","R","?","R","?","$","M","BOSS","R","?","?","?","?","R","T","M","R","?","$","R","?","$","M","BOSS"],"items_purchased_type":["Card","Relic","Relic"],"build_version":"2020-12-22","purchased_purges":3,"victory":true,"max_hp_per_floor":[70,70,70,70,70,70,70,70,70,70,70,70,70,70,70,70,70,70,70,70,70,70,70,70,70,70,70,70,70,70,70,70,70,70,70,60,60,60,60,60,60,60,60,70,70,70,70,70,70,70],"card_choices":[{"not_picked":["bronze:Backtrace","bronze:MaxOutput"],"picked":"bronze:FollowUp","floor":2},{"not_picked":["bronze:BitShift","bronze:NullPointer"],"picked":"bronze:DelayedSlice","floor":5},{"not_picked":["bronze:Philosophize","bronze:BronzeArmor"],"picked":"bronze:Shell","floor":8},{"not_picked":["bronze:OilSpill","bronze:MaxOutput"],"picked":"bronze:Frontload","floor":10},{"not_picked":["bronze:Overload","bronze:Separator"],"picked":"bronze:HardenedForm","floor":13},{"not_picked":["bronze:Deprecate","bronze:ForLoop"],"picked":"bronze:InfiniteBeams","floor":14},{"not_picked":["bronze:BugBarrage","bronze:FollowUp"],"picked":"bronze:ClassDefault","floor":15},{"not_picked":["bronze:BurnOut","bronze:FindAndReplace"],"picked":"bronze:AlphaBuild","floor":16},{"not_picked":["bronze:BugBarrage+1","bronze:BuggyMess"],"picked":"bronze:Return","floor":19},{"not_picked":["bronze:Invalidate","bronze:CutThrough"],"picked":"bronze:BronzeArmor+1","floor":20},{"not_picked":["bronze:Philosophize+1","bronze:OilSpill"],"picked":"bronze:FollowUp","floor":22},{"not_picked":["bronze:CutThrough","bronze:MaxOutput"],"picked":"bronze:Verify","floor":26},{"not_picked":["bronze:Branch","bronze:OilSpill"],"picked":"bronze:HardenedForm","floor":30},{"not_picked":["bronze:Turbo+1","bronze:OilSpill","bronze:Overheat"],"picked":"SKIP","floor":31},{"not_picked":["bronze:BuggyMess","bronze:FollowUp"],"picked":"bronze:Fortify+1","floor":32},{"not_picked":["bronze:FindAndReplace","bronze:HyperBeam"],"picked":"bronze:SpaghettiCode","floor":33},{"not_picked":["expansioncontent:InvincibleStrength","expansioncontent:LastStand"],"picked":"expansioncontent:Hexaburn","floor":37},{"not_picked":["bronze:Invalidate","bronze:Iterate+1","bronze:Constructor"],"picked":"SKIP","floor":39},{"not_picked":["bronze:ForLoop+1","bronze:WildBeam+1"],"picked":"bronze:Flail","floor":42},{"not_picked":["bronze:Iterate+1","bronze:Turbo+1","bronze:DelayedSlice"],"picked":"SKIP","floor":45},{"not_picked":["bronze:DelayedGuard","bronze:ItsAFeature"],"picked":"bronze:Overload+1","floor":47},{"not_picked":["bronze:Flail+1","bronze:Return"],"picked":"bronze:SpaghettiCode","floor":48},{"not_picked":["bronze:ForceShield","bronze:Philosophize+1"],"picked":"bronze:Shell+1","floor":49}],"player_experience":1509707,"relics_obtained":[{"floor":7,"key":"MawBank"},{"floor":24,"key":"Potion Belt"},{"floor":28,"key":"Bottled Lightning"},{"floor":38,"key":"MealTicket"},{"floor":41,"key":"sneckomod:BlankCard"},{"floor":44,"key":"Pear"},{"floor":47,"key":"Incense Burner"}],"event_choices":[{"cards_removed":["bronze:Goto"],"damage_healed":0,"gold_gain":0,"player_choice":"Offered Basic","damage_taken":0,"max_hp_gain":0,"max_hp_loss":0,"event_name":"Bonfire Elementals","floor":4,"gold_loss":0}],"is_beta":false,"boss_relics":[{"not_picked":["Snecko Eye","sneckomod:SneckoTalon"],"picked":"bronze:PlatinumCore"},{"not_picked":["Calling Bell","Velvet Choker"],"picked":"Astrolabe"}],"items_purged_floors":[30,45,48],"is_endless":false,"potions_floor_spawned":[2,14,16,19,32,33,42,49],"ascension_level":0}}