{"host":"rlaoocccpvkuvnev","time":1611771968,"event":{"mods":["BaseMod","Colored Map","Minty Spire (QoL Compilation)"],"gold_per_floor":[112,129,147,97,107,140,315,340,392,407,407,420,420,434,434,533,533,522,194,194,209,134,134,168,168,168,203,215,215,227,257,257,362,362,373,423,423,423,443,443,520,554,554,564,282,282,293,343,343,343],"floor_reached":51,"language":"ENG","playtime":4032,"items_purged":["Strike_G","Doubt"],"score":842,"play_id":"05a46b27-e9a0-4a98-aba5-0f9f2d27d142","local_time":"20210127122608","is_ascension_mode":true,"campfire_choices":[{"data":"Footwork","floor":11,"key":"SMITH"},{"floor":13,"key":"REST"},{"data":"Neutralize","floor":15,"key":"SMITH"},{"data":"RitualDagger","floor":23,"key":"SMITH"},{"data":"Wraith Form v2","floor":29,"key":"SMITH"},{"floor":32,"key":"REST"},{"data":"Footwork","floor":40,"key":"SMITH"},{"data":"Backflip","floor":46,"key":"SMITH"},{"floor":49,"key":"REST"}],"circlet_count":0,"master_deck":["Strike_G+1","Defend_G","Defend_G","Defend_G","Survivor","Neutralize+1","Blade Dance","Dagger Spray","Dagger Throw+1","Footwork+1","PiercingWail","Cloak And Dagger","Quick Slash","Wraith Form v2+1","Blur","Caltrops","PiercingWail","Footwork+1","RitualDagger+1","Crippling Poison","Dodge and Roll","Slice","A Thousand Cuts","Cloak And Dagger","Bouncing Flask","Adrenaline","Terror","Caltrops","Iron Wave","Footwork+1","Predator+1","PanicButton","Blur","Prepared+1","Backflip+1","Noxious Fumes+1","Dodge and Roll+1"],"relics":["Ring of the Snake","Boot","Bronze Scales","Matryoshka","MealTicket","Whetstone","SlaversCollar","DollysMirror","HornCleat","Bottled Lightning","Smiling Mask","Toy Ornithopter","Blood Vial","Sozu","Torii","Darkstone Periapt","Bag of Marbles","White Beast Statue","Orrery","Bird Faced Urn"],"acts_visited":["Exordium","TheCity","TheBeyond"],"potions_floor_usage":[16,28,33,50,50,50],"damage_taken":[{"damage":4,"enemies":"Jaw Worm","floor":1,"turns":4},{"damage":0,"enemies":"2 Louse","floor":2,"turns":2},{"damage":6,"enemies":"Small Slimes","floor":3,"turns":2},{"damage":8,"enemies":"3 Louse","floor":5,"turns":2},{"damage":21,"enemies":"Gremlin Nob","floor":6,"turns":4},{"damage":15,"enemies":"3 Sentries","floor":8,"turns":8},{"damage":7,"enemies":"Exordium Thugs","floor":10,"turns":4},{"damage":2,"enemies":"Large Slime","floor":12,"turns":5},{"damage":0,"enemies":"3 Louse","floor":14,"turns":2},{"damage":6,"enemies":"Hexaghost","floor":16,"turns":9},{"damage":16,"enemies":"2 Thieves","floor":18,"turns":4},{"damage":2,"enemies":"3 Byrds","floor":21,"turns":3},{"damage":0,"enemies":"Book of Stabbing","floor":24,"turns":5},{"damage":31,"enemies":"Slavers","floor":27,"turns":6},{"damage":17,"enemies":"Shelled Parasite and Fungi","floor":28,"turns":8},{"damage":5,"enemies":"Centurion and Healer","floor":30,"turns":8},{"damage":9,"enemies":"Book of Stabbing","floor":31,"turns":6},{"damage":22,"enemies":"Champ","floor":33,"turns":16},{"damage":3,"enemies":"3 Shapes","floor":35,"turns":5},{"damage":1,"enemies":"Mind Bloom Boss Battle","floor":36,"turns":7},{"damage":9,"enemies":"3 Darklings","floor":39,"turns":6},{"damage":10,"enemies":"Reptomancer","floor":42,"turns":10},{"damage":12,"enemies":"Spire Growth","floor":44,"turns":5},{"damage":0,"enemies":"Transient","floor":47,"turns":5},{"damage":17,"enemies":"2 Orb Walkers","floor":48,"turns":8},{"damage":9,"enemies":"Awakened One","floor":50,"turns":19}],"seed_played":"-4541240704782469092","potions_obtained":[{"floor":1,"key":"FearPotion"},{"floor":6,"key":"Ancient Potion"},{"floor":8,"key":"LiquidBronze"},{"floor":16,"key":"Regen Potion"},{"floor":30,"key":"GhostInAJar"},{"floor":33,"key":"GhostInAJar"}],"is_trial":false,"path_per_floor":["M","M","M","?","M","E","?","E","T","M","R","M","R","M","R","B",null,"M","$","?","M","?","R","E","?","T","E","M","R","M","E","R","B",null,"M","?","?","?","M","R","T","E","T","M","$","R","M","?","R","B",null],"character_chosen":"THE_SILENT","items_purchased":["Caltrops","PiercingWail","DollysMirror","PanicButton","Orrery"],"campfire_rested":3,"item_purchase_floors":[19,19,19,45,45],"current_hp_per_floor":[66,66,60,60,52,31,31,16,16,9,9,7,28,28,28,22,70,54,69,63,61,61,61,61,61,61,30,33,33,28,19,40,25,70,67,68,66,66,57,57,57,49,49,39,54,54,56,41,60,66],"gold":343,"neow_bonus":"RANDOM_COMMON_RELIC","is_daily":false,"chose_seed":false,"campfire_upgraded":6,"win_rate":0.0,"timestamp":1611771968,"path_taken":["M","M","M","?","M","E","?","E","T","M","R","M","R","?","R","BOSS","M","$","?","M","?","R","E","?","T","E","M","R","?","E","R","BOSS","M","?","?","?","?","R","?","E","T","M","$","R","M","?","R","BOSS"],"items_purchased_type":["Card","Card","Relic","Card","Relic"],"build_version":"2020-12-22","purchased_purges":2,"victory":true,"max_hp_per_floor":[70,70,70,70,70,70,70,70,70,70,70,70,70,70,70,70,70,70,70,70,70,70,70,70,70,70,70,70,70,70,70,70,70,70,70,70,66,66,66,66,66,66,66,66,66,66,66,66,66,66],"card_choices":[{"not_picked":["Blur","Dagger Throw"],"picked":"Blade Dance","floor":1},{"not_picked":["Poisoned Stab","Endless Agony"],"picked":"Dagger Spray","floor":2},{"not_picked":["Underhanded Strike","Dodge and Roll"],"picked":"Dagger Throw","floor":3},{"not_picked":["Acrobatics","Flying Knee","Outmaneuver"],"picked":"SKIP","floor":5},{"not_picked":["Dodge and Roll","Underhanded Strike"],"picked":"Footwork","floor":6},{"not_picked":["Outmaneuver","Grand Finale"],"picked":"PiercingWail","floor":8},{"not_picked":["All Out Attack","Acrobatics","Flying Knee"],"picked":"SKIP","floor":10},{"not_picked":["Accuracy","Flying Knee"],"picked":"Cloak And Dagger","floor":12},{"not_picked":["Poisoned Stab","Prepared"],"picked":"Quick Slash","floor":14},{"not_picked":["Burst","Tools of the Trade"],"picked":"Wraith Form v2","floor":16},{"not_picked":["Quick Slash","Sucker Punch+1"],"picked":"Blur","floor":18},{"not_picked":["Underhanded Strike","Acrobatics"],"picked":"Crippling Poison","floor":21},{"not_picked":["Blade Dance","Envenom"],"picked":"Dodge and Roll","floor":24},{"not_picked":["Setup+1","Acrobatics"],"picked":"Cloak And Dagger","floor":27},{"not_picked":["Setup+1","Outmaneuver","Quick Slash"],"picked":"SKIP","floor":28},{"not_picked":["Quick Slash","Infinite Blades"],"picked":"Bouncing Flask","floor":30},{"not_picked":["Night Terror","Underhanded Strike","Bane+1"],"picked":"SKIP","floor":31},{"not_picked":["A Thousand Cuts","Venomology"],"picked":"Adrenaline","floor":33},{"not_picked":["Dodge and Roll","Masterful Stab"],"picked":"Terror","floor":35},{"not_picked":["Crippling Poison","Poisoned Stab+1"],"picked":"Caltrops","floor":36},{"not_picked":["Bane","Acrobatics+1"],"picked":"Footwork","floor":39},{"not_picked":["Quick Slash","Envenom"],"picked":"Predator+1","floor":42},{"not_picked":["Sucker Punch+1","Slice","Endless Agony+1"],"picked":"SKIP","floor":44},{"not_picked":["Poisoned Stab","Endless Agony"],"picked":"Blur","floor":45},{"not_picked":["Quick Slash","Sucker Punch"],"picked":"Prepared+1","floor":45},{"not_picked":["Slice","After Image"],"picked":"Backflip","floor":45},{"not_picked":["Catalyst","Poisoned Stab+1"],"picked":"Noxious Fumes+1","floor":45},{"not_picked":["Infinite Blades+1","Expertise","Deflect"],"picked":"SKIP","floor":47},{"not_picked":["Acrobatics+1","Cloak And Dagger"],"picked":"Dodge and Roll+1","floor":48}],"player_experience":433190,"relics_obtained":[{"floor":6,"key":"Bronze Scales"},{"floor":8,"key":"Matryoshka"},{"floor":9,"key":"MealTicket"},{"floor":9,"key":"Whetstone"},{"floor":24,"key":"HornCleat"},{"floor":26,"key":"Bottled Lightning"},{"floor":26,"key":"Smiling Mask"},{"floor":27,"key":"Toy Ornithopter"},{"floor":31,"key":"Blood Vial"},{"floor":36,"key":"Torii"},{"floor":41,"key":"Darkstone Periapt"},{"floor":42,"key":"Bag of Marbles"},{"floor":43,"key":"White Beast Statue"},{"floor":48,"key":"Bird Faced Urn"}],"event_choices":[{"cards_removed":["Strike_G"],"damage_healed":0,"gold_gain":0,"player_choice":"Card Removal","damage_taken":0,"max_hp_gain":0,"max_hp_loss":0,"event_name":"The Cleric","floor":4,"gold_loss":50},{"damage_healed":0,"gold_gain":175,"player_choice":"AGREE","damage_taken":0,"max_hp_gain":0,"max_hp_loss":0,"event_name":"Liars Game","floor":7,"gold_loss":0,"cards_obtained":["Doubt"]},{"damage_healed":0,"gold_gain":0,"player_choice":"Joined the Cult","damage_taken":6,"max_hp_gain":0,"max_hp_loss":0,"event_name":"Nest","floor":20,"gold_loss":0,"cards_obtained":["RitualDagger"]},{"cards_removed":["Strike_G"],"damage_healed":0,"gold_gain":0,"player_choice":"Gave Gold","damage_taken":0,"max_hp_gain":0,"max_hp_loss":0,"event_name":"Beggar","floor":22,"gold_loss":75},{"damage_healed":0,"gold_gain":0,"cards_transformed":["Strike_G","Defend_G"],"player_choice":"Became Test Subject","damage_taken":0,"max_hp_gain":0,"max_hp_loss":0,"event_name":"Drug Dealer","floor":25,"gold_loss":0,"cards_obtained":["Slice","A Thousand Cuts"]},{"damage_healed":0,"gold_gain":0,"player_choice":"Fight","damage_taken":0,"max_hp_gain":0,"max_hp_loss":0,"event_name":"MindBloom","floor":36,"gold_loss":0},{"damage_healed":0,"gold_gain":0,"player_choice":"Max HP","damage_taken":0,"max_hp_gain":0,"max_hp_loss":4,"event_name":"Winding Halls","floor":37,"gold_loss":0},{"cards_removed":["Defend_G"],"damage_healed":0,"gold_gain":0,"player_choice":"Took Card","damage_taken":0,"max_hp_gain":0,"max_hp_loss":0,"event_name":"NoteForYourself","floor":38,"gold_loss":0,"cards_obtained":["Iron Wave"]},{"damage_healed":0,"gold_gain":0,"player_choice":"Fight","damage_taken":0,"max_hp_gain":0,"max_hp_loss":0,"event_name":"Mysterious Sphere","floor":48,"gold_loss":0}],"is_beta":false,"boss_relics":[{"not_picked":["Philosopher\u0027s Stone","SacredBark"],"picked":"SlaversCollar"},{"not_picked":["Tiny House","Ring of the Serpent"],"picked":"Sozu"}],"items_purged_floors":[19,45],"is_endless":false,"potions_floor_spawned":[1,6,8,16,24,30,31,33,44,47,48],"ascension_level":2}}