{"host":"hbel9g7s7ibv8po6","time":1611761127,"event":{"mods":["Act Like it!","BaseMod","Duelist Mod","Minty Spire (QoL Compilation)","StSLib"],"gold_per_floor":[136,136,136,154,173,208,208,222,298,298,317,317,348,359,359,460,460,478,403,413,430,430,430,463,476,499,509,541,541,868,888,888,993,993,1007,1062,400,100,100,126,126,126,126],"floor_reached":42,"language":"ENG","playtime":2224,"items_purged":["theDuelist:CastleWalls","theDuelist:Sparks"],"score":751,"play_id":"02ed74ca-0992-4c12-a3bc-238bb7fe82af","local_time":"20210127232527","is_ascension_mode":true,"campfire_choices":[{"data":"theDuelist:InfernityDoomDragon","floor":7.0,"key":"SMITH"},{"data":"theDuelist:GoldenApples","floor":10.0,"key":"SMITH"},{"data":"theDuelist:BlueEyesUltimate","floor":12.0,"key":"SMITH"},{"data":"theDuelist:DragonZombie","floor":15.0,"key":"SMITH"},{"data":"theDuelist:SliferSky","floor":23.0,"key":"SMITH"},{"data":"theDuelist:StardustDragon","floor":29.0,"key":"SMITH"},{"floor":32.0,"key":"REST"},{"floor":41,"key":"REST"}],"circlet_count":0,"master_deck":["theDuelist:Hydrogeddon","Madness","theDuelist:DragonMirror+1","theDuelist:CaveDragon","theDuelist:StardustDragon+1","theDuelist:BlueEyesUltimate+1","theDuelist:TyrantWing+1","theDuelist:DragonZombie+1","theDuelist:LesserDragon","theDuelist:ClawHermos+1","theDuelist:SliferSky+1","theDuelist:YamataDragon","theDuelist:StardustDragon","theDuelist:InfernityDoomDragon+1","theDuelist:Destroyersaurus+1","theDuelist:ForbiddenLance","theDuelist:CaveDragon","Madness","theDuelist:BabyDragon","theDuelist:BigKoala","theDuelist:LesserDragon","theDuelist:DragonCaptureJar","theDuelist:GoldenApples+1","theDuelist:GravityLash"],"relics":["theDuelist:MillenniumPuzzle","theDuelist:CardPoolRelic","theDuelist:CardPoolBasicRelic","theDuelist:BoosterPackPoolRelic","theDuelist:CardPoolAddRelic","theDuelist:CardPoolMinusRelic","theDuelist:CardPoolSaveRelic","theDuelist:CardPoolOptionsRelic","theDuelist:ElectricToken","theDuelist:MetronomeRelicB","theDuelist:DragonRelic","Gambling Chip","theDuelist:MillenniumKey","Du-Vu Doll","Happy Flower","Red Mask","Old Coin","Runic Cube","theDuelist:DragonRelicB","Question Card","theDuelist:BoosterPackMonsterEgg","theDuelist:MillenniumPrayerbook","theDuelist:MillenniumArmor"],"acts_visited":["Exordium","TheCity","TheBeyond"],"potions_floor_usage":[],"damage_taken":[{"damage":0.0,"enemies":"2 Louse","floor":1.0,"turns":1.0},{"damage":0.0,"enemies":"Cultist","floor":4.0,"turns":2.0},{"damage":0.0,"enemies":"Small Slimes","floor":5.0,"turns":1.0},{"damage":5.0,"enemies":"3 Sentries","floor":6.0,"turns":5.0},{"damage":0.0,"enemies":"Blue Slaver","floor":8.0,"turns":2.0},{"damage":2.0,"enemies":"Looter","floor":11.0,"turns":2.0},{"damage":1.0,"enemies":"Gremlin Nob","floor":13.0,"turns":4.0},{"damage":0.0,"enemies":"Large Slime","floor":14.0,"turns":2.0},{"damage":15.0,"enemies":"Hexaghost","floor":16.0,"turns":5.0},{"damage":6.0,"enemies":"Shell Parasite","floor":18.0,"turns":2.0},{"damage":0.0,"enemies":"3 Byrds","floor":20.0,"turns":2.0},{"damage":0.0,"enemies":"Snecko","floor":21.0,"turns":2.0},{"damage":15.0,"enemies":"Slavers","floor":24.0,"turns":6.0},{"damage":1.0,"enemies":"Centurion and Healer","floor":25.0,"turns":4.0},{"damage":0.0,"enemies":"Cultist and Chosen","floor":27.0,"turns":4.0},{"damage":12.0,"enemies":"Masked Bandits","floor":28.0,"turns":3.0},{"damage":15.0,"enemies":"Gremlin Leader","floor":30.0,"turns":4.0},{"damage":0.0,"enemies":"Chosen and Byrds","floor":31.0,"turns":5.0},{"damage":17.0,"enemies":"Collector","floor":33.0,"turns":6.0},{"damage":0.0,"enemies":"3 Shapes","floor":35.0,"turns":3.0},{"damage":36,"enemies":"2 Orb Walkers","floor":36,"turns":4},{"damage":2,"enemies":"Giant Head","floor":40,"turns":9},{"damage":42,"enemies":"Nemesis","floor":42,"turns":6}],"seed_played":"5581144786385440672","potions_obtained":[{"floor":1.0,"key":"theDuelist:TokenPotion"},{"floor":8.0,"key":"theDuelist:SealedPackB"},{"floor":13.0,"key":"SteroidPotion"},{"floor":25.0,"key":"Weak Potion"},{"floor":28.0,"key":"PowerPotion"},{"floor":30.0,"key":"theDuelist:BurningPotion"},{"floor":35.0,"key":"LiquidBronze"},{"floor":36,"key":"Fire Potion"}],"is_trial":false,"path_per_floor":["M","?","?","M","M","E","R","M","T","R","M","R","E","M","R","B",null,"M","$","M","M","?","R","E","M","T","M","?","R","E","M","R","B",null,"M","?","$","?","?","E","R","E"],"character_chosen":"THE_DUELIST","items_purchased":["Question Card","theDuelist:BoosterPackMonsterEgg"],"campfire_rested":2,"item_purchase_floors":[37,37],"current_hp_per_floor":[72,60,60,60,60,55,55,55,55,55,53,53,52,52,52,37,69,63,63,63,63,63,63,48,47,47,47,35,35,20,20,44,27,67,67,31,31,25,15,13,37,0,0],"gold":126,"neow_bonus":"REMOVE_CARD","is_daily":false,"chose_seed":false,"campfire_upgraded":6,"win_rate":0.0,"timestamp":1611761127,"path_taken":["M","?","?","?","M","E","R","M","T","R","?","R","E","M","R","BOSS","M","$","M","M","?","R","E","M","T","M","?","R","E","M","R","BOSS","M","?","$","?","?","E","R","E"],"items_purchased_type":["Relic","Relic"],"build_version":"2020-12-22","purchased_purges":2,"victory":false,"max_hp_per_floor":[80,80,80,80,80,80,80,80,80,80,80,80,80,80,80,80,80,80,80,80,80,80,80,80,80,80,80,80,80,80,80,80,80,80,80,80,80,80,80,80,80,80,80],"card_choices":[{"not_picked":["theDuelist:YamataDragon","theDuelist:WaterDragonCluster","theDuelist:JurassicImpact","theDuelist:DragonShield"],"picked":"theDuelist:InfernityDoomDragon","floor":1.0},{"not_picked":["theDuelist:BigFire","theDuelist:BattleguardKing","theDuelist:BlackPendant","theDuelist:PurplePainOni"],"picked":"theDuelist:GoldenApples","floor":4.0},{"not_picked":["theDuelist:BlackBrachios","theDuelist:QueenDragunDjinn","theDuelist:BackgroundDragon","theDuelist:BusterBladerDDS"],"picked":"theDuelist:BlueEyesUltimate","floor":5.0},{"not_picked":["theDuelist:YamataDragon","theDuelist:ViceDragon","theDuelist:Kabazauls","theDuelist:Hydrogeddon"],"picked":"theDuelist:DragonZombie","floor":6.0},{"not_picked":["theDuelist:TwinHeadedFire","theDuelist:Kabazauls","theDuelist:CurseDragon","theDuelist:BlackBrutdrago","theDuelist:MetalDragon"],"picked":"SKIP","floor":8.0},{"not_picked":["theDuelist:TwinHeadedBehemoth+1","theDuelist:BlackTyranno+1"],"picked":"theDuelist:Destroyersaurus+1","floor":11.0},{"not_picked":["theDuelist:SystemDown+1","theDuelist:AutorokketDragon+1","theDuelist:JurassicImpact+1","theDuelist:BoosterDragon+1"],"picked":"theDuelist:DragonMirror+1","floor":13.0},{"not_picked":["theDuelist:BattleguardKing","theDuelist:Hinotama","theDuelist:LightningDarts","theDuelist:RainbowOverdragon","theDuelist:SmashingGround"],"picked":"SKIP","floor":14.0},{"not_picked":["theDuelist:TailSwipe","theDuelist:QueenDragunDjinn","theDuelist:OceanDragonLord","theDuelist:BlueDuston"],"picked":"theDuelist:SliferSky","floor":16.0},{"not_picked":["theDuelist:BigFire","theDuelist:Wiseman","theDuelist:ForbiddenChalice","theDuelist:PreventRat"],"picked":"theDuelist:BigKoala","floor":18.0},{"not_picked":["theDuelist:WaterDragon","theDuelist:DoomkaiserDragon","theDuelist:CyberDragonInfinity","theDuelist:BlueDuston"],"picked":"theDuelist:GravityLash","floor":20.0},{"not_picked":["theDuelist:BattleguardKing","theDuelist:ForbiddenChalice","theDuelist:BlueBloodedOni+1","theDuelist:DianKeto","theDuelist:ReinforcementsArmy"],"picked":"SKIP","floor":21.0},{"not_picked":["theDuelist:VeilDarkness+1","theDuelist:SpiralSpearStrike+1","theDuelist:FireDarts","theDuelist:DragonCaptureJar+1"],"picked":"theDuelist:TyrantWing+1","floor":24.0},{"not_picked":["theDuelist:TornadoDragon","theDuelist:SnowDragon","theDuelist:MirageDragon","theDuelist:BarrelDragon+1","theDuelist:AncientDragon"],"picked":"SKIP","floor":25.0},{"not_picked":["theDuelist:WaterDragon","theDuelist:SliferSky","theDuelist:CyberDragonInfinity+1","theDuelist:BSkullDragon+1"],"picked":"theDuelist:StardustDragon","floor":27.0},{"not_picked":["theDuelist:TyrantWing","theDuelist:SafeZone","theDuelist:FireDarts+1","theDuelist:DefenseZone+1"],"picked":"theDuelist:DragonCaptureJar","floor":28.0},{"not_picked":["theDuelist:BeserkDragon+1","theDuelist:CaveDragon+1","theDuelist:CyberLaserDragon","theDuelist:DarkfireDragon"],"picked":"theDuelist:ClawHermos+1","floor":30.0},{"not_picked":["theDuelist:FireDarts","theDuelist:RedEyes","theDuelist:SeismicShockwave","theDuelist:TailSwipe"],"picked":"theDuelist:StardustDragon","floor":31.0},{"not_picked":["theDuelist:BlackPtera+1","theDuelist:Anthrosaurus+1","theDuelist:SilverDragon","theDuelist:MoltenDestruction+1","theDuelist:SafeZone"],"picked":"SKIP","floor":35.0},{"not_picked":["theDuelist:BattleguardKing+1","theDuelist:BigFire+1","theDuelist:Hinotama","theDuelist:RainbowOverdragon+1"],"picked":"theDuelist:ForbiddenLance","floor":36},{"not_picked":["theDuelist:Earthquake","theDuelist:SafeZone+1","theDuelist:CurseDragon+1","theDuelist:MoltenDestruction","theDuelist:CoralDragon+1"],"picked":"SKIP","floor":40}],"player_experience":153575,"relics_obtained":[{"floor":6.0,"key":"theDuelist:MetronomeRelicB"},{"floor":9.0,"key":"theDuelist:DragonRelic"},{"floor":13.0,"key":"Gambling Chip"},{"floor":24.0,"key":"Du-Vu Doll"},{"floor":26.0,"key":"Happy Flower"},{"floor":28.0,"key":"Red Mask"},{"floor":30.0,"key":"Old Coin"},{"floor":36,"key":"theDuelist:DragonRelicB"},{"floor":40,"key":"theDuelist:MillenniumArmor"}],"event_choices":[{"damage_healed":0.0,"max_hp_gain":0.0,"max_hp_loss":0.0,"gold_gain":0.0,"event_name":"Scrap Ooze","player_choice":"Success","floor":2.0,"gold_loss":0.0,"damage_taken":12.0,"relics_obtained":["theDuelist:ElectricToken"]},{"damage_healed":0.0,"max_hp_gain":0.0,"max_hp_loss":0.0,"gold_gain":0.0,"event_name":"Card Trader","player_choice":"Traded Castle Walls for Hydrogeddon","duelist":true,"floor":3.0,"gold_loss":0.0,"damage_taken":0.0},{"damage_healed":0.0,"max_hp_gain":0.0,"max_hp_loss":0.0,"gold_gain":0.0,"event_name":"Vampires","player_choice":"Ignored","floor":22.0,"gold_loss":0.0,"damage_taken":0.0},{"damage_healed":0.0,"max_hp_gain":0.0,"max_hp_loss":0.0,"gold_gain":0.0,"event_name":"Masked Bandits","player_choice":"Fought Bandits","floor":28.0,"gold_loss":0.0,"damage_taken":0.0},{"damage_healed":0,"gold_gain":0,"player_choice":"Fight","damage_taken":0,"max_hp_gain":0,"max_hp_loss":0,"event_name":"Mysterious Sphere","floor":36,"gold_loss":0},{"damage_healed":0,"gold_gain":0,"player_choice":"Dig - random Duelist relic","duelist":true,"damage_taken":0,"max_hp_gain":0,"max_hp_loss":0,"event_name":"Aknamkanon\u0027s Tomb","floor":38,"gold_loss":0},{"damage_healed":0,"gold_gain":0,"player_choice":"Embrace Madness","damage_taken":10,"max_hp_gain":0,"max_hp_loss":0,"event_name":"Winding Halls","floor":39,"gold_loss":0,"cards_obtained":["Madness","Madness"]}],"is_beta":false,"boss_relics":[{"not_picked":["theDuelist:GamblerChip","Coffee Dripper"],"picked":"theDuelist:MillenniumKey"},{"not_picked":["Pandora\u0027s Box","HoveringKite"],"picked":"Runic Cube"}],"items_purged_floors":[19,37],"is_endless":false,"potions_floor_spawned":[1,8,13,14,25,28,30,35,36],"killed_by":"Nemesis","ascension_level":9}}