{"host":"j61pjxqytd94o6ng","time":1611720837,"event":{"mods":["BaseMod","Bestiary","Colored Map","Colored Powertips","Curses Come First","Minty Spire (QoL Compilation)","StSLib"],"gold_per_floor":[18,18,34,50,60,90,90,120,120,147,160,179,179,199,199,294,294,311,311,311,331,130,130,161,161,161,161,161,161,184,215,215,315,315,335,350,700,700,169,169,169,169],"floor_reached":41,"language":"ENG","playtime":1460,"items_purged":["Strike_B","Strike_B"],"score":840,"play_id":"cf5e09c2-ccab-48cb-8b45-8bdfb7ccbb61","local_time":"20210126211357","is_ascension_mode":true,"campfire_choices":[{"data":"Hyperbeam","floor":7.0,"key":"SMITH"},{"data":"Hologram","floor":13.0,"key":"SMITH"},{"data":"Fission","floor":15.0,"key":"SMITH"},{"data":"Hologram","floor":23.0,"key":"SMITH"},{"data":"Creative AI","floor":25.0,"key":"SMITH"},{"floor":28.0,"key":"REST"},{"data":"Buffer","floor":32.0,"key":"SMITH"},{"data":"Recycle","floor":40,"key":"SMITH"}],"circlet_count":0,"master_deck":["Defend_B","Defend_B","Defend_B","Zap","Dualcast","Buffer+1","Ball Lightning","Hyperbeam+1","Conserve Battery","Beam Cell","Aggregate","Consume","Cold Snap","Reinforced Body","Hologram+1","Fission+1","Creative AI+1","Turbo","Necronomicurse","Compile Driver","Reprogram","Hologram+1","Echo Form","Steam","Consume","Machine Learning","Recycle+1","Echo Form"],"relics":["Cracked Core","Pen Nib","Cables","Thread and Needle","Lizard Tail","SacredBark","Necronomicon","Gremlin Horn","Bronze Scales","Orichalcum","Juzu Bracelet","SlaversCollar","Old Coin","Strawberry","Art of War"],"acts_visited":["Exordium","TheCity","TheBeyond"],"potions_floor_usage":[37,37],"damage_taken":[{"damage":0.0,"enemies":"2 Louse","floor":1.0,"turns":3.0},{"damage":0.0,"enemies":"Jaw Worm","floor":3.0,"turns":3.0},{"damage":0.0,"enemies":"Small Slimes","floor":4.0,"turns":3.0},{"damage":1.0,"enemies":"Exordium Wildlife","floor":5.0,"turns":2.0},{"damage":10.0,"enemies":"3 Sentries","floor":6.0,"turns":4.0},{"damage":0.0,"enemies":"Gremlin Nob","floor":8.0,"turns":3.0},{"damage":11.0,"enemies":"3 Sentries","floor":10.0,"turns":3.0},{"damage":0.0,"enemies":"Blue Slaver","floor":11.0,"turns":2.0},{"damage":0.0,"enemies":"2 Fungi Beasts","floor":12.0,"turns":3.0},{"damage":0.0,"enemies":"Exordium Thugs","floor":14.0,"turns":3.0},{"damage":0.0,"enemies":"Slime Boss","floor":16.0,"turns":4.0},{"damage":0.0,"enemies":"2 Thieves","floor":18.0,"turns":1.0},{"damage":1.0,"enemies":"3 Byrds","floor":21.0,"turns":4.0},{"damage":5.0,"enemies":"Book of Stabbing","floor":24.0,"turns":4.0},{"damage":0.0,"enemies":"Slavers","floor":31.0,"turns":2.0},{"damage":0.0,"enemies":"Collector","floor":33.0,"turns":10.0},{"damage":0.0,"enemies":"3 Darklings","floor":35.0,"turns":2.0},{"damage":1.0,"enemies":"Orb Walker","floor":36.0,"turns":3.0},{"damage":0,"enemies":"Mind Bloom Boss Battle","floor":37,"turns":2},{"damage":133,"enemies":"Reptomancer","floor":41,"turns":8}],"seed_played":"-5838567709868646191","potions_obtained":[{"floor":5.0,"key":"PotionOfCapacity"},{"floor":8.0,"key":"Swift Potion"},{"floor":10.0,"key":"Weak Potion"},{"floor":24.0,"key":"FearPotion"},{"floor":31.0,"key":"LiquidMemories"}],"is_trial":false,"path_per_floor":["M","?","M","M","M","E","R","E","T","E","M","M","R","M","R","B",null,"M","?","?","M","$","R","E","R","T","?","R","?","T","E","R","B",null,"M","M","?","?","$","R","E"],"character_chosen":"DEFECT","items_purchased":["Reprogram","Hologram","Echo Form","Strawberry","Art of War"],"campfire_rested":1,"item_purchase_floors":[22,22,39,39,39],"current_hp_per_floor":[68,68,68,68,67,57,57,57,57,46,46,46,46,46,46,46,68,68,52,52,51,51,51,46,46,46,32,56,56,56,56,56,56,74,74,73,73,73,80,80,0,0],"gold":169,"neow_bonus":"THREE_RARE_CARDS","is_daily":false,"chose_seed":false,"campfire_upgraded":7,"win_rate":0.0,"timestamp":1611720837,"path_taken":["M","?","M","M","M","E","R","E","T","E","M","M","R","M","R","BOSS","M","?","?","M","$","R","E","R","T","?","R","?","?","E","R","BOSS","M","M","?","?","$","R","E"],"items_purchased_type":["Card","Card","Card","Relic","Relic"],"build_version":"2020-12-22","purchased_purges":2,"victory":false,"max_hp_per_floor":[75,75,75,75,75,75,75,75,75,75,75,75,75,75,75,75,75,75,75,75,75,75,75,75,75,75,80,80,80,80,80,80,80,80,80,80,80,80,87,87,87,87],"card_choices":[{"not_picked":["Machine Learning","All For One"],"picked":"Buffer","floor":0.0},{"not_picked":["Leap","Redo"],"picked":"Ball Lightning","floor":1.0},{"not_picked":["Sunder","Hologram"],"picked":"Conserve Battery","floor":3.0},{"not_picked":["Hello World","Rebound","Stack"],"picked":"SKIP","floor":4.0},{"not_picked":["Fusion","Tempest"],"picked":"Beam Cell","floor":5.0},{"not_picked":["Sweeping Beam","Multi-Cast"],"picked":"Aggregate","floor":6.0},{"not_picked":["Static Discharge","Rebound"],"picked":"Consume","floor":8.0},{"not_picked":["Beam Cell","Gash"],"picked":"Cold Snap","floor":10.0},{"not_picked":["Cold Snap","Compile Driver"],"picked":"Reinforced Body","floor":11.0},{"not_picked":["Aggregate","Fusion"],"picked":"Hologram","floor":12.0},{"not_picked":["Compile Driver","Go for the Eyes"],"picked":"Fission","floor":14.0},{"not_picked":["Reboot","Hyperbeam"],"picked":"Creative AI","floor":16.0},{"not_picked":["Consume","Rip and Tear+1"],"picked":"Turbo","floor":18.0},{"not_picked":["Go for the Eyes+1","Cold Snap"],"picked":"Compile Driver","floor":21.0},{"not_picked":["Go for the Eyes","Hologram"],"picked":"Echo Form","floor":24.0},{"not_picked":["Ball Lightning","Barrage","Cold Snap"],"picked":"SKIP","floor":31.0},{"not_picked":["Multi-Cast","Rainbow"],"picked":"Machine Learning","floor":33.0},{"not_picked":["Genetic Algorithm+1","Aggregate","Redo+1"],"picked":"SKIP","floor":35.0},{"not_picked":["Darkness","Rip and Tear+1","Compile Driver+1"],"picked":"SKIP","floor":36.0},{"not_picked":["Tempest+1","BootSequence+1"],"picked":"Recycle","floor":37}],"player_experience":535413,"relics_obtained":[{"floor":6.0,"key":"Pen Nib"},{"floor":8.0,"key":"Cables"},{"floor":9.0,"key":"Thread and Needle"},{"floor":10.0,"key":"Lizard Tail"},{"floor":19.0,"key":"Necronomicon"},{"floor":24.0,"key":"Gremlin Horn"},{"floor":26.0,"key":"Bronze Scales"},{"floor":30.0,"key":"Orichalcum"},{"floor":31.0,"key":"Juzu Bracelet"},{"floor":37,"key":"Old Coin"}],"event_choices":[{"damage_healed":0.0,"max_hp_gain":0.0,"max_hp_loss":0.0,"gold_gain":0.0,"cards_transformed":["Strike_B"],"event_name":"Living Wall","player_choice":"Change","floor":2.0,"gold_loss":0.0,"damage_taken":0.0,"cards_obtained":["Hyperbeam"]},{"damage_healed":0.0,"max_hp_gain":0.0,"max_hp_loss":0.0,"gold_gain":0.0,"event_name":"Cursed Tome","player_choice":"Obtained Book","floor":19.0,"gold_loss":0.0,"damage_taken":16.0},{"damage_healed":0.0,"max_hp_gain":0.0,"max_hp_loss":0.0,"gold_gain":0.0,"event_name":"Ghosts","player_choice":"Ignored","floor":20.0,"gold_loss":0.0,"damage_taken":0.0},{"damage_healed":0.0,"max_hp_gain":5.0,"max_hp_loss":0.0,"gold_gain":0.0,"event_name":"Forgotten Altar","player_choice":"Shed Blood","floor":27.0,"gold_loss":0.0,"damage_taken":19.0},{"damage_healed":0.0,"max_hp_gain":0.0,"max_hp_loss":0.0,"gold_gain":0.0,"cards_transformed":["Strike_B","Defend_B"],"event_name":"Drug Dealer","player_choice":"Became Test Subject","floor":29.0,"gold_loss":0.0,"damage_taken":0.0,"cards_obtained":["Steam","Consume"]},{"damage_healed":0,"gold_gain":0,"player_choice":"Fight","damage_taken":0,"max_hp_gain":0,"max_hp_loss":0,"event_name":"MindBloom","floor":37,"gold_loss":0},{"damage_healed":0,"gold_gain":0,"player_choice":"Ignored","damage_taken":0,"max_hp_gain":0,"max_hp_loss":0,"event_name":"Tomb of Lord Red Mask","floor":38,"gold_loss":0}],"is_beta":false,"boss_relics":[{"not_picked":["Philosopher\u0027s Stone","Ectoplasm"],"picked":"SacredBark"},{"not_picked":["Pandora\u0027s Box","Fusion Hammer"],"picked":"SlaversCollar"}],"items_purged_floors":[22,39],"is_endless":false,"potions_floor_spawned":[5,8,10,12,14,18,24,31],"killed_by":"Reptomancer","ascension_level":7}}