{"host":"h2977v3ax51ohsow","time":1611759431,"event":{"mods":["Act Like it!","BaseMod","Colored Powertips","Koishi","Marisa（F雨　魔理沙）","Minty Spire (QoL Compilation)","Remilia（蕾米莉亚）","StSLib","The Bug Knight","WarShipGirlsR/战舰少女R mod","Yakumo Yukari mod"],"gold_per_floor":[218,236,253,271,28,54,71,89,138,151,161,161,194,213,213,310,310,327,339,12,27,27,60,0,0,0],"floor_reached":25,"language":"ZHS","playtime":1327,"items_purged":[],"score":290,"play_id":"c39f243c-763b-48c8-9efb-b8c07f51df6b","local_time":"20210127225711","is_ascension_mode":true,"campfire_choices":[{"data":"BigCrunch","floor":12,"key":"SMITH"},{"data":"ManaRampage","floor":15,"key":"SMITH"}],"circlet_count":0,"master_deck":["Strike_MRS","Strike_MRS","Strike_MRS","Strike_MRS","Defend_MRS","Defend_MRS","Defend_MRS","Defend_MRS","MasterSpark","UpSweep","MysteriousBeam","WitchLeyline","OortCloud","MysteriousBeam","IllusionStar","NonDirectionalLaser","DoubleSpark","BigCrunch+1","IllusionStar","OrrerysSun","MagicAbsorber","EnergyFlow","ManaRampage+1","TreasureHunter","DoubleSpark","GravityBeat","GrandCross+1","EnergyRecoil+1"],"relics":["MiniHakkero","Lee\u0027s Waffle","White Beast Statue","Bronze Scales","StoneCalendar","SlaversCollar","Potion Belt","Membership Card","Toxic Egg 2"],"acts_visited":["Exordium","TheCity"],"potions_floor_usage":[6,13,13,16,18,19,23,23],"damage_taken":[{"damage":0,"enemies":"Cultist","floor":1,"turns":3},{"damage":2,"enemies":"Jaw Worm","floor":2,"turns":3},{"damage":1,"enemies":"Small Slimes","floor":3,"turns":3},{"damage":9,"enemies":"3 Louse","floor":4,"turns":2},{"damage":0,"enemies":"Gremlin Nob","floor":6,"turns":3},{"damage":0,"enemies":"Blue Slaver","floor":7,"turns":2},{"damage":0,"enemies":"2 Fungi Beasts","floor":8,"turns":1},{"damage":0,"enemies":"Exordium Thugs","floor":10,"turns":2},{"damage":8,"enemies":"Blue Slaver","floor":11,"turns":2},{"damage":10,"enemies":"3 Sentries","floor":13,"turns":3},{"damage":0,"enemies":"3 Louse","floor":14,"turns":2},{"damage":6,"enemies":"Slime Boss","floor":16,"turns":5},{"damage":15,"enemies":"Shell Parasite","floor":18,"turns":4},{"damage":8,"enemies":"2 Thieves","floor":19,"turns":2},{"damage":14,"enemies":"Centurion and Healer","floor":21,"turns":4},{"damage":18,"enemies":"Gremlin Leader","floor":23,"turns":2},{"damage":16,"enemies":"Book of Stabbing","floor":25,"turns":1}],"seed_played":"6853430701902777211","potions_obtained":[{"floor":2,"key":"DuplicationPotion"},{"floor":3,"key":"Fire Potion"},{"floor":7,"key":"LiquidMemories"},{"floor":8,"key":"Energy Potion"},{"floor":13,"key":"Ancient Potion"},{"floor":14,"key":"Fire Potion"},{"floor":16,"key":"Strength Potion"},{"floor":18,"key":"SteroidPotion"},{"floor":19,"key":"Fire Potion"},{"floor":21,"key":"Ancient Potion"},{"floor":23,"key":"BlessingOfTheForge"}],"is_trial":false,"path_per_floor":["M","M","M","M","$","E","M","M","T","M","M","R","E","M","R","B",null,"M","M","$","M","?","E","?","E"],"character_chosen":"MARISA","items_purchased":["IllusionStar","NonDirectionalLaser","Lee\u0027s Waffle","Potion Belt","Membership Card","GravityBeat"],"campfire_rested":0,"item_purchase_floors":[5,5,5,20,20,20],"current_hp_per_floor":[75,73,72,63,82,82,82,82,82,82,74,74,64,64,64,58,82,67,59,59,45,29,11,11,0,0],"gold":0,"neow_bonus":"HUNDRED_GOLD","is_daily":false,"chose_seed":false,"campfire_upgraded":2,"win_rate":0.0,"timestamp":1611759431,"path_taken":["M","M","M","M","$","E","M","M","T","?","M","R","E","M","R","BOSS","M","M","$","M","?","E","?","E"],"items_purchased_type":["Card","Card","Relic","Relic","Relic","Card"],"build_version":"2020-12-22","purchased_purges":0,"victory":false,"max_hp_per_floor":[75,75,75,75,82,82,82,82,82,82,82,82,82,82,82,82,82,82,82,82,82,87,87,87,87,87],"card_choices":[{"not_picked":["PowerUp","ShootingEcho"],"picked":"MysteriousBeam","floor":1},{"not_picked":["GrandCross","RefractionSpark"],"picked":"WitchLeyline","floor":2},{"not_picked":["FairyDestructionRay","IllusionStar"],"picked":"OortCloud","floor":3},{"not_picked":["LuminesStrike","MeteoricShower"],"picked":"MysteriousBeam","floor":4},{"not_picked":["DragonMeteor","Orbital"],"picked":"DoubleSpark","floor":6},{"not_picked":["AsteroidBelt","Singularity"],"picked":"BigCrunch","floor":7},{"not_picked":["ChargingUp","GalacticHalo"],"picked":"IllusionStar","floor":8},{"not_picked":["Acceleration","FairyDestructionRay"],"picked":"OrrerysSun","floor":10},{"not_picked":["UnstableBomb","NonDirectionalLaser"],"picked":"MagicAbsorber","floor":11},{"not_picked":["LuminesStrike","OneTimeOff"],"picked":"EnergyFlow","floor":13},{"not_picked":["FairyDestructionRay","LuminesStrike"],"picked":"ManaRampage","floor":14},{"not_picked":["CollectingQuirk","BigCrunch"],"picked":"TreasureHunter","floor":16},{"not_picked":["UnstableBomb","NonDirectionalLaser","GalacticHalo"],"picked":"SKIP","floor":18},{"not_picked":["LuminesStrike","DC"],"picked":"DoubleSpark","floor":19},{"not_picked":["GravityBeat","GalacticHalo"],"picked":"GrandCross+1","floor":21},{"not_picked":["TreasureHunter","WitchOfGreed"],"picked":"EnergyRecoil+1","floor":23}],"player_experience":86475,"relics_obtained":[{"floor":6,"key":"White Beast Statue"},{"floor":9,"key":"Bronze Scales"},{"floor":13,"key":"StoneCalendar"},{"floor":23,"key":"Toxic Egg 2"}],"event_choices":[{"damage_healed":0,"gold_gain":0,"player_choice":"Shed Blood","damage_taken":21,"max_hp_gain":5,"max_hp_loss":0,"event_name":"Forgotten Altar","floor":22,"gold_loss":0},{"damage_healed":0,"gold_gain":0,"player_choice":"Paid Fearfully","damage_taken":0,"max_hp_gain":0,"max_hp_loss":0,"event_name":"Masked Bandits","floor":24,"gold_loss":60}],"is_beta":false,"boss_relics":[{"not_picked":["Runic Dome","Busted Crown"],"picked":"SlaversCollar"}],"items_purged_floors":[],"is_endless":false,"potions_floor_spawned":[2,3,7,8,10,11,13,14,16,18,19,21,23],"killed_by":"Book of Stabbing","ascension_level":2}}