{"host":"6xsbn6ynqlzwllfm","time":1611765335,"event":{"mods":["2.2 Compatiblity","BaseMod","Bestiary","Colored Map","Colored Powertips","Curses Come First","Highlight Path","Keyboard Shortcuts","Minty Spire (QoL Compilation)","Relic Stats","Slay the Relics Exporter","StSLib","SuperFastMode"],"gold_per_floor":[112,125,200,7,7,42,42,4,27,47,47,64,74,108,108,182,182,197,210,210,222,234,234,234],"floor_reached":23,"language":"ENG","playtime":1160,"items_purged":["Normality"],"score":433,"play_id":"f4936057-4cbc-496d-b3ac-7257ef8f4de4","local_time":"20210127113535","is_ascension_mode":true,"campfire_choices":[{"data":"Sweeping Beam","floor":7.0,"key":"SMITH"},{"data":"Zap","floor":11.0,"key":"SMITH"},{"data":"Creative AI","floor":15.0,"key":"SMITH"}],"circlet_count":0,"master_deck":["AscendersBane","Strike_B+1","Strike_B+1","Strike_B+1","Strike_B+1","Defend_B+1","Defend_B+1","Defend_B+1","Defend_B+1","Zap+1","Dualcast","Ball Lightning","Hologram","Ball Lightning","Sweeping Beam+1","Go for the Eyes","Self Repair","Biased Cognition","Creative AI+1","Buffer","BootSequence","Aggregate"],"relics":["Cracked Core","NeowsBlessing","Membership Card","Pen Nib","Potion Belt","Tiny Chest","Nuclear Battery"],"acts_visited":["Exordium","TheCity"],"potions_floor_usage":[16,16,18,23],"damage_taken":[{"damage":0.0,"enemies":"Small Slimes","floor":1.0,"turns":1.0},{"damage":0.0,"enemies":"Cultist","floor":2.0,"turns":1.0},{"damage":0.0,"enemies":"Gremlin Nob","floor":6.0,"turns":1.0},{"damage":4.0,"enemies":"Jaw Worm","floor":10.0,"turns":2.0},{"damage":6.0,"enemies":"Looter","floor":12.0,"turns":2.0},{"damage":13.0,"enemies":"Lots of Slimes","floor":13.0,"turns":3.0},{"damage":16.0,"enemies":"3 Sentries","floor":14.0,"turns":4.0},{"damage":16,"enemies":"The Guardian","floor":16,"turns":8},{"damage":19,"enemies":"Shell Parasite","floor":18,"turns":6},{"damage":22,"enemies":"2 Thieves","floor":19,"turns":3},{"damage":0,"enemies":"Snecko","floor":21,"turns":6},{"damage":18,"enemies":"Cultist and Chosen","floor":22,"turns":7},{"damage":35,"enemies":"Gremlin Leader","floor":23,"turns":4}],"seed_played":"-2265948420707394945","potions_obtained":[{"floor":10.0,"key":"LiquidBronze"},{"floor":12.0,"key":"Dexterity Potion"},{"floor":13.0,"key":"Energy Potion"},{"floor":16,"key":"Dexterity Potion"},{"floor":18,"key":"ColorlessPotion"}],"is_trial":false,"path_per_floor":["M","M","?","$","?","E","R","$","T","M","R","M","M","E","R","B",null,"M","M","?","M","M","E"],"character_chosen":"DEFECT","items_purchased":["Membership Card","Ball Lightning"],"campfire_rested":0,"item_purchase_floors":[4,4],"current_hp_per_floor":[64,64,53,53,53,53,53,53,53,49,49,43,37,28,28,19,58,46,31,31,38,27,0,0],"gold":234,"neow_bonus":"THREE_ENEMY_KILL","is_daily":false,"chose_seed":false,"campfire_upgraded":3,"win_rate":0.0,"timestamp":1611765335,"path_taken":["M","M","?","$","?","E","R","$","T","M","R","M","M","E","R","BOSS","M","M","?","M","M","E"],"items_purchased_type":["Relic","Card"],"build_version":"2020-12-22","purchased_purges":1,"victory":false,"max_hp_per_floor":[71,71,71,71,71,71,71,71,71,71,71,71,71,71,71,71,71,71,71,71,71,71,71,71],"relic_stats":{"counters":[13,48],"Tiny Chest":0,"Pen Nib":[6],"obtain_stats":[{"Potion Belt":9,"NeowsBlessing":0,"Tiny Chest":14,"Pen Nib":6,"Membership Card":4,"Cracked Core":0,"Nuclear Battery":17},{"Potion Belt":3,"NeowsBlessing":0,"Tiny Chest":7,"Pen Nib":3,"Membership Card":2,"Cracked Core":0,"Nuclear Battery":8},{"Potion Belt":3,"NeowsBlessing":0,"Tiny Chest":14,"Pen Nib":3,"Membership Card":2,"Cracked Core":0,"Nuclear Battery":22}]},"card_choices":[{"not_picked":["Sweeping Beam","Storm"],"picked":"Ball Lightning","floor":1.0},{"not_picked":["Stack","Conserve Battery"],"picked":"Hologram","floor":2.0},{"not_picked":["Fusion","Conserve Battery"],"picked":"Sweeping Beam","floor":6.0},{"not_picked":["Sweeping Beam","Rebound"],"picked":"Go for the Eyes","floor":10.0},{"not_picked":["Sweeping Beam","Rip and Tear"],"picked":"Self Repair","floor":12.0},{"not_picked":["Redo","Rip and Tear"],"picked":"Biased Cognition","floor":13.0},{"not_picked":["Compile Driver","Streamline"],"picked":"Creative AI","floor":14.0},{"not_picked":["Multi-Cast","Biased Cognition"],"picked":"Buffer","floor":16},{"not_picked":["Rebound","Sweeping Beam","Steam"],"picked":"SKIP","floor":18},{"not_picked":["Leap","Barrage"],"picked":"BootSequence","floor":19},{"not_picked":["Redo+1","Barrage"],"picked":"Aggregate","floor":21}],"player_experience":1159407,"relics_obtained":[{"floor":6.0,"key":"Pen Nib"},{"floor":9.0,"key":"Potion Belt"},{"floor":14.0,"key":"Tiny Chest"}],"event_choices":[{"damage_healed":0.0,"max_hp_gain":0.0,"max_hp_loss":0.0,"gold_gain":75.0,"event_name":"World of Goop","player_choice":"Gather Gold","floor":3.0,"gold_loss":0.0,"damage_taken":11.0},{"damage_healed":0.0,"max_hp_gain":0.0,"max_hp_loss":0.0,"gold_gain":0.0,"event_name":"Match and Keep!","player_choice":"1 cards matched","floor":5.0,"gold_loss":0.0,"damage_taken":0.0,"cards_obtained":["Normality"]},{"damage_healed":0,"gold_gain":0,"player_choice":"Simplicity","damage_taken":0,"max_hp_gain":0,"max_hp_loss":0,"event_name":"Back to Basics","floor":20,"gold_loss":0,"cards_upgraded":["Strike_B","Strike_B","Strike_B","Strike_B","Defend_B","Defend_B","Defend_B","Defend_B"]}],"is_beta":false,"boss_relics":[{"not_picked":["Philosopher\u0027s Stone","Ectoplasm"],"picked":"Nuclear Battery"}],"items_purged_floors":[8],"is_endless":false,"potions_floor_spawned":[10,12,13,16,18],"killed_by":"Gremlin Leader","ascension_level":18}}