{"host":"2qv44oxt58ptq59r","time":1611779421,"event":{"mods":["AchievementEnabler","BaseMod","Colored Powertips","Highlight Path","Minty Spire (QoL Compilation)","Permanent Neow","StSLib"],"gold_per_floor":[117,42,42,42,65,65,78,113,113,113,137,137,32,51,51,170,170,190,14,14,33,48,87,87,131,131,131,331,35,35,54,54,182,182,205,229,254,26,26,59,25,25,25,25,44,69,69,82,82,82],"floor_reached":51,"language":"ENG","playtime":11815,"items_purged":["Strike_P"],"score":750,"play_id":"01432a45-67b5-44d5-b514-dcfd72b0a568","local_time":"20210127203021","is_ascension_mode":true,"campfire_choices":[{"data":"Vigilance","floor":6.0,"key":"SMITH"},{"data":"BattleHymn","floor":10.0,"key":"SMITH"},{"floor":15.0,"key":"REST"},{"floor":24.0,"key":"REST"},{"floor":27.0,"key":"REST"},{"floor":32.0,"key":"REST"},{"floor":44.0,"key":"RECALL"},{"data":"Strike_P","floor":47,"key":"PURGE"},{"data":"Strike_P","floor":49,"key":"PURGE"}],"circlet_count":0,"master_deck":["Defend_P","Defend_P","Defend_P","Defend_P","Eruption+1","Vigilance+1","ThirdEye","Wireheading","Evaluate","EmptyFist","BattleHymn+1","Pray","ConjureBlade","Halt","Worship","Crescendo+1","Halt","BowlingBash","JustLucky","ClearTheMind+1","DeusExMachina","Consecrate+1","WaveOfTheHand","FlurryOfBlows","MentalFortress","Madness","Madness","SandsOfTime","Perseverance+1"],"relics":["PureWater","Golden Idol","Bird Faced Urn","Dead Branch","Busted Crown","Damaru","Ancient Tea Set","Yang","Strawberry","HandDrill","SlaversCollar","Pen Nib","Peace Pipe","Oddly Smooth Stone"],"acts_visited":["Exordium","TheCity","TheBeyond"],"potions_floor_usage":[45,50,50,50],"damage_taken":[{"damage":0.0,"enemies":"Cultist","floor":1.0,"turns":4.0},{"damage":7.0,"enemies":"2 Louse","floor":5.0,"turns":3.0},{"damage":0.0,"enemies":"Jaw Worm","floor":7.0,"turns":4.0},{"damage":0.0,"enemies":"Lagavulin","floor":8.0,"turns":4.0},{"damage":1.0,"enemies":"Looter","floor":11.0,"turns":4.0},{"damage":8.0,"enemies":"Lots of Slimes","floor":14.0,"turns":4.0},{"damage":54.0,"enemies":"Hexaghost","floor":16.0,"turns":13.0},{"damage":5.0,"enemies":"Spheric Guardian","floor":18.0,"turns":5.0},{"damage":23.0,"enemies":"2 Thieves","floor":21.0,"turns":3.0},{"damage":16.0,"enemies":"Snake Plant","floor":22.0,"turns":3.0},{"damage":19.0,"enemies":"Book of Stabbing","floor":23.0,"turns":5.0},{"damage":32.0,"enemies":"Slavers","floor":25.0,"turns":3.0},{"damage":3.0,"enemies":"Shelled Parasite and Fungi","floor":31.0,"turns":3.0},{"damage":22.0,"enemies":"Collector","floor":33.0,"turns":7.0},{"damage":0.0,"enemies":"Orb Walker","floor":35.0,"turns":3.0},{"damage":9.0,"enemies":"3 Shapes","floor":36.0,"turns":2.0},{"damage":16.0,"enemies":"Writhing Mass","floor":37.0,"turns":3.0},{"damage":18.0,"enemies":"Reptomancer","floor":40.0,"turns":5.0},{"damage":6,"enemies":"Spire Growth","floor":45,"turns":4},{"damage":0,"enemies":"Maw","floor":46,"turns":8},{"damage":0,"enemies":"Transient","floor":48,"turns":5},{"damage":42,"enemies":"Awakened One","floor":50,"turns":10}],"seed_played":"-4717612938116046710","potions_obtained":[{"floor":1.0,"key":"FearPotion"},{"floor":5.0,"key":"EssenceOfSteel"},{"floor":7.0,"key":"SteroidPotion"},{"floor":23.0,"key":"Explosive Potion"},{"floor":35.0,"key":"ColorlessPotion"},{"floor":37.0,"key":"DuplicationPotion"},{"floor":40.0,"key":"Dexterity Potion"},{"floor":48,"key":"Explosive Potion"}],"is_trial":false,"path_per_floor":["M","$","?","?","M","R","M","E","T","R","M","?","$","M","R","B",null,"M","$","?","M","M","E","R","E","T","R","?","$","$","M","R","B",null,"M","M","M","$","?","E","$","?","T","R","M","M","R","M","R","B",null],"character_chosen":"WATCHER","items_purchased":["Wireheading","Fruit Juice","Worship","EntropicBrew","Strawberry","HandDrill","Pen Nib","MentalFortress"],"campfire_rested":4,"item_purchase_floors":[2,13,19,19,29,29,38,41],"current_hp_per_floor":[79,79,60,60,53,53,53,53,53,53,56,49,49,50,75,25,84,79,79,79,58,44,27,52,24,24,49,49,56,56,55,82,66,91,91,84,70,70,70,62,62,51,51,51,53,65,65,71,71,39],"gold":82,"neow_bonus":"TEN_PERCENT_HP_BONUS","is_daily":false,"chose_seed":false,"campfire_upgraded":2,"win_rate":0.0,"timestamp":1611779421,"path_taken":["M","$","?","?","M","R","M","E","T","R","M","?","$","?","R","BOSS","M","$","?","?","M","E","R","E","T","R","?","?","$","M","R","BOSS","M","M","?","$","?","E","$","?","T","R","M","M","R","M","R","BOSS"],"items_purchased_type":["Card","Potion","Card","Potion","Relic","Relic","Relic","Card"],"build_version":"2020-12-22","purchased_purges":1,"victory":true,"max_hp_per_floor":[79,79,79,79,79,79,79,79,79,79,79,79,79,84,84,84,84,84,84,84,84,84,84,84,84,84,84,84,91,91,91,91,91,91,91,91,91,91,91,91,91,91,91,91,91,91,91,91,91,91],"card_choices":[{"not_picked":["Weave","EmptyFist"],"picked":"ThirdEye","floor":1.0},{"not_picked":["JustLucky","FollowUp"],"picked":"Evaluate","floor":5.0},{"not_picked":["FollowUp","ThirdEye"],"picked":"EmptyFist","floor":7.0},{"not_picked":["Collect","Alpha"],"picked":"BattleHymn","floor":8.0},{"not_picked":["BowlingBash","InnerPeace","FlyingSleeves"],"picked":"SKIP","floor":11.0},{"not_picked":["ClearTheMind","FlyingSleeves"],"picked":"Pray","floor":14.0},{"not_picked":["Scrawl","Omniscience"],"picked":"ConjureBlade","floor":16.0},{"not_picked":[],"picked":"Halt","floor":18.0},{"not_picked":[],"picked":"Crescendo+1","floor":21.0},{"not_picked":[],"picked":"Halt","floor":22.0},{"not_picked":[],"picked":"BowlingBash","floor":23.0},{"not_picked":[],"picked":"JustLucky","floor":25.0},{"not_picked":[],"picked":"ClearTheMind+1","floor":31.0},{"not_picked":[],"picked":"DeusExMachina","floor":33.0},{"not_picked":[],"picked":"Consecrate+1","floor":35.0},{"not_picked":[],"picked":"WaveOfTheHand","floor":36.0},{"not_picked":[],"picked":"FlurryOfBlows","floor":37.0},{"not_picked":["Tantrum"],"picked":"SKIP","floor":40.0},{"not_picked":["EmptyFist"],"picked":"SKIP","floor":45},{"not_picked":[],"picked":"SandsOfTime","floor":46},{"not_picked":[],"picked":"Perseverance+1","floor":48}],"player_experience":5490093,"relics_obtained":[{"floor":8.0,"key":"Bird Faced Urn"},{"floor":9.0,"key":"Dead Branch"},{"floor":23.0,"key":"Damaru"},{"floor":25.0,"key":"Ancient Tea Set"},{"floor":26.0,"key":"Yang"},{"floor":40.0,"key":"Peace Pipe"},{"floor":43.0,"key":"Oddly Smooth Stone"}],"event_choices":[{"damage_healed":0.0,"max_hp_gain":0.0,"max_hp_loss":0.0,"gold_gain":0.0,"event_name":"Golden Idol","player_choice":"Take Damage","floor":3.0,"gold_loss":0.0,"damage_taken":19.0,"relics_obtained":["Golden Idol"]},{"damage_healed":0.0,"max_hp_gain":0.0,"max_hp_loss":0.0,"gold_gain":0.0,"event_name":"Living Wall","player_choice":"Grow","floor":4.0,"gold_loss":0.0,"damage_taken":0.0,"cards_upgraded":["Eruption"]},{"cards_removed":["Strike_P"],"damage_healed":0.0,"max_hp_gain":0.0,"max_hp_loss":0.0,"gold_gain":0.0,"event_name":"Golden Wing","player_choice":"Card Removal","floor":12.0,"gold_loss":0.0,"damage_taken":7.0},{"damage_healed":0.0,"max_hp_gain":0.0,"max_hp_loss":0.0,"gold_gain":0.0,"event_name":"NoteForYourself","player_choice":"Ignored","floor":20.0,"gold_loss":0.0,"damage_taken":0.0},{"damage_healed":0.0,"max_hp_gain":0.0,"max_hp_loss":0.0,"gold_gain":250.0,"event_name":"The Joust","player_choice":"Bet on Owner","floor":28.0,"gold_loss":50.0,"damage_taken":0.0},{"damage_healed":0.0,"max_hp_gain":0.0,"max_hp_loss":0.0,"gold_gain":0.0,"event_name":"The Moai Head","player_choice":"Ignored","floor":39.0,"gold_loss":0.0,"damage_taken":0.0},{"damage_healed":0.0,"max_hp_gain":0.0,"max_hp_loss":0.0,"gold_gain":0.0,"event_name":"Winding Halls","player_choice":"Embrace Madness","floor":42.0,"gold_loss":0.0,"damage_taken":11.0,"cards_obtained":["Madness","Madness"]}],"is_beta":false,"boss_relics":[{"not_picked":["VioletLotus","Astrolabe"],"picked":"Busted Crown"},{"not_picked":["Snecko Eye","Runic Pyramid"],"picked":"SlaversCollar"}],"items_purged_floors":[38],"is_endless":false,"potions_floor_spawned":[1,5,7,23,35,37,40,48],"ascension_level":1}}