{"host":"8fnghcq8tvbg6z9e","time":1611746930,"event":{"mods":["BaseMod","Downfall","Minty Spire (QoL Compilation)","Quick Restart","StSLib"],"gold_per_floor":[112,112,124,15,25,63,80,97,97,125,151,151,176,190,190,300,300,321,321,321,41,55,89,89,47,47,74,104,104,104,4,4,4,4],"floor_reached":33,"language":"ZHS","playtime":1452,"items_purged":["Strike_R","Defend_R"],"score":347,"play_id":"1bc69731-6c57-43df-801f-88bbc312ebe2","local_time":"20210127192850","is_ascension_mode":false,"campfire_choices":[{"data":"Fire Breathing","floor":12.0,"key":"SMITH"},{"floor":15.0,"key":"RECALL"},{"data":"Offering","floor":24.0,"key":"SMITH"},{"floor":29.0,"key":"REST"},{"floor":32.0,"key":"REST"}],"circlet_count":0,"master_deck":["Strike_R","Strike_R","Strike_R","Strike_R","Defend_R","Defend_R+1","Defend_R+1","Bash","Power Through","Berserk","Wild Strike","Fire Breathing+1","True Grit","Inflame","Shrug It Off","Flex","Offering+1","Flex+1","Wild Strike","Fire Breathing+1","Wild Strike","Evolve+1"],"relics":["Burning Blood","War Paint","CeramicFish","Paper Frog","Magic Flower","Black Star","Nilry\u0027s Codex","StrikeDummy","HornCleat","Frozen Egg 2","Molten Egg 2","Omamori","Letter Opener"],"acts_visited":["Exordium","TheCity"],"potions_floor_usage":[],"damage_taken":[{"damage":0.0,"enemies":"Small Slimes","floor":1.0,"turns":3.0},{"damage":0.0,"enemies":"Cultist","floor":3.0,"turns":4.0},{"damage":14.0,"enemies":"Jaw Worm","floor":5.0,"turns":4.0},{"damage":7.0,"enemies":"Lagavulin","floor":6.0,"turns":11.0},{"damage":8.0,"enemies":"Gremlin Gang","floor":7.0,"turns":5.0},{"damage":6.0,"enemies":"3 Louse","floor":8.0,"turns":3.0},{"damage":0.0,"enemies":"Exordium Wildlife","floor":10.0,"turns":4.0},{"damage":9.0,"enemies":"Exordium Thugs","floor":11.0,"turns":5.0},{"damage":7.0,"enemies":"3 Sentries","floor":13.0,"turns":5.0},{"damage":8.0,"enemies":"Red Slaver","floor":14.0,"turns":4.0},{"damage":0.0,"enemies":"Slime Boss","floor":16.0,"turns":7.0},{"damage":11.0,"enemies":"3 Byrds","floor":18.0,"turns":5.0},{"damage":14.0,"enemies":"Shell Parasite","floor":22.0,"turns":5.0},{"damage":56.0,"enemies":"Book of Stabbing","floor":23.0,"turns":7.0},{"damage":13.0,"enemies":"Centurion and Healer","floor":27.0,"turns":5.0},{"damage":15.0,"enemies":"Gremlin Leader","floor":28.0,"turns":7.0},{"damage":23.0,"enemies":"Colosseum Slavers","floor":30.0,"turns":4.0},{"damage":55,"enemies":"Collector","floor":33,"turns":6}],"seed_played":"2735023481849286283","potions_obtained":[{"floor":5.0,"key":"AttackPotion"},{"floor":6.0,"key":"Weak Potion"},{"floor":7.0,"key":"HeartOfIron"},{"floor":10.0,"key":"EssenceOfSteel"},{"floor":14.0,"key":"Guardian:BlockOnCardUsePotion"},{"floor":27.0,"key":"Dexterity Potion"}],"is_trial":false,"path_per_floor":["M","?","M","$","M","E","M","M","T","M","M","R","E","M","R","B",null,"M","?","?","$","M","E","R","$","T","M","E","R","?","$","R","B"],"character_chosen":"IRONCLAD","items_purchased":["Fire Breathing","Wild Strike","StrikeDummy","Wild Strike"],"campfire_rested":2,"item_purchase_floors":[4,21,21,25],"current_hp_per_floor":[80,80,80,80,72,71,69,69,69,75,72,72,71,72,72,80,80,78,62,80,80,75,28,28,28,28,24,18,42,28,28,52,0,0],"gold":4,"neow_bonus":"RANDOM_COMMON_RELIC","is_daily":false,"chose_seed":false,"campfire_upgraded":2,"win_rate":0.0,"timestamp":1611746930,"path_taken":["M","?","M","$","M","E","M","M","T","M","M","R","E","M","R","BOSS","M","?","?","?","M","E","R","$","T","?","E","R","?","$","R","BOSS"],"items_purchased_type":["Card","Card","Relic","Card"],"build_version":"2020-12-22","purchased_purges":2,"victory":false,"max_hp_per_floor":[80,80,80,80,80,80,80,80,80,80,80,80,80,80,80,80,80,80,80,80,80,80,80,80,80,80,80,80,80,80,80,80,80,80],"card_choices":[{"not_picked":["Clothesline","Second Wind"],"picked":"Power Through","floor":1.0},{"not_picked":["Body Slam","Iron Wave","Rampage"],"picked":"SKIP","floor":3.0},{"not_picked":["Armaments","Thunderclap"],"picked":"True Grit","floor":5.0},{"not_picked":["Twin Strike","Metallicize"],"picked":"Inflame","floor":6.0},{"not_picked":["Feel No Pain","Sever Soul","Searing Blow"],"picked":"SKIP","floor":7.0},{"not_picked":["Hemokinesis","Heavy Blade","Body Slam"],"picked":"SKIP","floor":8.0},{"not_picked":["Metallicize","Havoc"],"picked":"Shrug It Off","floor":10.0},{"not_picked":["Thunderclap","Twin Strike"],"picked":"Flex","floor":11.0},{"not_picked":["Clash","Bloodletting","Sword Boomerang"],"picked":"SKIP","floor":13.0},{"not_picked":["Feel No Pain","True Grit","Iron Wave"],"picked":"SKIP","floor":14.0},{"not_picked":["Fiend Fire","Juggernaut"],"picked":"Offering","floor":16.0},{"not_picked":["Heavy Blade","Clothesline"],"picked":"Flex+1","floor":18.0},{"not_picked":["Whirlwind","Entrench","Armaments"],"picked":"SKIP","floor":22.0},{"not_picked":["Shockwave","Armaments+1"],"picked":"Fire Breathing+1","floor":23.0},{"not_picked":["Clothesline+1","Twin Strike+1"],"picked":"Evolve+1","floor":27.0},{"not_picked":["Cleave+1","Pummel+1","Shrug It Off"],"picked":"SKIP","floor":28.0}],"player_experience":185323,"relics_obtained":[{"floor":6.0,"key":"CeramicFish"},{"floor":9.0,"key":"Paper Frog"},{"floor":13.0,"key":"Magic Flower"},{"floor":19.0,"key":"Nilry\u0027s Codex"},{"floor":23.0,"key":"HornCleat"},{"floor":23.0,"key":"Frozen Egg 2"},{"floor":26.0,"key":"Molten Egg 2"},{"floor":28.0,"key":"Omamori"},{"floor":28.0,"key":"Letter Opener"}],"event_choices":[{"damage_healed":0.0,"max_hp_gain":0.0,"max_hp_loss":0.0,"gold_gain":0.0,"event_name":"Match and Keep!","player_choice":"2 cards matched","floor":2.0,"gold_loss":0.0,"damage_taken":0.0,"cards_obtained":["Berserk","Wild Strike"]},{"damage_healed":0.0,"max_hp_gain":0.0,"max_hp_loss":0.0,"gold_gain":0.0,"event_name":"Cursed Tome","player_choice":"Obtained Book","floor":19.0,"gold_loss":0.0,"damage_taken":16.0},{"damage_healed":26.0,"max_hp_gain":0.0,"max_hp_loss":0.0,"gold_gain":0.0,"event_name":"The Library","player_choice":"Heal","floor":20.0,"gold_loss":0.0,"damage_taken":0.0},{"damage_healed":0.0,"max_hp_gain":0.0,"max_hp_loss":0.0,"gold_gain":0.0,"event_name":"Colosseum","player_choice":"Fight","floor":30.0,"gold_loss":0.0,"damage_taken":0.0},{"damage_healed":0.0,"max_hp_gain":0.0,"max_hp_loss":0.0,"gold_gain":0.0,"event_name":"Colosseum","player_choice":"Fled From Nobs","floor":30.0,"gold_loss":0.0,"damage_taken":0.0}],"is_beta":false,"boss_relics":[{"not_picked":["Pandora\u0027s Box","Cursed Key"],"picked":"Black Star"}],"items_purged_floors":[4,31],"is_endless":false,"potions_floor_spawned":[5,6,7,10,14,27],"killed_by":"Collector","ascension_level":0}}