{"host":"spdqkj9ykratwava","time":1611750436,"event":{"mods":["BaseMod","Block Reminder","Minty Spire (QoL Compilation)","Slay the Relics Exporter","StSLib"],"gold_per_floor":[17,33,47,57,72,72,105,53,53,53,68,81,107,124,124,220,220,232,218,218,238,256,256,256,256],"floor_reached":24,"language":"ENG","playtime":1001,"items_purged":[],"score":214,"play_id":"e5bed8ba-bae9-4ce0-b8c5-71b56b61f924","local_time":"20210127042716","is_ascension_mode":false,"campfire_choices":[{"data":"Recycle","floor":6.0,"key":"SMITH"},{"data":"Hologram","floor":10.0,"key":"SMITH"},{"data":"Loop","floor":15.0,"key":"SMITH"},{"floor":23,"key":"REST"}],"circlet_count":0,"master_deck":["Strike_B","Strike_B","Strike_B+1","Strike_B","Defend_B+1","Defend_B+1","Defend_B","Defend_B","Zap","Dualcast","Rebound","FTL+1","Recycle+1","Barrage","Hologram+1","Doom and Gloom","Coolheaded","Hologram","Loop+1","Chill","Echo Form","Rainbow","White Noise+1","Conserve Battery","Self Repair"],"relics":["TungstenRod","Whetstone","War Paint","Toy Ornithopter","Black Star","Nloth\u0027s Gift"],"acts_visited":["Exordium","TheCity"],"potions_floor_usage":[],"damage_taken":[{"damage":0.0,"enemies":"Cultist","floor":1.0,"turns":3.0},{"damage":2.0,"enemies":"2 Louse","floor":2.0,"turns":2.0},{"damage":0.0,"enemies":"Jaw Worm","floor":3.0,"turns":3.0},{"damage":7.0,"enemies":"Blue Slaver","floor":4.0,"turns":3.0},{"damage":8.0,"enemies":"Exordium Wildlife","floor":5.0,"turns":3.0},{"damage":14.0,"enemies":"3 Sentries","floor":7.0,"turns":7.0},{"damage":0.0,"enemies":"3 Louse","floor":11.0,"turns":2.0},{"damage":1.0,"enemies":"2 Fungi Beasts","floor":12.0,"turns":3.0},{"damage":11.0,"enemies":"Gremlin Nob","floor":13.0,"turns":4.0},{"damage":7.0,"enemies":"Red Slaver","floor":14.0,"turns":3.0},{"damage":8,"enemies":"Hexaghost","floor":16,"turns":6},{"damage":1,"enemies":"Chosen","floor":18,"turns":4},{"damage":16,"enemies":"2 Thieves","floor":19,"turns":4},{"damage":33,"enemies":"Snecko","floor":21,"turns":6},{"damage":15,"enemies":"Snake Plant","floor":22,"turns":6},{"damage":41,"enemies":"Gremlin Leader","floor":24,"turns":4}],"seed_played":"6818013505270486816","potions_obtained":[{"floor":2.0,"key":"FearPotion"},{"floor":3.0,"key":"ColorlessPotion"},{"floor":7.0,"key":"Explosive Potion"},{"floor":14.0,"key":"Explosive Potion"},{"floor":19,"key":"Strength Potion"}],"is_trial":false,"path_per_floor":["M","M","M","M","M","R","E","$","T","R","M","M","E","M","R","B",null,"M","M","?","M","M","R","E"],"character_chosen":"DEFECT","items_purchased":["Coolheaded"],"campfire_rested":1,"item_purchase_floors":[8],"current_hp_per_floor":[75,73,73,66,58,58,44,44,44,44,44,43,32,25,25,17,75,74,58,58,25,10,32,0,0],"gold":256,"neow_bonus":"ONE_RARE_RELIC","is_daily":false,"chose_seed":false,"campfire_upgraded":3,"win_rate":0.0,"timestamp":1611750436,"path_taken":["M","M","M","M","M","R","E","$","T","R","M","M","E","M","R","BOSS","M","M","?","M","?","R","E"],"items_purchased_type":["Card"],"build_version":"2020-12-22","purchased_purges":0,"victory":false,"max_hp_per_floor":[75,75,75,75,75,75,75,75,75,75,75,75,75,75,75,75,75,75,75,75,75,75,75,75,75],"card_choices":[{"not_picked":["Beam Cell","Force Field"],"picked":"Rebound","floor":1.0},{"not_picked":["Compile Driver","Steam"],"picked":"FTL","floor":2.0},{"not_picked":["Tempest","Conserve Battery"],"picked":"Recycle","floor":3.0},{"not_picked":["Rebound","Rip and Tear"],"picked":"Barrage","floor":4.0},{"not_picked":["Compile Driver","Streamline"],"picked":"Hologram","floor":5.0},{"not_picked":["Redo","Heatsinks"],"picked":"Doom and Gloom","floor":7.0},{"not_picked":["Aggregate","Steam Power"],"picked":"Hologram","floor":11.0},{"not_picked":["Beam Cell","Rebound"],"picked":"Loop","floor":12.0},{"not_picked":["Turbo","Steam"],"picked":"Chill","floor":13.0},{"not_picked":["Reinforced Body","Sweeping Beam"],"picked":"Echo Form","floor":14.0},{"not_picked":["Creative AI","Thunder Strike"],"picked":"Rainbow","floor":16},{"not_picked":["Double Energy+1","Stack","Barrage"],"picked":"SKIP","floor":18},{"not_picked":["Gash","Cold Snap+1"],"picked":"White Noise+1","floor":19},{"not_picked":["Stack+1","Storm"],"picked":"Conserve Battery","floor":21},{"not_picked":["Ball Lightning","Hologram"],"picked":"Self Repair","floor":22}],"player_experience":418702,"relics_obtained":[{"floor":7.0,"key":"Whetstone"},{"floor":9.0,"key":"War Paint"},{"floor":13.0,"key":"Toy Ornithopter"}],"event_choices":[{"damage_healed":0,"gold_gain":0,"player_choice":"Traded Relic","damage_taken":0,"relics_obtained":["Nloth\u0027s Gift"],"max_hp_gain":0,"max_hp_loss":0,"event_name":"N\u0027loth","floor":20,"relics_lost":["Cracked Core"],"gold_loss":0}],"is_beta":false,"boss_relics":[{"not_picked":["Pandora\u0027s Box","Empty Cage"],"picked":"Black Star"}],"items_purged_floors":[],"is_endless":false,"potions_floor_spawned":[2,3,7,11,14,19,21],"killed_by":"Gremlin Leader","ascension_level":0}}