{"host":"4lch21uqe3ag08cj","time":1611705775,"event":{"mods":["AchievementEnabler","BaseMod","Block Reminder","Colored Map","Colored Powertips","Minty Spire (QoL Compilation)","Permanent Neow","Relic Stats"],"gold_per_floor":[115,115,126,143,143,143,143,143,143,170,53,73,107,126,126,228,228,248,10,30,30,49,80,80,106,106,106,106,106,106,106,106,211,211,229,229,80,80,95,127,127,142,218,230,255,305,324,356,356,356],"floor_reached":51,"language":"ENG","playtime":2748,"items_purged":["Strike_R+1"],"score":981,"play_id":"fe42689d-5803-4c75-b910-d0d55153adfe","local_time":"20210126210255","is_ascension_mode":false,"campfire_choices":[{"data":"Bash","floor":6.0,"key":"SMITH"},{"data":"Whirlwind","floor":8.0,"key":"SMITH"},{"data":"Entrench","floor":15.0,"key":"SMITH"},{"floor":24.0,"key":"REST"},{"floor":27.0,"key":"REST"},{"floor":30.0,"key":"REST"},{"floor":32.0,"key":"REST"},{"floor":41,"key":"REST"},{"floor":49,"key":"REST"}],"circlet_count":0,"master_deck":["Strike_R+1","Strike_R+1","Defend_R+1","Defend_R+1","Defend_R+1","Defend_R+1","Bash+1","Pommel Strike","Whirlwind+1","Iron Wave","Iron Wave","Entrench+1","True Grit","Dark Embrace","Metallicize","Shrug It Off","Uppercut","Corruption","Armaments","Feel No Pain","Shockwave+1","Dark Embrace","Sentinel","Dropkick","Barricade","Flame Barrier+1","Dark Shackles","Whirlwind","Madness","Madness","Seeing Red","True Grit+1","Dual Wield+1","Bloodletting+1","Flame Barrier"],"relics":["Runic Pyramid","Pantograph","Bottled Flame","Question Card","Fusion Hammer","Chemical X","FossilizedHelix","Potion Belt","Bronze Scales","Matryoshka","Sozu","Boot","Happy Flower","Pear","Ancient Tea Set","Calipers","Oddly Smooth Stone"],"acts_visited":["Exordium","TheCity","TheBeyond"],"potions_floor_usage":[46],"damage_taken":[{"damage":5.0,"enemies":"2 Louse","floor":1.0,"turns":3.0},{"damage":1.0,"enemies":"Jaw Worm","floor":3.0,"turns":4.0},{"damage":0.0,"enemies":"Cultist","floor":4.0,"turns":3.0},{"damage":13.0,"enemies":"3 Sentries","floor":10.0,"turns":4.0},{"damage":0.0,"enemies":"Exordium Thugs","floor":12.0,"turns":2.0},{"damage":25.0,"enemies":"Lagavulin","floor":13.0,"turns":8.0},{"damage":0.0,"enemies":"Blue Slaver","floor":14.0,"turns":4.0},{"damage":32.0,"enemies":"Hexaghost","floor":16.0,"turns":12.0},{"damage":0.0,"enemies":"3 Byrds","floor":18.0,"turns":4.0},{"damage":0.0,"enemies":"Spheric Guardian","floor":20.0,"turns":3.0},{"damage":2.0,"enemies":"Shelled Parasite and Fungi","floor":22.0,"turns":7.0},{"damage":0.0,"enemies":"Slavers","floor":23.0,"turns":1.0},{"damage":0.0,"enemies":"Gremlin Leader","floor":25.0,"turns":6.0},{"damage":0,"enemies":"Champ","floor":33,"turns":11},{"damage":0,"enemies":"Orb Walker","floor":35,"turns":4},{"damage":0,"enemies":"3 Darklings","floor":39,"turns":1},{"damage":0,"enemies":"Reptomancer","floor":40,"turns":5},{"damage":0,"enemies":"Sphere and 2 Shapes","floor":42,"turns":3},{"damage":7,"enemies":"4 Shapes","floor":44,"turns":1},{"damage":0,"enemies":"Giant Head","floor":45,"turns":6},{"damage":15,"enemies":"Mind Bloom Boss Battle","floor":46,"turns":5},{"damage":0,"enemies":"3 Darklings","floor":47,"turns":1},{"damage":3,"enemies":"Reptomancer","floor":48,"turns":3},{"damage":37,"enemies":"Awakened One","floor":50,"turns":7}],"seed_played":"2461571298737967165","potions_obtained":[{"floor":1.0,"key":"LiquidBronze"},{"floor":4.0,"key":"Weak Potion"},{"floor":10.0,"key":"Energy Potion"},{"floor":13.0,"key":"ElixirPotion"},{"floor":16.0,"key":"Energy Potion"},{"floor":20.0,"key":"FearPotion"},{"floor":22.0,"key":"BlessingOfTheForge"},{"floor":33,"key":"SkillPotion"}],"is_trial":false,"path_per_floor":["M","?","M","M","?","R","?","R","T","E","$","M","E","M","R","B",null,"M","$","M","$","M","E","R","E","T","R","?","?","R","T","R","B",null,"M","?","$","?","M","E","R","M","T","M","E","?","M","E","R","B",null],"character_chosen":"IRONCLAD","items_purchased":["True Grit","Dark Embrace","Feel No Pain","Chemical X","Explosive Potion","Whirlwind"],"campfire_rested":6,"item_purchase_floors":[11,11,19,19,19,37],"current_hp_per_floor":[75,68,67,67,67,67,67,67,67,54,54,54,29,29,29,22,80,80,80,80,80,78,78,80,80,80,80,80,80,80,80,80,80,80,80,80,80,70,70,70,80,80,90,83,83,75,75,72,90,53],"gold":356,"neow_bonus":"BOSS_RELIC","is_daily":false,"chose_seed":false,"campfire_upgraded":3,"win_rate":0.0,"timestamp":1611705775,"path_taken":["M","?","M","M","?","R","?","R","T","E","$","M","E","M","R","BOSS","M","?","M","$","M","E","R","E","T","R","?","?","R","?","R","BOSS","M","?","$","?","M","E","R","M","T","M","E","?","M","E","R","BOSS"],"items_purchased_type":["Card","Card","Card","Relic","Potion","Card"],"build_version":"2020-12-22","purchased_purges":1,"victory":true,"max_hp_per_floor":[80,80,80,80,80,80,80,80,80,80,80,80,80,80,80,80,80,80,80,80,80,80,80,80,80,80,80,80,80,80,80,80,80,80,80,80,80,80,80,80,80,80,90,90,90,90,90,90,90,90],"relic_stats":{"Sozu":4,"Happy Flower":[7],"counters":[24,108],"Pantograph":32,"Bronze Scales":[122],"Chemical X":[37],"Question Card":18,"Boot":[1],"obtain_stats":[{"Potion Belt":25,"Pear":43,"Calipers":46,"Happy Flower":43,"Oddly Smooth Stone":48,"Question Card":13,"Boot":40,"Ancient Tea Set":45,"Burning Blood":0,"Sozu":34,"Bottled Flame":10,"Matryoshka":31,"Pantograph":9,"Bronze Scales":26,"Fusion Hammer":17,"Chemical X":19,"FossilizedHelix":23,"Runic Pyramid":0},{"Potion Belt":13,"Pear":18,"Calipers":21,"Happy Flower":18,"Oddly Smooth Stone":23,"Question Card":6,"Boot":17,"Ancient Tea Set":20,"Burning Blood":0,"Sozu":14,"Bottled Flame":4,"Matryoshka":13,"Pantograph":3,"Bronze Scales":13,"Fusion Hammer":8,"Chemical X":9,"FossilizedHelix":12,"Runic Pyramid":0},{"Potion Belt":61,"Pear":85,"Calipers":97,"Happy Flower":85,"Oddly Smooth Stone":101,"Question Card":24,"Boot":82,"Ancient Tea Set":92,"Burning Blood":0,"Sozu":72,"Bottled Flame":14,"Matryoshka":61,"Pantograph":10,"Bronze Scales":61,"Fusion Hammer":40,"Chemical X":44,"FossilizedHelix":55,"Runic Pyramid":0}]},"card_choices":[{"not_picked":["Seeing Red","Wild Strike"],"picked":"Pommel Strike","floor":1.0},{"not_picked":["Disarm","Burning Pact"],"picked":"Whirlwind","floor":3.0},{"not_picked":["Heavy Blade","Brutality"],"picked":"Iron Wave","floor":4.0},{"not_picked":["Wild Strike","Pommel Strike"],"picked":"Entrench","floor":10.0},{"not_picked":["Havoc","Pummel"],"picked":"Metallicize","floor":12.0},{"not_picked":["Flex","Warcry"],"picked":"Shrug It Off","floor":13.0},{"not_picked":["Perfected Strike","Cleave","Rampage"],"picked":"Uppercut","floor":14.0},{"not_picked":["Exhume","Limit Break","Demon Form"],"picked":"Corruption","floor":16.0},{"not_picked":["Clothesline","Anger","Heavy Blade"],"picked":"Armaments","floor":18.0},{"not_picked":["Flex","Infernal Blade+1","Clash"],"picked":"Shockwave+1","floor":20.0},{"not_picked":["Burning Pact","Headbutt+1","Cleave","Reckless Charge"],"picked":"SKIP","floor":22.0},{"not_picked":["Heavy Blade","Feed","Clash"],"picked":"Dark Embrace","floor":23.0},{"not_picked":["Flex","Havoc","Evolve"],"picked":"Sentinel","floor":25.0},{"not_picked":["Impervious","Limit Break","Brutality"],"picked":"Barricade","floor":33},{"not_picked":["Hemokinesis+1","Fire Breathing+1","Metallicize+1"],"picked":"Flame Barrier+1","floor":35},{"not_picked":["Jack Of All Trades","Finesse","Bandage Up"],"picked":"Dark Shackles","floor":36},{"not_picked":["Twin Strike","Warcry+1","Perfected Strike","Cleave"],"picked":"SKIP","floor":39},{"not_picked":["Flex","Searing Blow+1","Perfected Strike+1"],"picked":"Seeing Red","floor":40},{"not_picked":["Intimidate","Shockwave","Cleave+1"],"picked":"True Grit+1","floor":42},{"not_picked":["Impervious","Iron Wave","Warcry"],"picked":"Dual Wield+1","floor":44},{"not_picked":["Clothesline","Headbutt+1","Reckless Charge"],"picked":"Bloodletting+1","floor":45},{"not_picked":["Bloodletting","Burning Pact","Armaments","Thunderclap"],"picked":"SKIP","floor":47},{"not_picked":["Power Through","Heavy Blade","Havoc+1"],"picked":"Flame Barrier","floor":48}],"player_experience":1414,"relics_obtained":[{"floor":9.0,"key":"Pantograph"},{"floor":10.0,"key":"Bottled Flame"},{"floor":13.0,"key":"Question Card"},{"floor":23.0,"key":"FossilizedHelix"},{"floor":25.0,"key":"Potion Belt"},{"floor":26.0,"key":"Bronze Scales"},{"floor":31.0,"key":"Matryoshka"},{"floor":40,"key":"Boot"},{"floor":43,"key":"Happy Flower"},{"floor":43,"key":"Pear"},{"floor":45,"key":"Ancient Tea Set"},{"floor":46,"key":"Calipers"},{"floor":48,"key":"Oddly Smooth Stone"}],"event_choices":[{"cards_removed":["Strike_R"],"damage_healed":0.0,"max_hp_gain":0.0,"max_hp_loss":0.0,"gold_gain":0.0,"event_name":"Golden Wing","player_choice":"Card Removal","floor":2.0,"gold_loss":0.0,"damage_taken":7.0},{"damage_healed":0.0,"max_hp_gain":0.0,"max_hp_loss":0.0,"gold_gain":0.0,"event_name":"Liars Game","player_choice":"Ignored","floor":5.0,"gold_loss":0.0,"damage_taken":0.0},{"cards_removed":["Strike_R"],"damage_healed":0.0,"max_hp_gain":0.0,"max_hp_loss":0.0,"gold_gain":0.0,"event_name":"NoteForYourself","player_choice":"Took Card","floor":7.0,"gold_loss":0.0,"damage_taken":0.0,"cards_obtained":["Iron Wave"]},{"damage_healed":0.0,"max_hp_gain":0.0,"max_hp_loss":0.0,"gold_gain":0.0,"event_name":"Back to Basics","player_choice":"Simplicity","floor":28.0,"gold_loss":0.0,"damage_taken":0.0,"cards_upgraded":["Strike_R","Strike_R","Strike_R","Defend_R","Defend_R","Defend_R","Defend_R"]},{"damage_healed":0.0,"max_hp_gain":0.0,"max_hp_loss":0.0,"gold_gain":0.0,"event_name":"The Library","player_choice":"Read","floor":29.0,"gold_loss":0.0,"damage_taken":0.0,"cards_obtained":["Dropkick"]},{"damage_healed":0,"gold_gain":0,"player_choice":"Memory 1","damage_taken":0,"max_hp_gain":0,"max_hp_loss":0,"event_name":"SensoryStone","floor":36,"gold_loss":0},{"damage_healed":0,"gold_gain":0,"player_choice":"Embrace Madness","damage_taken":10,"max_hp_gain":0,"max_hp_loss":0,"event_name":"Winding Halls","floor":38,"gold_loss":0,"cards_obtained":["Madness","Madness"]},{"damage_healed":0,"gold_gain":0,"player_choice":"Fight","damage_taken":0,"max_hp_gain":0,"max_hp_loss":0,"event_name":"MindBloom","floor":46,"gold_loss":0}],"is_beta":false,"boss_relics":[{"not_picked":["Velvet Choker","Runic Cube"],"picked":"Fusion Hammer"},{"not_picked":["Calling Bell","SlaversCollar"],"picked":"Sozu"}],"items_purged_floors":[37],"is_endless":false,"potions_floor_spawned":[1,4,10,13,16,20,22,33,35,39,42,48],"ascension_level":0}}