{"host":"vrsxkkch9ccrec7k","time":1611758531,"event":{"mods":["Act Like it!","BaseMod","Bestiary","Better Altar","Better Match","Better Note","Better Sensory Stone","Better Skull","Better Third Choice","Better Vampires","Downfall","Minty Spire (QoL Compilation)","Permanent Neow","Relic Stats","Spicy Shops","StSLib"],"gold_per_floor":[199,216,216,216,235,251,251,251,285,304,304,324,42,61,71,174,174,174,213,234,464,513,513,513,556,556,28,28,36,36,82,113,124,124,124],"floor_reached":33,"language":"ENG","playtime":2242,"items_purged":["JustLucky"],"score":336,"play_id":"7dc6004d-4b35-4a5c-b6f9-a740a0974ead","local_time":"20210127094211","is_ascension_mode":true,"campfire_choices":[{"data":"sneckomod:SnekBite","floor":1,"key":"SMITH"},{"data":"sneckomod:SoulRoll","floor":11,"key":"SMITH"},{"data":"Apotheosis","floor":18,"key":"SMITH"},{"data":"sneckomod:Unknown","floor":23,"key":"SMITH"},{"data":"sneckomod:SoulRoll","floor":30,"key":"SMITH"}],"circlet_count":0,"master_deck":["sneckomod:Defend","sneckomod:Defend","sneckomod:Defend","sneckomod:TailWhip","sneckomod:SnekBite+1","sneckomod:RainOfDice","sneckomod:SoulCleanse","sneckomod:SerpentIdol","sneckomod:Cheat","sneckomod:QuickBite","sneckomod:SoulRoll+1","Apotheosis+1","sneckomod:Nope","sneckomod:SoulRoll","sneckomod:GlitteringGambit","sneckomod:DiceBoulder+3","Carnage+1","sneckomod:SoulDraw+1","sneckomod:UnknownRarePower","sneckomod:TrashToTreasure","sneckomod:UnlimitedRolls","Rupture","sneckomod:SoulRoll+1"],"relics":["sneckomod:SneckoSoul","sneckomod:CleanMud","HornCleat","Coffee Dripper","Omamori","Slimebound:PreparedRelic","Orrery","Lantern","champ:Barbells"],"acts_visited":["Exordium","TheCity"],"potions_floor_usage":[10,25,33,33],"damage_taken":[{"damage":4,"enemies":"Jaw Worm","floor":2,"turns":2},{"damage":4,"enemies":"Small Slimes","floor":5,"turns":3},{"damage":1,"enemies":"Cultist","floor":6,"turns":3},{"damage":19,"enemies":"Gremlin Nob","floor":9,"turns":4},{"damage":0,"enemies":"Gremlin Gang","floor":10,"turns":3},{"damage":0,"enemies":"Exordium Wildlife","floor":12,"turns":2},{"damage":0,"enemies":"downfall:FleeingMerchant","floor":13,"turns":4},{"damage":0,"enemies":"Blue Slaver","floor":14,"turns":1},{"damage":0,"enemies":"Large Slime","floor":15,"turns":3},{"damage":16,"enemies":"IC_STATUS_ARCHETYPE","floor":16,"turns":5},{"damage":18,"enemies":"3 Byrds","floor":19,"turns":5},{"damage":0,"enemies":"Chosen","floor":20,"turns":4},{"damage":23,"enemies":"Chosen","floor":21,"turns":6},{"damage":11,"enemies":"Sentry and Sphere","floor":25,"turns":4},{"damage":0,"enemies":"downfall:FleeingMerchant","floor":27,"turns":4},{"damage":0,"enemies":"downfall:FleeingMerchant","floor":29,"turns":3},{"damage":0,"enemies":"Centurion and Healer","floor":31,"turns":4},{"damage":0,"enemies":"Snecko","floor":32,"turns":3},{"damage":27,"enemies":"DF_ARCHETYPE_CLAW","floor":33,"turns":3}],"seed_played":"-943309811936304630","potions_obtained":[{"floor":2,"key":"ColorlessPotion"},{"floor":12,"key":"Guardian:BlockOnCardUsePotion"},{"floor":16,"key":"GamblersBrew"},{"floor":19,"key":"Explosive Potion"},{"floor":32,"key":"SkillPotion"}],"is_trial":false,"path_per_floor":["R","M","?","?","M","M","T","?","E","M","R","M","$","M","M","B",null,"R","M","M","?","T","R","T","M","R","$","R","$","R","M","M","B"],"character_chosen":"THE_SNECKO","items_purchased":["Apotheosis","sneckomod:UnknownRarePower","Orrery","Lantern","champ:Barbells","CultistPotion"],"campfire_rested":0,"item_purchase_floors":[13,27,27,27,29,29],"current_hp_per_floor":[90,86,86,86,82,81,81,81,62,62,62,62,62,62,62,46,79,79,61,61,38,38,38,38,27,27,27,27,27,27,27,27,0,0,0],"gold":124,"neow_bonus":"HUNDRED_GOLD","is_daily":false,"chose_seed":false,"campfire_upgraded":5,"win_rate":0.0,"timestamp":1611758531,"path_taken":["R","M","?","?","M","?","T","?","E","M","R","?","$","M","M","BOSS","R","M","M","?","?","R","T","M","R","?","R","$","R","M","M","BOSS"],"items_purchased_type":["Card","Card","Relic","Relic","Relic","Potion"],"build_version":"2020-12-22","purchased_purges":1,"victory":false,"max_hp_per_floor":[90,90,90,90,90,90,90,90,90,90,90,90,90,90,90,90,90,90,90,90,90,90,90,90,90,90,90,90,90,90,90,90,90,90,90],"relic_stats":{"counters":[19,66],"obtain_stats":[{"champ:Barbells":29,"Lantern":27,"HornCleat":9,"Orrery":27,"sneckomod:CleanMud":7,"Slimebound:PreparedRelic":24,"Coffee Dripper":17,"Omamori":22,"sneckomod:SneckoSoul":0},{"champ:Barbells":16,"Lantern":15,"HornCleat":4,"Orrery":15,"sneckomod:CleanMud":3,"Slimebound:PreparedRelic":13,"Coffee Dripper":10,"Omamori":13,"sneckomod:SneckoSoul":0},{"champ:Barbells":56,"Lantern":53,"HornCleat":12,"Orrery":53,"sneckomod:CleanMud":8,"Slimebound:PreparedRelic":45,"Coffee Dripper":30,"Omamori":45,"sneckomod:SneckoSoul":0}]},"card_choices":[{"not_picked":["sneckomod:SoulRoll","sneckomod:UnknownCommonSkill"],"picked":"sneckomod:RainOfDice","floor":2},{"not_picked":["sneckomod:UnknownColorless","sneckomod:UnknownCommonAttack"],"picked":"sneckomod:SoulCleanse","floor":5},{"not_picked":["sneckomod:UnknownUncommonSkill","sneckomod:SnekBeam"],"picked":"sneckomod:SerpentIdol","floor":6},{"not_picked":["sneckomod:UnknownStrike","sneckomod:UnknownClassSLIMEBOUND"],"picked":"sneckomod:QuickBite","floor":9},{"not_picked":["sneckomod:PureSnecko","sneckomod:UnknownClassTHE_BRONZE_AUTOMATON"],"picked":"sneckomod:SoulRoll","floor":10},{"not_picked":["sneckomod:UnknownCommonSkill","sneckomod:UnknownClassBLUE","sneckomod:Unknown1Cost"],"picked":"SKIP","floor":12},{"not_picked":["sneckomod:UnknownExhaust","sneckomod:UnknownClassGREEN","sneckomod:IronFang"],"picked":"SKIP","floor":13},{"not_picked":["sneckomod:UnknownUncommonAttack","sneckomod:UnknownClassGREEN"],"picked":"sneckomod:Nope","floor":14},{"not_picked":["sneckomod:Rotation","sneckomod:ImprovisedGuard"],"picked":"sneckomod:SoulRoll","floor":15},{"not_picked":["sneckomod:UnknownRareAttack","sneckomod:Cheat"],"picked":"sneckomod:GlitteringGambit","floor":16},{"not_picked":["sneckomod:RainOfDice","sneckomod:Rotation","sneckomod:Unknown0Cost"],"picked":"SKIP","floor":19},{"not_picked":["sneckomod:QuickMove","sneckomod:IronFang+1","sneckomod:Unknown1Cost"],"picked":"SKIP","floor":20},{"not_picked":["sneckomod:UnknownBlock","sneckomod:UnknownUncommonAttack"],"picked":"sneckomod:DiceBoulder+1","floor":25},{"not_picked":["sneckomod:Nope","sneckomod:SnekBeam+1"],"picked":"sneckomod:SoulDraw+1","floor":27},{"not_picked":["sneckomod:SerpentIdol+1","sneckomod:UnendingSupply+1"],"picked":"sneckomod:TrashToTreasure","floor":27},{"not_picked":["sneckomod:UnknownDraw","sneckomod:UnknownBlock"],"picked":"sneckomod:UnlimitedRolls","floor":27},{"not_picked":["sneckomod:QuickBite","sneckomod:SerpentMind"],"picked":"sneckomod:UnknownUncommonPower","floor":27},{"not_picked":["sneckomod:QuickMove","sneckomod:UnknownExhaust"],"picked":"sneckomod:SoulRoll","floor":29},{"not_picked":["sneckomod:UnknownClassBLUE","sneckomod:UnknownUncommonAttack","sneckomod:DiceBlock"],"picked":"SKIP","floor":31},{"not_picked":["sneckomod:SoulRoll","sneckomod:UnknownBoss","sneckomod:Unknown1Cost+1"],"picked":"SKIP","floor":32}],"player_experience":1770112,"relics_obtained":[{"floor":7,"key":"sneckomod:CleanMud"},{"floor":9,"key":"HornCleat"},{"floor":22,"key":"Omamori"},{"floor":24,"key":"Slimebound:PreparedRelic"}],"event_choices":[{"cards_removed":["sneckomod:Strike"],"damage_healed":0,"gold_gain":0,"player_choice":"Card Removal","damage_taken":0,"max_hp_gain":0,"max_hp_loss":0,"event_name":"The Cleric","floor":3,"gold_loss":0}],"is_beta":false,"boss_relics":[{"not_picked":["expansioncontent:StudyCardRelic","Empty Cage"],"picked":"Coffee Dripper"}],"items_purged_floors":[29],"is_endless":false,"potions_floor_spawned":[2,12,16,19,21,32],"killed_by":"DF_ARCHETYPE_CLAW","ascension_level":5}}