{"host":"xjs3b8lu14idcd3l","time":1611750853,"event":{"mods":["Act Like it!","BaseMod","CapriCore","Friendly Minions","Gensokyo","Kiyohime£®«Âºß£©","Koishi","Marisa£®ÏF”Í°°ƒß¿Ì…≥£©","Minty Spire (QoL Compilation)","Prisma Mod","Reimu£®≤©¿ˆ¡È√Œ£©","Remilia£®¿Ÿ√◊¿Ú—«£©","Replay The Spire","StSLib","The Administrix","The Immortal","The Servant 0.9.4","Youmu£®ªÍ∆«—˝√Œ£©","Yuyuko"],"gold_per_floor":[115,115,125,125,125,125,158,258,285,304,337,347,399,413,413,516,516,526,139,139,150,164,164,199,124,124,144,170,181,216,235,235,331,331,341,341,0,17,32,59,106,138,163,63,63,96,96,106,106,106,106,106,14,48,48],"floor_reached":56,"language":"ZHS","playtime":2799,"items_purged":["Amnesia","KiyohimeMod:Defend"],"score":1199,"play_id":"0fa2d9ea-e976-431b-ba44-db9f51e7bf6c","local_time":"20210127203413","is_ascension_mode":true,"campfire_choices":[{"data":"KiyohimeMod:FlameKiss","floor":6,"key":"SMITH"},{"data":"KiyohimeMod:CastleOfTheSun","floor":15,"key":"SMITH"},{"data":"KiyohimeMod:Servant_TamamoNoMae","floor":23,"key":"SMITH"},{"data":"KiyohimeMod:JeweledSword","floor":32,"key":"SMITH"},{"data":"KiyohimeMod:BlueBlackKey","floor":45,"key":"SMITH"},{"floor":49,"key":"RECALL"},{"data":"KiyohimeMod:Berserker","floor":52,"key":"SMITH"}],"circlet_count":0,"master_deck":["KiyohimeMod:Strike+1","KiyohimeMod:Strike","KiyohimeMod:Strike","KiyohimeMod:Strike","KiyohimeMod:Defend","KiyohimeMod:Defend","KiyohimeMod:Defend","KiyohimeMod:FlameKiss+1","KiyohimeMod:Shapeshift","KiyohimeMod:HydraDagger","KiyohimeMod:CastleOfTheSun+1","KiyohimeMod:BlueBlackKey+1","KiyohimeMod:Berserker+1","KiyohimeMod:Servant_TamamoNoMae+1","KiyohimeMod:ImaginaryNumberMagecraft","KiyohimeMod:HotSpringOfTheMoon","KiyohimeMod:Grimoire+1","KiyohimeMod:JeweledSword+1","KiyohimeMod:Destruction+1","KiyohimeMod:ImaginaryAround","KiyohimeMod:FirstPremonition+1","KiyohimeMod:FormalCraft+1","KiyohimeMod:CommandCard_Arts+1","KiyohimeMod:Berserker","KiyohimeMod:CommandCard_Arts"],"relics":["RedLine:ReiMu","Bag of Preparation","Ring of Misfortune","ReplayTheSpireMod:Ring of Exchange","Pocketwatch","Happy Flower","Mummified Hand","Darkstone Periapt","Toolbox","ReplayTheSpireMod:TigerMarble","NlothsMask","Quantum Egg","Matryoshka","Oddly Smooth Stone","ChewingGum","Red Mask","White Beast Statue","CatCart","Bottled Flame","Mastiff:ReiMu","Whetstone","InkBottle","Bottled Lightning","ReplayTheSpireMod:Ninjato"],"acts_visited":["Exordium","TheCity","TheBeyond","TheEnding"],"potions_floor_usage":[11,16,33,40,40,40,41,50,50,54,54,55,55],"damage_taken":[{"damage":0,"enemies":"Cultist","floor":1,"turns":3},{"damage":0,"enemies":"Jaw Worm","floor":3,"turns":3},{"damage":8,"enemies":"3 Sentries","floor":7,"turns":8},{"damage":0,"enemies":"Small Slimes","floor":10,"turns":2},{"damage":0,"enemies":"Gremlin Nob","floor":11,"turns":3},{"damage":0,"enemies":"2 Fungi Beasts","floor":12,"turns":2},{"damage":0,"enemies":"Large Slime","floor":14,"turns":4},{"damage":24,"enemies":"Slime Boss","floor":16,"turns":9},{"damage":6,"enemies":"2 Thieves","floor":18,"turns":2},{"damage":0,"enemies":"3 Byrds","floor":21,"turns":3},{"damage":0,"enemies":"Snecko","floor":22,"turns":3},{"damage":0,"enemies":"Book of Stabbing","floor":24,"turns":2},{"damage":11,"enemies":"Snake Plant","floor":27,"turns":2},{"damage":8,"enemies":"Gremlin Leader","floor":28,"turns":3},{"damage":0,"enemies":"Cultist and Chosen","floor":29,"turns":3},{"damage":10,"enemies":"Book of Stabbing","floor":30,"turns":4},{"damage":4,"enemies":"Chosen and Byrds","floor":31,"turns":3},{"damage":43,"enemies":"Champ","floor":33,"turns":5},{"damage":0,"enemies":"Orb Walker","floor":35,"turns":3},{"damage":0,"enemies":"3 Darklings","floor":38,"turns":2},{"damage":1,"enemies":"Transient","floor":39,"turns":5},{"damage":26,"enemies":"Nemesis","floor":40,"turns":7},{"damage":0,"enemies":"Orin","floor":41,"turns":6},{"damage":5,"enemies":"R_Hoarder","floor":42,"turns":6},{"damage":0,"enemies":"Reptomancer","floor":46,"turns":3},{"damage":0,"enemies":"Spire Growth","floor":48,"turns":3},{"damage":20,"enemies":"Replay:Hell Engine","floor":50,"turns":5},{"damage":64,"enemies":"Shield and Spear","floor":54,"turns":4},{"damage":43,"enemies":"The Heart","floor":55,"turns":4}],"seed_played":"-2813152625237860824","potions_obtained":[{"floor":7,"key":"SteroidPotion"},{"floor":10,"key":"SkillPotion"},{"floor":11,"key":"Languid Potion"},{"floor":12,"key":"Block Potion"},{"floor":21,"key":"Ancient Potion"},{"floor":30,"key":"SkillPotion"},{"floor":33,"key":"Swift Potion"},{"floor":39,"key":"Regen Potion"},{"floor":41,"key":"Block Potion"},{"floor":54,"key":"BlessingOfTheForge"}],"is_trial":false,"path_per_floor":["M","$","M","?","?","R","E","?","T","M","E","M","?","M","R","B",null,"M","$","?","M","M","R","E","?","T","M","E","M","E","M","R","B",null,"M","?","?","M","M","E","?","E","T","$","R","E","T","M","R","B",null,"R","$","E","B",null],"character_chosen":"Kiyohime","items_purchased":["ReplayTheSpireMod:TigerMarble","KiyohimeMod:ImaginaryNumberMagecraft","KiyohimeMod:Berserker","KiyohimeMod:CommandCard_Arts"],"campfire_rested":0,"item_purchase_floors":[19,19,53,53],"current_hp_per_floor":[60,60,60,53,53,53,45,45,45,45,45,45,45,45,45,21,60,54,54,54,60,60,60,60,60,60,49,52,52,48,50,50,13,60,60,60,60,60,59,46,52,53,53,53,53,53,53,59,59,40,60,60,60,2,54],"gold":48,"neow_bonus":"BOSS_RELIC","is_daily":false,"chose_seed":false,"campfire_upgraded":6,"win_rate":0.0,"timestamp":1611750853,"path_taken":["M","$","?","?","?","R","E","?","T","M","E","?","?","M","R","BOSS","M","$","?","?","M","R","E","?","T","M","E","M","E","M","R","BOSS","M","?","?","M","M","E","?","E","T","?","R","E","?","M","R","BOSS","R","$","E","BOSS"],"items_purchased_type":["Relic","Card","Card","Card"],"build_version":"2020-12-22","purchased_purges":2,"victory":true,"max_hp_per_floor":[60,60,60,60,60,60,60,60,60,60,60,60,60,60,60,60,60,60,60,60,60,60,60,60,60,60,60,60,60,60,60,60,60,60,60,60,60,60,60,60,60,60,60,60,60,60,60,60,60,60,60,60,60,60,60],"card_choices":[{"not_picked":["KiyohimeMod:Preemptive","KiyohimeMod:CommandCard_Buster"],"picked":"KiyohimeMod:BlueBlackKey","floor":1},{"not_picked":["KiyohimeMod:ExSpicyMapoTofu","KiyohimeMod:LimitedZeroOver"],"picked":"KiyohimeMod:HydraDagger","floor":3},{"not_picked":["KiyohimeMod:GreenBlackKey","KiyohimeMod:AndSoTheShipConquers"],"picked":"KiyohimeMod:CastleOfTheSun","floor":7},{"not_picked":["KiyohimeMod:WaterTurn","KiyohimeMod:Berserker"],"picked":"KiyohimeMod:BlueBlackKey","floor":10},{"not_picked":["KiyohimeMod:BlueBlackKey","KiyohimeMod:AndSoTheShipConquers"],"picked":"KiyohimeMod:Berserker","floor":11},{"not_picked":["KiyohimeMod:WaterTurn","KiyohimeMod:AndSoTheShipConquers","KiyohimeMod:BlueBlackKey"],"picked":"SKIP","floor":12},{"not_picked":["KiyohimeMod:EatSoul","KiyohimeMod:WaterTurn","KiyohimeMod:FiringTheFirstArrow"],"picked":"SKIP","floor":14},{"not_picked":["KiyohimeMod:Barrier","KiyohimeMod:CastleOfTheSun"],"picked":"KiyohimeMod:Servant_TamamoNoMae","floor":16},{"not_picked":["KiyohimeMod:GreenBlackKey","KiyohimeMod:CommandCard_Quick","KiyohimeMod:Preemptive"],"picked":"SKIP","floor":18},{"not_picked":["KiyohimeMod:ImaginaryAround","KiyohimeMod:SteelTraining"],"picked":"KiyohimeMod:HotSpringOfTheMoon","floor":21},{"not_picked":["KiyohimeMod:EatSoul","KiyohimeMod:Preemptive"],"picked":"KiyohimeMod:Grimoire+1","floor":22},{"not_picked":["KiyohimeMod:WaterTurn","KiyohimeMod:FiringTheFirstArrow","KiyohimeMod:GreenBlackKey"],"picked":"SKIP","floor":24},{"not_picked":["KiyohimeMod:BlueBlackKey","KiyohimeMod:GreenBlackKey+1","KiyohimeMod:Preemptive"],"picked":"SKIP","floor":27},{"not_picked":["KiyohimeMod:Preemptive","KiyohimeMod:WaterTurn"],"picked":"KiyohimeMod:JeweledSword","floor":28},{"not_picked":["KiyohimeMod:EatSoul","KiyohimeMod:AgainstMagic","KiyohimeMod:Preemptive+1"],"picked":"SKIP","floor":29},{"not_picked":["KiyohimeMod:AndSoTheShipConquers+1","KiyohimeMod:RedBlackKey+1","KiyohimeMod:Preemptive"],"picked":"SKIP","floor":30},{"not_picked":["KiyohimeMod:Berserker","KiyohimeMod:WaterTurn+1","KiyohimeMod:EatSoul"],"picked":"SKIP","floor":31},{"not_picked":["KiyohimeMod:HeroCreation","KiyohimeMod:JeweledSword"],"picked":"KiyohimeMod:Destruction","floor":33},{"not_picked":["KiyohimeMod:Berserker+1","KiyohimeMod:SteelTraining"],"picked":"KiyohimeMod:ImaginaryAround","floor":35},{"not_picked":["KiyohimeMod:RedBlackKey+1","KiyohimeMod:GreenBlackKey","KiyohimeMod:DragonVein"],"picked":"SKIP","floor":38},{"not_picked":["KiyohimeMod:CelestialInvertedMoon+1","KiyohimeMod:Berserker"],"picked":"KiyohimeMod:FirstPremonition+1","floor":39},{"not_picked":["KiyohimeMod:RedBlackKey+1","KiyohimeMod:ExSpicyMapoTofu"],"picked":"KiyohimeMod:FormalCraft+1","floor":40},{"not_picked":["KiyohimeMod:FiringTheFirstArrow","KiyohimeMod:WaterTurn+1"],"picked":"KiyohimeMod:CommandCard_Arts+1","floor":41},{"not_picked":["KiyohimeMod:RedBlackKey","KiyohimeMod:BeElegant","KiyohimeMod:WaterTurn+1"],"picked":"SKIP","floor":42},{"not_picked":["KiyohimeMod:RedBlackKey+1","KiyohimeMod:AndSoTheShipConquers+1","KiyohimeMod:EatSoul+1"],"picked":"SKIP","floor":46},{"not_picked":["KiyohimeMod:AndSoTheShipConquers+1","KiyohimeMod:EatSoul+1","KiyohimeMod:SteelTraining+1"],"picked":"SKIP","floor":48},{"not_picked":["KiyohimeMod:WaterTurn+1","KiyohimeMod:BlueBlackKey+1","KiyohimeMod:Destruction"],"picked":"SKIP","floor":54}],"player_experience":186389,"relics_obtained":[{"floor":5,"key":"Ring of Misfortune"},{"floor":5,"key":"ReplayTheSpireMod:Ring of Exchange"},{"floor":7,"key":"Pocketwatch"},{"floor":9,"key":"Happy Flower"},{"floor":11,"key":"Mummified Hand"},{"floor":13,"key":"Darkstone Periapt"},{"floor":24,"key":"Quantum Egg"},{"floor":28,"key":"Matryoshka"},{"floor":30,"key":"Oddly Smooth Stone"},{"floor":40,"key":"White Beast Statue"},{"floor":41,"key":"CatCart"},{"floor":42,"key":"Bottled Flame"},{"floor":43,"key":"Mastiff:ReiMu"},{"floor":43,"key":"Whetstone"},{"floor":46,"key":"InkBottle"},{"floor":47,"key":"Bottled Lightning"},{"floor":54,"key":"ReplayTheSpireMod:Ninjato"}],"event_choices":[{"damage_healed":0,"gold_gain":0,"player_choice":"Success","damage_taken":7,"relics_obtained":["Bag of Preparation"],"max_hp_gain":0,"max_hp_loss":0,"event_name":"Scrap Ooze","floor":4,"gold_loss":0},{"damage_healed":0,"gold_gain":100,"player_choice":"Pray","damage_taken":0,"max_hp_gain":0,"max_hp_loss":0,"event_name":"Golden Shrine","floor":8,"gold_loss":0},{"damage_healed":0,"gold_gain":0,"player_choice":"Trade","damage_taken":0,"relics_obtained":["NlothsMask"],"max_hp_gain":0,"max_hp_loss":0,"event_name":"FaceTrader","floor":20,"gold_loss":0},{"cards_removed":["KiyohimeMod:Track"],"damage_healed":0,"gold_gain":0,"player_choice":"Gave Gold","damage_taken":0,"max_hp_gain":0,"max_hp_loss":0,"event_name":"Beggar","floor":25,"gold_loss":75},{"cards_removed":["KiyohimeMod:BlueBlackKey"],"damage_healed":0,"gold_gain":0,"player_choice":"Removed Attack","damage_taken":0,"max_hp_gain":0,"max_hp_loss":0,"event_name":"Falling","floor":36,"gold_loss":0},{"damage_healed":0,"gold_gain":0,"player_choice":"Paid","damage_taken":0,"relics_obtained":["Red Mask"],"max_hp_gain":0,"max_hp_loss":0,"event_name":"Tomb of Lord Red Mask","floor":37,"gold_loss":341},{"damage_healed":0,"gold_gain":0,"player_choice":"Fight","damage_taken":0,"max_hp_gain":0,"max_hp_loss":0,"event_name":"OrinTheCat","floor":41,"gold_loss":0}],"is_beta":false,"boss_relics":[{"not_picked":["Replay:Ancient Bell","Replay:Bronze Core"],"picked":"Toolbox"},{"not_picked":["Abe\u0027s Treasure","Honey Jar"],"picked":"ChewingGum"}],"items_purged_floors":[19,44],"is_endless":false,"potions_floor_spawned":[7,10,11,12,14,21,24,30,33,39,41,42,46,48,54],"ascension_level":1}}