{"host":"vyjryxuuuxkt43k4","time":1611757040,"event":{"mods":["AchievementEnabler","BaseMod","Colored Map","DeckTracker","Keyboard Shortcuts","Minty Spire (QoL Compilation)","Permanent Neow","Quick Restart","Rare Cards Sparkle","StSLib","SuperFastMode","everything is the same but u backflip on backflip"],"gold_per_floor":[116,130,146,0,19,19,44,44,93,103,103,149,149,74,74,171,171,187,15,15,2,19,19,30,43,90,90,20,55,55,55],"floor_reached":30,"language":"KOR","playtime":1331,"items_purged":["Writhe","Strike_B"],"score":347,"play_id":"9f8c2083-6e3c-4106-8b2b-dbb5a45c67eb","local_time":"20210127231720","is_ascension_mode":true,"campfire_choices":[{"data":"Zap","floor":6.0,"key":"SMITH"},{"floor":15.0,"key":"REST"},{"data":"Defragment","floor":23.0,"key":"SMITH"},{"data":"Dualcast","floor":27,"key":"SMITH"}],"circlet_count":0,"master_deck":["Strike_B","Strike_B","Defend_B","Defend_B","Defend_B","Defend_B","Zap+1","Dualcast+1","Genetic Algorithm","Auto Shields","Cold Snap","Capacitor","Defragment+1","Glacier","Consume","Core Surge","Barrage+1","Compile Driver","Ball Lightning","Double Energy+1","Self Repair+1","Recycle","Chaos","FTL"],"relics":["FrozenCore","Gambling Chip","ClockworkSouvenir","Meat on the Bone","Dream Catcher","Bag of Marbles","Membership Card","Blood Vial","Torii"],"acts_visited":["Exordium","TheCity"],"potions_floor_usage":[29,29,30],"damage_taken":[{"damage":0.0,"enemies":"Cultist","floor":1.0,"turns":3.0},{"damage":2.0,"enemies":"Jaw Worm","floor":2.0,"turns":4.0},{"damage":5.0,"enemies":"2 Louse","floor":3.0,"turns":3.0},{"damage":25.0,"enemies":"Exordium Thugs","floor":5.0,"turns":5.0},{"damage":25.0,"enemies":"3 Sentries","floor":7.0,"turns":13.0},{"damage":27.0,"enemies":"Lots of Slimes","floor":10.0,"turns":5.0},{"damage":40.0,"enemies":"Hexaghost","floor":16.0,"turns":19.0},{"damage":3.0,"enemies":"3 Byrds","floor":18.0,"turns":8.0},{"damage":0.0,"enemies":"Shell Parasite","floor":22.0,"turns":6.0},{"damage":3,"enemies":"Shelled Parasite and Fungi","floor":24,"turns":7},{"damage":20,"enemies":"Snake Plant","floor":25,"turns":6},{"damage":12,"enemies":"Slavers","floor":29,"turns":7},{"damage":9,"enemies":"Colosseum Slavers","floor":30,"turns":6},{"damage":63,"enemies":"Colosseum Nobs","floor":30,"turns":6}],"seed_played":"-6369256360920916396","potions_obtained":[{"floor":1.0,"key":"Explosive Potion"},{"floor":2.0,"key":"FairyPotion"},{"floor":7.0,"key":"Strength Potion"},{"floor":16.0,"key":"Fire Potion"},{"floor":18.0,"key":"SneckoOil"},{"floor":22.0,"key":"Explosive Potion"},{"floor":29,"key":"LiquidBronze"}],"is_trial":false,"path_per_floor":["M","M","M","$","M","R","E","?","T","M","?","T","?","$","R","B",null,"M","$","?","$","M","R","M","M","T","R","$","E","?"],"character_chosen":"DEFECT","items_purchased":["ClockworkSouvenir","Membership Card","Compile Driver","Ball Lightning","Chaos"],"campfire_rested":1,"item_purchase_floors":[4,19,19,21,28],"current_hp_per_floor":[68,66,61,61,36,36,11,11,11,22,22,22,22,22,44,16,60,57,57,57,57,57,57,54,56,56,56,56,56,0,0],"gold":55,"neow_bonus":"ONE_RARE_RELIC","is_daily":false,"chose_seed":false,"campfire_upgraded":3,"win_rate":0.0,"timestamp":1611757040,"path_taken":["M","M","M","$","M","R","E","?","T","M","?","?","?","$","R","BOSS","M","$","?","?","M","R","M","?","T","R","$","E","?"],"items_purchased_type":["Relic","Relic","Card","Card","Card"],"build_version":"2020-12-22","purchased_purges":2,"victory":false,"max_hp_per_floor":[75,75,75,75,75,75,75,75,75,75,75,75,75,75,75,75,75,75,75,75,75,75,75,75,75,75,75,75,75,75,75],"card_choices":[{"not_picked":["Conserve Battery","Cold Snap"],"picked":"Genetic Algorithm","floor":1.0},{"not_picked":["Reprogram","Stack"],"picked":"Auto Shields","floor":2.0},{"not_picked":["Go for the Eyes","Ball Lightning"],"picked":"Cold Snap","floor":3.0},{"not_picked":["Chill","Hello World"],"picked":"Capacitor","floor":5.0},{"not_picked":["Steam","Reinforced Body"],"picked":"Defragment","floor":7.0},{"not_picked":["Hyperbeam","Hologram"],"picked":"Glacier","floor":10.0},{"not_picked":["Leap","Barrage"],"picked":"Consume","floor":15.0},{"not_picked":["Meteor Strike","Machine Learning"],"picked":"Core Surge","floor":16.0},{"not_picked":["Melter","Steam"],"picked":"Barrage+1","floor":18.0},{"not_picked":["Gash","Redo"],"picked":"Double Energy+1","floor":22.0},{"not_picked":["Beam Cell+1","Compile Driver+1"],"picked":"Self Repair+1","floor":24},{"not_picked":["Stack","Thunder Strike"],"picked":"Recycle","floor":25},{"not_picked":["Steam","Hello World"],"picked":"FTL","floor":29}],"player_experience":418531,"relics_obtained":[{"floor":7.0,"key":"Meat on the Bone"},{"floor":12.0,"key":"Dream Catcher"},{"floor":26,"key":"Blood Vial"},{"floor":29,"key":"Torii"}],"event_choices":[{"damage_healed":0.0,"max_hp_gain":0.0,"max_hp_loss":0.0,"gold_gain":0.0,"event_name":"Liars Game","player_choice":"Ignored","floor":8.0,"gold_loss":0.0,"damage_taken":0.0},{"damage_healed":0.0,"max_hp_gain":0.0,"max_hp_loss":0.0,"gold_gain":0.0,"event_name":"Shining Light","player_choice":"Ignored","floor":11.0,"gold_loss":0.0,"damage_taken":0.0},{"damage_healed":0.0,"max_hp_gain":0.0,"max_hp_loss":0.0,"gold_gain":0.0,"event_name":"WeMeetAgain","player_choice":"Gave Potion","floor":13.0,"gold_loss":0.0,"damage_taken":0.0,"relics_obtained":["Bag of Marbles"]},{"cards_removed":["Strike_B"],"damage_healed":0.0,"max_hp_gain":0.0,"max_hp_loss":0.0,"gold_gain":0.0,"event_name":"Bonfire Elementals","player_choice":"Offered Basic","floor":20.0,"gold_loss":0.0,"damage_taken":0.0},{"damage_healed":0,"gold_gain":0,"player_choice":"Fight","damage_taken":0,"max_hp_gain":0,"max_hp_loss":0,"event_name":"Colosseum","floor":30,"gold_loss":0},{"damage_healed":0,"gold_gain":0,"player_choice":"Fought Nobs","damage_taken":0,"max_hp_gain":0,"max_hp_loss":0,"event_name":"Colosseum","floor":30,"gold_loss":0}],"is_beta":false,"boss_relics":[{"not_picked":["Velvet Choker","Ectoplasm"],"picked":"FrozenCore"}],"items_purged_floors":[14,28],"is_endless":false,"potions_floor_spawned":[1,2,7,16,18,22,29],"killed_by":"Colosseum Nobs","ascension_level":8}}