{"host":"b4vwm7jq6jdk6nca","time":1611731873,"event":{"mods":["Act Like it!","BaseMod","Hermit","Minty Spire (QoL Compilation)","Pale of the Ancients","Quick Restart","Relic Filter Mod","Spicy Shops","StSLib","TestMod","The Cursed","Wide Potions","[IsaacMod]以撒尖塔"],"gold_per_floor":[114,114,133,150,170,196,244,260,260,260,287,287,302,313,313,408,408,428,428,447,546,561,590,590,590,658,741,272,290,321,71,71,173,173,192,212,228,245,257,289,54,85,85,102,102,115,115,127,127,127,146,166,182,30,30,42,42,119,119,119,119],"floor_reached":60,"language":"ZHS","playtime":3530,"items_purged":["Defend_P","Strike_P","Defend_P","Strike_P"],"score":1285,"play_id":"43725727-04a2-4cd7-8072-25d18ab597ae","local_time":"20210127151753","is_ascension_mode":true,"campfire_choices":[{"data":"Eruption","floor":10.0,"key":"SMITH"},{"data":"Tantrum","floor":15.0,"key":"SMITH"},{"data":"Wallop","floor":24.0,"key":"SMITH"},{"data":"Wireheading","floor":32.0,"key":"SMITH"},{"floor":49,"key":"RECALL"},{"data":"CrushJoints","floor":55,"key":"SMITH"},{"data":"Adaptation","floor":57,"key":"SMITH"}],"circlet_count":0,"master_deck":["Strike_P","Defend_P","Defend_P+1","Eruption+1","Vigilance+1","FlurryOfBlows","Tantrum+1","CrushJoints+1","Halt+1","Crescendo+1","Scrawl+1","MentalFortress","EmptyBody+1","ConjureBlade+1","SpiritShield+1","Adaptation+1","Wireheading+1","J.A.X.+1","FearNoEvil","Wallop+1","FlyingSleeves+1","FollowUp","ReachHeaven+1","FollowUp","testmod-LimitFlipper+1","ClearTheMind+1","WheelKick+1","CutThroughFate"],"relics":["PureWater","testmod-TestBox","HushsDoor","BookofShadows","NeowsBlessing","Toxic Egg 2","Letter Opener","War Paint","testmod-HarvestTotem","GuppysTail","BelialBook","Toy Ornithopter","NeowsBlessing","Meat on the Bone","Chemical X","DeathBook","Bottled Tornado","Happy Flower","testmod-Fanaticism","NineLifeCat","Blue Candle","Lee\u0027s Waffle","Thread and Needle","AnarchistCookbook","Nunchaku","Damaru","paleoftheancients:Timepiece","paleoftheancients:KeyRelic","Bronze Scales","CultistMask","paleoftheancients:SoulOfTheWatcher","paleoftheancients:SoulOfTheThorton","Shuriken"],"acts_visited":["Exordium","TheCity","TheBeyond","TheBeyond"],"potions_floor_usage":[52],"damage_taken":[{"damage":0.0,"enemies":"Small Slimes","floor":1.0,"turns":1.0},{"damage":0.0,"enemies":"Jaw Worm","floor":3.0,"turns":1.0},{"damage":0.0,"enemies":"Cultist","floor":4.0,"turns":1.0},{"damage":2.0,"enemies":"2 Fungi Beasts","floor":5.0,"turns":2.0},{"damage":0.0,"enemies":"Lagavulin","floor":6.0,"turns":5.0},{"damage":0.0,"enemies":"Red Slaver","floor":8.0,"turns":3.0},{"damage":0.0,"enemies":"Gremlin Nob","floor":11.0,"turns":3.0},{"damage":0.0,"enemies":"Exordium Thugs","floor":13.0,"turns":2.0},{"damage":0.0,"enemies":"Gremlin Gang","floor":14.0,"turns":3.0},{"damage":0.0,"enemies":"Slime Boss","floor":16.0,"turns":7.0},{"damage":4.0,"enemies":"3 Byrds","floor":18.0,"turns":4.0},{"damage":3.0,"enemies":"Chosen","floor":20.0,"turns":3.0},{"damage":0.0,"enemies":"Snake Plant","floor":22.0,"turns":4.0},{"damage":3.0,"enemies":"Slavers","floor":23.0,"turns":3.0},{"damage":4.0,"enemies":"Centurion and Healer","floor":29.0,"turns":2.0},{"damage":0.0,"enemies":"Book of Stabbing","floor":30.0,"turns":1.0},{"damage":0.0,"enemies":"Collector","floor":33.0,"turns":2.0},{"damage":35.0,"enemies":"Orb Walker","floor":35.0,"turns":2.0},{"damage":12.0,"enemies":"3 Shapes","floor":36.0,"turns":2.0},{"damage":3.0,"enemies":"Transient","floor":37.0,"turns":5.0},{"damage":3.0,"enemies":"Spire Growth","floor":38.0,"turns":3.0},{"damage":0.0,"enemies":"Jaw Worm Horde","floor":39.0,"turns":3.0},{"damage":16.0,"enemies":"Giant Head","floor":40.0,"turns":5.0},{"damage":19.0,"enemies":"Nemesis","floor":42.0,"turns":3.0},{"damage":3.0,"enemies":"Transient","floor":44.0,"turns":5.0},{"damage":0,"enemies":"3 Darklings","floor":46,"turns":2},{"damage":28,"enemies":"Writhing Mass","floor":48,"turns":4},{"damage":19,"enemies":"Donu and Deca","floor":50,"turns":5},{"damage":77,"enemies":"Donu and Deca","floor":51,"turns":6},{"damage":12,"enemies":"Donu and Deca","floor":52,"turns":3},{"damage":0,"enemies":"paleoftheancients:Thorton3","floor":53,"turns":1},{"damage":26,"enemies":"paleoftheancients:Thorton3","floor":56,"turns":5},{"damage":259,"enemies":"Delirium","floor":60,"turns":9}],"seed_played":"-6474304190940404152","potions_obtained":[{"floor":1.0,"key":"testmod-TestPotion"},{"floor":6.0,"key":"Block Potion"},{"floor":11.0,"key":"Dexterity Potion"},{"floor":16.0,"key":"FairyPotion"},{"floor":35.0,"key":"EssenceOfSteel"},{"floor":53,"key":"FairyPotion"}],"is_trial":false,"path_per_floor":["M","?","M","M","M","E","?","M","T","R","E","?","M","M","R","B",null,"M","?","M","?","M","E","R","?","T","?","$","M","E","$","R","B",null,"M","M","M","M","M","E","$","E","T","M","$","M","?","M","R","B","M","M","M","$","R","M","R","T","?","B"],"character_chosen":"WATCHER","items_purchased":["GuppysTail","BelialBook","SpiritShield+1","Adaptation","Chemical X","DeathBook","Happy Flower","NineLifeCat","Lee\u0027s Waffle","testmod-LimitFlipper+1","CutThroughFate"],"campfire_rested":0,"item_purchase_floors":[17,17,17,17,28,28,31,34,41,41,54],"current_hp_per_floor":[72,54,54,54,52,62,47,47,47,47,47,40,40,40,40,40,113,109,109,106,106,106,103,103,103,103,88,88,84,84,84,84,84,25,25,13,14,25,25,25,39,39,39,36,36,36,36,39,39,39,39,39,39,39,39,39,39,39,39,39,39],"gold":119,"neow_bonus":"THREE_ENEMY_KILL","is_daily":false,"chose_seed":false,"campfire_upgraded":6,"win_rate":0.0,"timestamp":1611731873,"path_taken":["M","?","M","?","M","E","?","M","T","R","E","?","M","M","R","BOSS","M","?","M","?","M","E","R","?","T","?","$","M","E","?","R","BOSS","M","M","?","?","M","E","$","E","T","M","$","?","?","M","R","BOSS","M","M","?","$","R","M","R","T","?","BOSS"],"items_purchased_type":["Relic","Relic","Card","Card","Relic","Relic","Relic","Relic","Relic","Card","Card"],"build_version":"2020-12-22","purchased_purges":4,"victory":false,"max_hp_per_floor":[72,72,72,72,72,72,72,72,72,72,72,72,72,72,72,72,113,113,113,113,113,113,113,113,113,113,113,113,113,113,113,113,113,25,25,25,25,25,25,25,39,39,39,39,39,39,39,39,39,39,39,39,39,39,39,39,39,39,39,39,39],"card_choices":[{"not_picked":["CutThroughFate","Prostrate"],"picked":"FlurryOfBlows","floor":1.0},{"not_picked":["CrushJoints","ReachHeaven"],"picked":"Tantrum","floor":3.0},{"not_picked":["ThirdEye+1","CutThroughFate","Pray+1"],"picked":"SKIP","floor":4.0},{"not_picked":["Consecrate","FlyingSleeves"],"picked":"CrushJoints","floor":5.0},{"not_picked":["Wireheading","EmptyMind+1"],"picked":"Halt+1","floor":6.0},{"not_picked":["Conclude","Fasting2"],"picked":"Crescendo+1","floor":8.0},{"not_picked":["Halt+1","Consecrate"],"picked":"Scrawl+1","floor":11.0},{"not_picked":["Worship+1","Crescendo+1"],"picked":"MentalFortress","floor":13.0},{"not_picked":["EmptyFist","MentalFortress"],"picked":"EmptyBody+1","floor":14.0},{"not_picked":["Establishment","Alpha+1"],"picked":"ConjureBlade+1","floor":16.0},{"not_picked":["Protect+1","BowlingBash"],"picked":"Wireheading","floor":18.0},{"not_picked":["Protect+1","Perseverance+1"],"picked":"FearNoEvil","floor":20.0},{"not_picked":["Tantrum","Protect+1"],"picked":"Wallop","floor":22.0},{"not_picked":["ThirdEye+1","Vengeance+1","Evaluate+1"],"picked":"SKIP","floor":23.0},{"not_picked":["Crescendo+1","Meditate+1"],"picked":"FlyingSleeves+1","floor":29.0},{"not_picked":["Nirvana","CrushJoints","FlyingSleeves"],"picked":"SKIP","floor":30.0},{"not_picked":["Nirvana","CrushJoints","FlyingSleeves"],"picked":"SKIP","floor":30.0},{"not_picked":["Prostrate+1","FlyingSleeves+1"],"picked":"FollowUp","floor":35.0},{"not_picked":["SashWhip+1","CrushJoints"],"picked":"ReachHeaven+1","floor":36.0},{"not_picked":["Protect+1","Collect+1","WaveOfTheHand+1"],"picked":"SKIP","floor":37.0},{"not_picked":["EmptyMind+1","FlyingSleeves+1","Perseverance+1"],"picked":"SKIP","floor":38.0},{"not_picked":["SandsOfTime","Consecrate"],"picked":"FollowUp","floor":39.0},{"not_picked":["InnerPeace+1","CrushJoints+1","Crescendo+1"],"picked":"SKIP","floor":40.0},{"not_picked":["BowlingBash+1","Sanctity+1","PathToVictory+1"],"picked":"SKIP","floor":42.0},{"not_picked":["Evaluate+1","EmptyMind+1"],"picked":"ClearTheMind+1","floor":44.0},{"not_picked":["Crescendo+1","Fasting2+1","WheelKick+1"],"picked":"SKIP","floor":46},{"not_picked":["SignatureMove+1","Consecrate+1","FollowUp+1"],"picked":"SKIP","floor":48},{"not_picked":["CutThroughFate","Consecrate+1"],"picked":"WheelKick+1","floor":51},{"not_picked":["Collect+1","FlyingSleeves+1","Prostrate+1"],"picked":"SKIP","floor":52},{"not_picked":["ReachHeaven+1","Collect+1","ThirdEye+1"],"picked":"SKIP","floor":53},{"not_picked":["BowlingBash+1","FollowUp+1","CrushJoints"],"picked":"SKIP","floor":56}],"player_experience":316839,"relics_obtained":[{"floor":6.0,"key":"Letter Opener"},{"floor":11.0,"key":"War Paint"},{"floor":23.0,"key":"Toy Ornithopter"},{"floor":26.0,"key":"Meat on the Bone"},{"floor":30.0,"key":"Bottled Tornado"},{"floor":40.0,"key":"Blue Candle"},{"floor":42.0,"key":"Damocles"},{"floor":43.0,"key":"Thread and Needle"},{"floor":44.0,"key":"AnarchistCookbook"},{"floor":46,"key":"Nunchaku"},{"floor":48,"key":"Damaru"},{"floor":51,"key":"paleoftheancients:SoulOfTheWatcher"},{"floor":53,"key":"paleoftheancients:SoulOfTheThorton"},{"floor":58,"key":"Shuriken"}],"event_choices":[{"damage_healed":0.0,"max_hp_gain":0.0,"max_hp_loss":0.0,"gold_gain":0.0,"event_name":"Scrap Ooze","player_choice":"Success","floor":2.0,"gold_loss":0.0,"damage_taken":18.0,"relics_obtained":["Toxic Egg 2"]},{"cards_removed":["Strike_P"],"damage_healed":0.0,"max_hp_gain":0.0,"max_hp_loss":0.0,"gold_gain":0.0,"event_name":"Golden Wing","player_choice":"Card Removal","floor":12.0,"gold_loss":0.0,"damage_taken":7.0},{"damage_healed":0.0,"max_hp_gain":0.0,"max_hp_loss":0.0,"gold_gain":0.0,"event_name":"Drug Dealer","player_choice":"Obtain J.A.X.","floor":19.0,"gold_loss":0.0,"damage_taken":0.0,"cards_obtained":["J.A.X."]},{"damage_healed":0.0,"max_hp_gain":0.0,"max_hp_loss":0.0,"gold_gain":99.0,"event_name":"Nest","player_choice":"Stole From Cult","floor":21.0,"gold_loss":0.0,"damage_taken":0.0},{"damage_healed":0.0,"max_hp_gain":0.0,"max_hp_loss":0.0,"gold_gain":0.0,"event_name":"给自己的盒子","player_choice":"Swap Relic","floor":25.0,"relics_lost":["testmod-Nyarlathotep"],"gold_loss":0.0,"damage_taken":0.0,"relics_obtained":["NeowsBlessing"]},{"damage_healed":0,"gold_gain":0,"player_choice":"Memory 1","damage_taken":0,"max_hp_gain":0,"max_hp_loss":0,"event_name":"SensoryStone","floor":47,"gold_loss":0}],"is_beta":false,"boss_relics":[{"not_picked":["testmod-Recursion","Runic Dome"],"picked":"testmod-HarvestTotem"},{"not_picked":[]},{"not_picked":["VioletLotus","testmod-KeyOfTheVoid"],"picked":"testmod-Fanaticism"},{"not_picked":[]}],"items_purged_floors":[17,28,31,54],"is_endless":false,"potions_floor_spawned":[1,6,8,11,14,16,22,23,29,33,35,37,42,44,53],"killed_by":"Delirium","ascension_level":2}}