{"host":"x6165drukuu8ns9f","time":1611726534,"event":{"mods":["2.2 Compatiblity","Act Like it!","Aspiration","BaseMod","CapriCore","Colored Map","Colored Powertips","Conspire","Duelist Mod","GifTheSpireLib","Hubris","Minty Spire (QoL Compilation)","Pale of the Ancients","Spicy Shops","Spire Birthday Party","StSLib","SuperFastMode","The Blue Laboratory","??????REMEMod"],"gold_per_floor":[164,215,254,38,89,218,218,79,79,109,202,232,274,367,367,679,679,733,277,310,343,247,349,430,535,562,512,569,620,653,653,653,950,950,980,381,429,483,534,642,820,820,820,904,551,22,31,0,0,0,0,0,0],"floor_reached":52,"language":"ENG","playtime":2049,"items_purged":["theDuelist:Pumpking+1"],"score":989,"play_id":"93518bcf-d484-4808-a855-d04f9eadcda2","local_time":"20210127064854","daily_mods":["Vintage","Flight","Midas"],"is_ascension_mode":false,"campfire_choices":[{"floor":7,"key":"REST"},{"floor":15,"key":"REST"},{"floor":32,"key":"REST"},{"floor":42,"key":"REST"},{"floor":49,"key":"REST"}],"circlet_count":0,"master_deck":["theDuelist:GiantSoldier+1","theDuelist:CyberDinosaur","theDuelist:OjamaEmperor","theDuelist:MetalholdMovingBlockade","theDuelist:OjamaBlue+1","Pain","theDuelist:CyberDinosaur","theDuelist:EvilswarmNightmare","theDuelist:BeaverWarrior","Rainbow+1","theDuelist:DarklordSuperbia","theDuelist:Zombyra","theDuelist:YellowBelliedOni","theDuelist:DunamesDarkWitch+1","theDuelist:Mudora","theDuelist:BeaverWarrior","theDuelist:ToonBarrelDragon","theDuelist:HappyLover","theDuelist:GiantSoldier","theDuelist:GenexAllyBirdman","theDuelist:FairyBox"],"relics":["theDuelist:MillenniumPuzzle","theDuelist:CardPoolRelic","theDuelist:CardPoolBasicRelic","theDuelist:BoosterPackPoolRelic","theDuelist:CardPoolAddRelic","theDuelist:CardPoolMinusRelic","theDuelist:CardPoolSaveRelic","theDuelist:CardPoolOptionsRelic","REME_ComplimentaryCards","Bronze Scales","Akabeko","hubris:TenFootPole","theDuelist:TrapVortex","Bottled Lightning","Anchor","conspire:IceCreamScoop","Smiling Mask","Strawberry","theDuelist:BoosterPackSpellEgg","Bag of Marbles","hubris:IronBody","Fusion Hammer","conspire:Dentures","ClockworkSouvenir","theDuelist:MillenniumRod","theDuelist:MetronomeRelicB","theDuelist:TributeEggRelic","Vajra","hubris:Zylophone","Turnip","Blood Vial","CeramicFish","aspiration:HummingbirdHeart","Paper Crane","hubris:Metronome","Bag of Preparation","hubris:ScarierMask","Potion Belt","Sling","theDuelist:SummonAnchorRare","War Paint","hubris:SlimyHat","theDuelist:DuelistTeaSet","theDuelist:DuelistOrichalcum","theDuelist:YugiMirror","REME_LimitBreaker","theDuelist:MillenniumRing","REME_HandOfSuture","Ancient Tea Set","Toy Ornithopter","theDuelist:MillenniumArmor","theDuelist:Spellheart","Juzu Bracelet","WarpedTongs","Bag of Marbles","paleoftheancients:Timepiece","Oddly Smooth Stone","Mercury Hourglass"],"acts_visited":["Exordium","TheCity","TheBeyond","paleoftheancients:PaleOfTheAncients"],"potions_floor_usage":[6,16,16,50,51,51,51],"damage_taken":[{"damage":5,"enemies":"2 Louse","floor":1,"turns":3},{"damage":4,"enemies":"Cultist","floor":2,"turns":4},{"damage":5,"enemies":"Jaw Worm","floor":3,"turns":4},{"damage":4,"enemies":"conspire:2 RoseBushes","floor":5,"turns":3},{"damage":24,"enemies":"Lagavulin","floor":6,"turns":5},{"damage":0,"enemies":"Lots of Slimes","floor":10,"turns":2},{"damage":1,"enemies":"3 Sentries","floor":11,"turns":4},{"damage":0,"enemies":"Exordium Thugs","floor":12,"turns":1},{"damage":0,"enemies":"Gremlin Gang","floor":13,"turns":3},{"damage":9,"enemies":"Lagavulin","floor":14,"turns":3},{"damage":31,"enemies":"Hexaghost","floor":16,"turns":6},{"damage":0,"enemies":"Chosen","floor":18,"turns":3},{"damage":0,"enemies":"2 Thieves","floor":20,"turns":2},{"damage":0,"enemies":"Snake Plant","floor":21,"turns":3},{"damage":0,"enemies":"theDuelist:KaibaA2","floor":23,"turns":2},{"damage":8,"enemies":"Gremlin Leader","floor":24,"turns":3},{"damage":6,"enemies":"REME_1_Revenger","floor":25,"turns":3},{"damage":12,"enemies":"Snecko","floor":28,"turns":4},{"damage":0,"enemies":"Centurion and Healer","floor":29,"turns":4},{"damage":0,"enemies":"3 Cultists","floor":30,"turns":3},{"damage":21,"enemies":"hubris:MusketHawk","floor":33,"turns":6},{"damage":0,"enemies":"3 Shapes","floor":35,"turns":2},{"damage":0,"enemies":"3 Darklings","floor":37,"turns":1},{"damage":0,"enemies":"Transient","floor":38,"turns":5},{"damage":0,"enemies":"Spire Growth","floor":39,"turns":3},{"damage":0,"enemies":"Nemesis","floor":40,"turns":3},{"damage":63,"enemies":"Giant Head","floor":41,"turns":7},{"damage":10,"enemies":"Nemesis","floor":44,"turns":5},{"damage":32,"enemies":"Donu and Deca","floor":50,"turns":6},{"damage":113,"enemies":"Donu and Deca","floor":51,"turns":1},{"damage":155,"enemies":"Donu and Deca","floor":52,"turns":6}],"seed_played":"-5274864322013368254","potions_obtained":[{"floor":3,"key":"REME_GoldPotion"},{"floor":5,"key":"Swift Potion"},{"floor":10,"key":"blueLaboratory:BottleOfVodka"},{"floor":14,"key":"Dexterity Potion"},{"floor":20,"key":"PowerPotion"},{"floor":28,"key":"blueLaboratory:LouseDecoction"},{"floor":35,"key":"BlessingOfTheForge"},{"floor":38,"key":"FocusPotion"},{"floor":40,"key":"theDuelist:WhiteBottle"}],"is_trial":true,"path_per_floor":["M","M","M","$","M","E","R","$","T","M","E","M","M","E","R","B",null,"M","$","M","M","$","E","E","E","T","?","M","M","M","?","R","B",null,"M","$","M","M","M","E","E","R","T","E","$","$","?","?","R","B","M","M"],"character_chosen":"THE_DUELIST","items_purchased":["theDuelist:TrapVortex","theDuelist:Zombyra","theDuelist:EvilswarmNightmare","theDuelist:GenexAllyBirdman","ClockworkSouvenir","theDuelist:MillenniumRod","theDuelist:MindAir","theDuelist:MetronomeRelicB","theDuelist:CyberDinosaur","theDuelist:FairyBox","Sling","theDuelist:SummonAnchorRare","theDuelist:YellowBelliedOni","REME_HandOfSuture","Ancient Tea Set","Toy Ornithopter","theDuelist:MillenniumArmor","theDuelist:Spellheart","Juzu Bracelet"],"campfire_rested":5,"item_purchase_floors":[4,4,8,8,19,19,19,19,22,22,36,36,36,45,45,46,46,46,46],"current_hp_per_floor":[75,71,66,66,62,38,62,62,62,62,68,68,68,59,85,54,87,87,87,87,87,87,87,79,73,73,73,63,65,67,67,87,66,87,87,87,87,87,87,87,24,50,50,42,42,62,62,62,94,107,107,0,0],"gold":0,"neow_bonus":"","is_daily":false,"chose_seed":false,"campfire_upgraded":0,"win_rate":0.0,"timestamp":1611726534,"path_taken":["M","M","M","$","M","E","R","$","T","M","E","M","M","E","R","BOSS","M","$","M","M","$","E","E","E","T","?","M","M","?","?","R","BOSS","M","$","M","M","M","E","E","R","T","E","$","$","?","?","R","BOSS","M","M"],"items_purchased_type":["Relic","Card","Card","Card","Relic","Relic","Card","Relic","Card","Card","Relic","Relic","Card","Relic","Relic","Relic","Relic","Relic","Relic"],"build_version":"2020-12-22","purchased_purges":1,"victory":false,"max_hp_per_floor":[80,80,80,80,80,80,80,80,80,80,87,87,87,87,87,87,87,87,87,87,87,87,87,87,87,87,87,87,87,87,87,87,87,87,87,87,87,87,87,87,87,87,87,87,87,107,107,107,107,107,107,107,107],"card_choices":[{"not_picked":["theDuelist:DestructPotion","theDuelist:BigKoala","theDuelist:Polymerization","theDuelist:RainbowBridge"],"picked":"theDuelist:DarklordSuperbia","floor":6},{"not_picked":["theDuelist:WormWarlord","theDuelist:EarthGiant","theDuelist:FuryFire","theDuelist:RainbowBridge"],"picked":"theDuelist:Mudora","floor":11},{"not_picked":["theDuelist:HeartUnderdog+1","theDuelist:Deskbot007","theDuelist:SatelliteCannon"],"picked":"SKIP","floor":14},{"not_picked":["theDuelist:RainbowFlower","theDuelist:RainbowNeos","theDuelist:DunamesDarkWitch","theDuelist:IrisEarthMother"],"picked":"theDuelist:HappyLover","floor":16},{"not_picked":["theDuelist:MeteorDestruction+1","theDuelist:BigFire+1","theDuelist:EgoBoost+1","theDuelist:AfterTheStorm+1"],"picked":"theDuelist:Ojamatch+1","floor":23},{"not_picked":["theDuelist:Biofalcon+1","theDuelist:CoreBlaster+1","theDuelist:BigFire+1","theDuelist:AncientGearFist+1"],"picked":"theDuelist:Pumpking+1","floor":24},{"not_picked":["theDuelist:WonderGarage","theDuelist:RainbowRuins+1","theDuelist:Yami+1"],"picked":"theDuelist:MetalholdMovingBlockade","floor":25},{"not_picked":["theDuelist:MachineKingPrototype+1","theDuelist:Overworked","theDuelist:SteamTrainKing","theDuelist:Tierra"],"picked":"theDuelist:OjamaEmperor","floor":33},{"not_picked":["theDuelist:NeoMagic","theDuelist:FluteKuriboh+1","theDuelist:MadFlameKaiju","theDuelist:LegendHeart+1"],"picked":"theDuelist:DunamesDarkWitch+1","floor":40},{"not_picked":["theDuelist:Mathematician","theDuelist:DarkFactory+1","theDuelist:OrcustCrescendo+1","theDuelist:Tierra+1"],"picked":"theDuelist:OjamaBlue+1","floor":41},{"not_picked":["theDuelist:Geargiauger","theDuelist:Pyrorex+1","theDuelist:NeoMagic","theDuelist:GadgetSoldier+1"],"picked":"theDuelist:ToonBarrelDragon","floor":44}],"player_experience":87198,"relics_obtained":[{"floor":1,"key":"Bronze Scales"},{"floor":2,"key":"Akabeko"},{"floor":3,"key":"hubris:TenFootPole"},{"floor":5,"key":"Bottled Lightning"},{"floor":6,"key":"Anchor"},{"floor":9,"key":"conspire:IceCreamScoop"},{"floor":10,"key":"Smiling Mask"},{"floor":11,"key":"Strawberry"},{"floor":12,"key":"theDuelist:BoosterPackSpellEgg"},{"floor":13,"key":"Bag of Marbles"},{"floor":14,"key":"hubris:IronBody"},{"floor":18,"key":"conspire:Dentures"},{"floor":20,"key":"theDuelist:TributeEggRelic"},{"floor":21,"key":"Vajra"},{"floor":23,"key":"hubris:Zylophone"},{"floor":24,"key":"Turnip"},{"floor":25,"key":"Blood Vial"},{"floor":26,"key":"CeramicFish"},{"floor":28,"key":"aspiration:HummingbirdHeart"},{"floor":29,"key":"Paper Crane"},{"floor":30,"key":"hubris:Metronome"},{"floor":35,"key":"Potion Belt"},{"floor":37,"key":"War Paint"},{"floor":38,"key":"hubris:SlimyHat"},{"floor":39,"key":"theDuelist:DuelistTeaSet"},{"floor":40,"key":"theDuelist:DuelistOrichalcum"},{"floor":41,"key":"theDuelist:YugiMirror"},{"floor":43,"key":"REME_LimitBreaker"},{"floor":44,"key":"theDuelist:MillenniumRing"}],"event_choices":[{"damage_healed":0,"gold_gain":0,"player_choice":"Bet on Murderer","damage_taken":0,"max_hp_gain":0,"max_hp_loss":0,"event_name":"The Joust","floor":27,"gold_loss":50},{"cards_removed":["theDuelist:MindAir"],"damage_healed":0,"gold_gain":0,"player_choice":"Gave Card","damage_taken":0,"relics_obtained":["Bag of Preparation"],"max_hp_gain":0,"max_hp_loss":0,"event_name":"WeMeetAgain","floor":31,"gold_loss":0},{"damage_healed":0,"gold_gain":0,"player_choice":"Rummage","damage_taken":0,"relics_obtained":["WarpedTongs"],"max_hp_gain":0,"max_hp_loss":0,"event_name":"Accursed Blacksmith","floor":47,"gold_loss":0,"cards_obtained":["Pain"]},{"damage_healed":0,"gold_gain":0,"player_choice":"Duplicated Relic - Bag of Marbles","duelist":true,"damage_taken":0,"max_hp_gain":0,"max_hp_loss":0,"event_name":"Relic Duplicator","floor":48,"gold_loss":0}],"is_beta":false,"boss_relics":[{"not_picked":["REME_DuelDisc","aspiration:FutureDiary"],"picked":"Fusion Hammer"},{"not_picked":["aspiration:RunicSpoon","aspiration:SilentSkillbook"],"picked":"hubris:ScarierMask"}],"items_purged_floors":[45],"is_endless":false,"potions_floor_spawned":[3,5,10,14,20,28,30,35,38,40,41,44],"killed_by":"Donu and Deca","ascension_level":0}}