{"host":"t9zjxed0utvsfjwc","time":1611752744,"event":{"mods":["2.2 Compatiblity","Aspiration","BaseMod","Better Altar","Better Match","Better Note","Better Sensory Stone","Better Skull","Better Third Choice","Block Reminder","Colored Map","Colored Powertips","Custom Start","Downfall","Hermit","Highlight Path","Hubris","Infinite Spire","Minty Spire (QoL Compilation)","Quick Restart","Rare Cards Sparkle","Reliquary","Replay The Spire","StSLib","The Cursed","The Marked","The Runesmith","Unceasing Turn Reminder","everything is the same but u backflip on backflip"],"gold_per_floor":[99,117,33,308,322,322,322,322,17,45,57,68,68,81,98,98,98,98],"floor_reached":16,"language":"ENG","playtime":1064,"items_purged":[],"score":102,"play_id":"dcc7dcaf-2c1d-4858-82e2-7bc88af523a2","local_time":"20210127130544","is_ascension_mode":false,"campfire_choices":[{"floor":1,"key":"DIG"},{"floor":8,"key":"RECALL"},{"data":"bronze:Verify","floor":13,"key":"SMITH"}],"circlet_count":0,"master_deck":["bronze:Strike","bronze:Strike","bronze:Strike","bronze:Strike","bronze:Defend","bronze:Defend","bronze:Defend","bronze:Defend","bronze:Replicate+1","bronze:Goto+1","bronze:Repair+1","bronze:ForLoop","Regret","bronze:CloningBeam","bronze:Verify+1","bronze:WhirlingStrike","bronze:Shell"],"relics":["bronze:BronzeCore","Bird Faced Urn","reliquary:RoseTintedGlasses","aspiration:Nostalgia","Guardian:ModeShifter"],"acts_visited":["Exordium"],"potions_floor_usage":[9,12,16],"damage_taken":[{"damage":6,"enemies":"Jaw Worm","floor":2,"turns":4},{"damage":0,"enemies":"downfall:FleeingMerchant","floor":3,"turns":4},{"damage":2,"enemies":"Cultist","floor":5,"turns":4},{"damage":16,"enemies":"downfall:FleeingMerchant","floor":9,"turns":4},{"damage":42,"enemies":"3 Sentries","floor":10,"turns":10},{"damage":27,"enemies":"2 Louse","floor":11,"turns":9},{"damage":54,"enemies":"Exordium Thugs","floor":12,"turns":5},{"damage":24,"enemies":"3 Louse","floor":14,"turns":3},{"damage":10,"enemies":"Blue Slaver","floor":15,"turns":5},{"damage":3,"enemies":"DF_ARCHETYPE_STREAMLINE","floor":16,"turns":3}],"seed_played":"-90364567598500747","potions_obtained":[{"floor":5,"key":"hexamod:SoulburnPotion"},{"floor":11,"key":"Weak Potion"},{"floor":14,"key":"Explosive Potion"}],"is_trial":false,"path_per_floor":["R_BF","M","$","?","M","?","T","R","$","E","M","M","R","M","M","B"],"character_chosen":"THE_AUTOMATON","items_purchased":["bronze:ForLoop","reliquary:RoseTintedGlasses","aspiration:Nostalgia"],"campfire_rested":0,"item_purchase_floors":[3,9,9],"current_hp_per_floor":[77,71,71,71,76,76,76,76,63,43,68,26,26,2,2,0,0,0],"gold":98,"neow_bonus":"TEN_PERCENT_HP_BONUS","is_daily":false,"chose_seed":false,"campfire_upgraded":1,"win_rate":0.0,"timestamp":1611752744,"path_taken":["R_BF","M","$","?","?","?","T","R","?","E","?","M","R","M","M","BOSS"],"items_purchased_type":["Card","Relic","Relic"],"build_version":"2020-12-22","purchased_purges":0,"victory":false,"max_hp_per_floor":[77,77,77,77,77,77,77,77,77,77,77,77,77,77,77,77,77,77],"card_choices":[{"not_picked":["bronze:ForceShield","bronze:Boost"],"picked":"bronze:Repair","floor":2},{"not_picked":["bronze:AlphaBuild","bronze:DarkDash","bronze:BugBarrage"],"picked":"SKIP","floor":3},{"not_picked":["bronze:Shield","bronze:Branch"],"picked":"bronze:CloningBeam","floor":5},{"not_picked":["bronze:Return","bronze:Branch"],"picked":"bronze:Verify","floor":9},{"not_picked":["bronze:FollowUp","bronze:Branch","bronze:DelayedGuard"],"picked":"SKIP","floor":10},{"not_picked":["bronze:BugBarrage","bronze:Turbo","bronze:WildBeam"],"picked":"SKIP","floor":11},{"not_picked":["bronze:FineTuning","bronze:DelayedGuard"],"picked":"bronze:WhirlingStrike","floor":12},{"not_picked":["bronze:Branch","bronze:NullPointer","bronze:Deprecate"],"picked":"SKIP","floor":14},{"not_picked":["bronze:Overheat","bronze:BitShift"],"picked":"bronze:Shell","floor":15}],"player_experience":438190,"relics_obtained":[{"floor":1,"key":"Bird Faced Urn"}],"event_choices":[],"is_beta":false,"boss_relics":[],"items_purged_floors":[],"is_endless":false,"potions_floor_spawned":[5,11,14],"killed_by":"DF_ARCHETYPE_STREAMLINE","ascension_level":0}}