{"host":"j9ki0s1dicmcfq9y","time":1611712749,"event":{"mods":["BaseMod","Minty Spire (QoL Compilation)","Shade Mod","StSLib"],"gold_per_floor":[365,540,94,94,113,140,158,158,158,2,28,28,28,44,44,140,140,157,59,9,9,19,19,47,47,70,70,80,45,45,59,59,59,59],"floor_reached":33,"language":"ENG","playtime":2651,"items_purged":["Doubt"],"score":296,"play_id":"18eb5ee2-609a-409e-af0b-6dd1baaba51b","local_time":"20210126205909","is_ascension_mode":false,"campfire_choices":[{"floor":8,"key":"REST"},{"data":"Shade:Carnophage","floor":15,"key":"SMITH"},{"data":"Shade:AuraOfUnlife","floor":23,"key":"SMITH"},{"data":"Shade:Coordination","floor":25,"key":"SMITH"},{"floor":27,"key":"RECALL"},{"floor":32,"key":"REST"}],"circlet_count":0,"master_deck":["Shade:Defend_Shade","Shade:Defend_Shade","Shade:Defend_Shade","Shade:Defend_Shade","Shade:AnimateDead","Shade:CarefulCut","Shade:PressTheAttack","Shade:GraveStillness","Shade:Bite_Shade","Shade:StitchTogether","Shade:FleshToFlesh","Shade:Carnophage+1","Shade:PoundOfFlesh","Shade:GraveStillness","Regret","Shade:FreshBones","Shade:Coordination+1","Shade:CloudOfShrapnel","Shade:AuraOfUnlife+1","Shade:FreshBones","Shade:Brains","Shade:Bonestorm","Shade:FuneraryJewels","Shade:CommandSoldier","Shade:Bite_Shade","Bite","Bite","Bite","Bite","Bite","Shade:PressTheAttack"],"relics":["Shade:YorickSkull","Turnip","Matryoshka","Juzu Bracelet","Strawberry","Meat on the Bone","Akabeko","Cursed Key","Omamori","Nunchaku"],"acts_visited":["Exordium","TheCity"],"potions_floor_usage":[11,13,16,33],"damage_taken":[{"damage":0,"enemies":"Jaw Worm","floor":1,"turns":4},{"damage":1,"enemies":"Small Slimes","floor":5,"turns":3},{"damage":57,"enemies":"3 Sentries","floor":6,"turns":10},{"damage":0,"enemies":"Cultist","floor":7,"turns":4},{"damage":9,"enemies":"Lagavulin","floor":11,"turns":5},{"damage":15,"enemies":"Exordium Wildlife","floor":14,"turns":6},{"damage":17,"enemies":"The Guardian","floor":16,"turns":14},{"damage":1,"enemies":"Shell Parasite","floor":18,"turns":7},{"damage":3,"enemies":"Spheric Guardian","floor":22,"turns":5},{"damage":28,"enemies":"Gremlin Leader","floor":24,"turns":10},{"damage":0,"enemies":"Cultist and Chosen","floor":28,"turns":7},{"damage":28,"enemies":"Snecko","floor":31,"turns":5},{"damage":86,"enemies":"Champ","floor":33,"turns":14}],"seed_played":"4641313788423007141","potions_obtained":[{"floor":1,"key":"PowerPotion"},{"floor":6,"key":"AttackPotion"},{"floor":13,"key":"Fruit Juice"},{"floor":13,"key":"LiquidBronze"},{"floor":13,"key":"FearPotion"},{"floor":16,"key":"SpeedPotion"},{"floor":18,"key":"DuplicationPotion"},{"floor":28,"key":"Ancient Potion"}],"is_trial":false,"path_per_floor":["M","?","$","?","M","E","M","R","T","$","E","?","?","M","R","B",null,"M","$","$","?","M","R","E","R","T","R","M","$","?","M","R","B"],"character_chosen":"SHADE","items_purchased":["Shade:GraveStillness","Turnip","Shade:Bite_Shade","Shade:Carnophage","Shade:PoundOfFlesh","Shade:AuraOfUnlife","Shade:FreshBones","Shade:Brains","Shade:Bite_Shade"],"campfire_rested":2,"item_purchase_floors":[3,3,3,10,10,19,19,20,29],"current_hp_per_floor":[47,47,47,47,48,4,6,25,32,32,32,32,37,45,45,43,77,77,77,77,77,77,77,60,60,60,60,69,69,53,29,44,0,0],"gold":59,"neow_bonus":"TWO_FIFTY_GOLD","is_daily":false,"chose_seed":false,"campfire_upgraded":3,"win_rate":0.0,"timestamp":1611712749,"path_taken":["M","?","$","?","M","E","M","R","T","?","E","?","?","M","R","BOSS","M","?","$","?","M","R","E","R","T","R","M","$","?","M","R","BOSS"],"items_purchased_type":["Card","Relic","Card","Card","Card","Card","Card","Card","Card"],"build_version":"2020-12-22","purchased_purges":1,"victory":false,"max_hp_per_floor":[65,65,65,65,65,65,65,65,72,72,72,72,77,77,77,77,77,77,77,77,77,77,77,77,77,77,77,77,77,53,53,53,53,53],"card_choices":[{"not_picked":["Shade:SkeletonHug","Shade:Excise"],"picked":"Shade:PressTheAttack","floor":1},{"not_picked":["Shade:ClawBack","Shade:CallOfTheGrave"],"picked":"Shade:StitchTogether","floor":5},{"not_picked":["Shade:FleshLikeOak","Shade:Trample"],"picked":"Shade:FleshToFlesh","floor":6},{"not_picked":["Shade:SpectralStrikes","Shade:CallWraith","Shade:SoulToxin"],"picked":"SKIP","floor":7},{"not_picked":["Shade:Frenzy","Shade:RitualOffering"],"picked":"Shade:GraveStillness","floor":11},{"not_picked":["Shade:ExtraLimbs","Shade:CoffinDance"],"picked":"Shade:FreshBones","floor":14},{"not_picked":["Shade:LichForm","Shade:LastGasp"],"picked":"Shade:Coordination","floor":16},{"not_picked":["Shade:PressTheAttack+1","Shade:SensePrey"],"picked":"Shade:CloudOfShrapnel","floor":18},{"not_picked":["Shade:WallOfFlesh+1","Shade:AblativeArmor"],"picked":"Shade:Bonestorm","floor":22},{"not_picked":["Shade:ClawBack","Shade:Frenzy"],"picked":"Shade:FuneraryJewels","floor":24},{"not_picked":["Shade:GreyBargain","Shade:RitualOffering"],"picked":"Shade:CommandSoldier","floor":28},{"not_picked":["Shade:SkeletonHug","Shade:CallOfTheGrave"],"picked":"Shade:PressTheAttack","floor":31}],"player_experience":630441,"relics_obtained":[{"floor":6,"key":"Matryoshka"},{"floor":9,"key":"Juzu Bracelet"},{"floor":9,"key":"Strawberry"},{"floor":11,"key":"Meat on the Bone"},{"floor":24,"key":"Omamori"},{"floor":26,"key":"Nunchaku"}],"event_choices":[{"damage_healed":0,"gold_gain":175,"player_choice":"AGREE","damage_taken":0,"max_hp_gain":0,"max_hp_loss":0,"event_name":"Liars Game","floor":2,"gold_loss":0,"cards_obtained":["Doubt"]},{"damage_healed":0,"gold_gain":0,"player_choice":"Ignored","damage_taken":0,"max_hp_gain":0,"max_hp_loss":0,"event_name":"Golden Wing","floor":4,"gold_loss":0},{"damage_healed":0,"gold_gain":0,"player_choice":"Box","damage_taken":0,"relics_obtained":["Akabeko"],"max_hp_gain":0,"max_hp_loss":0,"event_name":"Big Fish","floor":12,"gold_loss":0,"cards_obtained":["Regret"]},{"damage_healed":0,"gold_gain":0,"player_choice":"Got Potions","damage_taken":0,"max_hp_gain":0,"max_hp_loss":0,"event_name":"Lab","floor":13,"gold_loss":0},{"damage_healed":0,"gold_gain":0,"player_choice":"Ignored","damage_taken":0,"max_hp_gain":0,"max_hp_loss":0,"event_name":"NoteForYourself","floor":21,"gold_loss":0},{"damage_healed":0,"gold_gain":0,"player_choice":"Became a vampire","damage_taken":0,"max_hp_gain":0,"max_hp_loss":24,"event_name":"Vampires","floor":30,"gold_loss":0,"cards_obtained":["Bite","Bite","Bite","Bite","Bite"]}],"is_beta":false,"boss_relics":[{"not_picked":["Pandora\u0027s Box","Astrolabe"],"picked":"Cursed Key"}],"items_purged_floors":[3],"is_endless":false,"potions_floor_spawned":[1,6,16,18,28,31],"killed_by":"Champ","ascension_level":0}}