{"host":"a8rzj4nfw2w5de5r","time":1611752780,"event":{"mods":["BaseMod","Bestiary","Block Reminder","Colored Map","Downfall","Highlight Path","Minty Spire (QoL Compilation)","Relic Sorter","Relic Stats","StSLib"],"gold_per_floor":[99,115,130,130,147,57,57,68,97,112,141,155,155,168,183,282,282,282,300,300,312,331,331,331,346,346,366,251,271,297,313,327,327,327,327],"floor_reached":33,"language":"ENG","playtime":3784,"items_purged":["bronze:Strike","bronze:Strike"],"score":312,"play_id":"5b9597f2-de02-4322-8bbd-24651b47553f","local_time":"20210127183620","is_ascension_mode":false,"campfire_choices":[{"data":"bronze:Goto","floor":1,"key":"SMITH"},{"data":"bronze:Optimize","floor":13,"key":"SMITH"},{"data":"bronze:Verify","floor":18,"key":"SMITH"},{"floor":23,"key":"REST"}],"circlet_count":0,"master_deck":["bronze:Strike","bronze:Strike","bronze:Defend","bronze:Defend","bronze:Defend","bronze:Defend","bronze:Replicate+1","bronze:Goto+1","bronze:Deprecate+1","bronze:Branch","bronze:Format","bronze:Iterate","bronze:Optimize+1","bronze:Boost","bronze:WhirlingStrike","bronze:Invalidate+1","bronze:Safeguard","bronze:Verify+1","bronze:CutThrough","bronze:DelayedSlice+1","bronze:Boost","bronze:BronzeOrb+1","bronze:Overheat+1"],"relics":["bronze:BronzeCore","hexamod:CandleOfCauterizing","Incense Burner","PreservedInsect","Sozu","bronze:ProtectiveGoggles"],"acts_visited":["Exordium","TheCity"],"potions_floor_usage":[9,22,33,33],"damage_taken":[{"damage":8,"enemies":"Jaw Worm","floor":2,"turns":4},{"damage":3,"enemies":"Cultist","floor":3,"turns":5},{"damage":0,"enemies":"Small Slimes","floor":5,"turns":5},{"damage":0,"enemies":"downfall:FleeingMerchant","floor":6,"turns":4},{"damage":8,"enemies":"3 Louse","floor":8,"turns":3},{"damage":0,"enemies":"Gremlin Nob","floor":9,"turns":3},{"damage":12,"enemies":"Exordium Thugs","floor":10,"turns":4},{"damage":3,"enemies":"Lagavulin","floor":11,"turns":6},{"damage":0,"enemies":"Large Slime","floor":12,"turns":5},{"damage":6,"enemies":"2 Fungi Beasts","floor":14,"turns":3},{"damage":0,"enemies":"Blue Slaver","floor":15,"turns":3},{"damage":15,"enemies":"WA_ARCHETYPE_RETAIN","floor":16,"turns":7},{"damage":10,"enemies":"Chosen","floor":19,"turns":8},{"damage":24,"enemies":"3 Cultists","floor":21,"turns":5},{"damage":5,"enemies":"Cultist and Chosen","floor":22,"turns":6},{"damage":24,"enemies":"Sentry and Sphere","floor":25,"turns":6},{"damage":19,"enemies":"Centurion and Healer","floor":27,"turns":6},{"damage":5,"enemies":"downfall:FleeingMerchant","floor":28,"turns":4},{"damage":10,"enemies":"Cultist and Chosen","floor":29,"turns":4},{"damage":1,"enemies":"Book of Stabbing","floor":30,"turns":4},{"damage":3,"enemies":"Snake Plant","floor":31,"turns":4},{"damage":0,"enemies":"Centurion and Healer","floor":32,"turns":4},{"damage":5,"enemies":"DF_ARCHETYPE_CLAW","floor":33,"turns":3}],"seed_played":"-2824475703269129958","potions_obtained":[{"floor":5,"key":"Strength Potion"},{"floor":9,"key":"EntropicBrew"},{"floor":11,"key":"Slimebound:ThreeZeroPotion"},{"floor":15,"key":"DuplicationPotion"}],"is_trial":false,"path_per_floor":["R","M","M","?","M","$","T","M","E","M","E","M","R","M","M","B",null,"R","M","?","M","M","R","T","M","?","M","$","M","E","M","M","B"],"character_chosen":"THE_AUTOMATON","items_purchased":[],"campfire_rested":1,"item_purchase_floors":[],"current_hp_per_floor":[70,62,59,80,80,80,80,72,72,60,57,57,57,51,51,36,80,80,70,70,46,41,65,65,41,41,22,17,7,6,3,3,0,0,0],"gold":327,"neow_bonus":"ONE_RANDOM_RARE_CARD","is_daily":false,"chose_seed":false,"campfire_upgraded":3,"win_rate":0.0,"timestamp":1611752780,"path_taken":["R","M","M","?","M","$","T","M","E","?","E","M","R","M","M","BOSS","R","M","?","M","M","R","T","M","?","M","$","M","E","?","M","BOSS"],"items_purchased_type":[],"build_version":"2020-12-22","purchased_purges":2,"victory":false,"max_hp_per_floor":[70,70,70,80,80,80,80,80,80,80,80,80,80,80,80,80,80,80,80,80,80,80,80,80,80,80,80,80,80,80,80,80,80,80,80],"relic_stats":{"Sozu":8,"counters":[23,106],"PreservedInsect":105,"obtain_stats":[{"Sozu":17,"hexamod:CandleOfCauterizing":7,"bronze:BronzeCore":0,"bronze:ProtectiveGoggles":30,"PreservedInsect":11,"Incense Burner":9},{"Sozu":12,"hexamod:CandleOfCauterizing":4,"bronze:BronzeCore":0,"bronze:ProtectiveGoggles":20,"PreservedInsect":8,"Incense Burner":6},{"Sozu":52,"hexamod:CandleOfCauterizing":18,"bronze:BronzeCore":0,"bronze:ProtectiveGoggles":95,"PreservedInsect":34,"Incense Burner":24}]},"card_choices":[{"not_picked":["bronze:BitShift","bronze:DelayedSlice"],"picked":"bronze:Deprecate","floor":2},{"not_picked":["bronze:NullPointer","bronze:DelayedSlice"],"picked":"bronze:Branch","floor":3},{"not_picked":["bronze:FineTuning","bronze:ForLoop"],"picked":"bronze:Format","floor":5},{"not_picked":["bronze:WhirlingStrike","bronze:DelayedSlice"],"picked":"bronze:Iterate","floor":6},{"not_picked":["bronze:ChildClass","bronze:Frontload"],"picked":"bronze:Optimize","floor":8},{"not_picked":["bronze:FineTuning","bronze:Turbo","bronze:BurnOut"],"picked":"SKIP","floor":9},{"not_picked":["bronze:Philosophize","bronze:BitShift","bronze:FineTuning"],"picked":"SKIP","floor":10},{"not_picked":["bronze:OilSpill","bronze:CutThrough"],"picked":"bronze:Boost","floor":11},{"not_picked":["bronze:BugBarrage","bronze:Turbo"],"picked":"bronze:WhirlingStrike","floor":12},{"not_picked":["bronze:BuggyMess","bronze:OilSpill"],"picked":"bronze:Invalidate","floor":14},{"not_picked":["bronze:ClassDefault","bronze:Verify"],"picked":"bronze:Safeguard","floor":15},{"not_picked":["bronze:ShipIt","bronze:HyperBeam"],"picked":"bronze:Verify","floor":16},{"not_picked":["bronze:ChosenStrike+1","bronze:WhirlingStrike"],"picked":"bronze:CutThrough","floor":19},{"not_picked":["bronze:BugBarrage+1","bronze:ClassDefault","bronze:BitShift"],"picked":"SKIP","floor":21},{"not_picked":["bronze:DelayedGuard","bronze:Repulsor","bronze:CutThrough"],"picked":"SKIP","floor":22},{"not_picked":["bronze:Terminator","bronze:CloningBeam"],"picked":"bronze:DelayedSlice+1","floor":25},{"not_picked":["bronze:Deprecate","bronze:Overload"],"picked":"bronze:Boost","floor":27},{"not_picked":["bronze:Turbo","bronze:DelayedSlice","bronze:DigitalCarnage+1"],"picked":"SKIP","floor":28},{"not_picked":["bronze:Frontload","bronze:DelayedGuard+1"],"picked":"bronze:BronzeOrb+1","floor":29},{"not_picked":["bronze:Separator+1","bronze:WildBeam","bronze:Allocate"],"picked":"SKIP","floor":30},{"not_picked":["bronze:Constructor","bronze:Boost+1","bronze:WildBeam"],"picked":"SKIP","floor":31},{"not_picked":["bronze:Invalidate","bronze:Frontload+1"],"picked":"bronze:Overheat+1","floor":32}],"player_experience":606530,"relics_obtained":[{"floor":7,"key":"hexamod:CandleOfCauterizing"},{"floor":9,"key":"Incense Burner"},{"floor":11,"key":"PreservedInsect"},{"floor":30,"key":"bronze:ProtectiveGoggles"}],"event_choices":[{"cards_removed":["bronze:ThunderWave"],"damage_healed":11,"gold_gain":0,"player_choice":"Offered Rare","damage_taken":0,"max_hp_gain":10,"max_hp_loss":0,"event_name":"Bonfire Elementals","floor":4,"gold_loss":0}],"is_beta":false,"boss_relics":[{"not_picked":["Tiny House","Snecko Eye"],"picked":"Sozu"}],"items_purged_floors":[6,28],"is_endless":false,"potions_floor_spawned":[5,9,11,15,16,19,21,29,30,31,32],"killed_by":"DF_ARCHETYPE_CLAW","ascension_level":0}}