{"host":"8d5lz1qub9wfpdii","time":1611742778,"event":{"mods":["2.2 Compatiblity","AchievementEnabler","Act Like it!","Arknights The Spire","Aspiration","BaseMod","Beaked The Cultist","Bestiary","Better Altar","Better Match","Better Note","Better Skull","Better Third Choice","BetterRewards","Colored Powertips","Conspire","Downfall","Friendly Minions","GifTheSpireLib","Hallownest","Hermit","Hubris","Infinite Spire","Jorbs\u0027s Wanderer Trilogy","Minty Spire (QoL Compilation)","RNG Fix","Relic Stats","Replay The Spire","Shade Mod","Shop Mod","Spicy Shops","Spire Arcade","StSLib","Stuff the Spire","The Animator","The Blackbeard","The Bug Knight","The Clintock","The Forsaken","The Hayseed","The Hierophant","The Necromancer","The Runesmith","The Servant 0.9.4","Uncapped","Wandering Minibosses"],"gold_per_floor":[114,124,124,74,84,132,132,144,169,161,231,231,7,37,37,150,150,89,189,189,145,145,187,196,203,226,265,594,608,608],"floor_reached":29,"language":"ENG","playtime":1393,"items_purged":["beaked:Defend_Y"],"score":310,"play_id":"1cadf411-53bb-4d91-9c8d-de89fd797056","local_time":"20210127204938","is_ascension_mode":true,"campfire_choices":[{"floor":7,"key":"DIG"},{"floor":12,"key":"REST"},{"floor":15,"key":"DIG"}],"circlet_count":0,"master_deck":["beaked:Strike_Y","beaked:Strike_Y","beaked:Strike_Y","beaked:Strike_Y","beaked:Strike_Y","beaked:Strike_Y","beaked:Defend_Y","beaked:Defend_Y","beaked:Defend_Y","beaked:Ceremony","beaked:Ceremony","beaked:Ceremony","beaked:AwakenedForm","beaked:HuntressSpirit","conspire:SpireCoStock","beaked:MaddeningMurmurs","beaked:Foresight","beaked:BounceBack","beaked:CrazyRituals","beaked:MachineSpirit","RitualDagger","ReplayTheSpireMod:Book of Names","beaked:CursingBlood+1","beaked:Evade"],"relics":["beaked:MendingPlumage","Shovel","Bottled Lightning","conspire:TopHat","infinitespire:WardingShard","MerchantsRug","MealTicket","Lizard Tail","hubris:TerracottaHorce","StuffTheSpire:Experiment12","Dream Catcher","Replay:Winged Headress","Old Coin"],"acts_visited":["Exordium","TheCity"],"potions_floor_usage":[10,14,16,29],"damage_taken":[{"damage":14,"enemies":"Small Slimes","floor":1,"turns":5},{"damage":13,"enemies":"Jaw Worm","floor":2,"turns":5},{"damage":12,"enemies":"Cultist","floor":5,"turns":5},{"damage":53,"enemies":"3 Sentries","floor":6,"turns":8},{"damage":23,"enemies":"Exordium Wildlife","floor":8,"turns":7},{"damage":22,"enemies":"2 Fungi Beasts","floor":10,"turns":7},{"damage":18,"enemies":"Gremlin Nob","floor":14,"turns":5},{"damage":33,"enemies":"Fading Forest","floor":16,"turns":11},{"damage":31,"enemies":"2 Thieves","floor":18,"turns":5},{"damage":36,"enemies":"Chosen","floor":21,"turns":7},{"damage":33,"enemies":"Gremlin Leader","floor":23,"turns":7},{"damage":30,"enemies":"Snecko","floor":24,"turns":6},{"damage":42,"enemies":"Shelled Parasite and Fungi","floor":25,"turns":6},{"damage":28,"enemies":"Book of Stabbing","floor":27,"turns":6},{"damage":78,"enemies":"Snake Plant","floor":29,"turns":5}],"seed_played":"3885571207491368557","potions_obtained":[{"floor":8,"key":"sneckomod:MuddlingPotion"},{"floor":10,"key":"Guardian:BlockOnCardUsePotion"},{"floor":14,"key":"Strength Potion"},{"floor":23,"key":"sneckomod:MuddlingPotion"},{"floor":25,"key":"LiquidMemories"}],"is_trial":false,"path_per_floor":["M","M","?","?","M","E","R","M","T","M","T","R","$","E","R","B",null,"M","?","?","M","?","E","M","M","T","E","?","M"],"character_chosen":"BEAKED_THE_CULTIST","items_purchased":["MerchantsRug"],"campfire_rested":1,"item_purchase_floors":[13],"current_hp_per_floor":[47,47,47,47,45,13,13,9,9,9,9,24,24,17,17,44,49,38,38,32,33,21,41,39,35,35,43,31,0,0],"gold":608,"neow_bonus":"ONE_RANDOM_RARE_CARD","is_daily":false,"chose_seed":false,"campfire_upgraded":0,"win_rate":0.0,"timestamp":1611742778,"path_taken":["M","M","?","?","M","E","R","M","T","M","?","R","$","E","R","BOSS","M","?","?","M","?","E","M","?","T","E","?","M"],"items_purchased_type":["Relic"],"build_version":"2020-12-22","purchased_purges":1,"victory":false,"max_hp_per_floor":[50,50,50,50,50,50,50,50,50,50,50,50,50,50,50,50,50,50,50,50,50,50,50,50,50,50,50,50,50,50],"relic_stats":{"Lizard Tail":25,"Dream Catcher":0,"Shovel":2,"counters":[74,376],"MealTicket":0,"obtain_stats":[{"Golden Egg":28,"hubris:MysteriousPyramids":11,"hubris:TerracottaHorce":17,"Old Coin":28,"Sozu":19,"Replay:Ringing Soul":14,"Lizard Tail":15,"FaceOfCleric":3,"aspiration:BabyByrd":4,"MealTicket":14,"aspiration:Headhunter":21,"Replay:Winged Headress":10,"Replay:Bottled Steam":40,"MerchantsRug":5,"Happy Flower":13,"Oddly Smooth Stone":0,"Pen Nib":11,"hubris:HollowSoul":21,"hubris:Zylophone":7,"infinitespire:EvilPickle":51,"Shuriken":8,"Bird Faced Urn":25,"CultistMask":3,"infinitespire:EmpoweringShard":22,"aspiration:HatOfInfinitePower":0,"Abe\u0027s Treasure":19,"Pocketwatch":0,"ReplayFunnel":6,"Regal Pillow":7,"aspiration:Lifesprig":15,"Lantern":56,"Torii":12,"Blue Doll":6,"StuffTheSpire:EmeraldSignet":10,"Bag of Preparation":0,"Replay:Mystery Machine":48,"theForsaken:PlagueMask":7,"beaked:BlessedCoat":36,"Ancient Tea Set":30,"Pet Ghost":9,"conspire:TopHat":9,"StuffTheSpire:Experiment12":23,"Dream Catcher":42,"Shovel":6,"StuffTheSpire:HeavyRock":17,"InkBottle":28,"NeowsBlessing":0,"hubris:MedicalManual":0,"infinitespire:Lucky Rock":9,"StuffTheSpire:HistoryBook":0,"infinitespire:WardingShard":11,"Runesmith:AutoHammer":29,"Bottled Lightning":7,"beaked:MendingPlumage":0,"ReplayTheSpireMod:Lightbulb":26},{"Golden Egg":57,"hubris:MysteriousPyramids":49,"hubris:TerracottaHorce":67,"Old Coin":73,"Sozu":21,"Replay:Ringing Soul":51,"Lizard Tail":66,"FaceOfCleric":16,"aspiration:BabyByrd":16,"MealTicket":66,"aspiration:Headhunter":22,"Replay:Winged Headress":4,"Replay:Bottled Steam":36,"MerchantsRug":2,"Happy Flower":5,"Oddly Smooth Stone":9,"Pen Nib":18,"hubris:HollowSoul":22,"hubris:Zylophone":16,"infinitespire:EvilPickle":41,"Shuriken":17,"Bird Faced Urn":25,"CultistMask":16,"infinitespire:EmpoweringShard":55,"aspiration:HatOfInfinitePower":44,"Abe\u0027s Treasure":54,"Pocketwatch":44,"ReplayFunnel":48,"Regal Pillow":13,"aspiration:Lifesprig":20,"Lantern":43,"Torii":50,"Blue Doll":3,"StuffTheSpire:EmeraldSignet":18,"Bag of Preparation":44,"Replay:Mystery Machine":41,"theForsaken:PlagueMask":3,"beaked:BlessedCoat":32,"Ancient Tea Set":58,"Pet Ghost":13,"conspire:TopHat":64,"StuffTheSpire:Experiment12":70,"Dream Catcher":38,"Shovel":63,"StuffTheSpire:HeavyRock":20,"InkBottle":27,"NeowsBlessing":0,"hubris:MedicalManual":44,"infinitespire:Lucky Rock":3,"StuffTheSpire:HistoryBook":44,"infinitespire:WardingShard":65,"Runesmith:AutoHammer":28,"Bottled Lightning":63,"beaked:MendingPlumage":0,"ReplayTheSpireMod:Lightbulb":57},{"Golden Egg":270,"hubris:MysteriousPyramids":216,"hubris:TerracottaHorce":334,"Old Coin":371,"Sozu":104,"Replay:Ringing Soul":228,"Lizard Tail":323,"FaceOfCleric":76,"aspiration:BabyByrd":76,"MealTicket":323,"aspiration:Headhunter":109,"Replay:Winged Headress":13,"Replay:Bottled Steam":157,"MerchantsRug":2,"Happy Flower":20,"Oddly Smooth Stone":49,"Pen Nib":84,"hubris:HollowSoul":109,"hubris:Zylophone":76,"infinitespire:EvilPickle":174,"Shuriken":78,"Bird Faced Urn":117,"CultistMask":76,"infinitespire:EmpoweringShard":257,"aspiration:HatOfInfinitePower":189,"Abe\u0027s Treasure":251,"Pocketwatch":189,"ReplayFunnel":210,"Regal Pillow":70,"aspiration:Lifesprig":93,"Lantern":182,"Torii":222,"Blue Doll":3,"StuffTheSpire:EmeraldSignet":84,"Bag of Preparation":189,"Replay:Mystery Machine":174,"theForsaken:PlagueMask":3,"beaked:BlessedCoat":142,"Ancient Tea Set":277,"Pet Ghost":70,"conspire:TopHat":311,"StuffTheSpire:Experiment12":353,"Dream Catcher":163,"Shovel":304,"StuffTheSpire:HeavyRock":93,"InkBottle":125,"NeowsBlessing":0,"hubris:MedicalManual":189,"infinitespire:Lucky Rock":3,"StuffTheSpire:HistoryBook":189,"infinitespire:WardingShard":318,"Runesmith:AutoHammer":127,"Bottled Lightning":304,"beaked:MendingPlumage":0,"ReplayTheSpireMod:Lightbulb":270}]},"card_choices":[{"not_picked":["beaked:TuckingFeathers","beaked:Redirect","ReplayTheSpireMod:RavenHex"],"picked":"SKIP","floor":1},{"not_picked":["beaked:Negation","beaked:HuntressEssence"],"picked":"beaked:HuntressSpirit","floor":2},{"not_picked":["ReplayTheSpireMod:Wings of Steel","beaked:Resilience"],"picked":"beaked:MaddeningMurmurs","floor":5},{"not_picked":["beaked:MaddeningMurmurs","beaked:BloodRitual"],"picked":"beaked:Foresight","floor":6},{"not_picked":["beaked:Redirect","beaked:MaddeningMurmurs"],"picked":"beaked:BounceBack","floor":8},{"not_picked":["beaked:WindBringer","beaked:Insight"],"picked":"beaked:CrazyRituals","floor":10},{"not_picked":["beaked:Cower","beaked:StickSmack"],"picked":"beaked:MachineSpirit","floor":14},{"not_picked":["beaked:DesperateSwing","beaked:Cower","beaked:DigDeeper+1"],"picked":"SKIP","floor":18},{"not_picked":["beaked:TuckingFeathers","beaked:DigDeep","beaked:SacrificialAttack"],"picked":"SKIP","floor":21},{"not_picked":["infinitespire:Execution","infinitespire:TheBestDefense"],"picked":"ReplayTheSpireMod:Book of Names","floor":22},{"not_picked":["beaked:BloodRitual","beaked:TuckingFeathers+1","beaked:CursingBlood"],"picked":"SKIP","floor":23},{"not_picked":["beaked:BraceForImpact","beaked:BloodForTheGods"],"picked":"beaked:CursingBlood+1","floor":24},{"not_picked":["beaked:DesperateSwing","beaked:StickSmack","beaked:Poke"],"picked":"SKIP","floor":25},{"not_picked":["ReplayTheSpireMod:Wings of Steel+1","beaked:SacrificialDive+1"],"picked":"beaked:Evade","floor":27}],"player_experience":94120,"relics_obtained":[{"floor":6,"key":"Shovel"},{"floor":7,"key":"Bottled Lightning"},{"floor":9,"key":"conspire:TopHat"},{"floor":11,"key":"infinitespire:WardingShard"},{"floor":14,"key":"MealTicket"},{"floor":15,"key":"Lizard Tail"},{"floor":23,"key":"StuffTheSpire:Experiment12"},{"floor":26,"key":"Dream Catcher"},{"floor":27,"key":"Replay:Winged Headress"},{"floor":28,"key":"Old Coin"}],"event_choices":[{"damage_healed":0,"gold_gain":0,"player_choice":"Invest 1","damage_taken":0,"max_hp_gain":0,"max_hp_loss":0,"event_name":"conspire:Investor","floor":4,"gold_loss":0},{"damage_healed":0,"gold_gain":100,"player_choice":"Pray","damage_taken":0,"max_hp_gain":0,"max_hp_loss":0,"event_name":"Golden Shrine","floor":19,"gold_loss":0},{"damage_healed":0,"gold_gain":0,"player_choice":"Dagger","damage_taken":6,"max_hp_gain":0,"max_hp_loss":0,"event_name":"betterThird:BetterNest","floor":20,"gold_loss":0,"cards_obtained":["RitualDagger"]}],"is_beta":false,"boss_relics":[{"not_picked":["aspiration:FutureDiary","conspire:RoyalGoblet"],"picked":"hubris:TerracottaHorce"}],"items_purged_floors":[13],"is_endless":false,"potions_floor_spawned":[8,10,14,23,25],"killed_by":"Snake Plant","ascension_level":1}}