{"host":"iphsb0ccnjx0pfn6","time":1611722380,"event":{"mods":["2.2 Compatiblity","AchievementEnabler","BaseMod","Colored Map","DeckTracker","Keyboard Shortcuts","Minty Spire (QoL Compilation)","Permanent Neow","Quick Restart","Relic Stats","StSLib","SuperFastMode","Uncapped","everything is the same but u backflip on backflip"],"gold_per_floor":[114,134,149,169,5,5,5,21,48,13,13,27,27,66,66,156,156,171,71,71,71],"floor_reached":20,"language":"KOR","playtime":534,"items_purged":["Strike_B","Strike_B"],"score":348,"play_id":"0b265fd1-9831-4f69-aa7e-2fc453c64a43","local_time":"20210127133940","is_ascension_mode":true,"campfire_choices":[{"data":"Barrage","floor":6.0,"key":"SMITH"},{"data":"Capacitor","floor":11.0,"key":"SMITH"},{"data":"Blizzard","floor":13.0,"key":"SMITH"},{"data":"Chaos","floor":15.0,"key":"SMITH"}],"circlet_count":0,"master_deck":["AscendersBane","Strike_B","Defend_B","Defend_B","Defend_B","Defend_B","Zap","Dualcast","Ball Lightning","Coolheaded","Barrage+1","Capacitor+1","FTL","Blizzard+1","Chaos+1","Meteor Strike","Compile Driver"],"relics":["Cracked Core","Golden Idol","Centennial Puzzle","Boot","Cursed Key"],"acts_visited":["Exordium","TheCity"],"potions_floor_usage":[20],"damage_taken":[{"damage":1.0,"enemies":"Cultist","floor":1.0,"turns":3.0},{"damage":1.0,"enemies":"2 Louse","floor":2.0,"turns":3.0},{"damage":5.0,"enemies":"Small Slimes","floor":3.0,"turns":3.0},{"damage":6.0,"enemies":"2 Fungi Beasts","floor":4.0,"turns":2.0},{"damage":17.0,"enemies":"Large Slime","floor":8.0,"turns":5.0},{"damage":15.0,"enemies":"Exordium Wildlife","floor":12.0,"turns":3.0},{"damage":14.0,"enemies":"Lagavulin","floor":14.0,"turns":5.0},{"damage":20.0,"enemies":"The Guardian","floor":16.0,"turns":10.0},{"damage":29.0,"enemies":"2 Thieves","floor":18.0,"turns":5.0},{"damage":22,"enemies":"Shell Parasite","floor":20,"turns":4}],"seed_played":"420217030636268463","potions_obtained":[{"floor":1.0,"key":"Weak Potion"},{"floor":2.0,"key":"Block Potion"},{"floor":16.0,"key":"Ancient Potion"}],"is_trial":false,"path_per_floor":["M","M","M","M","$","R","?","M","T","?","R","M","R","E","R","B",null,"M","$","M"],"character_chosen":"DEFECT","items_purchased":["Capacitor"],"campfire_rested":0,"item_purchase_floors":[5],"current_hp_per_floor":[63,62,57,51,51,51,51,34,34,50,50,35,35,21,21,1,48,19,19,0,0],"gold":71,"neow_bonus":"REMOVE_CARD","is_daily":false,"chose_seed":false,"campfire_upgraded":4,"win_rate":0.0,"timestamp":1611722380,"path_taken":["M","M","M","M","$","R","?","M","T","?","R","M","R","E","R","BOSS","M","$","M"],"items_purchased_type":["Card"],"build_version":"2020-12-22","purchased_purges":2,"victory":false,"max_hp_per_floor":[71,71,71,71,71,71,64,64,64,64,64,64,64,64,64,64,64,64,64,64,64],"relic_stats":{"Centennial Puzzle":[15],"counters":[10,43],"Golden Idol":35,"Boot":[7],"Cursed Key":0,"obtain_stats":[{"Centennial Puzzle":9,"Golden Idol":7,"Cracked Core":0,"Boot":14,"Cursed Key":17},{"Centennial Puzzle":5,"Golden Idol":4,"Cracked Core":0,"Boot":7,"Cursed Key":8},{"Centennial Puzzle":16,"Golden Idol":11,"Cracked Core":0,"Boot":24,"Cursed Key":34}]},"card_choices":[{"not_picked":["Consume","Reprogram"],"picked":"Ball Lightning","floor":1.0},{"not_picked":["Rip and Tear","Stack"],"picked":"Coolheaded","floor":2.0},{"not_picked":["Turbo","Force Field"],"picked":"Barrage","floor":3.0},{"not_picked":["Gash","Barrage","Hologram"],"picked":"SKIP","floor":4.0},{"not_picked":["Coolheaded","Sweeping Beam"],"picked":"FTL","floor":8.0},{"not_picked":["Hologram","Auto Shields"],"picked":"Blizzard","floor":12.0},{"not_picked":["Beam Cell","Streamline"],"picked":"Chaos","floor":14.0},{"not_picked":["Amplify","Multi-Cast"],"picked":"Meteor Strike","floor":16.0},{"not_picked":["Auto Shields","Tempest","Compile Driver"],"picked":"SKIP","floor":18.0},{"not_picked":["Auto Shields","Tempest"],"picked":"Compile Driver","floor":18.0}],"player_experience":1284555,"relics_obtained":[{"floor":9.0,"key":"Centennial Puzzle"},{"floor":14.0,"key":"Boot"}],"event_choices":[{"damage_healed":0.0,"max_hp_gain":0.0,"max_hp_loss":7.0,"gold_gain":0.0,"event_name":"Golden Idol","player_choice":"Lose Max HP","floor":7.0,"gold_loss":0.0,"damage_taken":0.0,"relics_obtained":["Golden Idol"]},{"damage_healed":16.0,"max_hp_gain":0.0,"max_hp_loss":0.0,"gold_gain":0.0,"event_name":"The Cleric","player_choice":"Healed","floor":10.0,"gold_loss":35.0,"damage_taken":0.0}],"is_beta":false,"boss_relics":[{"not_picked":["Black Star","Pandora\u0027s Box"],"picked":"Cursed Key"}],"items_purged_floors":[5,19],"is_endless":false,"potions_floor_spawned":[1,2,12,16],"killed_by":"Shell Parasite","ascension_level":20}}