{"host":"zrerxgu8lagrk16e","time":1611717952,"event":{"mods":["AchievementEnabler","BaseMod","Better Altar","Better Match","Better Note","Better Sensory Stone","Better Skull","Better Third Choice","Colored Map","Colored Powertips","Minty Spire (QoL Compilation)","Permanent Neow","Quick Restart","Relic Stats","StSLib","slay the spire mod where everything is the same but ironclad has a cowboy hat"],"gold_per_floor":[117,117,132,132,147,179,144,144,144],"floor_reached":8,"language":"ENG","playtime":364,"items_purged":[],"score":62,"play_id":"7b93f790-2f5b-4334-a147-485e4ce46283","local_time":"20210126222552","is_ascension_mode":true,"campfire_choices":[],"circlet_count":0,"master_deck":["Strike_R","Strike_R","Strike_R","Strike_R","Strike_R","Defend_R","Defend_R","Defend_R","Defend_R","Bash","Anger+1","Flame Barrier","Seeing Red","Sword Boomerang","Sword Boomerang","Twin Strike","Shockwave"],"relics":["Burning Blood","Prayer Wheel","InkBottle","CaptainsWheel","betterThird:SlimedRelic"],"acts_visited":["Exordium"],"potions_floor_usage":[6],"damage_taken":[{"damage":6,"enemies":"2 Louse","floor":1,"turns":3},{"damage":0,"enemies":"Jaw Worm","floor":3,"turns":3},{"damage":1,"enemies":"Small Slimes","floor":5,"turns":3},{"damage":27,"enemies":"Lagavulin","floor":6,"turns":6},{"damage":40,"enemies":"3 Sentries","floor":8,"turns":8}],"seed_played":"-1326556206581704586","potions_obtained":[{"floor":1,"key":"LiquidMemories"}],"is_trial":false,"path_per_floor":["M","?","M","T","M","E","?","E"],"character_chosen":"IRONCLAD","items_purchased":[],"campfire_rested":0,"item_purchase_floors":[],"current_hp_per_floor":[72,72,72,72,72,51,40,0,0],"gold":144,"neow_bonus":"ONE_RARE_RELIC","is_daily":false,"chose_seed":false,"campfire_upgraded":0,"win_rate":0.0,"timestamp":1611717952,"path_taken":["M","?","M","?","M","E","?","E"],"items_purchased_type":[],"build_version":"2020-12-22","purchased_purges":0,"victory":false,"max_hp_per_floor":[72,72,72,72,72,72,72,72,72],"relic_stats":{"counters":[5,23],"Prayer Wheel":3,"obtain_stats":[{"CaptainsWheel":6,"betterThird:SlimedRelic":7,"Prayer Wheel":0,"Burning Blood":0,"InkBottle":4},{"CaptainsWheel":4,"betterThird:SlimedRelic":4,"Prayer Wheel":0,"Burning Blood":0,"InkBottle":2},{"CaptainsWheel":15,"betterThird:SlimedRelic":15,"Prayer Wheel":0,"Burning Blood":0,"InkBottle":6}],"Burning Blood":13,"InkBottle":[5]},"card_choices":[{"not_picked":["Rage","Uppercut"],"picked":"Anger","floor":1},{"not_picked":["Cleave","Headbutt"],"picked":"Flame Barrier","floor":1},{"not_picked":["Warcry","Thunderclap"],"picked":"Seeing Red","floor":3},{"not_picked":["Searing Blow","Fire Breathing"],"picked":"Sword Boomerang","floor":3},{"not_picked":["Body Slam","Havoc"],"picked":"Sword Boomerang","floor":5},{"not_picked":["Entrench","Shrug It Off"],"picked":"Twin Strike","floor":5},{"not_picked":["Entrench","Pummel"],"picked":"Shockwave","floor":6}],"player_experience":175384,"relics_obtained":[{"floor":4,"key":"InkBottle"},{"floor":6,"key":"CaptainsWheel"}],"event_choices":[{"damage_healed":0,"gold_gain":0,"player_choice":"Grow","damage_taken":0,"max_hp_gain":0,"max_hp_loss":0,"event_name":"Living Wall","floor":2,"gold_loss":0,"cards_upgraded":["Anger"]},{"damage_healed":0,"gold_gain":0,"player_choice":"Slimed","damage_taken":11,"max_hp_gain":0,"max_hp_loss":0,"event_name":"betterThird:BetterGoop","floor":7,"gold_loss":35}],"is_beta":false,"boss_relics":[],"items_purged_floors":[],"is_endless":false,"potions_floor_spawned":[1],"killed_by":"3 Sentries","ascension_level":2}}