{"host":"lrlw254gqe5layub","time":1611728077,"event":{"mods":["AchievementEnabler","BaseMod","Colored Map","Colored Powertips","Minty Spire (QoL Compilation)","Rare Cards Sparkle","SuperFastMode"],"gold_per_floor":[112,129,139,139,152,179,179,189,216,216,236,32,48,74,74,74,74],"floor_reached":16,"language":"KOR","playtime":482,"items_purged":["Strike_B"],"score":165,"play_id":"7f97d7d3-3eb0-468f-bcae-3526586a51f8","local_time":"20210127151437","is_ascension_mode":true,"campfire_choices":[{"floor":7,"key":"REST"},{"floor":10,"key":"REST"},{"floor":15,"key":"REST"}],"circlet_count":0,"master_deck":["Strike_B","Strike_B","Strike_B","Defend_B","Defend_B","Defend_B","Zap+1","Dualcast","Coolheaded","BootSequence","Redo","Defragment"],"relics":["Cracked Core","Bottled Lightning","Omamori"],"acts_visited":["Exordium"],"potions_floor_usage":[6,14,16],"damage_taken":[{"damage":7,"enemies":"Jaw Worm","floor":1,"turns":3},{"damage":1,"enemies":"Cultist","floor":2,"turns":3},{"damage":8,"enemies":"Small Slimes","floor":3,"turns":3},{"damage":10,"enemies":"Looter","floor":5,"turns":3},{"damage":26,"enemies":"Lagavulin","floor":6,"turns":5},{"damage":2,"enemies":"Exordium Thugs","floor":8,"turns":4},{"damage":2,"enemies":"2 Fungi Beasts","floor":11,"turns":4},{"damage":22,"enemies":"Lots of Slimes","floor":13,"turns":4},{"damage":33,"enemies":"Gremlin Nob","floor":14,"turns":4},{"damage":27,"enemies":"Slime Boss","floor":16,"turns":6}],"seed_played":"6276686556800312860","potions_obtained":[{"floor":2,"key":"Fire Potion"},{"floor":8,"key":"SneckoOil"},{"floor":13,"key":"DistilledChaos"},{"floor":14,"key":"Explosive Potion"}],"is_trial":false,"path_per_floor":["M","M","M","?","M","E","R","M","T","R","M","$","M","E","R","B"],"character_chosen":"DEFECT","items_purchased":["Redo","Defragment"],"campfire_rested":3,"item_purchase_floors":[12,12],"current_hp_per_floor":[61,60,52,52,42,16,38,36,36,58,56,56,34,1,23,0,0],"gold":74,"neow_bonus":"REMOVE_CARD","is_daily":false,"chose_seed":false,"campfire_upgraded":0,"win_rate":0.0,"timestamp":1611728077,"path_taken":["M","M","M","?","M","E","R","M","T","R","M","$","?","E","R","BOSS"],"items_purchased_type":["Card","Card"],"build_version":"2020-12-22","purchased_purges":1,"victory":false,"max_hp_per_floor":[75,75,75,75,75,75,75,75,75,75,75,75,75,75,75,75,75],"card_choices":[{"not_picked":["Hologram","Compile Driver","Reinforced Body"],"picked":"SKIP","floor":1},{"not_picked":["Beam Cell","Ball Lightning"],"picked":"Coolheaded","floor":2},{"not_picked":["Chaos","Rebound","Gash"],"picked":"SKIP","floor":3},{"not_picked":["Barrage","Go for the Eyes","Gash"],"picked":"SKIP","floor":5},{"not_picked":["Gash","Amplify","Reinforced Body"],"picked":"SKIP","floor":6},{"not_picked":["Stack","Rebound","Barrage"],"picked":"SKIP","floor":8},{"not_picked":["Stack","Double Energy"],"picked":"BootSequence","floor":11},{"not_picked":["Conserve Battery","Hologram","Ball Lightning"],"picked":"SKIP","floor":13},{"not_picked":["Tempest","Scrape","Cold Snap"],"picked":"SKIP","floor":14}],"player_experience":470902,"relics_obtained":[{"floor":6,"key":"Bottled Lightning"},{"floor":14,"key":"Omamori"}],"event_choices":[{"damage_healed":0,"gold_gain":0,"player_choice":"Forge","damage_taken":0,"max_hp_gain":0,"max_hp_loss":0,"event_name":"Accursed Blacksmith","floor":4,"gold_loss":0,"cards_upgraded":["Zap"]}],"is_beta":false,"boss_relics":[],"items_purged_floors":[12],"is_endless":false,"potions_floor_spawned":[2,8,13,14],"killed_by":"Slime Boss","ascension_level":9}}