{"host":"Mute","time":1611748525,"event":{"mods":["BaseMod","Colored Map","Downfall","Minty Spire (QoL Compilation)","StSLib"],"gold_per_floor":[99,109,184,194,194,228,228,228,254,254,305,316,316,316,330,434,434,434,450,450,450,450,464,464,489,501,513,540,552,564,593,623,734,746,758,780,806,837,865,905,944,884,904,571,571,585,385,396,414,414],"floor_reached":51,"language":"ENG","playtime":2958,"items_purged":["Slimebound:Defend_Slimebound"],"score":716,"play_id":"b6cf7313-6c1b-4775-b7ff-ab4dca402089","local_time":"20210127065525","is_ascension_mode":false,"campfire_choices":[{"data":"Slimebound:Split","floor":1,"key":"SMITH"},{"data":"Slimebound:SlimeSpikes","floor":8,"key":"SMITH"},{"data":"Slimebound:OneTwoCombo","floor":10,"key":"SMITH"},{"data":"Slimebound:SplitSpecialist","floor":13,"key":"SMITH"},{"data":"Slimebound:Darklings","floor":18,"key":"SMITH"},{"data":"Slimebound:FirmFortitude","floor":27,"key":"SMITH"},{"data":"Slimebound:SplitSpecialist","floor":30,"key":"SMITH"},{"data":"Slimebound:MassRepurpose","floor":35,"key":"SMITH"},{"data":"Slimebound:SplitBruiser","floor":45,"key":"SMITH"},{"floor":47,"key":"RECALL"}],"circlet_count":0,"master_deck":["Slimebound:Strike_Slimebound+1","Slimebound:Strike_Slimebound","Slimebound:Strike_Slimebound","Slimebound:Defend_Slimebound+1","Slimebound:Split+1","Slimebound:CorrosiveSpit+1","Slimebound:SplitBruiser+1","Slimebound:SlimeSpikes+1","Slimebound:SplitSpecialist+1","Slimebound:OneTwoCombo+1","Slimebound:SplitSpecialist+1","Slimebound:SplitLeeching","Slimebound:Darklings+1","Slimebound:SplitLeeching","Slimebound:FirmFortitude+1","Slimebound:MassRepurpose+1","Slimebound:SplitLeeching","Slimebound:PressTheAttack","Slimebound:Overexert+1","Slimebound:SlimeSpikes+1","Slimebound:GoopSpray+1","Slimebound:SlimeBarrage"],"relics":["Slimebound:AbsorbEndCombatUpgraded","Pen Nib","Shuriken","Frozen Egg 2","MawBank","downfall:RedIOU","Coffee Dripper","Regal Pillow","Nunchaku","Anchor","downfall:HeartBlessingGreen","downfall:HeartBlessingBlue"],"acts_visited":["Exordium","TheCity","TheBeyond"],"potions_floor_usage":[40],"damage_taken":[{"damage":6,"enemies":"Jaw Worm","floor":2,"turns":3},{"damage":0,"enemies":"2 Louse","floor":4,"turns":2},{"damage":32,"enemies":"Gremlin Nob","floor":6,"turns":5},{"damage":1,"enemies":"Lagavulin","floor":9,"turns":6},{"damage":0,"enemies":"Small Slimes","floor":12,"turns":2},{"damage":0,"enemies":"3 Louse","floor":15,"turns":3},{"damage":7,"enemies":"IC_STATUS_ARCHETYPE","floor":16,"turns":4},{"damage":5,"enemies":"3 Byrds","floor":19,"turns":4},{"damage":3,"enemies":"3 Byrds","floor":21,"turns":5},{"damage":6,"enemies":"3 Cultists","floor":23,"turns":5},{"damage":12,"enemies":"Snake Plant","floor":25,"turns":2},{"damage":0,"enemies":"Snecko","floor":28,"turns":3},{"damage":6,"enemies":"Centurion and Healer","floor":31,"turns":4},{"damage":0,"enemies":"Snake Plant","floor":32,"turns":3},{"damage":18,"enemies":"WA_ARCHETYPE_CALM","floor":33,"turns":7},{"damage":2,"enemies":"Orb Walker","floor":36,"turns":2},{"damage":0,"enemies":"3 Shapes","floor":37,"turns":2},{"damage":28,"enemies":"Spire Growth","floor":38,"turns":3},{"damage":0,"enemies":"Jaw Worm Horde","floor":39,"turns":3},{"damage":5,"enemies":"Reptomancer","floor":40,"turns":4},{"damage":1,"enemies":"downfall:FleeingMerchant","floor":42,"turns":4},{"damage":0,"enemies":"Maw","floor":43,"turns":3},{"damage":0,"enemies":"3 Darklings","floor":46,"turns":3},{"damage":8,"enemies":"Writhing Mass","floor":48,"turns":3},{"damage":22,"enemies":"4 Shapes","floor":49,"turns":4},{"damage":37,"enemies":"DF_ARCHETYPE_ORBS","floor":50,"turns":5}],"seed_played":"-8702508412107312217","potions_obtained":[{"floor":12,"key":"hexamod:SoulburnPotion"},{"floor":15,"key":"Dexterity Potion"},{"floor":28,"key":"Explosive Potion"},{"floor":40,"key":"SteroidPotion"}],"is_trial":false,"path_per_floor":["R","M","?","M","?","E","T","R","E","R","T","M","R","?","M","B",null,"R","M","?","?","?","M","T","M","?","R","M","?","R","M","M","B",null,"R","M","M","M","M","E","T","$","M","?","R","M","R","M","M","B",null],"character_chosen":"SLIMEBOUND","items_purchased":["Nunchaku","Anchor"],"campfire_rested":0,"item_purchase_floors":[42,42],"current_hp_per_floor":[65,63,63,63,63,31,31,31,38,38,38,38,38,38,38,39,65,65,60,49,49,49,49,49,40,40,40,40,40,40,37,40,37,70,70,68,68,43,46,44,44,46,46,79,79,79,89,84,67,39],"gold":414,"neow_bonus":"REMOVE_CARD","is_daily":false,"chose_seed":false,"campfire_upgraded":9,"win_rate":0.0,"timestamp":1611748525,"path_taken":["R","M","?","M","?","E","T","R","E","R","?","M","R","?","M","BOSS","R","M","?","?","?","M","T","?","?","R","M","?","R","M","M","BOSS","R","M","M","M","M","E","T","$","M","?","R","M","R","M","M","BOSS"],"items_purchased_type":["Relic","Relic"],"build_version":"2020-12-18","purchased_purges":1,"victory":true,"max_hp_per_floor":[65,65,65,65,65,65,65,65,65,65,65,65,65,65,65,65,65,65,65,70,70,70,70,70,70,70,70,70,70,70,70,70,70,70,70,70,70,70,70,70,70,70,70,79,79,79,89,89,89,89],"card_choices":[{"not_picked":["Slimebound:LeechingTouch","Slimebound:Repurpose"],"picked":"Slimebound:SplitBruiser","floor":2},{"not_picked":["Slimebound:AcidTongue","Slimebound:ForwardTackle"],"picked":"Slimebound:SlimeSpikes","floor":4},{"not_picked":["Slimebound:SpikyOuterGoop","Slimebound:RainOfGoop"],"picked":"Slimebound:SplitSpecialist","floor":6},{"not_picked":["Slimebound:LeechingTouch","Slimebound:DivideAndConquer"],"picked":"Slimebound:OneTwoCombo","floor":9},{"not_picked":["Slimebound:Gluttony+1","Slimebound:ViciousTackle"],"picked":"Slimebound:SplitSpecialist","floor":12},{"not_picked":["Slimebound:SlimeBarrage","Slimebound:ItLooksTasty"],"picked":"Slimebound:SplitLeeching","floor":15},{"not_picked":["Slimebound:DuplicatedForm+1","Slimebound:CheckThePlaybook"],"picked":"Slimebound:Darklings","floor":16},{"not_picked":["Slimebound:GoopSpray","Slimebound:LeechingTouch"],"picked":"Slimebound:SplitLeeching","floor":19},{"not_picked":["Slimebound:GoopSpray","Slimebound:ForwardTackle","Slimebound:GrowthPunch+1"],"picked":"SKIP","floor":23},{"not_picked":["Slimebound:PressTheAttack","Slimebound:HauntingLick"],"picked":"Slimebound:FirmFortitude","floor":25},{"not_picked":["Slimebound:GoopSpray+1","Slimebound:SplitAcid","Slimebound:RejuvenatingLick"],"picked":"SKIP","floor":28},{"not_picked":["Slimebound:HauntingLick+1","Slimebound:FinishingTackle+1","Slimebound:GoopTackle+1"],"picked":"SKIP","floor":31},{"not_picked":["Slimebound:LivingWall","Slimebound:DivideAndConquer","Slimebound:SpikyOuterGoop+1"],"picked":"SKIP","floor":32},{"not_picked":["Slimebound:WasteNot","Slimebound:RallyTheTroops"],"picked":"Slimebound:MassRepurpose","floor":33},{"not_picked":["Slimebound:LivingWall+1","Slimebound:SplitAcid"],"picked":"Slimebound:SplitLeeching","floor":36},{"not_picked":["Slimebound:FlameTackle","Slimebound:GoopTackle","Slimebound:HungryTackle"],"picked":"SKIP","floor":37},{"not_picked":["Slimebound:GoopTackle","Slimebound:Gluttony+1","Slimebound:LivingWall"],"picked":"SKIP","floor":38},{"not_picked":["Slimebound:Nibble+1","Slimebound:LivingWall+1"],"picked":"Slimebound:PressTheAttack","floor":39},{"not_picked":["Slimebound:LivingWall","Slimebound:SlimeSlap"],"picked":"Slimebound:Overexert+1","floor":40},{"not_picked":["Slimebound:OozeBath","Slimebound:GoopSpray+1"],"picked":"Slimebound:SlimeSpikes+1","floor":42},{"not_picked":["Slimebound:SamplingLick+1","Slimebound:RollThrough+1","Slimebound:ViciousTackle+1"],"picked":"SKIP","floor":43},{"not_picked":["Slimebound:Equalize","Slimebound:ComboTackle+1"],"picked":"Slimebound:GoopSpray+1","floor":46},{"not_picked":["Slimebound:Dissolve","Slimebound:RejuvenatingLick"],"picked":"Slimebound:SlimeBarrage","floor":48},{"not_picked":["Slimebound:LeechingTouch+1","Slimebound:BestDefense+1","Slimebound:SplitMire"],"picked":"SKIP","floor":49}],"player_experience":508917,"relics_obtained":[{"floor":6,"key":"Pen Nib"},{"floor":7,"key":"Shuriken"},{"floor":9,"key":"Frozen Egg 2"},{"floor":11,"key":"Bag of Preparation"},{"floor":24,"key":"MawBank"},{"floor":40,"key":"Regal Pillow"}],"event_choices":[{"cards_removed":["Slimebound:Defend_Slimebound"],"damage_healed":0,"gold_gain":0,"player_choice":"Card Removal","damage_taken":0,"max_hp_gain":0,"max_hp_loss":0,"event_name":"The Cleric","floor":5,"gold_loss":0},{"damage_healed":0,"gold_gain":0,"player_choice":"Ignored","damage_taken":0,"max_hp_gain":0,"max_hp_loss":0,"event_name":"Vampires","floor":26,"gold_loss":0}],"is_beta":true,"boss_relics":[{"not_picked":["Slimebound:TarBlob","Empty Cage"],"picked":"Slimebound:AbsorbEndCombatUpgraded"},{"not_picked":["Velvet Choker","Pandora\u0027s Box"],"picked":"Coffee Dripper"}],"items_purged_floors":[42],"is_endless":false,"potions_floor_spawned":[12,15,21,28,31,36,37,38,40,49],"ascension_level":0}}