{"host":"k5wd0jv1m6dz3iwi","time":1611725951,"event":{"mods":["BaseMod","Better Vampires","Challenge The Spire","Custom Start","Downfall","Highlight Path","Minty Spire (QoL Compilation)","Rare Cards Sparkle","Relic Stats","Slay the Relics Exporter","StSLib","everything is the same but u backflip on backflip"],"gold_per_floor":[99,111,130,43,101,52,52,79,94,114,128,161,61,87,104,201,201,201,217,217,232,298,55,55,83,133,148,14,14,33,83,99,194,194,194,208,15,32,42,42,110,129,6,6,20,70,70,96,116,116],"floor_reached":51,"language":"ENG","playtime":3321,"items_purged":["bronze:Defend"],"score":761,"play_id":"8f21cdd9-7672-49c7-a566-7a3bd20a663c","local_time":"20210127053911","is_ascension_mode":false,"campfire_choices":[{"data":"bronze:Replicate","floor":1,"key":"SMITH"},{"data":"bronze:Fortify","floor":13,"key":"SMITH"},{"data":"bronze:RecursiveStrike","floor":18,"key":"SMITH"},{"data":"bronze:FollowUp","floor":29,"key":"SMITH"},{"data":"1","floor":35,"key":"LIFT"},{"data":"2","floor":40,"key":"LIFT"},{"data":"3","floor":44,"key":"LIFT"},{"data":"bronze:Boost","floor":47,"key":"SMITH"}],"circlet_count":0,"master_deck":["bronze:Defend","bronze:Defend","bronze:Replicate+1","bronze:Goto","bronze:BronzeOrb","bronze:Branch","bronze:Iterate","bronze:Fortify+1","bronze:FineTuning","bronze:Overheat","bronze:GetLatest","bronze:FollowUp+1","bronze:Shield","bronze:ClassDefault+1","bronze:RecursiveStrike+1","bronze:Verify+1","bronze:BuggyMess+1","bronze:ForceShield+1","bronze:Overheat+1","Bite","Bite","Bite","Bite","bronze:MaxOutput+1","bronze:WhirlingStrike+1","bronze:Format","expansioncontent:QuickStudy","expansioncontent:StudyTheSpire+1","expansioncontent:QuickStudy","expansioncontent:StudyTheSpire+1","bronze:Branch+1","bronze:DarkDash","bronze:Boost+1","expansioncontent:GuardianWhirl","expansioncontent:PrepareCrush","bronze:Frontload","bronze:Boost+1","bronze:DigitalCarnage"],"relics":["bronze:BronzeCore","Frozen Egg 2","Lantern","Bronze Scales","Pantograph","downfall:HeartBlessingGreen","Odd Mushroom","bronze:MakeshiftBattery","SsserpentHead","Sling","Thread and Needle","The Courier","Nunchaku","Girya","Snecko Eye","Mummified Hand","Ancient Tea Set"],"acts_visited":["Exordium","TheCity","TheBeyond"],"potions_floor_usage":[5,16,16,21,25,25,25,28,33,50,50],"damage_taken":[{"damage":0,"enemies":"Cultist","floor":2,"turns":4},{"damage":0,"enemies":"Jaw Worm","floor":3,"turns":4},{"damage":0,"enemies":"downfall:FleeingMerchant","floor":4,"turns":4},{"damage":22,"enemies":"Gremlin Nob","floor":5,"turns":4},{"damage":0,"enemies":"downfall:FleeingMerchant","floor":6,"turns":4},{"damage":8,"enemies":"Gremlin Nob","floor":8,"turns":4},{"damage":1,"enemies":"Small Slimes","floor":9,"turns":2},{"damage":0,"enemies":"Blue Slaver","floor":10,"turns":3},{"damage":0,"enemies":"Red Slaver","floor":11,"turns":2},{"damage":12,"enemies":"Lagavulin","floor":12,"turns":7},{"damage":0,"enemies":"The Mushroom Lair","floor":14,"turns":2},{"damage":2,"enemies":"Large Slime","floor":15,"turns":5},{"damage":37,"enemies":"WA_ARCHETYPE_RETAIN","floor":16,"turns":7},{"damage":0,"enemies":"Spheric Guardian","floor":19,"turns":3},{"damage":18,"enemies":"Snake Plant","floor":21,"turns":5},{"damage":0,"enemies":"Centurion and Healer","floor":22,"turns":4},{"damage":0,"enemies":"downfall:FleeingMerchant","floor":23,"turns":4},{"damage":15,"enemies":"Gremlin Leader","floor":25,"turns":3},{"damage":0,"enemies":"Sentry and Sphere","floor":27,"turns":3},{"damage":7,"enemies":"downfall:FleeingMerchant","floor":28,"turns":4},{"damage":0,"enemies":"Chosen and Byrds","floor":30,"turns":4},{"damage":1,"enemies":"Shelled Parasite and Fungi","floor":32,"turns":2},{"damage":54,"enemies":"IC_MUSHROOM_ARCHETYPE","floor":33,"turns":5},{"damage":6,"enemies":"3 Darklings","floor":36,"turns":6},{"damage":0,"enemies":"downfall:FleeingMerchant","floor":37,"turns":1},{"damage":7,"enemies":"Orb Walker","floor":38,"turns":4},{"damage":10,"enemies":"Jaw Worm Horde","floor":39,"turns":4},{"damage":0,"enemies":"Sphere and 2 Shapes","floor":42,"turns":3},{"damage":0,"enemies":"4 Shapes","floor":45,"turns":3},{"damage":8,"enemies":"Reptomancer","floor":48,"turns":4},{"damage":0,"enemies":"Spire Growth","floor":49,"turns":3},{"damage":55,"enemies":"DF_ARCHETYPE_ORBS","floor":50,"turns":7}],"seed_played":"7079396461947458791","potions_obtained":[{"floor":2,"key":"BlessingOfTheForge"},{"floor":8,"key":"BlessingOfTheForge"},{"floor":9,"key":"Swift Potion"},{"floor":15,"key":"bronze:BurnAndBuffPotion"},{"floor":16,"key":"AttackPotion"},{"floor":21,"key":"EntropicBrew"},{"floor":27,"key":"EssenceOfSteel"},{"floor":30,"key":"SmokeBomb"},{"floor":33,"key":"LiquidMemories"},{"floor":39,"key":"Strength Potion"}],"is_trial":false,"path_per_floor":["R","M","M","$","?","$","T","E","M","M","M","E","R","?","M","B",null,"R","M","?","M","M","$","T","E","?","M","$","R","M","T","M","B",null,"R","M","$","M","M","R","T","M","$","R","M","?","R","E","M","B",null],"character_chosen":"THE_AUTOMATON","items_purchased":["bronze:Fortify","bronze:GetLatest","Sling","Nunchaku","expansioncontent:QuickStudy","expansioncontent:StudyTheSpire+1","expansioncontent:QuickStudy","expansioncontent:StudyTheSpire+1","DuplicationPotion","expansioncontent:GuardianWhirl","expansioncontent:PrepareCrush"],"campfire_rested":0,"item_purchase_floors":[4,6,23,28,37,37,37,37,37,43,43],"current_hp_per_floor":[77,77,77,77,55,55,55,47,46,46,46,34,34,34,32,20,77,77,77,77,59,59,59,59,44,44,48,49,49,53,53,57,8,58,58,54,56,53,45,45,45,49,49,49,51,51,51,49,49,29],"gold":116,"neow_bonus":"TEN_PERCENT_HP_BONUS","is_daily":false,"chose_seed":false,"campfire_upgraded":5,"win_rate":0.0,"timestamp":1611725951,"path_taken":["R","M","?","$","?","?","T","E","M","M","M","E","R","?","M","BOSS","R","M","?","M","?","$","T","E","?","M","$","R","M","?","M","BOSS","R","M","$","M","M","R","T","M","$","R","M","?","R","E","M","BOSS"],"items_purchased_type":["Card","Card","Relic","Relic","Card","Card","Card","Card","Potion","Card","Card"],"build_version":"2020-12-22","purchased_purges":1,"victory":true,"max_hp_per_floor":[77,77,77,77,77,77,77,77,77,77,77,77,77,77,77,77,77,77,77,77,77,77,77,77,77,58,58,58,58,58,58,58,58,58,58,58,58,58,58,58,58,58,58,58,58,58,58,58,58,58],"relic_stats":{"SsserpentHead":200,"Nunchaku":[14],"counters":[32,124],"Mummified Hand":[41],"Bronze Scales":[195],"Pantograph":35,"Snecko Eye":[60,54,76,51],"obtain_stats":[{"Girya":31,"Lantern":7,"bronze:BronzeCore":0,"downfall:HeartBlessingGreen":13,"Thread and Needle":24,"The Courier":25,"Frozen Egg 2":5,"Odd Mushroom":14,"Sling":23,"Ancient Tea Set":48,"SsserpentHead":20,"Nunchaku":28,"Mummified Hand":41,"Bronze Scales":8,"Pantograph":12,"Snecko Eye":34,"bronze:MakeshiftBattery":17},{"Girya":21,"Lantern":5,"bronze:BronzeCore":0,"downfall:HeartBlessingGreen":10,"Thread and Needle":17,"The Courier":18,"Frozen Egg 2":4,"Odd Mushroom":11,"Sling":17,"Ancient Tea Set":30,"SsserpentHead":14,"Nunchaku":20,"Mummified Hand":27,"Bronze Scales":6,"Pantograph":10,"Snecko Eye":23,"bronze:MakeshiftBattery":13},{"Girya":82,"Lantern":20,"bronze:BronzeCore":0,"downfall:HeartBlessingGreen":38,"Thread and Needle":68,"The Courier":71,"Frozen Egg 2":16,"Odd Mushroom":40,"Sling":68,"Ancient Tea Set":114,"SsserpentHead":55,"Nunchaku":78,"Mummified Hand":104,"Bronze Scales":24,"Pantograph":38,"Snecko Eye":89,"bronze:MakeshiftBattery":52}]},"card_choices":[{"not_picked":["bronze:Repair","bronze:BuggyMess"],"picked":"bronze:BronzeOrb","floor":2},{"not_picked":["bronze:Invalidate","bronze:BitShift"],"picked":"bronze:Branch","floor":3},{"not_picked":["bronze:DarkDash","bronze:CutThrough"],"picked":"bronze:Iterate","floor":4},{"not_picked":["bronze:Backtrace","bronze:Iterate"],"picked":"bronze:FineTuning","floor":5},{"not_picked":["bronze:ClassDefault+1","bronze:Repair"],"picked":"bronze:Overheat","floor":6},{"not_picked":["bronze:OilSpill","bronze:CutThrough"],"picked":"bronze:FollowUp","floor":8},{"not_picked":["bronze:Turbo","bronze:Fortify"],"picked":"bronze:Shield","floor":9},{"not_picked":["bronze:Fortify","bronze:BuggyMess","bronze:Repulsor+1"],"picked":"SKIP","floor":10},{"not_picked":["bronze:Overload","bronze:OilSpill","bronze:ForceShield"],"picked":"SKIP","floor":11},{"not_picked":["bronze:BitShift","bronze:CutThrough","bronze:Philosophize"],"picked":"SKIP","floor":12},{"not_picked":["bronze:Overheat","bronze:FollowUp"],"picked":"bronze:ClassDefault+1","floor":14},{"not_picked":["bronze:CutThrough","bronze:Frontload"],"picked":"bronze:RecursiveStrike","floor":15},{"not_picked":["bronze:Assembly","bronze:SpaghettiCode"],"picked":"bronze:Verify+1","floor":16},{"not_picked":["bronze:BronzeOrb","bronze:DelayedGuard"],"picked":"bronze:BuggyMess+1","floor":19},{"not_picked":["bronze:Philosophize","bronze:Iterate"],"picked":"bronze:ForceShield+1","floor":21},{"not_picked":["bronze:Deprecate","bronze:ItsAFeature+1"],"picked":"bronze:Overheat+1","floor":22},{"not_picked":["bronze:Philosophize+1","bronze:Frontload","bronze:Iterate"],"picked":"SKIP","floor":23},{"not_picked":["bronze:Philosophize","bronze:Break","bronze:BugBarrage"],"picked":"SKIP","floor":25},{"not_picked":["bronze:DelayedGuard","bronze:ItsAFeature+1","bronze:CutThrough"],"picked":"SKIP","floor":27},{"not_picked":["bronze:Branch","bronze:Repair","bronze:SpaghettiCode"],"picked":"SKIP","floor":28},{"not_picked":["bronze:Repair+1","bronze:Shield+1"],"picked":"bronze:MaxOutput+1","floor":30},{"not_picked":["bronze:DarkDash","bronze:FineTuning"],"picked":"bronze:WhirlingStrike+1","floor":32},{"not_picked":["bronze:FindAndReplace","bronze:ShipIt"],"picked":"bronze:Format","floor":33},{"not_picked":["bronze:GetLatest+1","bronze:BronzeOrb+1","bronze:Iterate+1"],"picked":"SKIP","floor":36},{"not_picked":["bronze:WhirlingStrike","bronze:BitShift","bronze:Safeguard+1"],"picked":"SKIP","floor":37},{"not_picked":["bronze:Shell+1","bronze:Overheat"],"picked":"bronze:Branch+1","floor":38},{"not_picked":["bronze:CutThrough+1","bronze:FollowUp+1"],"picked":"bronze:DarkDash","floor":39},{"not_picked":["bronze:Safeguard+1","bronze:BugBarrage+1"],"picked":"bronze:Boost","floor":42},{"not_picked":["bronze:ShipIt","bronze:DelayedGuard"],"picked":"bronze:Frontload","floor":45},{"not_picked":["bronze:DarkDash","bronze:WildBeam"],"picked":"bronze:Boost+1","floor":48},{"not_picked":["bronze:WildBeam+1","bronze:Invalidate+1"],"picked":"bronze:DigitalCarnage","floor":49}],"player_experience":1319177,"relics_obtained":[{"floor":5,"key":"Frozen Egg 2"},{"floor":7,"key":"Lantern"},{"floor":8,"key":"Bronze Scales"},{"floor":12,"key":"Pantograph"},{"floor":14,"key":"Odd Mushroom"},{"floor":24,"key":"Thread and Needle"},{"floor":25,"key":"The Courier"},{"floor":31,"key":"Girya"},{"floor":41,"key":"Mummified Hand"},{"floor":48,"key":"Ancient Tea Set"}],"event_choices":[{"damage_healed":0,"gold_gain":0,"player_choice":"Fought Mushrooms","damage_taken":0,"max_hp_gain":0,"max_hp_loss":0,"event_name":"Mushrooms","floor":14,"gold_loss":0},{"damage_healed":0,"gold_gain":0,"player_choice":"Trade","damage_taken":0,"relics_obtained":["SsserpentHead"],"max_hp_gain":0,"max_hp_loss":0,"event_name":"FaceTrader","floor":20,"gold_loss":0},{"damage_healed":0,"gold_gain":0,"player_choice":"Became a vampire","damage_taken":0,"max_hp_gain":0,"max_hp_loss":19,"event_name":"Vampires","floor":26,"gold_loss":0,"cards_obtained":["Bite","Bite","Bite","Bite"]}],"is_beta":false,"boss_relics":[{"not_picked":["Coffee Dripper","Calling Bell"],"picked":"bronze:MakeshiftBattery"},{"not_picked":["Empty Cage","Black Star"],"picked":"Snecko Eye"}],"items_purged_floors":[23],"is_endless":false,"potions_floor_spawned":[2,8,9,15,16,21,27,30,33,38,39],"ascension_level":0}}