{"host":"o7j6aatxjwpw1421","time":1611769229,"event":{"mods":["2.2 Compatiblity","AchievementEnabler","BaseMod","Colored Map","DeckTracker","Highlight Path","Keyboard Shortcuts","Minty Spire (QoL Compilation)","Permanent Neow","Quick Restart","StSLib","SuperFastMode","everything is the same but u backflip on backflip"],"gold_per_floor":[116,116,129,140,64,64,64,64,144,144,157,42,19,38,38,115,115,132,74,74,93,109,109,124,152,152,152,181,199,218,118,118,189,189,202,45,70,292,292,292,306,331,331,341,216,233,282,29,29,29,29,29,29,29,64,64],"floor_reached":57,"language":"KOR","playtime":4669,"items_purged":["Defend_G","Strike_G","Strike_G","Strike_G"],"score":2809,"play_id":"4de78855-1210-460c-ad60-69c422ee4704","local_time":"20210128024029","is_ascension_mode":true,"campfire_choices":[{"data":"Noxious Fumes","floor":6.0,"key":"SMITH"},{"data":"Flying Knee","floor":8.0,"key":"SMITH"},{"data":"Neutralize","floor":10.0,"key":"SMITH"},{"data":"Survivor","floor":15.0,"key":"SMITH"},{"data":"Grand Finale","floor":23.0,"key":"SMITH"},{"floor":27.0,"key":"RECALL"},{"floor":32.0,"key":"REST"},{"floor":40.0,"key":"DIG"},{"floor":49.0,"key":"DIG"},{"floor":53,"key":"DIG"}],"circlet_count":0,"master_deck":["AscendersBane","Strike_G","Defend_G+1","Defend_G","Defend_G","Defend_G","Survivor+1","Neutralize+1","Flying Knee+1","Noxious Fumes+1","Backflip+1","Tactician+1","Acrobatics+1","Blur+1","Grand Finale+1","Prepared+1","Acrobatics+1","Reflex+1","Adrenaline+1","Escape Plan+1","Backflip+1","Panacea+1"],"relics":["Ring of the Snake","Orichalcum","Toxic Egg 2","Runic Pyramid","CultistMask","Red Mask","HoveringKite","TheAbacus","Shovel","Ninja Scroll","Potion Belt","Thread and Needle","Turnip","CaptainsWheel","Letter Opener","Centennial Puzzle"],"acts_visited":["Exordium","TheCity","TheBeyond","TheEnding"],"potions_floor_usage":[56],"damage_taken":[{"damage":10.0,"enemies":"Small Slimes","floor":1.0,"turns":5.0},{"damage":7.0,"enemies":"Cultist","floor":3.0,"turns":5.0},{"damage":3.0,"enemies":"2 Louse","floor":4.0,"turns":5.0},{"damage":0.0,"enemies":"Looter","floor":11.0,"turns":5.0},{"damage":0.0,"enemies":"Exordium Thugs","floor":13.0,"turns":4.0},{"damage":1.0,"enemies":"Blue Slaver","floor":14.0,"turns":4.0},{"damage":17.0,"enemies":"The Guardian","floor":16.0,"turns":13.0},{"damage":0.0,"enemies":"Spheric Guardian","floor":18.0,"turns":3.0},{"damage":0.0,"enemies":"2 Thieves","floor":21.0,"turns":3.0},{"damage":0.0,"enemies":"Centurion and Healer","floor":22.0,"turns":5.0},{"damage":1.0,"enemies":"Snake Plant","floor":24.0,"turns":4.0},{"damage":5.0,"enemies":"Gremlin Leader","floor":25.0,"turns":5.0},{"damage":0.0,"enemies":"Masked Bandits","floor":28.0,"turns":2.0},{"damage":0.0,"enemies":"3 Cultists","floor":29.0,"turns":2.0},{"damage":10.0,"enemies":"Sentry and Sphere","floor":30.0,"turns":5.0},{"damage":17.0,"enemies":"Collector","floor":33.0,"turns":9.0},{"damage":0.0,"enemies":"3 Shapes","floor":35.0,"turns":3.0},{"damage":0.0,"enemies":"Mind Bloom Boss Battle","floor":37.0,"turns":4.0},{"damage":0.0,"enemies":"3 Darklings","floor":41.0,"turns":1.0},{"damage":0.0,"enemies":"Nemesis","floor":42.0,"turns":11.0},{"damage":0.0,"enemies":"Transient","floor":44.0,"turns":6.0},{"damage":0.0,"enemies":"Maw","floor":46.0,"turns":5.0},{"damage":0.0,"enemies":"2 Orb Walkers","floor":47.0,"turns":2.0},{"damage":0.0,"enemies":"Awakened One","floor":50.0,"turns":7.0},{"damage":49.0,"enemies":"Time Eater","floor":51.0,"turns":13.0},{"damage":6,"enemies":"Shield and Spear","floor":55,"turns":6},{"damage":0,"enemies":"The Heart","floor":56,"turns":9}],"seed_played":"6289736467455650396","potions_obtained":[{"floor":1.0,"key":"GhostInAJar"},{"floor":4.0,"key":"Fruit Juice"},{"floor":16.0,"key":"LiquidMemories"},{"floor":47.0,"key":"Fruit Juice"}],"is_trial":false,"path_per_floor":["M","?","M","M","$","R","$","R","T","R","M","$","M","M","R","B",null,"M","$","?","M","M","R","M","E","T","R","?","M","M","$","R","B",null,"M","$","?","?","?","R","M","E","T","M","$","M","?","$","R","B","B",null,"R","$","E","B",null],"character_chosen":"THE_SILENT","items_purchased":["Noxious Fumes","Tactician+1","Prepared+1","TheAbacus","Panacea+1"],"campfire_rested":1,"item_purchase_floors":[5,12,19,36,48],"current_hp_per_floor":[49,49,42,44,44,44,44,44,44,44,44,44,44,43,43,26,60,60,60,60,60,60,60,59,54,54,54,54,54,44,44,65,48,65,65,65,65,65,65,65,65,65,65,65,65,65,65,65,65,65,16,57,57,57,51,56],"gold":64,"neow_bonus":"RANDOM_COMMON_RELIC","is_daily":false,"chose_seed":false,"campfire_upgraded":5,"win_rate":0.0,"timestamp":1611769229,"path_taken":["M","?","?","M","$","R","$","R","T","R","M","$","?","M","R","BOSS","M","$","?","?","M","R","M","E","T","R","?","M","M","$","R","BOSS","M","$","?","?","?","R","M","E","T","M","$","?","?","?","R","BOSS","BOSS","R","$","E","BOSS"],"items_purchased_type":["Card","Card","Card","Relic","Card"],"build_version":"2020-12-22","purchased_purges":4,"victory":true,"max_hp_per_floor":[66,66,66,71,71,71,71,71,71,71,71,71,71,71,71,71,71,71,71,71,71,71,71,71,71,71,71,71,71,71,71,71,71,71,71,71,71,71,71,71,71,71,71,71,71,71,71,71,71,71,71,71,71,71,71,76],"card_choices":[{"not_picked":["Sucker Punch","Slice","PiercingWail"],"picked":"SKIP","floor":3.0},{"not_picked":["Finisher","Acrobatics"],"picked":"Flying Knee","floor":4.0},{"not_picked":["Caltrops","Dagger Throw"],"picked":"Backflip+1","floor":11.0},{"not_picked":["Escape Plan+1","Prepared+1"],"picked":"Acrobatics+1","floor":13.0},{"not_picked":["Tactician+1","Accuracy"],"picked":"Blur+1","floor":14.0},{"not_picked":["Tools of the Trade","Bullet Time+1"],"picked":"Grand Finale","floor":16.0},{"not_picked":["Terror+1","Deadly Poison+1","Quick Slash+1"],"picked":"SKIP","floor":18.0},{"not_picked":["Poisoned Stab","Terror+1","Slice"],"picked":"SKIP","floor":21.0},{"not_picked":["Flechettes","Outmaneuver+1","Bane"],"picked":"SKIP","floor":22.0},{"not_picked":["Masterful Stab","Riddle With Holes","Blade Dance+1"],"picked":"SKIP","floor":24.0},{"not_picked":["Bane","Flechettes","Poisoned Stab"],"picked":"SKIP","floor":25.0},{"not_picked":["Bane","Flechettes","Poisoned Stab"],"picked":"SKIP","floor":25.0},{"not_picked":["Sucker Punch","Noxious Fumes"],"picked":"Acrobatics+1","floor":28.0},{"not_picked":["Bane","Grand Finale","Outmaneuver+1"],"picked":"SKIP","floor":29.0},{"not_picked":["Terror+1","Bane"],"picked":"Reflex+1","floor":30.0},{"not_picked":["Envenom","Corpse Explosion+1"],"picked":"Adrenaline+1","floor":33.0},{"not_picked":["Sucker Punch","Infinite Blades","Well Laid Plans"],"picked":"SKIP","floor":35.0},{"not_picked":["Underhanded Strike","Acrobatics+1"],"picked":"Escape Plan+1","floor":41.0},{"not_picked":["Cloak And Dagger+1","Expertise+1"],"picked":"Backflip+1","floor":42.0},{"not_picked":["Predator","Doppelganger+1","Sucker Punch"],"picked":"SKIP","floor":44.0},{"not_picked":["Bane","Terror+1","Dagger Throw"],"picked":"SKIP","floor":46.0},{"not_picked":["Envenom","Blade Dance+1","Poisoned Stab+1"],"picked":"SKIP","floor":55}],"player_experience":632830,"relics_obtained":[{"floor":9.0,"key":"Toxic Egg 2"},{"floor":28.0,"key":"Red Mask"},{"floor":37.0,"key":"Shovel"},{"floor":40.0,"key":"Ninja Scroll"},{"floor":42.0,"key":"Potion Belt"},{"floor":43.0,"key":"Thread and Needle"},{"floor":47.0,"key":"Turnip"},{"floor":49.0,"key":"CaptainsWheel"},{"floor":53,"key":"Letter Opener"},{"floor":55,"key":"Centennial Puzzle"}],"event_choices":[{"cards_removed":["Strike_G"],"damage_healed":0.0,"max_hp_gain":0.0,"max_hp_loss":0.0,"gold_gain":0.0,"event_name":"Bonfire Elementals","player_choice":"Offered Basic","floor":2.0,"gold_loss":0.0,"damage_taken":0.0},{"damage_healed":0.0,"max_hp_gain":0.0,"max_hp_loss":0.0,"gold_gain":0.0,"event_name":"FaceTrader","player_choice":"Trade","floor":20.0,"gold_loss":0.0,"damage_taken":0.0,"relics_obtained":["CultistMask"]},{"damage_healed":0.0,"max_hp_gain":0.0,"max_hp_loss":0.0,"gold_gain":0.0,"event_name":"Masked Bandits","player_choice":"Fought Bandits","floor":28.0,"gold_loss":0.0,"damage_taken":0.0},{"damage_healed":0.0,"max_hp_gain":0.0,"max_hp_loss":0.0,"gold_gain":0.0,"event_name":"MindBloom","player_choice":"Fight","floor":37.0,"gold_loss":0.0,"damage_taken":0.0},{"damage_healed":0.0,"max_hp_gain":0.0,"max_hp_loss":0.0,"gold_gain":222.0,"event_name":"Tomb of Lord Red Mask","player_choice":"Wore Mask","floor":38.0,"gold_loss":0.0,"damage_taken":0.0},{"damage_healed":0.0,"max_hp_gain":0.0,"max_hp_loss":0.0,"gold_gain":0.0,"event_name":"Accursed Blacksmith","player_choice":"Forge","floor":39.0,"gold_loss":0.0,"damage_taken":0.0,"cards_upgraded":["Defend_G"]},{"damage_healed":0.0,"max_hp_gain":0.0,"max_hp_loss":0.0,"gold_gain":0.0,"event_name":"Mysterious Sphere","player_choice":"Fight","floor":47.0,"gold_loss":0.0,"damage_taken":0.0}],"is_beta":false,"boss_relics":[{"not_picked":["Sozu","SlaversCollar"],"picked":"Runic Pyramid"},{"not_picked":["WristBlade","Runic Dome"],"picked":"HoveringKite"}],"items_purged_floors":[12,31,45,48],"is_endless":false,"potions_floor_spawned":[1,4,16,18,21,25,28,41,47],"ascension_level":20}}