{"host":"mi0eibewekhugwl1","time":1611735169,"event":{"mods":["AchievementEnabler","BaseMod","Colored Map","Colored Powertips","DeckTracker","Keyboard Shortcuts","Minty Spire (QoL Compilation)","Quick Restart","Rare Cards Sparkle","Relic Stats","StSLib","SuperFastMode","everything is the same but u backflip on backflip"],"gold_per_floor":[115,115,115,135,155,155,155],"floor_reached":6,"language":"KOR","playtime":65,"items_purged":[],"score":72,"play_id":"8e0ca2c8-b0fe-4fa4-b408-021bf68ecb98","local_time":"20210127171249","is_ascension_mode":true,"campfire_choices":[],"circlet_count":0,"master_deck":["AscendersBane","Strike_P","Strike_P","Strike_P","Strike_P","Defend_P","Defend_P","Defend_P","Defend_P","Eruption","Vigilance","TalkToTheHand","FollowUp"],"relics":["PureWater","NeowsBlessing","Golden Idol"],"acts_visited":["Exordium"],"potions_floor_usage":[6],"damage_taken":[{"damage":0,"enemies":"Cultist","floor":1,"turns":1},{"damage":0,"enemies":"Small Slimes","floor":4,"turns":1},{"damage":0,"enemies":"2 Louse","floor":5,"turns":1},{"damage":45,"enemies":"Lagavulin","floor":6,"turns":5}],"seed_played":"4531524213772038314","potions_obtained":[{"floor":4,"key":"AttackPotion"}],"is_trial":false,"path_per_floor":["M","?","?","M","M","E"],"character_chosen":"WATCHER","items_purchased":[],"campfire_rested":0,"item_purchase_floors":[],"current_hp_per_floor":[61,38,38,38,38,0,0],"gold":155,"neow_bonus":"THREE_ENEMY_KILL","is_daily":false,"chose_seed":false,"campfire_upgraded":0,"win_rate":0.0,"timestamp":1611735169,"path_taken":["M","?","?","M","?","E"],"items_purchased_type":[],"build_version":"2020-12-22","purchased_purges":0,"victory":false,"max_hp_per_floor":[68,68,68,68,68,68,68],"relic_stats":{"counters":[4,8],"Golden Idol":8,"obtain_stats":[{"NeowsBlessing":0,"Golden Idol":2,"PureWater":0},{"NeowsBlessing":0,"Golden Idol":1,"PureWater":0},{"NeowsBlessing":0,"Golden Idol":1,"PureWater":0}]},"card_choices":[{"not_picked":["EmptyBody","WreathOfFlame","Halt"],"picked":"SKIP","floor":1},{"not_picked":["Nirvana","CrushJoints"],"picked":"TalkToTheHand","floor":4},{"not_picked":["Consecrate","ThirdEye"],"picked":"FollowUp","floor":5}],"player_experience":1770530,"relics_obtained":[],"event_choices":[{"damage_healed":0,"gold_gain":0,"player_choice":"Take Damage","damage_taken":23,"relics_obtained":["Golden Idol"],"max_hp_gain":0,"max_hp_loss":0,"event_name":"Golden Idol","floor":2,"gold_loss":0},{"damage_healed":0,"gold_gain":0,"player_choice":"0 cards matched","damage_taken":0,"max_hp_gain":0,"max_hp_loss":0,"event_name":"Match and Keep!","floor":3,"gold_loss":0,"cards_obtained":[]}],"is_beta":false,"boss_relics":[],"items_purged_floors":[],"is_endless":false,"potions_floor_spawned":[4],"killed_by":"Lagavulin","ascension_level":20}}