{"host":"7iv10lxbxedtd0qh","time":1611771514,"event":{"mods":["BaseMod","Colored Map","Colored Powertips","Downfall","Minty Spire (QoL Compilation)","StSLib"],"gold_per_floor":[99,99,99,99,114,147,147,47,72,90,90,115,115,50,70,175,175,175,192,204,69,69,69,96,131,131,147,199,209,240,340,340,340,340],"floor_reached":32,"language":"ENG","playtime":1601,"items_purged":["bronze:Replicate"],"score":400,"play_id":"567d3980-7e33-4275-a7da-659ccd7c08b5","local_time":"20210127191834","is_ascension_mode":true,"campfire_choices":[{"floor":1.0,"key":"RECALL"},{"floor":8.0,"key":"REST"},{"data":"1","floor":18.0,"key":"LIFT"},{"data":"2","floor":23.0,"key":"LIFT"}],"circlet_count":0,"master_deck":["bronze:Strike","bronze:Strike","bronze:Strike","bronze:Defend","bronze:Defend","bronze:Defend","bronze:Defend+1","bronze:WhirlingStrike","bronze:Refactor+1","bronze:Shield","bronze:BuggyMess","bronze:Return","bronze:Separator","bronze:BugBarrage","bronze:WhirlingStrike","bronze:WhirlingStrike","bronze:Separator","CurseOfTheBell","bronze:CloningBeam","bronze:InfiniteBeams","bronze:Invalidate","bronze:Assembly","bronze:ClassDefault","bronze:InfiniteBeams","bronze:DonuBeam","bronze:DecaBeam","bronze:BugBarrage"],"relics":["bronze:BronzeCore","downfall:HeartsMalice","Torii","Ornamental Fan","downfall:HeartBlessingRed","Pear","bronze:BottledCode","Thread and Needle","Calling Bell","Smiling Mask","Kunai","Girya","Happy Flower","Mercury Hourglass","Potion Belt","War Paint"],"acts_visited":["Exordium","TheCity"],"potions_floor_usage":[28,28,28,28,28,28,30,32],"damage_taken":[{"damage":0.0,"enemies":"2 Louse","floor":2.0,"turns":1.0},{"damage":0.0,"enemies":"Small Slimes","floor":3.0,"turns":1.0},{"damage":0.0,"enemies":"Jaw Worm","floor":4.0,"turns":1.0},{"damage":8.0,"enemies":"Red Slaver","floor":5.0,"turns":3.0},{"damage":38.0,"enemies":"Lagavulin","floor":6.0,"turns":8.0},{"damage":19.0,"enemies":"Gremlin Nob","floor":9.0,"turns":5.0},{"damage":9.0,"enemies":"Blue Slaver","floor":10.0,"turns":3.0},{"damage":0.0,"enemies":"3 Sentries","floor":12.0,"turns":4.0},{"damage":0.0,"enemies":"downfall:FleeingMerchant","floor":14.0,"turns":4.0},{"damage":1.0,"enemies":"Exordium Thugs","floor":15.0,"turns":3.0},{"damage":2.0,"enemies":"SI_SHIV_ARCHETYPE","floor":16.0,"turns":8.0},{"damage":0.0,"enemies":"Spheric Guardian","floor":19.0,"turns":3.0},{"damage":0.0,"enemies":"3 Byrds","floor":20.0,"turns":3.0},{"damage":3.0,"enemies":"downfall:FleeingMerchant","floor":21.0,"turns":4.0},{"damage":20.0,"enemies":"Slavers","floor":25.0,"turns":5.0},{"damage":0.0,"enemies":"Cultist and Chosen","floor":27.0,"turns":3.0},{"damage":0,"enemies":"Book of Stabbing","floor":28,"turns":4},{"damage":15,"enemies":"Centurion and Healer","floor":29,"turns":2},{"damage":1,"enemies":"Gremlin Leader","floor":30,"turns":3},{"damage":28,"enemies":"Gremlin Leader","floor":31,"turns":5},{"damage":0,"enemies":"Shelled Parasite and Fungi","floor":32,"turns":2}],"seed_played":"-56502464445122278","potions_obtained":[{"floor":6.0,"key":"bronze:CleanCodePotion"},{"floor":10.0,"key":"Swift Potion"},{"floor":12.0,"key":"GamblersBrew"},{"floor":15.0,"key":"EntropicBrew"},{"floor":16.0,"key":"Regen Potion"},{"floor":27.0,"key":"Guardian:BlockOnCardUsePotion"},{"floor":28,"key":"LiquidMemories"},{"floor":30,"key":"Swift Potion"}],"is_trial":false,"path_per_floor":["R","M","M","M","M","E","T","R","E","M","?","E","?","$","M","B",null,"R","M","M","$","?","R","T","E","?","M","E","M","E","?","M"],"character_chosen":"THE_AUTOMATON","items_purchased":["bronze:WhirlingStrike","bronze:InfiniteBeams"],"campfire_rested":1,"item_purchase_floors":[14,21],"current_hp_per_floor":[70,70,70,70,62,24,24,45,36,27,27,27,27,27,26,24,70,70,70,70,67,54,54,54,48,48,48,48,33,32,4,4,4,4],"gold":340,"neow_bonus":"THREE_ENEMY_KILL","is_daily":false,"chose_seed":false,"campfire_upgraded":0,"win_rate":0.0,"timestamp":1611771514,"path_taken":["R","M","M","M","M","E","T","R","E","M","?","E","?","$","M","BOSS","R","M","M","$","?","R","T","E","?","M","E","M","E","?","M"],"items_purchased_type":["Card","Card"],"build_version":"2020-12-22","purchased_purges":1,"victory":false,"max_hp_per_floor":[70,70,70,70,70,70,70,70,80,80,70,70,70,70,70,70,70,70,70,70,70,75,75,75,75,75,75,75,75,75,75,75,75,75],"card_choices":[{"not_picked":["bronze:BuggyMess","bronze:Constructor"],"picked":"bronze:WhirlingStrike","floor":2.0},{"not_picked":["bronze:BronzeOrb","bronze:CutThrough"],"picked":"bronze:Refactor","floor":3.0},{"not_picked":["bronze:Allocate","bronze:CutThrough","bronze:ChosenStrike"],"picked":"SKIP","floor":4.0},{"not_picked":["bronze:BuggyMess","bronze:CleanCode"],"picked":"bronze:Shield","floor":5.0},{"not_picked":["bronze:Overheat","bronze:BitShift"],"picked":"bronze:BuggyMess","floor":6.0},{"not_picked":["bronze:Constructor","bronze:Boost"],"picked":"bronze:Return","floor":9.0},{"not_picked":["bronze:Invalidate","bronze:Return"],"picked":"bronze:Separator","floor":10.0},{"not_picked":["bronze:BronzeArmor","bronze:ForceShield"],"picked":"bronze:BugBarrage","floor":12.0},{"not_picked":["bronze:Deprecate","bronze:ThunderWave"],"picked":"bronze:WhirlingStrike","floor":14.0},{"not_picked":["bronze:Philosophize","bronze:Iterate"],"picked":"bronze:Separator","floor":15.0},{"not_picked":["bronze:Constructor","bronze:Deprecate","bronze:DarkDash"],"picked":"SKIP","floor":19.0},{"not_picked":["bronze:FineTuning","bronze:Philosophize","bronze:WildBeam"],"picked":"SKIP","floor":20.0},{"not_picked":["bronze:Safeguard","bronze:BuggyMess"],"picked":"bronze:CloningBeam","floor":21.0},{"not_picked":["bronze:Break","bronze:CutThrough"],"picked":"bronze:Invalidate","floor":25.0},{"not_picked":["bronze:NullPointer+1","bronze:DelayedGuard+1","bronze:GetLatest"],"picked":"SKIP","floor":27.0},{"not_picked":["bronze:Refactor","bronze:Invalidate"],"picked":"bronze:Assembly","floor":28},{"not_picked":["bronze:GetLatest","bronze:BuggyMess"],"picked":"bronze:ClassDefault","floor":29},{"not_picked":["bronze:WildBeam","bronze:DelayedSlice"],"picked":"bronze:InfiniteBeams","floor":30},{"not_picked":[],"picked":"bronze:DonuBeam","floor":31},{"not_picked":[],"picked":"bronze:DecaBeam","floor":31},{"not_picked":["bronze:Backtrace","bronze:CutThrough+1"],"picked":"bronze:BugBarrage","floor":31}],"player_experience":739519,"relics_obtained":[{"floor":6.0,"key":"Torii"},{"floor":7.0,"key":"Ornamental Fan"},{"floor":9.0,"key":"Pear"},{"floor":12.0,"key":"Thread and Needle"},{"floor":17.0,"key":"Smiling Mask"},{"floor":17.0,"key":"Kunai"},{"floor":17.0,"key":"Girya"},{"floor":24.0,"key":"Happy Flower"},{"floor":25.0,"key":"Mercury Hourglass"},{"floor":28,"key":"Potion Belt"},{"floor":30,"key":"War Paint"}],"event_choices":[],"is_beta":false,"boss_relics":[{"not_picked":["bronze:PlatinumCore","Busted Crown"],"picked":"Calling Bell"}],"items_purged_floors":[21],"is_endless":false,"potions_floor_spawned":[6,10,12,15,16,19,27,28,30],"killed_by":"Shelled Parasite and Fungi","ascension_level":2}}