{"host":"mvi9b5ih1d2nn41h","time":1611715969,"event":{"mods":["BaseMod","Card Forge","Minty Spire (QoL Compilation)","No Card Rewards","StSLib","UnlockEverythingMod"],"gold_per_floor":[114,114,114,114,129,145,145,179,227,227,257,23,88,108,108,205,205,219,219,219,69,69,69,99,118,118,134,154,154,189,16,16,111,111,130,185,200,200,200,200,200,230,302,202,202,147,166,166,166,166,166],"floor_reached":50,"language":"ENG","playtime":3642,"items_purged":["Regret","Writhe"],"score":612,"play_id":"7dd2bb1c-c2c8-4fc3-b73b-cb45589b1d5a","local_time":"20210126205249","is_ascension_mode":false,"campfire_choices":[{"floor":7,"key":"REST"},{"data":"Sunder","floor":10,"key":"SMITH"},{"floor":15,"key":"REST"},{"data":"Caltrops","floor":23,"key":"SMITH"},{"floor":32,"key":"REST"},{"floor":40,"key":"REST"},{"floor":41,"key":"REST"},{"floor":49,"key":"REST"}],"circlet_count":0,"master_deck":["Shrug It Off","Dagger Throw","Dash","Underhanded Strike","Tactician","Quick Slash","Concentrate","Gash","Sunder+1","BattleHymn+1","PathToVictory","Dagger Throw","Eviscerate","Acrobatics","Footwork","Caltrops+1","Acrobatics","Necronomicurse","Backflip","Flying Knee","Madness","Madness","Enlightenment","Magnetism","Good Instincts"],"relics":["Ring of the Serpent","Tough Bandages","Centennial Puzzle","PreservedInsect","Pen Nib","Lantern","Anchor","Juzu Bracelet","Happy Flower","Velvet Choker","Bag of Marbles","Blood Vial","Strawberry","Necronomicon","Darkstone Periapt","WingedGreaves","Nunchaku","InkBottle","Eternal Feather"],"acts_visited":["Exordium","TheCity","TheBeyond"],"potions_floor_usage":[8,11,13,24,24,33,33,37,47,50,50],"damage_taken":[{"damage":0,"enemies":"Jaw Worm","floor":1,"turns":2},{"damage":0,"enemies":"2 Louse","floor":5,"turns":1},{"damage":7,"enemies":"Small Slimes","floor":6,"turns":3},{"damage":0,"enemies":"Gremlin Nob","floor":8,"turns":2},{"damage":0,"enemies":"Lagavulin","floor":11,"turns":2},{"damage":10,"enemies":"3 Sentries","floor":13,"turns":4},{"damage":0,"enemies":"Blue Slaver","floor":14,"turns":2},{"damage":21,"enemies":"Slime Boss","floor":16,"turns":7},{"damage":7,"enemies":"2 Thieves","floor":18,"turns":3},{"damage":15,"enemies":"Book of Stabbing","floor":24,"turns":3},{"damage":0,"enemies":"Chosen","floor":25,"turns":2},{"damage":0,"enemies":"Centurion and Healer","floor":27,"turns":3},{"damage":0,"enemies":"Snecko","floor":28,"turns":2},{"damage":0,"enemies":"Slavers","floor":30,"turns":4},{"damage":42,"enemies":"Collector","floor":33,"turns":9},{"damage":11,"enemies":"3 Darklings","floor":35,"turns":5},{"damage":29,"enemies":"2 Orb Walkers","floor":36,"turns":3},{"damage":9,"enemies":"3 Shapes","floor":37,"turns":2},{"damage":18,"enemies":"Giant Head","floor":42,"turns":6},{"damage":0,"enemies":"3 Darklings","floor":47,"turns":3},{"damage":87,"enemies":"Time Eater","floor":50,"turns":8}],"seed_played":"-716225756585511913","potions_obtained":[{"floor":4,"key":"Energy Potion"},{"floor":4,"key":"Explosive Potion"},{"floor":4,"key":"Ancient Potion"},{"floor":11,"key":"GamblersBrew"},{"floor":16,"key":"DistilledChaos"},{"floor":18,"key":"Dexterity Potion"},{"floor":28,"key":"AttackPotion"},{"floor":33,"key":"Explosive Potion"},{"floor":35,"key":"GamblersBrew"}],"is_trial":true,"path_per_floor":["M","?","?","?","M","M","R","E","T","R","E","$","?","M","R","B",null,"M","?","?","$","?","R","E","M","T","M","M","?","E","$","R","B",null,"M","?","M","?","?","R","R","E","T","$","?","?","M","?","R","B"],"character_chosen":"THE_SILENT","items_purchased":["Juzu Bracelet","Acrobatics","Footwork","Quick Slash","Acrobatics","Backflip","Flying Knee","Energy Potion","Energy Potion"],"campfire_rested":6,"item_purchase_floors":[12,12,12,21,21,31,31,44,44],"current_hp_per_floor":[70,70,56,56,56,49,70,70,70,70,70,70,60,60,70,49,70,63,70,70,70,70,70,55,57,64,66,68,52,54,54,77,35,77,66,39,32,32,22,45,68,52,52,52,52,52,54,44,77,0,0],"gold":166,"neow_bonus":"","is_daily":false,"chose_seed":true,"campfire_upgraded":2,"win_rate":0.0,"timestamp":1611715969,"path_taken":["M","?","?","?","M","M","R","E","T","R","E","$","?","M","R","BOSS","M","?","?","$","?","R","E","M","T","M","M","?","E","?","R","BOSS","M","?","M","?","?","R","R","E","T","$","?","?","M","?","R","BOSS"],"items_purchased_type":["Relic","Card","Card","Card","Card","Card","Card","Potion","Potion"],"build_version":"2020-12-22","purchased_purges":2,"victory":false,"max_hp_per_floor":[70,70,70,70,70,70,70,70,70,70,70,70,70,70,70,70,70,70,70,70,70,70,70,70,70,77,77,77,77,77,77,77,77,77,77,77,77,77,77,77,77,77,77,77,77,77,77,77,77,77,77],"card_choices":[{"not_picked":["Impatience","Dark Shackles"],"picked":"Enlightenment","floor":48},{"not_picked":["Finesse","Sadistic Nature"],"picked":"Magnetism","floor":48},{"not_picked":["Secret Weapon","Forethought"],"picked":"Good Instincts","floor":48}],"player_experience":180862,"relics_obtained":[{"floor":8,"key":"Pen Nib"},{"floor":9,"key":"Lantern"},{"floor":11,"key":"Anchor"},{"floor":13,"key":"Happy Flower"},{"floor":24,"key":"Blood Vial"},{"floor":26,"key":"Strawberry"},{"floor":29,"key":"Necronomicon"},{"floor":30,"key":"Darkstone Periapt"},{"floor":36,"key":"WingedGreaves"},{"floor":42,"key":"Nunchaku"},{"floor":43,"key":"InkBottle"}],"event_choices":[{"damage_healed":0,"gold_gain":0,"player_choice":"Box","damage_taken":0,"relics_obtained":["PreservedInsect"],"max_hp_gain":0,"max_hp_loss":0,"event_name":"Big Fish","floor":2,"gold_loss":0,"cards_obtained":["Regret"]},{"damage_healed":0,"gold_gain":0,"player_choice":"Entered Light","damage_taken":14,"max_hp_gain":0,"max_hp_loss":0,"event_name":"Shining Light","floor":3,"gold_loss":0,"cards_upgraded":["BattleHymn","Hemokinesis"]},{"damage_healed":0,"gold_gain":0,"player_choice":"Got Potions","damage_taken":0,"max_hp_gain":0,"max_hp_loss":0,"event_name":"Lab","floor":4,"gold_loss":0},{"damage_healed":0,"gold_gain":30,"player_choice":"Searched \u00273\u0027 times","damage_taken":0,"max_hp_gain":0,"max_hp_loss":0,"event_name":"Dead Adventurer","floor":13,"gold_loss":0},{"cards_removed":["Hemokinesis"],"damage_healed":7,"gold_gain":0,"player_choice":"Offered Uncommon","damage_taken":0,"max_hp_gain":0,"max_hp_loss":0,"event_name":"Bonfire Elementals","floor":19,"gold_loss":0},{"damage_healed":0,"gold_gain":0,"player_choice":"Read","damage_taken":0,"max_hp_gain":0,"max_hp_loss":0,"event_name":"The Library","floor":20,"gold_loss":0,"cards_obtained":["Caltrops"]},{"damage_healed":0,"gold_gain":0,"player_choice":"Opened","damage_taken":0,"relics_obtained":["Bag of Marbles"],"max_hp_gain":0,"max_hp_loss":0,"event_name":"The Mausoleum","floor":22,"gold_loss":0,"cards_obtained":["Writhe"]},{"damage_healed":0,"gold_gain":0,"player_choice":"Obtained Book","damage_taken":16,"max_hp_gain":0,"max_hp_loss":0,"event_name":"Cursed Tome","floor":29,"gold_loss":0},{"damage_healed":0,"gold_gain":0,"player_choice":"Fight","damage_taken":0,"max_hp_gain":0,"max_hp_loss":0,"event_name":"Mysterious Sphere","floor":36,"gold_loss":0},{"cards_removed":["Defend_B"],"damage_healed":0,"gold_gain":0,"player_choice":"Purged","damage_taken":0,"max_hp_gain":0,"max_hp_loss":0,"event_name":"Purifier","floor":38,"gold_loss":0},{"damage_healed":0,"gold_gain":0,"player_choice":"Embrace Madness","damage_taken":10,"max_hp_gain":0,"max_hp_loss":0,"event_name":"Winding Halls","floor":39,"gold_loss":0,"cards_obtained":["Madness","Madness"]},{"cards_removed":["Quick Slash"],"damage_healed":0,"gold_gain":0,"player_choice":"Removed Attack","damage_taken":0,"max_hp_gain":0,"max_hp_loss":0,"event_name":"Falling","floor":45,"gold_loss":0},{"damage_healed":0,"gold_gain":0,"player_choice":"Paid Gold","damage_taken":0,"relics_obtained":["Eternal Feather"],"max_hp_gain":0,"max_hp_loss":0,"event_name":"WeMeetAgain","floor":46,"gold_loss":55},{"damage_healed":0,"gold_gain":0,"player_choice":"Memory 3","damage_taken":10,"max_hp_gain":0,"max_hp_loss":0,"event_name":"SensoryStone","floor":48,"gold_loss":0}],"is_beta":false,"boss_relics":[{"not_picked":["Runic Dome","Snecko Eye"],"picked":"Velvet Choker"},{"not_picked":["Philosopher\u0027s Stone","Fusion Hammer"],"picked":"Ring of the Serpent"}],"items_purged_floors":[21,31],"is_endless":false,"potions_floor_spawned":[6,11,16,18,28,33,35],"killed_by":"Time Eater","ascension_level":0}}