{"host":"alk2ftu785mujiir","time":1611771365,"event":{"mods":["BaseMod","Colored Map","Downfall","Minty Spire (QoL Compilation)","StSLib"],"gold_per_floor":[99,114,130,74,90,90,117,130,163,163,196,196,96,96,110,214,214,114,125,137,137,137,156,156,187,199,213,242,242,242,253,267,370,370,370,382,398,398,5,5,31,75,87,117,129,141,202,241,269,281],"floor_reached":51,"language":"ENG","playtime":2738,"items_purged":["bronze:Strike"],"score":818,"play_id":"2f9f48e0-20d3-4904-9cd8-18f98a33e30e","local_time":"20210127131605","is_ascension_mode":true,"campfire_choices":[{"data":"bronze:Replicate","floor":1.0,"key":"SMITH"},{"data":"bronze:AlphaBuild","floor":13.0,"key":"SMITH"},{"data":"bronze:ChosenStrike","floor":18.0,"key":"SMITH"},{"data":"bronze:ItsAFeature","floor":30,"key":"SMITH"},{"data":"bronze:BurnOut","floor":35,"key":"SMITH"},{"data":"expansioncontent:GuardianWhirl","floor":40,"key":"SMITH"},{"data":"1","floor":43,"key":"LIFT"},{"data":"2","floor":46,"key":"LIFT"}],"circlet_count":0,"master_deck":["bronze:Strike+1","bronze:Strike","bronze:Strike","bronze:Defend","bronze:Defend","bronze:Defend","bronze:Defend","bronze:Replicate+1","bronze:Goto","bronze:WildBeam","bronze:DelayedGuard","bronze:AlphaBuild+1","bronze:ChosenStrike+1","bronze:BugBarrage+1","bronze:Terminator+1","bronze:Repair","bronze:ItsAFeature+1","bronze:BurnOut","bronze:WildBeam+1","bronze:Shield+1","bronze:Constructor+1","bronze:Repair+1","bronze:Optimize","bronze:Optimize+1","bronze:BurnOut+1","expansioncontent:GuardianWhirl+1","expansioncontent:DecaShield","expansioncontent:PolyBeam","Regret","Pain"],"relics":["bronze:BronzeCore","Dead Branch","Meat on the Bone","hexamod:CandleOfCauterizing","downfall:HeartBlessingGreen","Cursed Key","downfall:HeartBlessingBlue","Spirit Poop","bronze:CableSpool","Matryoshka","Enchiridion","bronze:MakeshiftBattery","Calipers","MawBank","Oddly Smooth Stone","Girya","Bottled Flame","Lizard Tail","Turnip","InkBottle"],"acts_visited":["Exordium","TheCity","TheBeyond"],"potions_floor_usage":[33,50,50,50],"damage_taken":[{"damage":1.0,"enemies":"Cultist","floor":2.0,"turns":3.0},{"damage":0.0,"enemies":"Small Slimes","floor":3.0,"turns":2.0},{"damage":5.0,"enemies":"downfall:FleeingMerchant","floor":4.0,"turns":4.0},{"damage":0.0,"enemies":"Jaw Worm","floor":5.0,"turns":1.0},{"damage":7.0,"enemies":"2 Fungi Beasts","floor":8.0,"turns":2.0},{"damage":26.0,"enemies":"Gremlin Nob","floor":9.0,"turns":4.0},{"damage":13.0,"enemies":"3 Sentries","floor":11.0,"turns":5.0},{"damage":12.0,"enemies":"3 Louse","floor":15.0,"turns":2.0},{"damage":2.0,"enemies":"WA_ARCHETYPE_RETAIN","floor":16.0,"turns":6.0},{"damage":0.0,"enemies":"Spheric Guardian","floor":19.0,"turns":3.0},{"damage":6.0,"enemies":"Cultist and Chosen","floor":20.0,"turns":4.0},{"damage":0.0,"enemies":"Centurion and Healer","floor":23.0,"turns":6.0},{"damage":5,"enemies":"Book of Stabbing","floor":25,"turns":3},{"damage":3,"enemies":"Shelled Parasite and Fungi","floor":26,"turns":3},{"damage":6,"enemies":"Sentry and Sphere","floor":27,"turns":3},{"damage":16,"enemies":"Slavers","floor":28,"turns":7},{"damage":9,"enemies":"Snecko","floor":31,"turns":5},{"damage":16,"enemies":"3 Cultists","floor":32,"turns":5},{"damage":13,"enemies":"DF_ARCHETYPE_CLAW","floor":33,"turns":8},{"damage":0,"enemies":"Orb Walker","floor":36,"turns":3},{"damage":1,"enemies":"3 Darklings","floor":37,"turns":3},{"damage":0,"enemies":"downfall:FleeingMerchant","floor":39,"turns":4},{"damage":23,"enemies":"Nemesis","floor":42,"turns":5},{"damage":4,"enemies":"Transient","floor":44,"turns":5},{"damage":37,"enemies":"2 Orb Walkers","floor":47,"turns":4},{"damage":9,"enemies":"Giant Head","floor":48,"turns":5},{"damage":8,"enemies":"Sphere and 2 Shapes","floor":49,"turns":3},{"damage":42,"enemies":"IC_BLOCK_ARCHETYPE","floor":50,"turns":9}],"seed_played":"-8520657638751952796","potions_obtained":[{"floor":5.0,"key":"Fruit Juice"},{"floor":6.0,"key":"SkillPotion"},{"floor":6.0,"key":"PowerPotion"},{"floor":6.0,"key":"Regen Potion"},{"floor":9.0,"key":"Energy Potion"},{"floor":19.0,"key":"FearPotion"},{"floor":21.0,"key":"CultistPotion"},{"floor":37,"key":"PowerPotion"}],"is_trial":false,"path_per_floor":["R","M","M","$","M","?","T","M","E","?","E","T","R","?","M","B",null,"R","M","M","?","?","M","T","E","M","M","E","?","R","M","M","B",null,"R","M","M","?","?","R","T","E","R","M","T","R","?","E","M","B",null],"character_chosen":"THE_AUTOMATON","items_purchased":["bronze:ChosenStrike","Calipers"],"campfire_rested":0,"item_purchase_floors":[4,39],"current_hp_per_floor":[70,69,69,64,69,69,69,62,36,85,72,72,72,72,60,65,85,95,95,89,89,89,95,95,90,95,95,93,77,77,88,79,86,95,95,95,95,85,95,95,95,82,82,95,95,95,78,79,81,78],"gold":293,"neow_bonus":"ONE_RANDOM_RARE_CARD","is_daily":false,"chose_seed":false,"campfire_upgraded":6,"win_rate":0.0,"timestamp":1611771365,"path_taken":["R","M","M","?","M","?","T","?","E","?","E","?","R","?","M","BOSS","R","M","M","?","?","?","T","E","M","M","E","?","R","M","M","BOSS","R","M","M","?","?","R","T","E","R","M","?","R","?","E","M","BOSS"],"items_purchased_type":["Card","Relic"],"build_version":"2020-12-22","purchased_purges":1,"victory":true,"max_hp_per_floor":[70,70,70,70,75,75,75,75,75,85,85,85,85,85,85,85,85,95,95,95,95,95,95,95,95,95,95,95,95,95,95,95,95,95,95,95,95,95,95,95,95,95,95,95,95,95,95,95,95,95],"card_choices":[{"not_picked":["bronze:ForceShield","bronze:ClassDefault"],"picked":"bronze:WildBeam","floor":2.0},{"not_picked":["bronze:BitShift","bronze:ForLoop"],"picked":"bronze:DelayedGuard","floor":3.0},{"not_picked":["bronze:Constructor","bronze:Overload"],"picked":"bronze:AlphaBuild","floor":4.0},{"not_picked":["bronze:Overheat","bronze:CloningBeam"],"picked":"bronze:BugBarrage","floor":5.0},{"not_picked":["bronze:ChildClass","bronze:DelayedGuard","bronze:CutThrough"],"picked":"SKIP","floor":8.0},{"not_picked":["bronze:Overheat","bronze:Frontload"],"picked":"bronze:Terminator","floor":9.0},{"not_picked":["bronze:DigitalCarnage","bronze:Invalidate"],"picked":"bronze:Repair","floor":11.0},{"not_picked":["bronze:WildBeam","bronze:Repair"],"picked":"bronze:ItsAFeature","floor":15.0},{"not_picked":["bronze:Verify","bronze:Mutator"],"picked":"bronze:BurnOut","floor":16.0},{"not_picked":["bronze:Backtrace","bronze:Frontload"],"picked":"bronze:WildBeam+1","floor":19.0},{"not_picked":["bronze:Overheat+1","bronze:Iterate"],"picked":"bronze:Shield+1","floor":20.0},{"not_picked":["bronze:Verify","bronze:Philosophize"],"picked":"bronze:Constructor+1","floor":23.0},{"not_picked":["bronze:Format","bronze:CutThrough"],"picked":"bronze:Repair+1","floor":25},{"not_picked":["bronze:Safeguard","bronze:BronzeOrb+1","bronze:Turbo"],"picked":"SKIP","floor":26},{"not_picked":["bronze:CutThrough+1","bronze:Backtrace+1"],"picked":"bronze:Optimize","floor":27},{"not_picked":["bronze:BugBarrage","bronze:DelayedSlice"],"picked":"bronze:Optimize+1","floor":28},{"not_picked":["bronze:DelayedSlice+1","bronze:BuggyMess","bronze:Shield"],"picked":"SKIP","floor":31},{"not_picked":["bronze:ForceShield","bronze:BugBarrage","bronze:ChosenStrike"],"picked":"SKIP","floor":32},{"not_picked":["bronze:AlphaBuild","bronze:Virus"],"picked":"bronze:BurnOut","floor":33},{"not_picked":["bronze:Turbo+1","bronze:OilSpill+1","bronze:DelayedSlice"],"picked":"SKIP","floor":36},{"not_picked":["bronze:BugBarrage","bronze:ChildClass","bronze:Philosophize"],"picked":"SKIP","floor":37},{"not_picked":["expansioncontent:PrepareCrush","expansioncontent:Hexaburn"],"picked":"expansioncontent:GuardianWhirl","floor":38},{"not_picked":["expansioncontent:Chronoboost","expansioncontent:AwakenDeath"],"picked":"expansioncontent:DecaShield","floor":38},{"not_picked":["expansioncontent:PrepareCrush","expansioncontent:DecaShield"],"picked":"expansioncontent:PolyBeam","floor":38},{"not_picked":["bronze:ChosenStrike","bronze:BugBarrage","bronze:Turbo+1"],"picked":"SKIP","floor":39},{"not_picked":["bronze:Turbo","bronze:InfiniteLoop","bronze:DelayedSlice+1"],"picked":"SKIP","floor":42},{"not_picked":["bronze:Shield+1","bronze:Deprecate","bronze:DelayedSlice"],"picked":"SKIP","floor":44},{"not_picked":["bronze:CleanCode","bronze:OilSpill+1","bronze:Format"],"picked":"SKIP","floor":48},{"not_picked":["bronze:Turbo+1","bronze:CutThrough","bronze:Frontload"],"picked":"SKIP","floor":49}],"player_experience":1777567,"relics_obtained":[{"floor":9.0,"key":"Dead Branch"},{"floor":11.0,"key":"Meat on the Bone"},{"floor":12.0,"key":"hexamod:CandleOfCauterizing"},{"floor":25,"key":"bronze:CableSpool"},{"floor":28,"key":"Matryoshka"},{"floor":29,"key":"Enchiridion"},{"floor":41,"key":"MawBank"},{"floor":41,"key":"Oddly Smooth Stone"},{"floor":42,"key":"Girya"},{"floor":45,"key":"Bottled Flame"},{"floor":45,"key":"Lizard Tail"},{"floor":47,"key":"Turnip"},{"floor":48,"key":"InkBottle"}],"event_choices":[{"damage_healed":0.0,"max_hp_gain":0.0,"max_hp_loss":0.0,"gold_gain":0.0,"event_name":"Lab","player_choice":"Got Potions","floor":6.0,"gold_loss":0.0,"damage_taken":0.0},{"cards_removed":["downfall:Malfunctioning"],"damage_healed":0.0,"max_hp_gain":0.0,"max_hp_loss":0.0,"gold_gain":0.0,"event_name":"Bonfire Elementals","player_choice":"Offered Curse","floor":22.0,"gold_loss":0.0,"damage_taken":0.0,"relics_obtained":["Spirit Poop"]},{"damage_healed":0,"gold_gain":0,"player_choice":"Fight","damage_taken":0,"max_hp_gain":0,"max_hp_loss":0,"event_name":"Mysterious Sphere","floor":47,"gold_loss":0}],"is_beta":false,"boss_relics":[{"not_picked":["Busted Crown","Snecko Eye"],"picked":"Cursed Key"},{"not_picked":["Runic Pyramid","Runic Dome"],"picked":"bronze:MakeshiftBattery"}],"items_purged_floors":[39],"is_endless":false,"potions_floor_spawned":[5,8,9,15,19,23,26,27,31,32,37,42,47,48,49],"ascension_level":1}}