{"host":"5ddwedapke4fsx0r","time":1611789413,"event":{"mods":["BaseMod","Downfall","Infinite Spire","Minty Spire (QoL Compilation)","StSLib","The Dragon Tamer"],"gold_per_floor":[109,128,148,165,165,200,200,270,296,314,334,334,38,88,88,88,88,88],"floor_reached":16,"language":"ENG","playtime":1137,"items_purged":[],"score":104,"play_id":"8be0ea07-f857-4dad-8cfd-2b4b7bb972fb","local_time":"20210128001653","is_ascension_mode":false,"metric_token":403,"campfire_choices":[{"data":"DTMod:ShadowImage","floor":7,"key":"SMITH"},{"data":"DTMod:TagTeam","floor":12,"key":"SMITH"},{"data":"DTMod:SwitchingTactic","floor":15,"key":"SMITH"}],"dtmod_dragon_data":[0,50,-1,-1,0,0],"circlet_count":0,"master_deck":["DTMod:Strike","DTMod:Strike","DTMod:Strike","DTMod:Strike","DTMod:DoubleHit","DTMod:TargetDefense","DTMod:TargetDefense","DTMod:TargetDefense","DTMod:TargetDefense","DTMod:SwitchingTactic+1","DTMod:Shift","DTMod:TagTeam+1","DTMod:RecklessFlurry","DTMod:ShadowImage+1","DTMod:DeepFocus","DTMod:BlueScale"],"relics":["DTMod:PactStone","infinitespire:Beetle Shell","SsserpentHead","Tiny Chest","Juzu Bracelet","PreservedInsect","Lee\u0027s Waffle"],"acts_visited":["Exordium"],"potions_floor_usage":[10,16],"damage_taken":[{"damage":0,"enemies":"Jaw Worm","floor":1,"turns":3},{"damage":0,"enemies":"Cultist","floor":2,"turns":4},{"damage":0,"enemies":"Small Slimes","floor":3,"turns":4},{"damage":0,"enemies":"Blue Slaver","floor":4,"turns":5},{"damage":12,"enemies":"3 Sentries","floor":6,"turns":11},{"damage":0,"enemies":"2 Fungi Beasts","floor":8,"turns":5},{"damage":0,"enemies":"Large Slime","floor":10,"turns":7},{"damage":0,"enemies":"Looter","floor":11,"turns":4},{"damage":21,"enemies":"The Guardian","floor":16,"turns":12}],"seed_played":"-435083859837544997","potions_obtained":[{"floor":3,"key":"SneckoOil"},{"floor":4,"key":"FairyPotion"},{"floor":6,"key":"bronze:BurnAndBuffPotion"}],"is_trial":false,"path_per_floor":["M","M","M","M","?","E","R","M","T","M","M","R","$","?","R","B"],"character_chosen":"THE_DT","items_purchased":["PreservedInsect","Lee\u0027s Waffle"],"campfire_rested":0,"item_purchase_floors":[13,13],"current_hp_per_floor":[45,45,45,45,45,33,33,33,33,33,33,33,52,52,52,31,31,31],"gold":88,"neow_bonus":"RANDOM_COMMON_RELIC","is_daily":false,"chose_seed":false,"campfire_upgraded":3,"win_rate":0.0,"timestamp":1611789413,"path_taken":["M","M","M","M","?","E","R","?","T","M","M","R","$","?","R","BOSS"],"items_purchased_type":["Relic","Relic"],"build_version":"2020-12-22","purchased_purges":0,"victory":false,"max_hp_per_floor":[45,45,45,45,45,45,45,45,45,45,45,45,52,52,52,52,52,52],"card_choices":[{"not_picked":["DTMod:BreakAttack","DTMod:CalculatedDefense"],"picked":"DTMod:Shift","floor":1},{"not_picked":["DTMod:LastStand","DTMod:PurifyingFlame"],"picked":"DTMod:TagTeam","floor":2},{"not_picked":["DTMod:GhostSkin","DTMod:Training"],"picked":"DTMod:RecklessFlurry","floor":3},{"not_picked":["DTMod:CleansingStrike","DTMod:MaximumCharge","DTMod:BurningEnergy"],"picked":"SKIP","floor":4},{"not_picked":["DTMod:MasterPlan","DTMod:BizarreTactic"],"picked":"DTMod:ShadowImage","floor":6},{"not_picked":["DTMod:FlameSlash","DTMod:CalculatedDefense"],"picked":"DTMod:DeepFocus","floor":8},{"not_picked":["DTMod:Threaten","DTMod:Weaken"],"picked":"DTMod:BlueScale","floor":10},{"not_picked":["DTMod:Threaten","DTMod:StarRain","DTMod:MasterPlan"],"picked":"SKIP","floor":11}],"player_experience":456103,"relics_obtained":[{"floor":6,"key":"Tiny Chest"},{"floor":9,"key":"Juzu Bracelet"}],"event_choices":[{"damage_healed":0,"gold_gain":0,"player_choice":"Trade","damage_taken":0,"relics_obtained":["SsserpentHead"],"max_hp_gain":0,"max_hp_loss":0,"event_name":"FaceTrader","floor":5,"gold_loss":0},{"damage_healed":0,"gold_gain":0,"player_choice":"Bought 0 Potions","damage_taken":0,"max_hp_gain":0,"max_hp_loss":0,"event_name":"The Woman in Blue","floor":14,"gold_loss":0}],"is_beta":false,"boss_relics":[],"items_purged_floors":[],"is_endless":false,"potions_floor_spawned":[3,4,6],"killed_by":"The Guardian","ascension_level":0}}