{"host":"hn9kwncajibu2nw8","time":1611718117,"event":{"mods":["AchievementEnabler","BaseMod","Block Reminder","Colored Powertips","DeckTracker","Highlight Path","KOR Keyword Fix","Minty Spire (QoL Compilation)","Quick Restart","Rare Cards Sparkle"],"gold_per_floor":[112,37,112,124,124,124,136,167,248,248,248,248,278,20,20,93,93,106,141,160,160,85,85,102,102,102,102,119,119,119,139,139,218,218,231,246,246,246],"floor_reached":37,"language":"KOR","playtime":2298,"items_purged":["Underhanded Strike"],"score":722,"play_id":"2584866a-b84d-41d5-98bb-cf01530a0ffb","local_time":"20210127122837","is_ascension_mode":true,"campfire_choices":[{"data":"Neutralize","floor":6,"key":"SMITH"},{"floor":10,"key":"REST"},{"data":"Malaise","floor":11,"key":"SMITH"},{"data":"Noxious Fumes","floor":15,"key":"SMITH"},{"data":"Footwork","floor":23,"key":"SMITH"},{"data":"Night Terror","floor":25,"key":"SMITH"},{"data":"Adrenaline","floor":27,"key":"SMITH"},{"data":"Burst","floor":30,"key":"SMITH"},{"floor":32,"key":"REST"}],"circlet_count":0,"master_deck":["AscendersBane","Survivor","Neutralize+1","Escape Plan","Malaise+1","Noxious Fumes+1","After Image","Burst+1","Blur","Distraction","Terror","Endless Agony","Well Laid Plans","Adrenaline+1","Night Terror+1","Cloak And Dagger","Footwork+1","PiercingWail","Night Terror","Acrobatics"],"relics":["Ring of the Snake","WingedGreaves","Matryoshka","Ginger","Anchor","Paper Crane","Happy Flower","Singing Bowl","Odd Mushroom","Strange Spoon","Pandora\u0027s Box","Red Mask","Sozu"],"acts_visited":["Exordium","TheCity","TheBeyond"],"potions_floor_usage":[16,19,31,37],"damage_taken":[{"damage":1,"enemies":"Small Slimes","floor":1,"turns":5},{"damage":5,"enemies":"Jaw Worm","floor":4,"turns":7},{"damage":2,"enemies":"2 Louse","floor":7,"turns":3},{"damage":46,"enemies":"Gremlin Nob","floor":8,"turns":6},{"damage":11,"enemies":"The Mushroom Lair","floor":13,"turns":7},{"damage":14,"enemies":"The Guardian","floor":16,"turns":12},{"damage":2,"enemies":"Chosen","floor":18,"turns":5},{"damage":19,"enemies":"Masked Bandits","floor":19,"turns":5},{"damage":0,"enemies":"Spheric Guardian","floor":20,"turns":3},{"damage":0,"enemies":"Snake Plant","floor":24,"turns":7},{"damage":0,"enemies":"Snecko","floor":28,"turns":9},{"damage":15,"enemies":"3 Cultists","floor":31,"turns":6},{"damage":8,"enemies":"Champ","floor":33,"turns":15},{"damage":17,"enemies":"Orb Walker","floor":35,"turns":6},{"damage":12,"enemies":"3 Darklings","floor":36,"turns":8},{"damage":42,"enemies":"Transient","floor":37,"turns":5}],"seed_played":"1858886850139327943","potions_obtained":[{"floor":1,"key":"Ancient Potion"},{"floor":13,"key":"DistilledChaos"},{"floor":20,"key":"BlessingOfTheForge"},{"floor":24,"key":"SkillPotion"},{"floor":33,"key":"Energy Potion"}],"is_trial":false,"path_per_floor":["M","?","T","M","?","R","M","E","T","R","R","T","?","$","R","B",null,"M","?","M","?","$","R","M","R","T","R","M","?","R","M","R","B",null,"M","M","M"],"character_chosen":"THE_SILENT","items_purchased":["Strange Spoon","Noxious Fumes"],"campfire_rested":2,"item_purchase_floors":[14,14],"current_hp_per_floor":[58,58,58,53,58,58,56,10,10,29,29,29,20,20,20,6,52,52,35,37,37,37,37,37,37,37,37,39,39,39,26,49,41,68,53,41,0,0],"gold":246,"neow_bonus":"ONE_RARE_RELIC","is_daily":false,"chose_seed":false,"campfire_upgraded":7,"win_rate":0.0,"timestamp":1611718117,"path_taken":["M","?","?","M","?","R","M","E","T","R","R","?","?","$","R","BOSS","M","?","M","?","$","R","M","R","T","R","M","?","R","M","R","BOSS","M","M","M"],"items_purchased_type":["Relic","Card"],"build_version":"2020-12-22","purchased_purges":1,"victory":false,"max_hp_per_floor":[60,60,60,60,65,65,65,65,65,65,65,65,67,67,67,67,67,69,71,73,73,73,73,73,73,73,73,75,75,75,77,77,77,77,79,79,79,79],"card_choices":[{"not_picked":["Finisher","Skewer"],"picked":"Escape Plan","floor":1},{"not_picked":["Well Laid Plans","Bane"],"picked":"Underhanded Strike","floor":4},{"not_picked":["Concentrate","Setup","Outmaneuver"],"picked":"SKIP","floor":7},{"not_picked":["Concentrate","Setup","Outmaneuver"],"picked":"SKIP","floor":7},{"not_picked":["Sucker Punch","Skewer"],"picked":"Malaise","floor":8},{"not_picked":["Outmaneuver","Dodge and Roll","Prepared"],"picked":"Singing Bowl","floor":13},{"not_picked":["Glass Knife","Storm of Steel"],"picked":"After Image","floor":16},{"not_picked":["Backstab","Quick Slash+1","Prepared"],"picked":"Singing Bowl","floor":18},{"not_picked":["Prepared","Expertise","Dagger Spray"],"picked":"Singing Bowl","floor":19},{"not_picked":["Prepared","Slice","Riddle With Holes"],"picked":"Singing Bowl","floor":20},{"not_picked":["Glass Knife","Slice"],"picked":"PiercingWail","floor":24},{"not_picked":["Leg Sweep","Dash","Dodge and Roll"],"picked":"Singing Bowl","floor":28},{"not_picked":["Slice+1","PiercingWail","Choke+1"],"picked":"Singing Bowl","floor":31},{"not_picked":["Wraith Form v2","Burst"],"picked":"Night Terror","floor":33},{"not_picked":["All Out Attack","Flying Knee","Sucker Punch"],"picked":"Singing Bowl","floor":35},{"not_picked":["Deflect+1","Bane"],"picked":"Acrobatics","floor":36}],"player_experience":482430,"relics_obtained":[{"floor":3,"key":"Matryoshka"},{"floor":8,"key":"Ginger"},{"floor":9,"key":"Anchor"},{"floor":9,"key":"Paper Crane"},{"floor":12,"key":"Happy Flower"},{"floor":12,"key":"Singing Bowl"},{"floor":13,"key":"Odd Mushroom"},{"floor":19,"key":"Red Mask"}],"event_choices":[{"cards_removed":["Strike_G"],"damage_healed":0,"gold_gain":0,"player_choice":"Card Removal","damage_taken":0,"max_hp_gain":0,"max_hp_loss":0,"event_name":"The Cleric","floor":2,"gold_loss":75},{"damage_healed":0,"gold_gain":0,"player_choice":"Donut","damage_taken":0,"max_hp_gain":5,"max_hp_loss":0,"event_name":"Big Fish","floor":5,"gold_loss":0},{"damage_healed":0,"gold_gain":0,"player_choice":"Fought Mushrooms","damage_taken":0,"max_hp_gain":0,"max_hp_loss":0,"event_name":"Mushrooms","floor":13,"gold_loss":0},{"damage_healed":0,"gold_gain":0,"player_choice":"Fought Bandits","damage_taken":0,"max_hp_gain":0,"max_hp_loss":0,"event_name":"Masked Bandits","floor":19,"gold_loss":0},{"damage_healed":0,"gold_gain":0,"player_choice":"Read","damage_taken":0,"max_hp_gain":0,"max_hp_loss":0,"event_name":"The Library","floor":21,"gold_loss":0,"cards_obtained":["Footwork"]},{"damage_healed":0,"gold_gain":0,"player_choice":"Ignored","damage_taken":0,"max_hp_gain":0,"max_hp_loss":0,"event_name":"The Mausoleum","floor":29,"gold_loss":0}],"is_beta":false,"boss_relics":[{"not_picked":["Philosopher\u0027s Stone","HoveringKite"],"picked":"Pandora\u0027s Box"},{"not_picked":["Astrolabe","Busted Crown"],"picked":"Sozu"}],"items_purged_floors":[22],"is_endless":false,"potions_floor_spawned":[1,13,20,24,33,36],"killed_by":"Transient","ascension_level":17}}