{"host":"oehe2dxjvdgux73m","time":1611759341,"event":{"mods":["AchievementEnabler","BaseMod","Colored Map","Colored Powertips","DeckTracker","Keyboard Shortcuts","Minty Spire (QoL Compilation)","Permanent Neow","Quick Restart","StSLib","SuperFastMode"],"gold_per_floor":[118,78,91,109,121,121,151,151,151,226,256,9,9,24,24,102,102,122,122,139,149,176,206,225,225,274,284,61,61,74,74,74,74,74],"floor_reached":33,"language":"KOR","playtime":949,"items_purged":["Strike_G","Strike_G"],"score":534,"play_id":"2f09a3a3-be91-4aaf-9e86-0db8324d2517","local_time":"20210127235541","is_ascension_mode":true,"campfire_choices":[{"data":"Terror","floor":6.0,"key":"SMITH"},{"data":"Neutralize","floor":8.0,"key":"SMITH"},{"floor":13.0,"key":"REST"},{"data":"Blade Dance","floor":15.0,"key":"SMITH"},{"data":"Bullet Time","floor":25.0,"key":"SMITH"},{"data":"Calculated Gamble","floor":32.0,"key":"SMITH"}],"circlet_count":0,"master_deck":["AscendersBane","Strike_G","Strike_G","Strike_G","Defend_G","Defend_G","Defend_G","Defend_G+1","Defend_G","Survivor","Neutralize+1","Doppelganger","Slice","Blade Dance+1","Terror+1","Die Die Die","Accuracy","Footwork","Backflip","Blade Dance+1","Night Terror","PiercingWail","Blade Dance","Backflip","PiercingWail","Bullet Time+1","Deflect","Leg Sweep","Calculated Gamble+1","Deep Breath","Dagger Throw"],"relics":["Ring of the Snake","Letter Opener","Shuriken","Membership Card","Coffee Dripper","Red Mask","War Paint"],"acts_visited":["Exordium","TheCity"],"potions_floor_usage":[],"damage_taken":[{"damage":9.0,"enemies":"Small Slimes","floor":1.0,"turns":5.0},{"damage":3.0,"enemies":"Cultist","floor":3.0,"turns":4.0},{"damage":0.0,"enemies":"2 Louse","floor":4.0,"turns":2.0},{"damage":1.0,"enemies":"Looter","floor":5.0,"turns":3.0},{"damage":25.0,"enemies":"Lagavulin","floor":7.0,"turns":6.0},{"damage":11.0,"enemies":"Exordium Wildlife","floor":14.0,"turns":4.0},{"damage":1.0,"enemies":"Slime Boss","floor":16.0,"turns":4.0},{"damage":0.0,"enemies":"Chosen","floor":18.0,"turns":3.0},{"damage":19.0,"enemies":"2 Thieves","floor":20.0,"turns":2.0},{"damage":11.0,"enemies":"Snecko","floor":21.0,"turns":6.0},{"damage":4.0,"enemies":"Masked Bandits","floor":22.0,"turns":2.0},{"damage":12.0,"enemies":"Gremlin Leader","floor":23.0,"turns":4.0},{"damage":6.0,"enemies":"Snake Plant","floor":24.0,"turns":4.0},{"damage":5.0,"enemies":"Centurion and Healer","floor":27.0,"turns":5.0},{"damage":14.0,"enemies":"Cultist and Chosen","floor":30.0,"turns":5.0},{"damage":12,"enemies":"Champ","floor":33,"turns":7}],"seed_played":"8590310819899242314","potions_obtained":[{"floor":2.0,"key":"GhostInAJar"},{"floor":2.0,"key":"PowerPotion"},{"floor":14.0,"key":"LiquidBronze"},{"floor":21.0,"key":"Explosive Potion"},{"floor":22.0,"key":"Regen Potion"},{"floor":23.0,"key":"LiquidMemories"},{"floor":27.0,"key":"Regen Potion"}],"is_trial":false,"path_per_floor":["M","?","M","M","M","R","E","R","T","?","?","$","R","M","R","B",null,"M","?","M","M","?","E","M","R","T","M","$","?","M","?","R","B"],"character_chosen":"THE_SILENT","items_purchased":["Membership Card","Footwork","Backflip","DuplicationPotion","Leg Sweep","Calculated Gamble","Deep Breath"],"campfire_rested":1,"item_purchase_floors":[12,12,12,28,28,28,28],"current_hp_per_floor":[50,50,47,47,46,46,21,21,21,10,10,10,29,18,18,17,54,54,54,35,24,20,20,14,14,14,9,9,9,9,9,9,0,0],"gold":74,"neow_bonus":"ONE_RANDOM_RARE_CARD","is_daily":false,"chose_seed":false,"campfire_upgraded":5,"win_rate":0.0,"timestamp":1611759341,"path_taken":["M","?","?","M","M","R","E","R","T","?","?","?","R","?","R","BOSS","M","?","M","M","?","E","?","R","T","M","$","?","M","?","R","BOSS"],"items_purchased_type":["Relic","Card","Card","Potion","Card","Card","Card"],"build_version":"2020-12-22","purchased_purges":2,"victory":false,"max_hp_per_floor":[66,66,66,66,66,66,66,66,66,66,66,66,66,66,66,66,66,66,66,66,66,66,66,66,66,66,66,66,66,66,66,66,66,66],"card_choices":[{"not_picked":["Prepared","Outmaneuver"],"picked":"Slice","floor":1.0},{"not_picked":["Skewer","Reflex"],"picked":"Blade Dance","floor":3.0},{"not_picked":["Prepared","Concentrate"],"picked":"Terror","floor":4.0},{"not_picked":["PiercingWail","Outmaneuver"],"picked":"Die Die Die","floor":5.0},{"not_picked":["Caltrops","Finisher"],"picked":"Accuracy","floor":7.0},{"not_picked":["Underhanded Strike","Concentrate"],"picked":"Blade Dance","floor":14.0},{"not_picked":["Doppelganger","Burst"],"picked":"Night Terror","floor":16.0},{"not_picked":["Caltrops+1","Tactician"],"picked":"PiercingWail","floor":18.0},{"not_picked":["Predator","Bane"],"picked":"Blade Dance","floor":20.0},{"not_picked":["Dagger Throw","Flying Knee","Deadly Poison"],"picked":"SKIP","floor":21.0},{"not_picked":["Dodge and Roll","Underhanded Strike"],"picked":"Backflip","floor":22.0},{"not_picked":["Dodge and Roll","Deadly Poison"],"picked":"PiercingWail","floor":23.0},{"not_picked":["Distraction","Prepared"],"picked":"Bullet Time","floor":24.0},{"not_picked":["Dagger Spray","Noxious Fumes"],"picked":"Deflect","floor":27.0},{"not_picked":["Infinite Blades","Choke"],"picked":"Dagger Throw","floor":30.0}],"player_experience":314116,"relics_obtained":[{"floor":7.0,"key":"Letter Opener"},{"floor":9.0,"key":"Shuriken"},{"floor":22.0,"key":"Red Mask"},{"floor":23.0,"key":"War Paint"}],"event_choices":[{"damage_healed":0.0,"max_hp_gain":0.0,"max_hp_loss":0.0,"gold_gain":0.0,"event_name":"The Woman in Blue","player_choice":"Bought 3 Potions","floor":2.0,"gold_loss":0.0,"damage_taken":0.0},{"damage_healed":0.0,"max_hp_gain":0.0,"max_hp_loss":0.0,"gold_gain":75.0,"event_name":"World of Goop","player_choice":"Gather Gold","floor":10.0,"gold_loss":0.0,"damage_taken":11.0},{"damage_healed":0.0,"max_hp_gain":0.0,"max_hp_loss":0.0,"gold_gain":30.0,"event_name":"Dead Adventurer","player_choice":"Searched \u00271\u0027 times","floor":11.0,"gold_loss":0.0,"damage_taken":0.0},{"damage_healed":0.0,"max_hp_gain":0.0,"max_hp_loss":0.0,"gold_gain":0.0,"event_name":"The Mausoleum","player_choice":"Ignored","floor":19.0,"gold_loss":0.0,"damage_taken":0.0},{"damage_healed":0.0,"max_hp_gain":0.0,"max_hp_loss":0.0,"gold_gain":0.0,"event_name":"Masked Bandits","player_choice":"Fought Bandits","floor":22.0,"gold_loss":0.0,"damage_taken":0.0},{"damage_healed":0.0,"max_hp_gain":0.0,"max_hp_loss":0.0,"gold_gain":0.0,"event_name":"Vampires","player_choice":"Ignored","floor":31.0,"gold_loss":0.0,"damage_taken":0.0}],"is_beta":false,"boss_relics":[{"not_picked":["Velvet Choker","Philosopher\u0027s Stone"],"picked":"Coffee Dripper"}],"items_purged_floors":[12,28],"is_endless":false,"potions_floor_spawned":[5,14,21,22,23,27],"killed_by":"Champ","ascension_level":20}}