{"host":"fv4u04bzswzfg5qa","time":1611728907,"event":{"mods":["BaseMod","Colored Map","Colored Powertips","Highlight Path","Minty Spire (QoL Compilation)","StSLib","Synergy Search"],"gold_per_floor":[110,110,32,42,62,62,82,111,111,111,123,190,221,239,239,239,239],"floor_reached":16,"language":"ENG","playtime":1109,"items_purged":[],"score":144,"play_id":"33dce015-118f-4fa1-9884-c95f6881692e","local_time":"20210127012827","is_ascension_mode":true,"campfire_choices":[{"data":"Eruption","floor":6,"key":"SMITH"},{"data":"ClearTheMind","floor":10,"key":"SMITH"},{"data":"FlurryOfBlows","floor":15,"key":"SMITH"}],"circlet_count":0,"master_deck":["Strike_P","Strike_P","Strike_P","Defend_P","Defend_P","Defend_P","Defend_P","Eruption+1","Vigilance","Conclude","CarveReality","EmptyFist","FlyingSleeves","ClearTheMind+1","Consecrate","FlurryOfBlows+1","FlurryOfBlows"],"relics":["PureWater","Bag of Preparation","Art of War","Meat on the Bone","Bottled Flame"],"acts_visited":["Exordium"],"potions_floor_usage":[8],"damage_taken":[{"damage":0,"enemies":"2 Louse","floor":1,"turns":2},{"damage":0,"enemies":"Cultist","floor":4,"turns":2},{"damage":0,"enemies":"Jaw Worm","floor":5,"turns":1},{"damage":0,"enemies":"3 Louse","floor":7,"turns":2},{"damage":13,"enemies":"Gremlin Nob","floor":8,"turns":3},{"damage":0,"enemies":"Looter","floor":11,"turns":1},{"damage":0,"enemies":"3 Sentries","floor":13,"turns":3},{"damage":0,"enemies":"2 Fungi Beasts","floor":14,"turns":1},{"damage":60,"enemies":"The Guardian","floor":16,"turns":11}],"seed_played":"7264079447062774176","potions_obtained":[{"floor":4,"key":"SteroidPotion"},{"floor":5,"key":"BottledMiracle"},{"floor":7,"key":"CultistPotion"}],"is_trial":false,"path_per_floor":["M","?","$","M","M","R","M","E","T","R","M","?","E","M","R","B"],"character_chosen":"WATCHER","items_purchased":["CarveReality"],"campfire_rested":0,"item_purchase_floors":[3],"current_hp_per_floor":[72,72,72,72,72,72,72,59,59,59,59,59,59,59,59,0,0],"gold":239,"neow_bonus":"RANDOM_COMMON_RELIC","is_daily":false,"chose_seed":false,"campfire_upgraded":3,"win_rate":0.0,"timestamp":1611728907,"path_taken":["M","?","$","M","?","R","M","E","T","R","M","?","E","M","R","BOSS"],"items_purchased_type":["Card"],"build_version":"2020-12-22","purchased_purges":0,"victory":false,"max_hp_per_floor":[72,72,72,72,72,72,72,72,72,72,72,72,72,72,72,72,72],"card_choices":[{"not_picked":["ThirdEye","SandsOfTime"],"picked":"Conclude","floor":1},{"not_picked":["WindmillStrike","BowlingBash"],"picked":"EmptyFist","floor":4},{"not_picked":["Halt","Swivel"],"picked":"FlyingSleeves","floor":5},{"not_picked":["Indignation","WaveOfTheHand"],"picked":"ClearTheMind","floor":7},{"not_picked":["Study","FollowUp"],"picked":"Consecrate","floor":8},{"not_picked":["Protect","JustLucky"],"picked":"FlurryOfBlows","floor":11},{"not_picked":["Evaluate","Sanctity","CutThroughFate"],"picked":"SKIP","floor":13},{"not_picked":["FollowUp","FearNoEvil"],"picked":"FlurryOfBlows","floor":14}],"player_experience":204842,"relics_obtained":[{"floor":8,"key":"Art of War"},{"floor":9,"key":"Meat on the Bone"},{"floor":13,"key":"Bottled Flame"}],"event_choices":[{"cards_removed":["Strike_P"],"damage_healed":0,"gold_gain":0,"player_choice":"Purged","damage_taken":0,"max_hp_gain":0,"max_hp_loss":0,"event_name":"Purifier","floor":2,"gold_loss":0},{"damage_healed":0,"gold_gain":67,"player_choice":"Gained Gold","damage_taken":0,"max_hp_gain":0,"max_hp_loss":0,"event_name":"Golden Wing","floor":12,"gold_loss":0}],"is_beta":false,"boss_relics":[],"items_purged_floors":[],"is_endless":false,"potions_floor_spawned":[4,5,7],"killed_by":"The Guardian","ascension_level":1}}