{"host":"4kmvpqjeiacgn1pr","time":1611714122,"event":{"mods":["AchievementEnabler","BaseMod","Better Altar","Better Match","Better Note","Better Sensory Stone","Better Skull","Better Third Choice","Colored Map","Colored Powertips","Curses Come First","Highlight Path","Minty Spire (QoL Compilation)","Permanent Neow","Rare Cards Sparkle","Replay The Spire","Spicy Shops","StSLib"],"gold_per_floor":[112,112,54,54,54,84,84,95,95,115,142,161,191,208,208,312,312,330,50,50,60,60,89,89,106,132,132,167,167,206,240,240,366,366,389,454,473,40,70,107,107,158,158,201,217,217,217,289,289,313],"floor_reached":51,"language":"ENG","playtime":3017,"items_purged":["Strike_P","Voices"],"score":1316,"play_id":"a50e1b56-c907-4e42-abf9-ecf9cbaac145","local_time":"20210126212202","is_ascension_mode":true,"campfire_choices":[{"data":"Swivel","floor":7,"key":"SMITH"},{"data":"Replay:Hum","floor":15,"key":"SMITH"},{"data":"Ragnarok","floor":24,"key":"SMITH"},{"data":"Blasphemy","floor":32,"key":"SMITH"},{"floor":41,"key":"REST"},{"data":"Vault","floor":46,"key":"SMITH"},{"data":"Blasphemy","floor":49,"key":"SMITH"}],"circlet_count":0,"master_deck":["Strike_P","Strike_P","Defend_P","Defend_P","Defend_P","Defend_P","Eruption","Vigilance","DeusExMachina","SignatureMove","LikeWater+1","Swivel+1","Wireheading","Replay:Hum+1","Study","Brilliance","FlurryOfBlows","Vault+1","CurseOfTheBell","Wireheading","Ragnarok+1","Prostrate","FearNoEvil","Writhe","Wireheading","Survey Options","Blind","Blasphemy+1","DevaForm","Replay:Hum+1","JustLucky","ForeignInfluence+1","Replay:BluntJabs+1","Indignation+1","Blasphemy+1","Replay:DivineShield+1","LikeWater+1","Indignation+1"],"relics":["PureWater","Divine Protection","Boot","StrikeDummy","PreservedInsect","Unceasing Top","Calling Bell","Anchor","White Beast Statue","Du-Vu Doll","MutagenicStrength","Ring of Misfortune","Ring of Searing","ReplayTheSpireMod:TigerMarble","Potion Belt","Happy Flower","Replay:Bandana","Turnip","Honey Jar","Simple Rune","Bottled Flame","Replay:Purple Gloves","Ginger","Vajra","Frozen Egg 2","Replay:Wax Seal","Lizard Tail"],"acts_visited":["Exordium","TheCity","TheBeyond"],"potions_floor_usage":[33,33,33,37,39,42,48,50],"damage_taken":[{"damage":5,"enemies":"2 Louse","floor":1,"turns":3},{"damage":29,"enemies":"Lagavulin","floor":6,"turns":8},{"damage":0,"enemies":"Cultist","floor":8,"turns":4},{"damage":0,"enemies":"Small Slimes","floor":10,"turns":2},{"damage":0,"enemies":"Gremlin Nob","floor":11,"turns":2},{"damage":0,"enemies":"Blue Slaver","floor":12,"turns":3},{"damage":7,"enemies":"3 Sentries","floor":13,"turns":3},{"damage":0,"enemies":"Looter","floor":14,"turns":2},{"damage":4,"enemies":"Hexaghost","floor":16,"turns":9},{"damage":0,"enemies":"3 Byrds","floor":18,"turns":5},{"damage":0,"enemies":"2 Thieves","floor":21,"turns":1},{"damage":4,"enemies":"Gremlin Leader","floor":23,"turns":2},{"damage":7,"enemies":"Centurion and Healer","floor":25,"turns":3},{"damage":8,"enemies":"Book of Stabbing","floor":28,"turns":2},{"damage":0,"enemies":"Gremlin Leader","floor":30,"turns":1},{"damage":0,"enemies":"Cultist and Chosen","floor":31,"turns":2},{"damage":3,"enemies":"Pondfish","floor":33,"turns":3},{"damage":1,"enemies":"Orb Walker","floor":35,"turns":4},{"damage":13,"enemies":"3 Darklings","floor":37,"turns":4},{"damage":0,"enemies":"Maw","floor":39,"turns":2},{"damage":0,"enemies":"Reptomancer","floor":40,"turns":1},{"damage":0,"enemies":"Giant Head","floor":42,"turns":2},{"damage":0,"enemies":"Nemesis","floor":44,"turns":1},{"damage":0,"enemies":"Jaw Worm Horde","floor":45,"turns":1},{"damage":10,"enemies":"Mind Bloom Boss Battle","floor":48,"turns":3},{"damage":0,"enemies":"Donu and Deca","floor":50,"turns":1}],"seed_played":"-6224519897342773306","potions_obtained":[{"floor":1,"key":"Energy Potion"},{"floor":6,"key":"Death Potion"},{"floor":13,"key":"StancePotion"},{"floor":18,"key":"Swift Potion"},{"floor":21,"key":"Regen Potion"},{"floor":28,"key":"Block Potion"},{"floor":30,"key":"FearPotion"},{"floor":31,"key":"AttackPotion"},{"floor":33,"key":"Swift Potion"},{"floor":35,"key":"LiquidMemories"},{"floor":36,"key":"EssenceOfSteel"},{"floor":36,"key":"EssenceOfSteel"},{"floor":37,"key":"SteroidPotion"},{"floor":39,"key":"DistilledChaos"},{"floor":40,"key":"SteroidPotion"},{"floor":42,"key":"Milkshake"},{"floor":44,"key":"Energy Potion"},{"floor":45,"key":"DistilledChaos"},{"floor":48,"key":"SneckoOil"}],"is_trial":false,"path_per_floor":["M","?","$","?","$","E","R","M","T","M","E","M","E","M","R","B",null,"M","$","?","M","?","E","R","M","T","?","E","?","E","M","R","B",null,"M","?","M","$","M","E","R","E","T","E","M","R","?","?","R","B",null],"character_chosen":"WATCHER","items_purchased":["LikeWater+1","Ragnarok","Bottled Flame","Replay:Purple Gloves"],"campfire_rested":1,"item_purchase_floors":[3,19,38,38],"current_hp_per_floor":[67,67,67,67,67,38,38,38,38,38,38,38,31,31,31,27,72,72,72,72,72,72,68,68,61,61,61,53,53,53,53,53,55,72,71,53,40,40,40,40,61,61,61,61,61,61,61,51,51,51],"gold":313,"neow_bonus":"ONE_RANDOM_RARE_CARD","is_daily":false,"chose_seed":false,"campfire_upgraded":6,"win_rate":0.0,"timestamp":1611714122,"path_taken":["M","?","?","?","$","E","R","M","T","M","E","?","E","M","R","BOSS","M","$","?","M","?","E","R","M","T","?","E","?","E","M","R","BOSS","M","?","M","$","?","E","R","E","T","E","M","R","?","?","R","BOSS"],"items_purchased_type":["Card","Card","Relic","Relic"],"build_version":"2020-12-22","purchased_purges":2,"victory":true,"max_hp_per_floor":[72,72,72,72,72,72,72,72,72,72,72,72,72,72,72,72,72,72,72,72,72,72,72,72,72,72,72,72,72,72,72,72,72,72,72,72,72,72,72,72,72,72,72,72,72,72,72,72,72,72],"card_choices":[{"not_picked":["WindmillStrike","BowlingBash"],"picked":"SignatureMove","floor":1},{"not_picked":["Sanctity","BowlingBash"],"picked":"Swivel","floor":6},{"not_picked":["EmptyBody","ClearTheMind"],"picked":"Wireheading","floor":8},{"not_picked":["JustLucky","Conclude"],"picked":"Replay:Hum","floor":10},{"not_picked":["Nirvana","JustLucky"],"picked":"Study","floor":11},{"not_picked":["WreathOfFlame","Indignation"],"picked":"Brilliance","floor":12},{"not_picked":["SashWhip","Crescendo"],"picked":"FlurryOfBlows","floor":13},{"not_picked":["EmptyMind","Study","Halt"],"picked":"SKIP","floor":14},{"not_picked":["Brilliance","Devotion"],"picked":"Vault","floor":16},{"not_picked":["Crescendo","Replay:AtTheReady"],"picked":"Wireheading","floor":18},{"not_picked":["ThirdEye","JustLucky"],"picked":"Prostrate","floor":21},{"not_picked":["Replay:AtTheReady+1","FlyingSleeves"],"picked":"FearNoEvil","floor":23},{"not_picked":["Evaluate+1","SashWhip+1","FlurryOfBlows"],"picked":"SKIP","floor":25},{"not_picked":["BowlingBash","Protect"],"picked":"Wireheading","floor":28},{"not_picked":["Mind Blast","Deep Breath"],"picked":"Survey Options","floor":29},{"not_picked":["Enlightenment","ReplayTheSpireMod:Uncanny Aura"],"picked":"Blind","floor":29},{"not_picked":["Worship","WaveOfTheHand","WheelKick"],"picked":"SKIP","floor":30},{"not_picked":["Replay:BluntJabs","ThirdEye"],"picked":"Blasphemy","floor":31},{"not_picked":["Ragnarok","SpiritShield"],"picked":"DevaForm","floor":33},{"not_picked":["Replay:Battleflow","FlyingSleeves+1","FlurryOfBlows"],"picked":"Replay:Hum+1","floor":35},{"not_picked":["FollowUp+1","FlyingSleeves","Replay:AtTheReady"],"picked":"JustLucky","floor":36},{"not_picked":["JustLucky+1","Replay:BluntJabs+1","FlyingSleeves"],"picked":"ForeignInfluence+1","floor":37},{"not_picked":["SignatureMove","BowlingBash","Fasting2+1"],"picked":"Replay:BluntJabs+1","floor":39},{"not_picked":["ClearTheMind+1","Prostrate","Halt+1"],"picked":"Indignation+1","floor":40},{"not_picked":["SashWhip+1","Meditate+1","Replay:AtTheReady"],"picked":"Blasphemy","floor":42},{"not_picked":["PathToVictory+1","Consecrate+1","LikeWater+1"],"picked":"Replay:DivineShield+1","floor":44},{"not_picked":["WreathOfFlame+1","ThirdEye+1","CarveReality+1"],"picked":"LikeWater+1","floor":45},{"not_picked":["WindmillStrike+1","CarveReality","SashWhip+1"],"picked":"Indignation+1","floor":48}],"player_experience":359001,"relics_obtained":[{"floor":6,"key":"Boot"},{"floor":9,"key":"StrikeDummy"},{"floor":11,"key":"PreservedInsect"},{"floor":13,"key":"Unceasing Top"},{"floor":17,"key":"Anchor"},{"floor":17,"key":"White Beast Statue"},{"floor":17,"key":"Du-Vu Doll"},{"floor":22,"key":"Ring of Misfortune"},{"floor":22,"key":"Ring of Searing"},{"floor":23,"key":"ReplayTheSpireMod:TigerMarble"},{"floor":26,"key":"Potion Belt"},{"floor":28,"key":"Replay:Bandana"},{"floor":30,"key":"Turnip"},{"floor":36,"key":"Simple Rune"},{"floor":40,"key":"Ginger"},{"floor":42,"key":"Vajra"},{"floor":43,"key":"Frozen Egg 2"},{"floor":44,"key":"Replay:Wax Seal"},{"floor":48,"key":"Lizard Tail"}],"event_choices":[{"damage_healed":0,"gold_gain":0,"player_choice":"Bought 0 Potions","damage_taken":0,"max_hp_gain":0,"max_hp_loss":0,"event_name":"The Woman in Blue","floor":2,"gold_loss":0},{"damage_healed":0,"gold_gain":0,"player_choice":"Gave Potion","damage_taken":0,"relics_obtained":["Divine Protection"],"max_hp_gain":0,"max_hp_loss":0,"event_name":"WeMeetAgain","floor":4,"gold_loss":0},{"damage_healed":0,"gold_gain":0,"player_choice":"Inject Mutagens","damage_taken":0,"relics_obtained":["MutagenicStrength"],"max_hp_gain":0,"max_hp_loss":0,"event_name":"Drug Dealer","floor":20,"gold_loss":0},{"damage_healed":0,"gold_gain":0,"player_choice":"Opened","damage_taken":0,"relics_obtained":["Happy Flower"],"max_hp_gain":0,"max_hp_loss":0,"event_name":"The Mausoleum","floor":27,"gold_loss":0,"cards_obtained":["Writhe"]},{"damage_healed":0,"gold_gain":2,"player_choice":"1","damage_taken":0,"max_hp_gain":0,"max_hp_loss":0,"event_name":"betterStone:BetterStone","floor":29,"gold_loss":0},{"cards_removed":["Strike_P"],"damage_healed":0,"gold_gain":0,"player_choice":"Removed Attack","damage_taken":0,"max_hp_gain":0,"max_hp_loss":0,"event_name":"Falling","floor":47,"gold_loss":0},{"damage_healed":0,"gold_gain":0,"player_choice":"Fight","damage_taken":0,"max_hp_gain":0,"max_hp_loss":0,"event_name":"MindBloom","floor":48,"gold_loss":0}],"is_beta":false,"boss_relics":[{"not_picked":["Ring of Chaos","HolyWater"],"picked":"Calling Bell"},{"not_picked":["Runic Pyramid","Kintsugi"],"picked":"Honey Jar"}],"items_purged_floors":[19,38],"is_endless":false,"potions_floor_spawned":[1,6,13,18,21,23,25,28,30,31,33,35,37,39,40,42,44,45,48],"ascension_level":3}}