{"host":"rj1j8apb2x4vafcu","time":1611717182,"event":{"mods":["AchievementEnabler","Act Like it!","BaseMod","Colored Map","Colored Powertips","Downfall","Hermit","Infinite Spire","Jorbs\u0027s Wanderer Trilogy","Minty Spire (QoL Compilation)","Rare Cards Sparkle","Replay The Spire","StSLib","The Cursed","The Hierophant","The Servant 0.9.4"],"gold_per_floor":[99,117,130,141,196,196,196,196,207,220,220,239,239,255,275,275,275,275],"floor_reached":16,"language":"ENG","playtime":873,"items_purged":[],"score":96,"play_id":"1ea47da3-752e-41d5-ba8a-b001210834b6","local_time":"20210127011302","is_ascension_mode":false,"campfire_choices":[{"data":"Slimebound:CorrosiveSpit","floor":1,"key":"SMITH"},{"data":"Slimebound:GrowthPunch","floor":6,"key":"SMITH"},{"floor":13,"key":"RECALL"}],"circlet_count":0,"master_deck":["Slimebound:Strike_Slimebound","Slimebound:Strike_Slimebound","Slimebound:Strike_Slimebound","Slimebound:Tackle","Slimebound:Defend_Slimebound","Slimebound:Defend_Slimebound","Slimebound:Defend_Slimebound","Slimebound:Split","Slimebound:CorrosiveSpit+1","Slimebound:GrowthPunch+1","Slimebound:RainOfGoop","Slimebound:SplitMire","Slimebound:SplitBruiser","Slimebound:SlimeBrawl","Slimebound:PressTheAttack","Slimebound:DouseInSlime"],"relics":["Slimebound:AbsorbEndCombat","Omamori","ReplayTheSpireMod:Ninjato"],"acts_visited":["Exordium"],"potions_floor_usage":[5,16],"damage_taken":[{"damage":10,"enemies":"Cultist","floor":2,"turns":4},{"damage":2,"enemies":"Small Slimes","floor":3,"turns":3},{"damage":3,"enemies":"2 Louse","floor":4,"turns":3},{"damage":21,"enemies":"Gremlin Nob","floor":5,"turns":4},{"damage":12,"enemies":"2 Fungi Beasts","floor":9,"turns":4},{"damage":14,"enemies":"Exordium Wildlife","floor":10,"turns":3},{"damage":2,"enemies":"Blue Slaver","floor":12,"turns":2},{"damage":20,"enemies":"Exordium Thugs","floor":14,"turns":3},{"damage":0,"enemies":"Large Slime","floor":15,"turns":4},{"damage":43,"enemies":"WA_ARCHETYPE_RETAIN","floor":16,"turns":5}],"seed_played":"6977146562955949628","potions_obtained":[{"floor":2,"key":"Fire Potion"},{"floor":3,"key":"Swift Potion"},{"floor":4,"key":"SmokeBomb"}],"is_trial":false,"path_per_floor":["R","M","M","M","?","R","T","?","M","M","?","M","R","M","M","B"],"character_chosen":"SLIMEBOUND","items_purchased":[],"campfire_rested":0,"item_purchase_floors":[],"current_hp_per_floor":[71,63,63,64,51,51,51,51,47,39,39,41,41,27,35,0,0,0],"gold":275,"neow_bonus":"TEN_PERCENT_HP_BONUS","is_daily":false,"chose_seed":false,"campfire_upgraded":2,"win_rate":0.0,"timestamp":1611717182,"path_taken":["R","M","M","M","?","R","T","?","M","M","?","M","R","M","M","BOSS"],"items_purchased_type":[],"build_version":"2020-12-22","purchased_purges":0,"victory":false,"max_hp_per_floor":[71,71,71,71,71,71,71,71,71,71,71,71,71,71,71,71,71,71],"card_choices":[{"not_picked":["Slimebound:Gluttony","Slimebound:GoopTackle"],"picked":"Slimebound:GrowthPunch","floor":2},{"not_picked":["Slimebound:FlameTackle","Slimebound:DisruptingSlam"],"picked":"Slimebound:RainOfGoop","floor":3},{"not_picked":["Slimebound:SplitAcid","Slimebound:RollThrough"],"picked":"Slimebound:SplitMire","floor":4},{"not_picked":["Slimebound:FlameTackle","Slimebound:RollThrough"],"picked":"Slimebound:SplitBruiser","floor":5},{"not_picked":["Slimebound:TongueLash","Slimebound:SplitMire","Slimebound:Replication"],"picked":"SKIP","floor":9},{"not_picked":["Slimebound:SplitBruiser","Slimebound:FlameTackle"],"picked":"Slimebound:SlimeBrawl","floor":10},{"not_picked":["Slimebound:SplitMire","Slimebound:FinishingTackle"],"picked":"Slimebound:PressTheAttack","floor":12},{"not_picked":["Slimebound:PressTheAttack","Slimebound:FormOfPuddle","Slimebound:SlimeBrawl"],"picked":"SKIP","floor":14},{"not_picked":["Slimebound:Nibble","Slimebound:FinishingTackle"],"picked":"Slimebound:DouseInSlime","floor":15}],"player_experience":137693,"relics_obtained":[{"floor":5,"key":"Omamori"},{"floor":7,"key":"ReplayTheSpireMod:Ninjato"}],"event_choices":[],"is_beta":false,"boss_relics":[],"items_purged_floors":[],"is_endless":false,"potions_floor_spawned":[2,3,4,15],"killed_by":"WA_ARCHETYPE_RETAIN","ascension_level":0}}