{"host":"itbqv4oobgse7q4n","time":1611777575,"event":{"mods":["100% Spire Juice","2.2 Compatiblity","Act Like it!","Aspiration","BaseMod","Bestiary","CapriCore","Card Forge","Colored Powertips","Evolution","Friendly Minions","FutureSeer","Gensokyo","GifTheSpireLib","Hero for Fun","Highlight Path","HololiveMod","Hubris","LagranYue(???·?)","Minty Spire (QoL Compilation)","Prisma Mod","Relic Filter","Reliquary","Remilia??????","Replay The Spire","Shop Mod","Small Relic Pack","StSLib","Td1madao Mod","The Alterego","The Animator","The Immortal","The Necromancer","The Sage","The Servant 0.9.4","The Wild Card","Wandering Minibosses","Yakumo Yukari mod"],"gold_per_floor":[125,125,125,125,15,50,68,106,106,134,134,7,7,46,46,184,184,262,405,405,405,62,191,191,230,282,490,490,38,63,88,88],"floor_reached":31,"language":"RUS","playtime":3464,"items_purged":[],"score":386,"play_id":"764c5d9a-8619-4dff-964e-e6da6833c929","local_time":"20210127225934","is_ascension_mode":false,"campfire_choices":[{"floor":15.0,"key":"DIG"}],"circlet_count":1,"master_deck":["Future_Strike+1","Future_Strike+1","Future_Strike+1","Future_Strike+1","Future_Defend+1","Future_Defend+1","Future_Defend+1","Future_Defend+1","Future_Future_Strike+1","Future_Future_Defend+1","Future_Infinite_Pain+1","Future_Hunt+1","Future_Counter_Strike+1","Future_Bounty+1","Future_Halflife_Period+1","Future_Infinite_Pain+1","Future_ToolBox+1","Future_Charge+1","Future_Charge+1","Future_Meteor+1","sagemod:Refine+1","Future_Meteor+1","Future_Confident_Turn+1","Future_Hat_Trick+1","Future_Bounty+1","Future_ToolBox+1","Future_Infinite_Pain+1","Future_Infinite_Pain+1","Future_Thrifty+1","Future_Time_Capsule+1","Future_Predestined+1","Future_Explosive_Armor+1","Gensokyo:RustyChest","Gensokyo:DepletedGenerator","Gensokyo:BlemishedSteel","Gensokyo:ExoticEgg","Gensokyo:Shovel"],"relics":["FutureRelic","Hammer of Thor","Seething Fire","Anvil of the Gods","Frozen Eye","EVO:Axolotl","Gensokyo:LunaticRedEyes","Blue Doll","reliquary:QuartzCube","Pear","Replay:Bandana","aspiration:ServantSkillbook","Centennial Puzzle","Circlet","reliquary:Knoch","hubris:Towel","hubris:EmptyBottle","reliquary:RoseTintedGlasses"],"acts_visited":["Gensokyo:Gensokyo","Gensokyo:Gensokyoer"],"potions_floor_usage":[23,25,25],"damage_taken":[{"damage":6.0,"enemies":"Gensokyo:Gryphon","floor":1.0,"turns":6.0},{"damage":19.0,"enemies":"Gensokyo:Cirno","floor":6.0,"turns":11.0},{"damage":4.0,"enemies":"Gensokyo:2_Kodama","floor":7.0,"turns":8.0},{"damage":6.0,"enemies":"Gensokyo:Aya","floor":8.0,"turns":6.0},{"damage":3.0,"enemies":"Gensokyo:3_Fairies","floor":10.0,"turns":10.0},{"damage":2.0,"enemies":"Gensokyo:2_Rabbits","floor":14.0,"turns":5.0},{"damage":2.0,"enemies":"Gensokyo:Kokoro","floor":16.0,"turns":8.0},{"damage":12.0,"enemies":"Gensokyo:CosmicMonolith","floor":18.0,"turns":6.0},{"damage":18.0,"enemies":"Gensokyo:2_Gloops","floor":19.0,"turns":10.0},{"damage":71,"enemies":"Gensokyo:Tenshi","floor":23,"turns":8},{"damage":14,"enemies":"Gensokyo:Slime_Group","floor":25,"turns":5},{"damage":4,"enemies":"Gensokyo:3_Gloops","floor":27,"turns":10},{"damage":13,"enemies":"Gensokyo:Koishi","floor":31,"turns":4}],"seed_played":"-6192430740628869252","potions_obtained":[{"floor":1.0,"key":"potionbrewer:AcidPotion"},{"floor":7.0,"key":"FearPotion"},{"floor":14.0,"key":"Fire Potion"},{"floor":16.0,"key":"SneckoOil"},{"floor":19.0,"key":"SmokeBomb"}],"is_trial":false,"path_per_floor":["M","?","?","?","$","E","M","E","T","M","?","$","?","M","R","B",null,"M","M","$","?","$","E","?","M","T","M","?","COS","T","E"],"character_chosen":"FUTURESEER","items_purchased":["Future_Hunt","Future_Counter_Strike+1","Future_Charge","Future_Meteor","sagemod:Refine","Future_Infinite_Pain","Centennial Puzzle","Future_Thrifty","Future_Time_Capsule"],"campfire_rested":0,"item_purchase_floors":[5,5,12,12,12,22,22,22,22],"current_hp_per_floor":[71,71,64,64,64,53,57,59,59,64,59,59,67,80,80,86,88,88,74,74,74,74,18,18,8,8,16,16,16,16,3,3],"gold":88,"neow_bonus":"TEN_PERCENT_HP_BONUS","is_daily":false,"chose_seed":false,"campfire_upgraded":0,"win_rate":0.0,"timestamp":1611777574,"path_taken":["M","?","?","?","?","E","?","E","T","M","?","$","?","M","R","BOSS","M","?","$","?","?","E","?","M","T","M","?","COS","?","E"],"items_purchased_type":["Card","Card","Card","Card","Card","Card","Relic","Card","Card"],"build_version":"2020-12-22","purchased_purges":0,"victory":false,"max_hp_per_floor":[71,71,71,71,71,71,71,71,71,71,81,81,81,88,88,88,88,88,88,88,88,88,95,95,95,95,95,95,95,95,95,95],"card_choices":[{"not_picked":["Future_Counter_Strike","Future_Push_Time"],"picked":"Future_Infinite_Pain","floor":1.0},{"not_picked":["Future_Time_Contraction","Future_Overhead"],"picked":"Future_Bounty","floor":6.0},{"not_picked":["Future_Solid_Time","Future_Doom"],"picked":"Future_Halflife_Period","floor":7.0},{"not_picked":["Future_Push_Time","Future_Time_Capsule"],"picked":"Future_Infinite_Pain","floor":8.0},{"not_picked":["Future_Delay","Future_Push_Time"],"picked":"Future_ToolBox","floor":10.0},{"not_picked":["Future_Overdraft","Future_Future_Strike"],"picked":"Future_Meteor","floor":14.0},{"not_picked":["Future_Overhead","Future_Borrow"],"picked":"Future_Confident_Turn","floor":16.0},{"not_picked":["Future_Lie","Future_Meteor","Future_Retry"],"picked":"Future_Hat_Trick","floor":18.0},{"not_picked":["Future_Overdraft","Future_Time_Bomb","Future_Future_Strike"],"picked":"Future_Bounty+1","floor":19.0},{"not_picked":["Future_Meteor","Future_Bounty+1","Future_Future_Defend"],"picked":"Future_Time_Contraction+1","floor":23},{"not_picked":["Future_Future_Defend+1","Future_Probing_Attack","Future_Future_Strike"],"picked":"Future_Explosive_Armor+1","floor":27}],"player_experience":201869,"relics_obtained":[{"floor":6.0,"key":"Blue Doll"},{"floor":8.0,"key":"reliquary:QuartzCube"},{"floor":15.0,"key":"Replay:Bandana"},{"floor":23,"key":"Circlet"},{"floor":26,"key":"reliquary:Knoch"},{"floor":30,"key":"reliquary:RoseTintedGlasses"}],"event_choices":[],"is_beta":false,"boss_relics":[{"not_picked":["sagemod:Falmels_Amulet","aspiration:IroncladSkillbook"],"picked":"aspiration:ServantSkillbook"}],"items_purged_floors":[],"is_endless":false,"potions_floor_spawned":[1,7,14,16,19,25],"killed_by":"Gensokyo:Koishi","ascension_level":0}}