{"host":"684z1xpuwaoqmmh1","time":1611758269,"event":{"mods":["BaseMod","Downfall","Hermit","Jorbs\u0027s Wanderer Trilogy","Marisa????????","Minty Spire (QoL Compilation)","Robot Space Explorer","Shade Mod","StSLib","The Bug Knight","The Cursed","The Dragon Tamer","The Hayseed","The Hierophant","The Marked","The Mystic","The Runesmith","The Senshi"],"gold_per_floor":[99,113,125,125,35,35,35,35,46,46,65,93,103,44,55,55,55,55],"floor_reached":16,"language":"ENG","playtime":706,"items_purged":["downfall:Malfunctioning"],"score":189,"play_id":"ae5003bf-19bb-4fa0-ac94-ca52719c4bd3","local_time":"20210127163749","is_ascension_mode":true,"campfire_choices":[{"data":"champ:Taunt","floor":1,"key":"SMITH"},{"floor":8,"key":"RECALL"}],"circlet_count":0,"master_deck":["AscendersBane","champ:Strike+1","champ:Strike","champ:Strike","champ:Strike+1","champ:Defend+1","champ:Defend","champ:Defend+1","champ:Defend+1","champ:Execute","champ:Taunt+1","champ:PreciseThrust","champ:DefensiveStyle","champ:VampiricStrike","champ:VampiricStrike","champ:GutPunch","Pain","champ:FanOfKnives","champ:Endure","champ:IronFortress","champ:HeavySlash","champ:ShieldWall","champ:ShieldWall"],"relics":["champ:ChampionCrown","War Paint","WarpedTongs","Art of War"],"acts_visited":["Exordium"],"potions_floor_usage":[12,16],"damage_taken":[{"damage":10,"enemies":"Cultist","floor":2,"turns":3},{"damage":10,"enemies":"Jaw Worm","floor":3,"turns":5},{"damage":10,"enemies":"downfall:FleeingMerchant","floor":5,"turns":4},{"damage":0,"enemies":"Small Slimes","floor":9,"turns":3},{"damage":5,"enemies":"Red Slaver","floor":11,"turns":3},{"damage":29,"enemies":"Gremlin Nob","floor":12,"turns":4},{"damage":15,"enemies":"Large Slime","floor":13,"turns":5},{"damage":16,"enemies":"downfall:FleeingMerchant","floor":14,"turns":4},{"damage":8,"enemies":"Blue Slaver","floor":15,"turns":3},{"damage":38,"enemies":"WA_ARCHETYPE_RETAIN","floor":16,"turns":8}],"seed_played":"2977187083838951054","potions_obtained":[{"floor":2,"key":"SkillPotion"},{"floor":3,"key":"AttackPotion"},{"floor":13,"key":"PowerPotion"}],"is_trial":false,"path_per_floor":["R","M","M","?","$","?","T","R","M","?","M","E","M","$","M","B"],"character_chosen":"THE_CHAMP","items_purchased":["champ:ShieldWall"],"campfire_rested":0,"item_purchase_floors":[14],"current_hp_per_floor":[81,81,81,81,81,81,81,81,81,81,76,57,52,46,38,0,0,0],"gold":55,"neow_bonus":"TEN_PERCENT_HP_BONUS","is_daily":false,"chose_seed":false,"campfire_upgraded":1,"win_rate":0.0,"timestamp":1611758269,"path_taken":["R","M","M","?","$","?","T","R","?","?","M","E","M","$","M","BOSS"],"items_purchased_type":["Card"],"build_version":"2020-12-22","purchased_purges":1,"victory":false,"max_hp_per_floor":[89,89,89,89,89,89,89,89,89,89,89,89,89,89,89,89,89,89],"card_choices":[{"not_picked":["champ:Circumvent","champ:Endure"],"picked":"champ:PreciseThrust","floor":2},{"not_picked":["champ:SkillfulDodge","champ:Lariat"],"picked":"champ:DefensiveStyle","floor":3},{"not_picked":["champ:Endure","champ:CrownThrow"],"picked":"champ:VampiricStrike","floor":5},{"not_picked":["champ:Backstep","champ:ShieldSlam"],"picked":"champ:GutPunch","floor":9},{"not_picked":["champ:SkillfulDodge","champ:Parry"],"picked":"champ:FanOfKnives","floor":11},{"not_picked":["champ:BladeFlurry","champ:FocusedBerserking"],"picked":"champ:Endure","floor":12},{"not_picked":["champ:BerserkerStyle","champ:PerfectedStrike"],"picked":"champ:IronFortress","floor":13},{"not_picked":["champ:BerserkersShout","champ:Haymaker"],"picked":"champ:HeavySlash","floor":14},{"not_picked":["champ:ViciousMockery","champ:FanOfKnives"],"picked":"champ:ShieldWall","floor":15}],"player_experience":2969856,"relics_obtained":[{"floor":7,"key":"War Paint"},{"floor":12,"key":"Art of War"}],"event_choices":[{"damage_healed":0,"gold_gain":0,"player_choice":"Rummage","damage_taken":0,"relics_obtained":["WarpedTongs"],"max_hp_gain":0,"max_hp_loss":0,"event_name":"Accursed Blacksmith","floor":10,"gold_loss":0,"cards_obtained":["Pain"]}],"is_beta":false,"boss_relics":[],"items_purged_floors":[5],"is_endless":false,"potions_floor_spawned":[2,3,13,15],"killed_by":"WA_ARCHETYPE_RETAIN","ascension_level":17}}