{"host":"\u003c无名\u003e","time":1611744234,"event":{"mods":["BaseMod","Downfall","Lobotomy","Minty Spire (QoL Compilation)","Quick Restart","Remilia（蕾米莉亚）","Replay The Spire","Robot Space Explorer","StSLib","The Bug Knight"],"gold_per_floor":[113,113,125,137,152,199,199,210,280,334,345,362,73,148,148,148,148],"floor_reached":16,"language":"ZHS","playtime":1473,"items_purged":["Defend_RM"],"score":150,"play_id":"3c3feeed-76da-488c-a1f0-b69a4d3bec90","local_time":"20210127184354","is_ascension_mode":true,"campfire_choices":[{"floor":15,"key":"REST"}],"circlet_count":0,"master_deck":["Strike_RM","Strike_RM","Strike_RM","Defend_RM","Defend_RM","Defend_RM","RedMoon","ScarletShoot+1","EndlessAdversity+1","WallGazer","FavorOfDestiny","Murderer","NightDance","Wellcheers","SuperhumanBloodyKnife","Scorched","RedRainbow","UniverseFragment","Stigmanizer","ShyLook","ScarletDevilSign","OSAHOGD","DemonKingCradle","PunishingBird","MHz","ChainGang","DevilSight"],"relics":["ScarletHat","CogitoBucket","Dream Catcher","LuminousBracelet","Pantograph","Replay:Towering Pillar of Hats","ReplayTheSpireMod:TigerMarble"],"acts_visited":["Exordium"],"potions_floor_usage":[10],"damage_taken":[{"damage":0.0,"enemies":"Cultist","floor":1.0,"turns":4.0},{"damage":6.0,"enemies":"Jaw Worm","floor":3.0,"turns":6.0},{"damage":0.0,"enemies":"2 Louse","floor":4.0,"turns":1.0},{"damage":7,"enemies":"Looter","floor":5,"turns":4},{"damage":12,"enemies":"3 Sentries","floor":6,"turns":6},{"damage":0,"enemies":"Blue Slaver","floor":8,"turns":1},{"damage":21,"enemies":"Lagavulin","floor":10,"turns":5},{"damage":10,"enemies":"Red Slaver","floor":11,"turns":4},{"damage":11,"enemies":"Large Slime","floor":12,"turns":4},{"damage":116,"enemies":"Fading Forest","floor":16,"turns":6}],"seed_played":"-8928591442154853919","potions_obtained":[{"floor":1.0,"key":"Flashbang"},{"floor":5,"key":"FearPotion"},{"floor":5,"key":"SkillPotion"},{"floor":8,"key":"LifebloodPotion"},{"floor":12,"key":"AttackPotion"}],"is_trial":false,"path_per_floor":["M","?","M","M","M","E","?","M","T","E","M","M","$","?","R","B"],"character_chosen":"REMILIA","items_purchased":["ReplayTheSpireMod:TigerMarble","ChainGang"],"campfire_rested":1,"item_purchase_floors":[13,13],"current_hp_per_floor":[75,75,71,71,68,56,41,59,59,49,45,42,42,31,58,0,0],"gold":148,"neow_bonus":"","is_daily":false,"chose_seed":false,"campfire_upgraded":0,"win_rate":0.0,"timestamp":1611744234,"path_taken":["M","?","M","?","M","E","?","M","T","E","M","M","$","?","R","BOSS"],"items_purchased_type":["Relic","Card"],"build_version":"2020-12-18","purchased_purges":1,"victory":false,"max_hp_per_floor":[75,75,75,75,75,75,75,90,90,90,90,90,90,90,90,90,90],"card_choices":[{"not_picked":["ReincarnationDial","UnderTheZenith"],"picked":"EndlessAdversity","floor":1.0},{"not_picked":["NothingThere","SpiderBud"],"picked":"WallGazer","floor":1.0},{"not_picked":["NightLord","ScarletImprint"],"picked":"FavorOfDestiny","floor":3.0},{"not_picked":["LongBird","SnowQueen"],"picked":"Murderer","floor":3.0},{"not_picked":["MiserableFate","StarOfDavid"],"picked":"NightDance","floor":4.0},{"not_picked":["SingingMachine","HeroicMonk"],"picked":"Wellcheers","floor":4.0},{"not_picked":["BloodyTrap","VampirishNight"],"picked":"SuperhumanBloodyKnife","floor":5},{"not_picked":["BigBadWolf","FairyFestival"],"picked":"Scorched","floor":5},{"not_picked":["VampireClaw","BombardNight"],"picked":"RedRainbow","floor":6},{"not_picked":["SpiderBud","ShyLook"],"picked":"UniverseFragment","floor":6},{"not_picked":["UnstableMagic","VampireFantasy"],"picked":"Stigmanizer","floor":8},{"not_picked":["OldLady","HeroicMonk"],"picked":"ShyLook","floor":8},{"not_picked":["NightDance","ForbiddenFruit"],"picked":"ScarletDevilSign","floor":10},{"not_picked":["SnowQueen","Bloodbath"],"picked":"OSAHOGD","floor":10},{"not_picked":["BlasphemousPunishment","ScarletImprint"],"picked":"DemonKingCradle","floor":11},{"not_picked":["VoidDream","NakedNest"],"picked":"PunishingBird","floor":11},{"not_picked":["VoidDream","LongBird"],"picked":"MHz","floor":12},{"not_picked":["UnderTheZenith","EndlessAdversity","DiffusionOfMisfortune"],"picked":"SKIP","floor":12},{"not_picked":["ScarletImprint","BloodHunter"],"picked":"DevilSight","floor":15}],"player_experience":577804,"relics_obtained":[{"floor":6,"key":"Dream Catcher"},{"floor":9,"key":"Pantograph"},{"floor":10,"key":"Replay:Towering Pillar of Hats"}],"event_choices":[{"cards_removed":["Strike_RM"],"damage_healed":0.0,"max_hp_gain":0.0,"max_hp_loss":0.0,"gold_gain":0.0,"event_name":"Bonfire Elementals","player_choice":"Offered Basic","floor":2.0,"gold_loss":0.0,"damage_taken":0.0},{"damage_healed":0,"gold_gain":0,"player_choice":"Entered Light","damage_taken":15,"max_hp_gain":0,"max_hp_loss":0,"event_name":"Shining Light","floor":7,"gold_loss":0,"cards_upgraded":["ScarletShoot","EndlessAdversity"]},{"damage_healed":0,"gold_gain":75,"player_choice":"Gather Gold","damage_taken":11,"max_hp_gain":0,"max_hp_loss":0,"event_name":"World of Goop","floor":14,"gold_loss":0}],"is_beta":true,"boss_relics":[],"items_purged_floors":[13],"is_endless":false,"potions_floor_spawned":[1,5,8,12],"killed_by":"Fading Forest","ascension_level":2}}