{"host":"7k2a2omxz3voj5ax","time":1611753401,"event":{"mods":["BaseMod","Marisa£¨ìFÓê¡¡Ä§ÀíÉ³£©","Minty Spire (QoL Compilation)","Quick Restart","Spicy Shops","StSLib","Starting Relic: Pandora\u0027s Box","Yakumo Yukari mod","¡¾ÒÅÎï¿¨ÅÆ¡¿REMEMod","óô»ðÖ¸ÄÏ"],"gold_per_floor":[118,118,136,146,160,175,1560,1588,747,759,806,893,921,933,531,561,561,639,639,649,664,132,132,132,159,174,206,206,222,222,12,48,59,59,138,138,148,148,162,173,173,191,223,233,263,263,263,263,263,51,81,97,97,97,97,97,97,18,54,54,54],"floor_reached":60,"language":"ZHS","playtime":2493,"items_purged":["Flying Knee","Outmaneuver","Dodge and Roll","Flechettes","All Out Attack","Underhanded Strike","Unload"],"score":2478,"play_id":"9bf7e5ef-ea95-46a0-84fa-1ed10006a369","local_time":"20210127221641","is_ascension_mode":true,"campfire_choices":[{"data":"Apotheosis","floor":17.0,"key":"SMITH"},{"floor":34.0,"key":"REST"},{"floor":53.0,"key":"RECALL"},{"floor":57.0,"key":"REST"}],"circlet_count":0,"master_deck":["AscendersBane","Dagger Throw","PiercingWail","Deflect","Eviscerate","TalkToTheHand","Prepared","Acrobatics+1","Blade Dance","Accuracy","Tactician","Apotheosis+1","Accuracy","Tools of the Trade","Reflex","Envenom","Fasting2","Injury","After Image","ManaConvection"],"relics":["Pandora\u0027s Box","REME_ComplimentaryCards","NeowsBlessing","Mummified Hand","Gremlin Horn","REME_HourglassOfDeath","Medical Kit","Calipers","MawBank","Pen Nib","Blue Candle","Ornamental Fan","InkBottle","Runic Pyramid","PrismaticShard","Bag of Marbles","CeramicFish","Matryoshka","Chemical X","Incense Burner","Tiny Chest","Fusion Hammer","REME_PoisonedDagger","HornCleat","Ancient Tea Set","Bottled Lightning","Kunai","Pear","Membership Card","Akabeko","Toy Ornithopter","Oddly Smooth Stone"],"acts_visited":["Exordium","TheCity","TheBeyond","TheEnding"],"potions_floor_usage":[],"damage_taken":[{"damage":0.0,"enemies":"Small Slimes","floor":1.0,"turns":1.0},{"damage":0.0,"enemies":"Cultist","floor":3.0,"turns":1.0},{"damage":0.0,"enemies":"Jaw Worm","floor":4.0,"turns":1.0},{"damage":9.0,"enemies":"3 Louse","floor":5.0,"turns":3.0},{"damage":12.0,"enemies":"2 Fungi Beasts","floor":6.0,"turns":3.0},{"damage":6.0,"enemies":"3 Sentries","floor":8.0,"turns":3.0},{"damage":0.0,"enemies":"Lagavulin","floor":11.0,"turns":5.0},{"damage":11.0,"enemies":"Looter","floor":13.0,"turns":2.0},{"damage":12.0,"enemies":"3 Sentries","floor":16.0,"turns":3.0},{"damage":0.0,"enemies":"Hexaghost","floor":18.0,"turns":4.0},{"damage":3.0,"enemies":"2 Thieves","floor":20.0,"turns":2.0},{"damage":0.0,"enemies":"Chosen","floor":21.0,"turns":3.0},{"damage":7.0,"enemies":"Book of Stabbing","floor":25.0,"turns":2.0},{"damage":6.0,"enemies":"Snecko","floor":26.0,"turns":3.0},{"damage":0.0,"enemies":"Gremlin Leader","floor":27.0,"turns":2.0},{"damage":0.0,"enemies":"Sentry and Sphere","floor":29.0,"turns":2.0},{"damage":2.0,"enemies":"Book of Stabbing","floor":32.0,"turns":3.0},{"damage":19.0,"enemies":"Shelled Parasite and Fungi","floor":33.0,"turns":2.0},{"damage":6.0,"enemies":"Champ","floor":35.0,"turns":3.0},{"damage":9.0,"enemies":"Orb Walker","floor":37.0,"turns":2.0},{"damage":2.0,"enemies":"3 Shapes","floor":39.0,"turns":1.0},{"damage":0.0,"enemies":"Jaw Worm Horde","floor":40.0,"turns":2.0},{"damage":23.0,"enemies":"Sphere and 2 Shapes","floor":42.0,"turns":3.0},{"damage":1.0,"enemies":"Nemesis","floor":43.0,"turns":5.0},{"damage":0.0,"enemies":"3 Darklings","floor":44.0,"turns":2.0},{"damage":1.0,"enemies":"Reptomancer","floor":45.0,"turns":3.0},{"damage":1.0,"enemies":"Nemesis","floor":51.0,"turns":3.0},{"damage":1.0,"enemies":"Transient","floor":52.0,"turns":2.0},{"damage":9.0,"enemies":"Time Eater","floor":54.0,"turns":4.0},{"damage":1.0,"enemies":"Awakened One","floor":55.0,"turns":3.0},{"damage":44,"enemies":"Shield and Spear","floor":59,"turns":3},{"damage":82,"enemies":"The Heart","floor":60,"turns":3}],"seed_played":"3443455998750080931","potions_obtained":[{"floor":5.0,"key":"FearPotion"},{"floor":6.0,"key":"Explosive Potion"},{"floor":11.0,"key":"Strength Potion"},{"floor":18.0,"key":"Energy Potion"},{"floor":21.0,"key":"Fire Potion"},{"floor":29.0,"key":"SneckoOil"},{"floor":32.0,"key":"Weak Potion"},{"floor":33.0,"key":"SpeedPotion"}],"is_trial":false,"path_per_floor":["M","?","M","M","M","M","R","E","R","T","E","?","M","T","$","E","R","B",null,"M","M","$","?","?","E","M","E","T","M","?","$","E","M","R","B",null,"M","?","M","M","$","M","E","M","E","?","T","?","T","$","E","M","R","B","B",null,"R","$","E","B"],"character_chosen":"THE_SILENT","items_purchased":["Mummified Hand","Gremlin Horn","Accuracy","Medical Kit","Calipers","Apotheosis","MawBank","Accuracy","Ornamental Fan","PrismaticShard","Chemical X","Incense Burner","Membership Card","Akabeko","After Image"],"campfire_rested":2,"item_purchase_floors":[7,7,7,9,9,9,9,9,15,22,31,31,50,50,58],"current_hp_per_floor":[59,66,66,66,57,45,45,39,39,39,39,28,17,17,17,5,5,5,51,48,48,48,48,48,41,35,35,35,35,35,35,33,14,33,27,56,47,47,45,45,45,22,21,21,20,20,20,20,30,30,29,28,28,24,23,61,73,73,29,0,0],"gold":54,"neow_bonus":"THREE_ENEMY_KILL","is_daily":false,"chose_seed":false,"campfire_upgraded":1,"win_rate":0.0,"timestamp":1611753401,"path_taken":["M","?","M","M","M","?","R","E","R","T","E","?","M","?","$","E","R","BOSS","M","M","$","?","?","E","M","E","T","M","?","$","E","M","R","BOSS","M","?","M","M","$","M","E","M","E","?","T","?","?","$","E","M","R","BOSS","BOSS","R","$","E","BOSS"],"items_purchased_type":["Relic","Relic","Card","Relic","Relic","Card","Relic","Card","Relic","Relic","Relic","Relic","Relic","Relic","Card"],"build_version":"2020-12-22","purchased_purges":7,"victory":false,"max_hp_per_floor":[66,66,66,66,66,66,66,66,66,66,66,66,66,66,66,66,66,66,66,66,66,66,66,66,66,66,66,66,66,66,66,66,66,66,66,66,66,63,63,63,63,63,63,63,63,63,63,63,73,73,73,73,73,73,73,73,73,73,73,73,73],"card_choices":[{"not_picked":["Masterful Stab","Endless Agony"],"picked":"Prepared","floor":1.0},{"not_picked":["Cloak And Dagger","Dagger Throw"],"picked":"Acrobatics","floor":3.0},{"not_picked":["Heel Hook","Deadly Poison","Poisoned Stab"],"picked":"SKIP","floor":4.0},{"not_picked":["Acrobatics","Flying Knee"],"picked":"Blade Dance","floor":5.0},{"not_picked":["Infinite Blades","Slice","A Thousand Cuts"],"picked":"SKIP","floor":6.0},{"not_picked":["Infinite Blades","Leg Sweep"],"picked":"Tactician","floor":8.0},{"not_picked":["Quick Slash","Well Laid Plans","Skewer"],"picked":"SKIP","floor":11.0},{"not_picked":["Backflip","Deadly Poison","Quick Slash"],"picked":"SKIP","floor":13.0},{"not_picked":["PiercingWail","Crippling Poison","Dodge and Roll"],"picked":"SKIP","floor":16.0},{"not_picked":["Glass Knife","Phantasmal Killer"],"picked":"Tools of the Trade","floor":18.0},{"not_picked":["Leg Sweep","Well Laid Plans","Cloak And Dagger"],"picked":"SKIP","floor":20.0},{"not_picked":["Dagger Spray","Predator"],"picked":"Reflex","floor":21.0},{"not_picked":["Discovery","Conserve Battery","Redo"],"picked":"SKIP","floor":25.0},{"not_picked":["Barrage","REME_HeartOfCthun","Warcry+1"],"picked":"SKIP","floor":26.0},{"not_picked":["Blade Dance+1","Theboundaryofcreation_purpleEX","Disarm"],"picked":"SKIP","floor":27.0},{"not_picked":["Crippling Poison","Discovery","WitchLeyline"],"picked":"SKIP","floor":29.0},{"not_picked":["Immolate","Force Field"],"picked":"Fasting2","floor":32.0},{"not_picked":["SfantasyHide_purple","Endless Agony","Cloak And Dagger"],"picked":"SKIP","floor":33.0},{"not_picked":["Ball Lightning","Caltrops","Wild Strike"],"picked":"SKIP","floor":37.0},{"not_picked":["REME_SingleHolding","Wild Strike+1","Prostrate+1"],"picked":"SKIP","floor":39.0},{"not_picked":["Flechettes","Compile Driver","SharpContractionReality_purple+1"],"picked":"SKIP","floor":40.0},{"not_picked":["EmptyBody+1","Coolheaded+1","Halt"],"picked":"SKIP","floor":42.0},{"not_picked":["Auto Shields","SignatureMove+1","Outmaneuver+1"],"picked":"SKIP","floor":43.0},{"not_picked":["Pray+1","Body Slam","Shrug It Off+1"],"picked":"SKIP","floor":44.0},{"not_picked":["Go for the Eyes","UnstableBomb","JustLucky+1"],"picked":"SKIP","floor":45.0},{"not_picked":["Charmbait_purple","REME_Repentance","Dagger Spray"],"picked":"SKIP","floor":51.0},{"not_picked":["WitchOfGreed","Heavy Blade+1","MentalFortress"],"picked":"SKIP","floor":52.0},{"not_picked":["Chrysalis","Clash+1"],"picked":"ManaConvection","floor":59}],"player_experience":303431,"relics_obtained":[{"floor":8.0,"key":"REME_HourglassOfDeath"},{"floor":11.0,"key":"Pen Nib"},{"floor":14.0,"key":"Blue Candle"},{"floor":16.0,"key":"InkBottle"},{"floor":25.0,"key":"Bag of Marbles"},{"floor":27.0,"key":"CeramicFish"},{"floor":28.0,"key":"Matryoshka"},{"floor":32.0,"key":"Tiny Chest"},{"floor":43.0,"key":"REME_PoisonedDagger"},{"floor":45.0,"key":"HornCleat"},{"floor":47.0,"key":"Ancient Tea Set"},{"floor":47.0,"key":"Bottled Lightning"},{"floor":49.0,"key":"Kunai"},{"floor":49.0,"key":"Pear"},{"floor":51.0,"key":"Toy Ornithopter"},{"floor":59,"key":"Oddly Smooth Stone"}],"event_choices":[{"damage_healed":7.0,"max_hp_gain":0.0,"max_hp_loss":0.0,"gold_gain":0.0,"event_name":"Wheel of Change","player_choice":"Full Heal","floor":2.0,"gold_loss":0.0,"damage_taken":0.0},{"damage_healed":0.0,"max_hp_gain":0.0,"max_hp_loss":0.0,"gold_gain":75.0,"event_name":"World of Goop","player_choice":"Gather Gold","floor":12.0,"gold_loss":0.0,"damage_taken":11.0},{"damage_healed":0.0,"max_hp_gain":0.0,"max_hp_loss":0.0,"gold_gain":0.0,"cards_transformed":["Survivor","Neutralize"],"event_name":"Drug Dealer","player_choice":"Became Test Subject","floor":23.0,"gold_loss":0.0,"damage_taken":0.0,"cards_obtained":["Unload","Envenom"]},{"damage_healed":0.0,"max_hp_gain":0.0,"max_hp_loss":0.0,"gold_gain":0.0,"event_name":"The Mausoleum","player_choice":"Ignored","floor":24.0,"gold_loss":0.0,"damage_taken":0.0},{"damage_healed":0.0,"max_hp_gain":0.0,"max_hp_loss":0.0,"gold_gain":0.0,"event_name":"Vampires","player_choice":"Ignored","floor":30.0,"gold_loss":0.0,"damage_taken":0.0},{"damage_healed":0.0,"max_hp_gain":0.0,"max_hp_loss":3.0,"gold_gain":0.0,"event_name":"Winding Halls","player_choice":"Max HP","floor":38.0,"gold_loss":0.0,"damage_taken":0.0},{"damage_healed":0.0,"max_hp_gain":0.0,"max_hp_loss":0.0,"gold_gain":0.0,"event_name":"Tomb of Lord Red Mask","player_choice":"Ignored","floor":46.0,"gold_loss":0.0,"damage_taken":0.0},{"damage_healed":0.0,"max_hp_gain":0.0,"max_hp_loss":0.0,"gold_gain":0.0,"event_name":"Accursed Blacksmith","player_choice":"Forge","floor":48.0,"gold_loss":0.0,"damage_taken":0.0,"cards_upgraded":["Acrobatics"]}],"is_beta":false,"boss_relics":[{"not_picked":["Calling Bell","SacredBark"],"picked":"Runic Pyramid"},{"not_picked":["REME_DuelDisc","Black Star"],"picked":"Fusion Hammer"}],"items_purged_floors":[7,7,9,15,22,22,50],"is_endless":false,"potions_floor_spawned":[5,6,11,18,21,29,32,33,40,42,43],"killed_by":"The Heart","ascension_level":20}}