{"host":"pesfwaef25r60kxm","time":1611735184,"event":{"mods":["ATMod(阿瑾Mod)","Act Like it!","Arknights The Spire","BaseMod","Colored Powertips","Gensokyo","Minty Spire (QoL Compilation)","Replay The Spire","RumiaBox-露米娅的神秘盒子","Spicy Shops","StSLib","WarShipGirlsR/战舰少女R mod","[IsaacMod]以撒尖塔","noobMod","【遗物卡牌】REMEMod"],"gold_per_floor":[112,126,146,146,159,193,212,246,246,246,279,289,289,289,289,301,301,404,404,421,432,449,272,272,298,310,310,310,339,339,864,864,881,881,978,978,989,1003,1003,1003,1003,1037,1037,1065,1065,1078,1092,1112,1145,1160,1160,1160,1160,1160,110,140,140],"floor_reached":58,"language":"ZHS","playtime":1359,"items_purged":["Strike_R","Writhe"],"score":1797,"play_id":"34edd147-d955-483c-a397-f48c67d63c1a","local_time":"20210127161304","is_ascension_mode":true,"campfire_choices":[{"data":"AT_ShrugMaster","floor":10,"key":"SMITH"},{"data":"Limit Break","floor":13,"key":"SMITH"},{"floor":17,"key":"RECALL"},{"data":"Inflame","floor":27,"key":"SMITH"},{"data":"Heavy Blade","floor":32,"key":"SMITH"},{"data":"Whirlwind","floor":34,"key":"SMITH"},{"data":"Limit Break","floor":43,"key":"SMITH"},{"data":"Bash","floor":54,"key":"SMITH"}],"circlet_count":0,"master_deck":["Strike_R","Strike_R","Strike_R","Defend_R","Defend_R","Defend_R","Bash+1","AT_PowerWithin","Limit Break+1","Inflame+1","Offering+1","Whirlwind+1","Heavy Blade+1","Limit Break+1","Corruption","Gensokyo:Dawn+1","Exhume"],"relics":["Burning Blood","HushsDoor","ice","REME_ComplimentaryCards","AT_ATBox","NeowsBlessing","DoctorsRemote","AddBug","SecretRecord","SecretRecord","SecretRecord","SecretRecord","SecretRecord","SecretRecord","SecretRecord","SecretRecord","SecretRecord","SecretRecord"],"acts_visited":["Exordium","Exordium","Gensokyo:Gensokyoer","TheEnding"],"potions_floor_usage":[7,18,18,35,35,47,52,55,57,57],"damage_taken":[{"damage":1,"enemies":"Cultist","floor":1,"turns":1},{"damage":0,"enemies":"2 Louse","floor":2,"turns":1},{"damage":0,"enemies":"Small Slimes","floor":3,"turns":1},{"damage":0,"enemies":"Exordium Wildlife","floor":5,"turns":1},{"damage":24,"enemies":"3 Sentries","floor":6,"turns":3},{"damage":22,"enemies":"3 Louse","floor":7,"turns":3},{"damage":5,"enemies":"Lagavulin","floor":8,"turns":4},{"damage":8,"enemies":"Gremlin Nob","floor":11,"turns":3},{"damage":19,"enemies":"Large Slime","floor":12,"turns":3},{"damage":19,"enemies":"Exordium Wildlife","floor":16,"turns":3},{"damage":6,"enemies":"Slime Boss","floor":18,"turns":3},{"damage":16,"enemies":"Gensokyo:Chomper","floor":20,"turns":3},{"damage":21,"enemies":"Gensokyo:AngelMirror","floor":21,"turns":2},{"damage":28,"enemies":"Gensokyo:Chomper_and_Gloop","floor":22,"turns":3},{"damage":14,"enemies":"Gensokyo:Koishi","floor":25,"turns":2},{"damage":16,"enemies":"Gensokyo:Wraith","floor":26,"turns":2},{"damage":8,"enemies":"Gensokyo:Reisen","floor":29,"turns":2},{"damage":46,"enemies":"Gensokyo:Tenshi","floor":31,"turns":2},{"damage":0,"enemies":"Gensokyo:3_Gloops","floor":33,"turns":2},{"damage":27,"enemies":"Gensokyo:Kaguya","floor":35,"turns":3},{"damage":0,"enemies":"Gensokyo:3_Boulders","floor":37,"turns":1},{"damage":6,"enemies":"Gensokyo:3_Bats","floor":38,"turns":1},{"damage":0,"enemies":"Gensokyo:3_Bats","floor":41,"turns":4},{"damage":6,"enemies":"Gensokyo:Kasen","floor":42,"turns":1},{"damage":18,"enemies":"Gensokyo:Marisa","floor":44,"turns":2},{"damage":6,"enemies":"Gensokyo:Sharpion","floor":46,"turns":1},{"damage":3,"enemies":"Gensokyo:AtlasGolem","floor":47,"turns":2},{"damage":0,"enemies":"Gensokyo:SeedOfUnknown","floor":48,"turns":2},{"damage":6,"enemies":"Gensokyo:Doremy","floor":49,"turns":2},{"damage":3,"enemies":"Gensokyo:Rafflesia","floor":50,"turns":2},{"damage":4,"enemies":"Gensokyo:Yuyuko","floor":52,"turns":1},{"damage":15,"enemies":"Shield and Spear","floor":56,"turns":2},{"damage":218,"enemies":"Delirium","floor":57,"turns":5}],"seed_played":"8607494249877149632","potions_obtained":[{"floor":1,"key":"BloodPotion"},{"floor":3,"key":"ColorlessPotion"},{"floor":7,"key":"REME_GoldPotion"},{"floor":11,"key":"SmokeBomb"},{"floor":12,"key":"HeartOfIron"},{"floor":18,"key":"ElixirPotion"},{"floor":21,"key":"AttackPotion"},{"floor":35,"key":"REME_GoldPotion"},{"floor":37,"key":"Venom Potion"},{"floor":47,"key":"Fruit Juice"},{"floor":49,"key":"AttackPotion"}],"is_trial":false,"path_per_floor":["M","M","M","?","M","E","M","E","T","R","E","M","R","PTL","PTL","M","R","B",null,"M","M","M","COS","?","E","M","R","T","E","?","E","R","M","R","B",null,"M","M","?","COS","?","E","R","E","T","M","M","M","E","M","R","B",null,"R","$","E","B",null],"character_chosen":"IRONCLAD","items_purchased":["DeadEye","Doom Potion","SkillPotion","Replay:Bottled Snecko","Toolbox","GuppysHead"],"campfire_rested":0,"item_purchase_floors":[55,55,55,55,55,55],"current_hp_per_floor":[80,80,80,60,66,48,32,33,33,33,31,18,18,18,18,79,79,79,75,65,50,28,28,28,82,72,72,72,70,70,30,30,36,36,15,93,93,93,86,86,86,86,86,74,74,74,82,88,88,91,97,97,97,97,97,88,761],"gold":140,"neow_bonus":"THREE_ENEMY_KILL","is_daily":false,"chose_seed":false,"campfire_upgraded":7,"win_rate":0.0,"timestamp":1611735184,"path_taken":["M","?","?","?","M","E","?","E","T","R","E","M","R","PTL","PTL","M","R","BOSS","M","M","M","COS","?","E","M","R","T","E","?","E","R","M","R","BOSS","M","M","?","COS","?","E","R","E","T","M","M","M","E","M","R","BOSS","R","$","E","BOSS"],"items_purchased_type":["Relic","Potion","Potion","Relic","Relic","Relic"],"build_version":"2020-12-22","purchased_purges":2,"victory":true,"max_hp_per_floor":[80,80,80,80,80,80,80,80,80,80,80,80,80,80,80,80,80,80,75,78,80,83,83,83,83,87,87,87,87,87,90,90,90,90,93,93,93,93,86,86,86,86,86,92,92,92,97,97,97,97,97,97,97,97,97,100,816],"card_choices":[{"not_picked":[],"picked":"ChaosCard","floor":0},{"not_picked":["AT_BodySlamDance","Wild Strike","Anger"],"picked":"SKIP","floor":1},{"not_picked":["AT_DiedThrough","Havoc","Thunderclap"],"picked":"SKIP","floor":2},{"not_picked":["Perfected Strike","Run Through"],"picked":"Bomb","floor":3},{"not_picked":["REME_Scribble","Cleave","Thunderclap"],"picked":"SKIP","floor":5},{"not_picked":["Immolate","Pommel Strike"],"picked":"AT_ShrugMaster","floor":6},{"not_picked":["Seeing Red","ReplayTheSpireMod:Strike From Hell"],"picked":"Inflame","floor":7},{"not_picked":["Twin Strike","Clothesline","Fire Breathing"],"picked":"SKIP","floor":8},{"not_picked":["Flame Barrier","Replay:Undeath\u0027s Touch","Second Wind"],"picked":"SKIP","floor":11},{"not_picked":["Bloodletting","Fire Breathing","ReplayReversal"],"picked":"SKIP","floor":12},{"not_picked":["Thunderclap","AT_CaressingTears"],"picked":"Bomb","floor":16},{"not_picked":["Demonic Infusion","AT_Dispersion"],"picked":"Offering","floor":18},{"not_picked":["Iron Wave","Defy Death+1","ReplayTheSpireMod:Strike From Hell"],"picked":"SKIP","floor":20},{"not_picked":["Clothesline+1","Anger+1"],"picked":"Whirlwind","floor":21},{"not_picked":["Entrench+1","AT_BodySlamDance+1","Dropkick"],"picked":"SKIP","floor":22},{"not_picked":["Iron Wave+1","REME_FearOfPain+1"],"picked":"Heavy Blade","floor":25},{"not_picked":["Body Slam","Replay:Undeath\u0027s Touch","Perfected Strike"],"picked":"SKIP","floor":26},{"not_picked":["Pommel Strike","Replay:Undeath\u0027s Touch"],"picked":"Limit Break","floor":29},{"not_picked":["AT_DrawKnifeCut+1","Heavy Blade","Clothesline"],"picked":"SKIP","floor":31},{"not_picked":["Run Through+1","Perfected Strike","Clash"],"picked":"SKIP","floor":33},{"not_picked":["REME_Fury","REME_TheLastStrike"],"picked":"Corruption","floor":35},{"not_picked":["AT_BodySlamDance+1","Pommel Strike","Battle Trance"],"picked":"SKIP","floor":37},{"not_picked":["Body Slam+1","REME_Cut+1","Iron Wave+1"],"picked":"SKIP","floor":38},{"not_picked":["Gensokyo:RisingWorld+1","Gensokyo:UnlikelyAid+1"],"picked":"Gensokyo:Dawn+1","floor":41},{"not_picked":["Disarm","Iron Wave+1","AT_ShrugMaster"],"picked":"SKIP","floor":42},{"not_picked":["Second Wind+1","ReplayTheSpireMod:Stacked+1","Dual Wield"],"picked":"SKIP","floor":44},{"not_picked":["Flame Barrier+1","Replay:Undeath\u0027s Touch","Whirlwind+1"],"picked":"SKIP","floor":46},{"not_picked":["Carnage+1","Havoc","Warcry"],"picked":"SKIP","floor":47},{"not_picked":["ReplayTheSpireMod:Corrosion Curse","Anger","Warcry"],"picked":"SKIP","floor":48},{"not_picked":["ReplayTheSpireMod:Stacked+1","Seeing Red","Impervious"],"picked":"SKIP","floor":49},{"not_picked":["Perfected Strike","Pommel Strike","Shrug It Off"],"picked":"SKIP","floor":50},{"not_picked":["Twin Strike","True Grit+1"],"picked":"Exhume","floor":56}],"player_experience":96301,"relics_obtained":[{"floor":1,"key":"AddBug"},{"floor":5,"key":"SecretRecord"},{"floor":6,"key":"BloodDonationMachine"},{"floor":7,"key":"SecretRecord"},{"floor":8,"key":"SecretRecord"},{"floor":8,"key":"MagicDraw3"},{"floor":9,"key":"Molten Egg 2"},{"floor":11,"key":"Replay:Bottled Flurry"},{"floor":20,"key":"SecretRecord"},{"floor":22,"key":"SecretRecord"},{"floor":25,"key":"SecretRecord"},{"floor":25,"key":"BookofShadows"},{"floor":29,"key":"ReplayTheSpireMod:Spearhead"},{"floor":31,"key":"Calipers"},{"floor":42,"key":"SecretRecord"},{"floor":42,"key":"Girya"},{"floor":44,"key":"SecretRecord"},{"floor":44,"key":"Kunai"},{"floor":45,"key":"MagicDraw4"},{"floor":47,"key":"SecretRecord"},{"floor":49,"key":"GodSword3"},{"floor":56,"key":"CaptainsWheel"}],"event_choices":[{"damage_healed":0,"gold_gain":0,"player_choice":"Take Damage","damage_taken":20,"relics_obtained":["Golden Idol"],"max_hp_gain":0,"max_hp_loss":0,"event_name":"Golden Idol","floor":4,"gold_loss":0}],"is_beta":false,"boss_relics":[{"not_picked":["Honey Jar","REME_LowDesire"],"picked":"SoulBox"},{"not_picked":[]},{"not_picked":["ReplayTheSpireMod:DimensionalGlitch","Runic Pyramid"],"picked":"AT_MortalBlade"},{"not_picked":[]}],"items_purged_floors":[19,55],"is_endless":false,"potions_floor_spawned":[1,3,7,11,12,18,21,22,26,33,35,37,38,47,49,50],"ascension_level":3}}