{"host":"appz8zkad29u9482","time":1611728540,"event":{"mods":["100% Spire Juice","2.2 Compatiblity","Act Like it!","Aspiration","Bard","BaseMod","Beaked The Cultist","Better Altar","Better Match","Better Note","Better Sensory Stone","Better Skull","Better Third Choice","BetterRewards","CapriCore","Conspire","Disable Question Mark Monsters","Energized Spire","GifTheSpireLib","Gold Saver","Halation","Hermit","Hubris","Jedi Mod","Marisa????????","Minty Spire (QoL Compilation)","Permanent Neow","Replay The Spire","Spicy Shops","Spire Arcade","StSLib","Strawberry Spire","Stuff the Spire","The Cursed","The Immortal","yUi"],"gold_per_floor":[1008,787,787,26,42,42,92,104,179,179,209,209,248,248,248,384,384,432,432,463,505,549,549,574,574,600,95,95,95,135,135,135,255,305,320,367,367,118,129,163,183,183,253,253,253,284,131,159,159,173],"floor_reached":51,"language":"ENG","playtime":2538,"items_purged":["hubris:Despair","Pain"],"score":1135,"play_id":"f764733d-7407-4b37-b73f-d2e06c25afcb","local_time":"20210126202220","is_ascension_mode":true,"campfire_choices":[{"data":"1","floor":6,"key":"LIFT"},{"data":"2","floor":12,"key":"LIFT"},{"data":"3","floor":15,"key":"LIFT"},{"data":"UltimateShortwave","floor":23,"key":"SMITH"},{"data":"OortCloud","floor":25,"key":"SMITH"},{"data":"CasketOfStar","floor":28,"key":"SMITH"},{"data":"OortCloud","floor":32,"key":"SMITH"},{"data":"BinaryStars","floor":42,"key":"SMITH"},{"data":"BinaryStars","floor":49,"key":"SMITH"}],"circlet_count":0,"master_deck":["Strike_MRS+1","Strike_MRS","Strike_MRS","Defend_MRS+1","Defend_MRS","Defend_MRS+1","Defend_MRS","UpSweep","WitchOfGreed","OortCloud+1","AsteroidBelt","Acceleration","PropBag+1","LuminesStrike","WitchOfGreed+1","OortCloud+1","UltimateShortwave+1","GrandCross","MasterSpark","OortCloud+1","MysteriousBeam+1","Parasite","Parasite","CasketOfStar+1","SporeBomb+1","BinaryStars+1","ChargingUp+1","LuminesStrike","BinaryStars+1","GrandCross+1"],"relics":["MiniHakkero","strawberrySpire:Flakhammer","StuffTheSpire:Gunfinga","WarpedTongs","halation:LettersToHer","Girya","Anchor","ReplayTheSpireMod:Shallot","Replay:Ringing Soul","aspiration:HummingbirdHeart","Replay:Bronze Core","StuffTheSpire:Mouthbags","ShroomBag","StuffTheSpire:HeavyRock","Tiny Chest","strawberrySpire:StillNotAdequateHouse","Tiny House","Regal Pillow","Matryoshka","Bag of Preparation","War Paint","Golden Egg","hubris:Icosahedron","Vajra","Singing Bowl","strawberrySpire:TinySteamboat","Replay:Bandana"],"acts_visited":["Exordium","TheCity","TheBeyond"],"potions_floor_usage":[16,16,16,18,18,20,21,22,24,24,40,40],"damage_taken":[{"damage":2,"enemies":"conspire:RoseBush","floor":1,"turns":4},{"damage":0,"enemies":"Cultist","floor":5,"turns":3},{"damage":2,"enemies":"strawberrySpire:EnergyPylons","floor":7,"turns":6},{"damage":0,"enemies":"Jaw Worm","floor":8,"turns":2},{"damage":0,"enemies":"Large Slime","floor":11,"turns":5},{"damage":0,"enemies":"Blue Slaver","floor":13,"turns":3},{"damage":0,"enemies":"Slime Boss","floor":16,"turns":8},{"damage":11,"enemies":"Chosen","floor":18,"turns":5},{"damage":0,"enemies":"3 Byrds","floor":20,"turns":3},{"damage":0,"enemies":"3 Cultists","floor":21,"turns":5},{"damage":0,"enemies":"Cultist and Chosen","floor":22,"turns":4},{"damage":0,"enemies":"Gremlin Leader","floor":24,"turns":3},{"damage":0,"enemies":"Centurion and Healer","floor":30,"turns":4},{"damage":0,"enemies":"conspire:MysteriousRune","floor":33,"turns":7},{"damage":0,"enemies":"Orb Walker","floor":35,"turns":3},{"damage":13,"enemies":"3 Shapes","floor":39,"turns":4},{"damage":0,"enemies":"Giant Head","floor":40,"turns":5},{"damage":0,"enemies":"Writhing Mass","floor":41,"turns":1},{"damage":0,"enemies":"strawberrySpire:EssenceStones","floor":46,"turns":3},{"damage":0,"enemies":"Transient","floor":48,"turns":5},{"damage":27,"enemies":"Time Eater","floor":50,"turns":6}],"seed_played":"2763917328428724685","potions_obtained":[{"floor":7,"key":"Energy Potion"},{"floor":7,"key":"Dexterity Potion"},{"floor":13,"key":"Strength Potion"},{"floor":16,"key":"PowerPotion"},{"floor":16,"key":"Toxic Potion"},{"floor":16,"key":"FearPotion"},{"floor":18,"key":"PowerPotion"},{"floor":18,"key":"CultistPotion"},{"floor":20,"key":"PowerPotion"},{"floor":21,"key":"BottledSpark"},{"floor":22,"key":"SteroidPotion"},{"floor":30,"key":"BlessingOfTheForge"},{"floor":33,"key":"LiquidMemories"},{"floor":34,"key":"SpeedPotion"},{"floor":48,"key":"Energy Potion"}],"is_trial":false,"path_per_floor":["M","$","?","$","M","R","E","M","T","T","M","R","M","?","R","B",null,"M","?","M","M","M","R","E","R","T","$","R","$","M","?","R","B",null,"M","T","?","$","M","E","M","R","T","?","T","E","$","M","R","B",null],"character_chosen":"MARISA","items_purchased":["StuffTheSpire:Gunfinga","OortCloud","halation:LettersToHer","AsteroidBelt","Girya","Anchor","Tiny Chest","CasketOfStar","strawberrySpire:StillNotAdequateHouse","Matryoshka","Replay:Bandana"],"campfire_rested":0,"item_purchase_floors":[2,2,4,4,4,4,27,27,27,38,47],"current_hp_per_floor":[73,73,73,73,73,73,71,71,71,71,74,74,77,77,77,80,84,76,76,79,82,82,82,85,85,85,94,94,94,101,101,101,108,119,119,119,119,119,109,114,114,114,114,114,114,119,119,125,125,100],"gold":173,"neow_bonus":"ONE_RARE_RELIC","is_daily":false,"chose_seed":false,"campfire_upgraded":6,"win_rate":0.0,"timestamp":1611728540,"path_taken":["M","$","?","$","?","R","E","M","T","?","M","R","M","?","R","BOSS","M","?","M","M","?","R","E","R","T","$","R","?","?","?","R","BOSS","M","?","?","$","M","E","?","R","T","?","?","E","$","M","R","BOSS"],"items_purchased_type":["Relic","Card","Relic","Card","Relic","Relic","Relic","Card","Relic","Relic","Relic"],"build_version":"2020-12-22","purchased_purges":2,"victory":true,"max_hp_per_floor":[75,75,75,75,75,75,75,75,75,75,78,78,81,81,81,84,84,87,87,90,93,93,93,96,96,96,105,105,105,108,108,108,111,119,119,119,119,119,122,125,125,125,125,125,125,128,128,130,130,130],"card_choices":[{"not_picked":["GrandCross","SuperPerseids"],"picked":"WitchOfGreed","floor":1},{"not_picked":["DC","GalacticHalo"],"picked":"Acceleration","floor":5},{"not_picked":["GalacticHalo","WitchLeyline"],"picked":"PropBag","floor":7},{"not_picked":["MagicChant","IllusionStar"],"picked":"LuminesStrike","floor":8},{"not_picked":["FinalSpark","DC"],"picked":"WitchOfGreed","floor":11},{"not_picked":["ShootingEcho","MysteriousBeam"],"picked":"OortCloud","floor":13},{"not_picked":["BigCrunch","ManaRampage"],"picked":"UltimateShortwave","floor":16},{"not_picked":["GalacticHalo+1","DoubleSpark+1"],"picked":"GrandCross","floor":18},{"not_picked":["PowerUp","MilkyWay+1"],"picked":"OortCloud","floor":20},{"not_picked":["DC","Acceleration+1"],"picked":"MysteriousBeam+1","floor":21},{"not_picked":["NonDirectionalLaser+1","GravityBeat+1","BlazeAway"],"picked":"SKIP","floor":22},{"not_picked":["Acceleration","ChargeUpSpray","PowerUp"],"picked":"SKIP","floor":24},{"not_picked":["Acceleration","6A"],"picked":"SporeBomb","floor":30},{"not_picked":["EscapeVelocity","CasketOfStar"],"picked":"BinaryStars","floor":33},{"not_picked":["WitchLeyline","SuperPerseids"],"picked":"ChargingUp+1","floor":34},{"not_picked":["OpenUniverse+1","Singularity","NonDirectionalLaser"],"picked":"SKIP","floor":35},{"not_picked":["UnstableBomb+1","MysteriousBeam"],"picked":"LuminesStrike","floor":39},{"not_picked":["NonDirectionalLaser+1","SporeBomb"],"picked":"BinaryStars","floor":40},{"not_picked":["MagicAbsorber+1","DeepEcoloBomb","PowerUp"],"picked":"SKIP","floor":41},{"not_picked":["SporeBomb+1","SuperPerseids+1"],"picked":"GrandCross+1","floor":46},{"not_picked":["EarthLightRay+1","WitchOfGreed","GravityBeat+1"],"picked":"Singing Bowl","floor":48}],"player_experience":546975,"relics_obtained":[{"floor":7,"key":"ReplayTheSpireMod:Shallot"},{"floor":9,"key":"halation:LettersToHer"},{"floor":9,"key":"Replay:Ringing Soul"},{"floor":10,"key":"halation:LettersToHer"},{"floor":10,"key":"aspiration:HummingbirdHeart"},{"floor":24,"key":"ShroomBag"},{"floor":26,"key":"halation:LettersToHer"},{"floor":26,"key":"StuffTheSpire:HeavyRock"},{"floor":36,"key":"halation:LettersToHer"},{"floor":36,"key":"Regal Pillow"},{"floor":40,"key":"Bag of Preparation"},{"floor":43,"key":"halation:LettersToHer"},{"floor":43,"key":"War Paint"},{"floor":43,"key":"Golden Egg"},{"floor":45,"key":"halation:LettersToHer"},{"floor":45,"key":"Vajra"},{"floor":45,"key":"Singing Bowl"},{"floor":46,"key":"strawberrySpire:TinySteamboat"}],"event_choices":[{"damage_healed":0,"gold_gain":0,"player_choice":"Rummage","damage_taken":0,"relics_obtained":["WarpedTongs"],"max_hp_gain":0,"max_hp_loss":0,"event_name":"Accursed Blacksmith","floor":3,"gold_loss":0,"cards_obtained":["Pain"]},{"damage_healed":0,"gold_gain":0,"player_choice":"Grow","damage_taken":0,"max_hp_gain":0,"max_hp_loss":0,"event_name":"Living Wall","floor":14,"gold_loss":0,"cards_upgraded":["PropBag"]},{"damage_healed":0,"gold_gain":0,"player_choice":"Ignored","damage_taken":0,"max_hp_gain":0,"max_hp_loss":0,"event_name":"Fountain of Cleansing","floor":31,"gold_loss":0},{"cards_removed":["Strike_MRS"],"damage_healed":0,"gold_gain":0,"player_choice":"Purged","damage_taken":0,"max_hp_gain":0,"max_hp_loss":0,"event_name":"Purifier","floor":37,"gold_loss":0}],"is_beta":false,"boss_relics":[{"not_picked":["BewitchedHakkero","Empty Cage"],"picked":"Replay:Bronze Core"},{"not_picked":["aspiration:PoetsPen_weak","Painkiller Herb"],"picked":"Tiny House"}],"items_purged_floors":[2,4],"is_endless":false,"potions_floor_spawned":[7,13,16,18,21,33,39,48],"ascension_level":2}}