{"host":"tn4vcbjll0ykc2jj","time":1611718108,"event":{"mods":["ATMod(°¢èªMod)","Act Like it!","BaseMod","Colored Powertips","Gensokyo","Lobotomy","LobotomyExtend","Minty Spire (QoL Compilation)","MostiFishMod","Quick Restart","Relic Filter Mod","StSLib","TestMod","Yakumo Yukari mod","¡¾ÒÅÎï¿¨ÅÆ¡¿REMEMod"],"gold_per_floor":[382,395,395,406,13,13,13,44,71,71,71,71,104,104,104,207,207,424,442,460,460,107,126,215,215,239,239,20,20,20,55,55,603,603,613,613,613,613,613,639,639,639,662,751,860,277,137,137,337],"floor_reached":51,"language":"ZHS","playtime":3475,"items_purged":["AT_purpleEX","Defend_purpleEX"],"score":1235,"play_id":"ed27a230-eea8-464b-baf7-3ca5be670388","local_time":"20210127112828","is_ascension_mode":true,"campfire_choices":[{"data":"AT_FamilyPortrait","floor":6,"key":"SMITH"},{"data":"Bait_HighSpeedFlying_purple","floor":10,"key":"SMITH"},{"data":"Observe_purple_2","floor":15,"key":"SMITH"},{"data":"MostiFishMod:SephirahHod","floor":32,"key":"SMITH"},{"floor":41,"key":"RECALL"},{"data":"REME_FirmDetermination","floor":49,"key":"SMITH"}],"circlet_count":0,"master_deck":["Defend_purpleEX","Observe_purple_1","MostiFishMod:Chiaki","AT_FamilyPortrait+1","Bait_HighSpeedFlying_purple+1","Boundary_LifeAndDeath_purple+1","MostiFishMod:SephirahHod+1","Fantasy_PerpetualMotionMachine_purple","Monsters_DoubleDeathButterfly_purple+1","Boundary_LifeAndDeath_purple+1","Gensokyo:MorningStar+1","REME_FirmDetermination+1"],"relics":["Boundary_crack","Memoryfragments_purpleEX","AT_ATBox","DaveBox","testmod-TestBox","REME_ComplimentaryCards","FeatherPendant","testmod-IntensifyImprint","SynthV:TestCard","LetterFromLob","Civilization","BrkXgEgg","testmod-IndustrialRevolution","AT_SunfireAegis","ThegodofHakurei_purpleEX","Mercury Hourglass","Gensokyo:PortableGap","AT_ForceNature","MostiFishMod:Hod","BirthdayGift-Tetrahedron","testmod-ArcanaOfDestiny","Gensokyo:ChorusOfJoy","Juzu Bracelet","Gensokyo:ConquerorOfFear","AT_BellDemon","Singing Bowl","Mummified Hand","AT_SeraphEmbrace","AT_BladeRuinedKing","AT_PhaseBoots","Toxic Egg 2","Runic Pyramid","AT_EbonyIvory","Gensokyo:DualWield","Gensokyo:EmptyGrave","ThornShield","CeramicFish","Antimatter_spacedebris","testmod-Justice","AT_TheCollector","Ginger","TimeFreeze"],"acts_visited":["Gensokyo:Gensokyo","Gensokyo:Gensokyoer","Gensokyo:Gensokyoest"],"potions_floor_usage":[33],"damage_taken":[{"damage":0.0,"enemies":"Gensokyo:3_Fairies","floor":1.0,"turns":4.0},{"damage":0.0,"enemies":"Gensokyo:2_Kodama","floor":2.0,"turns":2.0},{"damage":0.0,"enemies":"Gensokyo:Python","floor":4.0,"turns":1.0},{"damage":19,"enemies":"Gensokyo:Aya","floor":8,"turns":2},{"damage":1,"enemies":"Gensokyo:Cirno","floor":13,"turns":5},{"damage":12,"enemies":"Gensokyo:Yukari","floor":16,"turns":4},{"damage":0,"enemies":"Gensokyo:3_Dogs","floor":18,"turns":1},{"damage":0,"enemies":"Gensokyo:2_Gloops","floor":19,"turns":1},{"damage":0,"enemies":"Gensokyo:Mirror_and_Dog","floor":20,"turns":1},{"damage":0,"enemies":"Gensokyo:Slime_Group","floor":23,"turns":1},{"damage":12,"enemies":"Gensokyo:Tenshi","floor":24,"turns":1},{"damage":11,"enemies":"Gensokyo:Koishi","floor":31,"turns":1},{"damage":0,"enemies":"Gensokyo:Kaguya","floor":33,"turns":1},{"damage":0,"enemies":"Gensokyo:AncientGuardian","floor":35,"turns":1},{"damage":0,"enemies":"Gensokyo:Doremy","floor":40,"turns":3},{"damage":0,"enemies":"Gensokyo:Marisa","floor":44,"turns":1},{"damage":0,"enemies":"Gensokyo:Marisa","floor":45,"turns":1},{"damage":0,"enemies":"Gensokyo:Shinki","floor":50,"turns":3},{"damage":0,"enemies":"Malkuth","floor":51,"turns":1},{"damage":0,"enemies":"Hod","floor":51,"turns":1},{"damage":0,"enemies":"Geburah","floor":51,"turns":4},{"damage":0,"enemies":"Binah","floor":51,"turns":2},{"damage":0,"enemies":"Angela","floor":51,"turns":2}],"seed_played":"-2332059765897840875","potions_obtained":[{"floor":1.0,"key":"SmokeBomb"},{"floor":2.0,"key":"DuplicationPotion"},{"floor":13,"key":"AttackPotion"},{"floor":18,"key":"RealmPotion"},{"floor":20,"key":"Fire Potion"},{"floor":23,"key":"testmod-SpacePotion"}],"is_trial":false,"path_per_floor":["M","M","M","M","COS","R","$","E","T","R","?","T","E","?","R","B",null,"M","M","M","?","COS","M","E","?","T","?","$","?","?","E","R","B",null,"M","?","?","?","?","E","R","?","T","E","?","$","COS","R","B",null],"character_chosen":"Youkari","items_purchased":["AT_BellDemon","testmod-TimePotion","Ginger","REME_FirmDetermination"],"campfire_rested":0,"item_purchase_floors":[28,46,46,46],"current_hp_per_floor":[63,63,63,63,63,63,63,49,49,49,25,25,30,30,30,25,61,66,71,76,76,76,81,78,78,78,78,78,77,77,73,73,82,89,96,96,96,89,89,96,96,96,96,103,100,97,97,97,102],"gold":737,"neow_bonus":"TWO_FIFTY_GOLD","is_daily":false,"chose_seed":false,"campfire_upgraded":5,"win_rate":0.0,"timestamp":1611718108,"path_taken":["M","M","M","M","COS","R","$","E","T","R","?","?","E","?","R","BOSS","M","?","?","?","COS","M","E","?","T","?","?","?","?","E","R","BOSS","M","?","?","?","?","E","R","?","T","E","?","$","COS","R","BOSS"],"items_purchased_type":["Relic","Potion","Relic","Card"],"build_version":"2020-12-22","purchased_purges":2,"victory":true,"max_hp_per_floor":[63,63,63,63,63,63,63,64,64,64,64,64,65,59,59,61,61,66,71,76,76,76,81,86,86,86,83,83,77,77,84,84,89,89,96,96,96,89,89,96,96,96,96,103,100,97,97,97,102],"card_choices":[{"not_picked":["Boundary_DreamRealityDamnation_purple","Line_surface_state_purple","ButterflyHabitatTemple_purple"],"picked":"SKIP","floor":1.0},{"not_picked":["MeetDecomposer_purple","Anti_communist_purple","Mirror_WaveAndshot_purple","StretchesForeverDream_purple","Umbrella_purple"],"picked":"SKIP","floor":2.0},{"not_picked":["EighthInstrument_OneDividesIntoTwo_purple","Shallow_ocean_purpleEX","Umbrella_purple","StateDuplicate_purple"],"picked":"Bait_HighSpeedFlying_purple","floor":4},{"not_picked":["Shallow_ocean_purpleEX","Erosivefilter_purple","WingOfChimera_purple","Boundary_ObjectiveBoundary_purple","Bait_HighSpeedFlying_purple"],"picked":"SKIP","floor":8},{"not_picked":["Boundary_LightAndDark_purple","RuleDissolution_purple","StateErode_purple","Umbrella_purple","Boundary_DynamicStaticEquilibrium_purple"],"picked":"SKIP","floor":13},{"not_picked":["Theboundaryofcreation_purpleEX+1","WasteWire_Metro_purple+1","WangLiang_LineAndCurveDreams_purple+1","LoveAcrossDimensions_purple+1"],"picked":"Boundary_LifeAndDeath_purple+1","floor":16},{"not_picked":["OmniscientAndOmnipotent_Monster_purple+1","StretchesForeverDream_purple+1","MetroBOOM_purple","Line_surface_state_purple+1","Umbrella_purple"],"picked":"SKIP","floor":18},{"not_picked":["DimensionStaggered_purple+1","Worldmountain_purple","OpenedBox_purple","Line_surface_state_purple","SfantasyHide_purple+1"],"picked":"SKIP","floor":19},{"not_picked":["MagicEyes_LaplaceDemon_purple+1","ExistenceContinue_purple","Line_surface_state_purple","MeetDecomposer_purple","Realm_recovery_purpleEX"],"picked":"SKIP","floor":20},{"not_picked":["Worldmountain_purple","WeekHit_purple+1","Boundary_LightAndDark_purple","Line_surface_state_purple+1"],"picked":"Fantasy_PerpetualMotionMachine_purple","floor":23},{"not_picked":["AdvanceAttack_purple","Mirror_Drifter_purple","MetroBOOM_purple","Boundary_of_Extermination_purpleEX+1"],"picked":"Monsters_DoubleDeathButterfly_purple+1","floor":24},{"not_picked":["GluttonyofRealm_purpleEX+1","RuleDissolution_purple","RuptureOfTimeAndSpace_purple","ButterflyHabitatTemple_purple+1","Worldmountain_purple"],"picked":"Singing Bowl","floor":31},{"not_picked":["Price_of_realm_purpleEX+1","WasteWire_Metro_purple+1","UniverseChoice_purple+1","LoveAcrossDimensions_purple+1"],"picked":"Boundary_LifeAndDeath_purple+1","floor":33},{"not_picked":["Extrememeaning_purpleEX+1","MeetDecomposer_purple+1","Mirror_FourBoundary_purple+1","Mirror_FormAndEmptin_purple+1","Realm_recovery_purpleEX+1"],"picked":"Singing Bowl","floor":35},{"not_picked":["Shallow_ocean_purpleEX+1","Realm_recovery_purpleEX+1","Erosivefilter_purple+1","WeekHit_purple+1","Boundary_DynamicStaticEquilibrium_purple+1"],"picked":"Singing Bowl","floor":40},{"not_picked":["Fantasy_PerpetualMotionMachine_purple+1","Boundary_of_Extermination_purpleEX+1","Mirror_Drifter_purple","Boundary_DreamRealityDamnation_purple","Charmbait_purple"],"picked":"Singing Bowl","floor":44},{"not_picked":["Gensokyo:HouraiInAPot+1","Gensokyo:UnlikelyAid+1"],"picked":"Gensokyo:MorningStar+1","floor":45}],"player_experience":120659,"relics_obtained":[{"floor":1.0,"key":"SynthV:TestCard"},{"floor":1.0,"key":"LetterFromLob"},{"floor":8,"key":"testmod-IndustrialRevolution"},{"floor":9,"key":"AT_SunfireAegis"},{"floor":12,"key":"ThegodofHakurei_purpleEX"},{"floor":13,"key":"Mercury Hourglass"},{"floor":24,"key":"testmod-ArcanaOfDestiny"},{"floor":26,"key":"Juzu Bracelet"},{"floor":31,"key":"AT_BladeRuinedKing"},{"floor":31,"key":"Gensokyo:ConquerorOfFear"},{"floor":31,"key":"AT_SpeedBoots"},{"floor":33,"key":"Toxic Egg 2"},{"floor":35,"key":"AT_EbonyIvory"},{"floor":40,"key":"CeramicFish"},{"floor":40,"key":"Antimatter_spacedebris"},{"floor":44,"key":"testmod-Justice"},{"floor":44,"key":"AT_TheCollector"}],"event_choices":[],"is_beta":false,"boss_relics":[{"not_picked":["GreenFoldingFan","testmod-SaigiyounoYou"],"picked":"MostiFishMod:Hod"},{"not_picked":["FrostBlade","HaiYi:Twilight"],"picked":"Runic Pyramid"}],"items_purged_floors":[28,46],"is_endless":false,"potions_floor_spawned":[1,2,13,18,20,23,31],"ascension_level":1}}