{"host":"sxnl403xm2xmiyj1","time":1611719661,"event":{"mods":["AchievementEnabler","BaseMod","Colored Map","Keyboard Shortcuts","Minty Spire (QoL Compilation)","Quick Restart","StSLib","SuperFastMode"],"gold_per_floor":[119,131,148,162,12,46,63,83,83,112,123,123,133,161,161,237,237,257,15,65,65,65,92,112,112,112],"floor_reached":25,"language":"KOR","playtime":803,"items_purged":[],"score":691,"play_id":"d38b2779-3e12-466a-b62b-a0f53fcf1e68","local_time":"20210127125421","is_ascension_mode":true,"campfire_choices":[{"floor":12.0,"key":"REST"},{"data":"Noxious Fumes","floor":15.0,"key":"SMITH"}],"circlet_count":0,"master_deck":["AscendersBane","Strike_G","Strike_G","Strike_G","Strike_G","Strike_G","Defend_G","Defend_G","Defend_G","Defend_G","Defend_G","Survivor","Neutralize","Blade Dance","Slice","Poisoned Stab","Dagger Throw","Noxious Fumes+1","Bouncing Flask","Venomology","Dodge and Roll","Bane","Escape Plan","Tactician","PiercingWail","After Image","Eviscerate+1","Footwork","Burst","Heel Hook","Concentrate"],"relics":["Ring of the Snake","Strawberry","Oddly Smooth Stone","Du-Vu Doll","Darkstone Periapt","InkBottle","Black Star","Ginger","Dead Branch"],"acts_visited":["Exordium","TheCity"],"potions_floor_usage":[25,25],"damage_taken":[{"damage":4.0,"enemies":"Small Slimes","floor":1.0,"turns":6.0},{"damage":3.0,"enemies":"Jaw Worm","floor":2.0,"turns":4.0},{"damage":1.0,"enemies":"2 Louse","floor":3.0,"turns":3.0},{"damage":3.0,"enemies":"Lots of Slimes","floor":4.0,"turns":4.0},{"damage":9.0,"enemies":"Gremlin Nob","floor":6.0,"turns":3.0},{"damage":10.0,"enemies":"Gremlin Gang","floor":7.0,"turns":5.0},{"damage":1.0,"enemies":"Exordium Thugs","floor":8.0,"turns":4.0},{"damage":22.0,"enemies":"3 Sentries","floor":10.0,"turns":8.0},{"damage":1.0,"enemies":"Lots of Slimes","floor":11.0,"turns":4.0},{"damage":0.0,"enemies":"Large Slime","floor":13.0,"turns":3.0},{"damage":28.0,"enemies":"Gremlin Nob","floor":14.0,"turns":4.0},{"damage":0.0,"enemies":"Hexaghost","floor":16.0,"turns":8.0},{"damage":26.0,"enemies":"Spheric Guardian","floor":18.0,"turns":7.0},{"damage":8.0,"enemies":"Slavers","floor":23.0,"turns":5.0},{"damage":0.0,"enemies":"Shell Parasite","floor":24.0,"turns":9.0},{"damage":15,"enemies":"Gremlin Leader","floor":25,"turns":7}],"seed_played":"5668659938312955550","potions_obtained":[{"floor":1.0,"key":"Fire Potion"},{"floor":4.0,"key":"ColorlessPotion"},{"floor":6.0,"key":"SkillPotion"},{"floor":7.0,"key":"CunningPotion"},{"floor":18.0,"key":"AttackPotion"},{"floor":23.0,"key":"EssenceOfSteel"}],"is_trial":false,"path_per_floor":["M","M","M","M","$","E","M","M","T","E","M","R","M","E","R","B",null,"M","$","?","?","?","E","M","E"],"character_chosen":"THE_SILENT","items_purchased":["Noxious Fumes","Bouncing Flask","Footwork","Burst"],"campfire_rested":1,"item_purchase_floors":[5,5,19,19],"current_hp_per_floor":[62,59,58,55,55,46,36,35,35,13,12,33,33,5,5,5,56,30,30,30,30,30,22,22,7,7],"gold":112,"neow_bonus":"RANDOM_COMMON_RELIC","is_daily":false,"chose_seed":false,"campfire_upgraded":1,"win_rate":0.0,"timestamp":1611719661,"path_taken":["M","M","M","M","$","E","M","M","T","E","M","R","M","E","R","BOSS","M","$","?","?","?","E","M","E"],"items_purchased_type":["Card","Card","Card","Card"],"build_version":"2020-12-22","purchased_purges":0,"victory":false,"max_hp_per_floor":[73,73,73,73,73,73,73,73,73,73,73,73,73,73,73,73,73,73,73,73,73,73,73,73,73,73],"card_choices":[{"not_picked":["Bouncing Flask","Bane"],"picked":"Blade Dance","floor":1.0},{"not_picked":["Acrobatics","Backflip"],"picked":"Slice","floor":2.0},{"not_picked":["Prepared","Riddle With Holes"],"picked":"Poisoned Stab","floor":3.0},{"not_picked":["Catalyst","Distraction"],"picked":"Dagger Throw","floor":4.0},{"not_picked":["Backflip","Sucker Punch"],"picked":"Venomology","floor":6.0},{"not_picked":["Dagger Throw","Flying Knee","Dagger Spray"],"picked":"SKIP","floor":7.0},{"not_picked":["Sucker Punch","Outmaneuver"],"picked":"Dodge and Roll","floor":8.0},{"not_picked":["Bouncing Flask","Underhanded Strike"],"picked":"Bane","floor":10.0},{"not_picked":["Wraith Form v2","Outmaneuver"],"picked":"Escape Plan","floor":11.0},{"not_picked":["Skewer","Cloak And Dagger"],"picked":"Tactician","floor":13.0},{"not_picked":["Blade Dance","Dagger Spray"],"picked":"PiercingWail","floor":14.0},{"not_picked":["Phantasmal Killer","Die Die Die"],"picked":"After Image","floor":16.0},{"not_picked":["Outmaneuver","Cloak And Dagger"],"picked":"Eviscerate+1","floor":18.0},{"not_picked":["Finisher","Flechettes"],"picked":"Heel Hook","floor":23.0},{"not_picked":["Blur","Heel Hook"],"picked":"Concentrate","floor":24.0}],"player_experience":178206,"relics_obtained":[{"floor":6.0,"key":"Oddly Smooth Stone"},{"floor":9.0,"key":"Du-Vu Doll"},{"floor":10.0,"key":"Darkstone Periapt"},{"floor":14.0,"key":"InkBottle"},{"floor":23.0,"key":"Ginger"},{"floor":23.0,"key":"Dead Branch"}],"event_choices":[{"damage_healed":0.0,"max_hp_gain":0.0,"max_hp_loss":0.0,"gold_gain":50.0,"event_name":"Nest","player_choice":"Stole From Cult","floor":20.0,"gold_loss":0.0,"damage_taken":0.0},{"damage_healed":0.0,"max_hp_gain":0.0,"max_hp_loss":0.0,"gold_gain":0.0,"event_name":"Cursed Tome","player_choice":"Ignored","floor":21.0,"gold_loss":0.0,"damage_taken":0.0},{"damage_healed":0.0,"max_hp_gain":0.0,"max_hp_loss":0.0,"gold_gain":0.0,"event_name":"Vampires","player_choice":"Ignored","floor":22.0,"gold_loss":0.0,"damage_taken":0.0}],"is_beta":false,"boss_relics":[{"not_picked":["Ring of the Serpent","Empty Cage"],"picked":"Black Star"}],"items_purged_floors":[],"is_endless":false,"potions_floor_spawned":[1,4,6,7,18,23],"killed_by":"Gremlin Leader","ascension_level":15}}