{"host":"l4p18zw33fr8bdc3","time":1611717380,"event":{"mods":["AchievementEnabler","BaseMod","Bestiary","Block Reminder","Colored Map","Colored Powertips","Curses Come First","Minty Spire (QoL Compilation)","Quick Restart","Rare Cards Sparkle","StSLib"],"gold_per_floor":[112,128,141,66,84,84,116,127,152,152,164,164,174,204,204,305,305,317,306,322,8,28,28,28],"floor_reached":23,"language":"ENG","playtime":1385,"items_purged":["Strike_R"],"score":217,"play_id":"d1497f17-f810-40aa-9b07-39d39a44b1fc","local_time":"20210126221620","is_ascension_mode":true,"campfire_choices":[{"data":"Bash","floor":6,"key":"SMITH"},{"floor":12,"key":"REST"},{"data":"Armaments","floor":15,"key":"SMITH"}],"circlet_count":0,"master_deck":["Strike_R","Strike_R","Strike_R","Strike_R","Defend_R","Defend_R","Defend_R","Defend_R","Bash+1","Evolve","Uppercut+1","Metallicize","Sword Boomerang","Dropkick","Doubt","Pommel Strike","Iron Wave","Armaments+1","Immolate","Fire Breathing+1","Shrug It Off+1","Armaments+1","Headbutt"],"relics":["Cursed Key","CaptainsWheel","PreservedInsect","Art of War","Black Star","Pantograph"],"acts_visited":["Exordium","TheCity"],"potions_floor_usage":[14,14,22,23,23],"damage_taken":[{"damage":1,"enemies":"Jaw Worm","floor":1,"turns":4},{"damage":0,"enemies":"Cultist","floor":2,"turns":2},{"damage":0,"enemies":"Small Slimes","floor":3,"turns":3},{"damage":8,"enemies":"3 Louse","floor":5,"turns":4},{"damage":22,"enemies":"Gremlin Nob","floor":7,"turns":4},{"damage":9,"enemies":"Blue Slaver","floor":8,"turns":2},{"damage":14,"enemies":"Large Slime","floor":11,"turns":8},{"damage":2,"enemies":"Looter","floor":13,"turns":3},{"damage":7,"enemies":"3 Sentries","floor":14,"turns":5},{"damage":22,"enemies":"The Guardian","floor":16,"turns":12},{"damage":11,"enemies":"Spheric Guardian","floor":18,"turns":6},{"damage":19,"enemies":"2 Thieves","floor":19,"turns":4},{"damage":17,"enemies":"Snake Plant","floor":20,"turns":5},{"damage":18,"enemies":"Cultist and Chosen","floor":22,"turns":5},{"damage":17,"enemies":"Slavers","floor":23,"turns":2}],"seed_played":"-8692016569525101485","potions_obtained":[{"floor":2,"key":"Fire Potion"},{"floor":5,"key":"SteroidPotion"},{"floor":11,"key":"Explosive Potion"},{"floor":16,"key":"BlessingOfTheForge"},{"floor":19,"key":"AttackPotion"}],"is_trial":false,"path_per_floor":["M","M","M","$","M","R","E","M","T","?","M","R","M","E","R","B",null,"M","M","M","$","M","E"],"character_chosen":"IRONCLAD","items_purchased":["Pantograph","Headbutt"],"campfire_rested":1,"item_purchase_floors":[21,21],"current_hp_per_floor":[79,79,79,79,71,71,49,40,40,40,26,50,48,41,41,19,80,69,50,33,33,15,0,0],"gold":28,"neow_bonus":"BOSS_RELIC","is_daily":false,"chose_seed":false,"campfire_upgraded":2,"win_rate":0.0,"timestamp":1611717380,"path_taken":["M","M","M","$","M","R","E","M","T","?","M","R","?","E","R","BOSS","M","M","M","$","M","E"],"items_purchased_type":["Relic","Card"],"build_version":"2020-12-22","purchased_purges":1,"victory":false,"max_hp_per_floor":[80,80,80,80,80,80,80,80,80,80,80,80,80,80,80,80,80,80,80,80,80,80,80,80],"card_choices":[{"not_picked":["Heavy Blade","Carnage"],"picked":"Evolve","floor":1},{"not_picked":["Reckless Charge","Havoc"],"picked":"Uppercut","floor":2},{"not_picked":["True Grit","Clothesline","Heavy Blade"],"picked":"SKIP","floor":3},{"not_picked":["Intimidate","Bloodletting"],"picked":"Metallicize","floor":5},{"not_picked":["Havoc","Body Slam"],"picked":"Sword Boomerang","floor":7},{"not_picked":["Headbutt","Anger"],"picked":"Dropkick","floor":8},{"not_picked":["Intimidate","Cleave"],"picked":"Pommel Strike","floor":11},{"not_picked":["Sever Soul","Clash"],"picked":"Iron Wave","floor":13},{"not_picked":["Sever Soul","Demon Form"],"picked":"Armaments","floor":14},{"not_picked":["Fiend Fire","Brutality"],"picked":"Immolate","floor":16},{"not_picked":["Whirlwind","Pummel"],"picked":"Fire Breathing+1","floor":18},{"not_picked":["Intimidate+1","Rage"],"picked":"Shrug It Off+1","floor":19},{"not_picked":["Wild Strike+1","Uppercut+1"],"picked":"Armaments+1","floor":20},{"not_picked":["Armaments","Battle Trance","Rupture"],"picked":"SKIP","floor":22}],"player_experience":195992,"relics_obtained":[{"floor":7,"key":"CaptainsWheel"},{"floor":9,"key":"PreservedInsect"},{"floor":14,"key":"Art of War"}],"event_choices":[{"damage_healed":0,"gold_gain":0,"player_choice":"Forge","damage_taken":0,"max_hp_gain":0,"max_hp_loss":0,"event_name":"Accursed Blacksmith","floor":10,"gold_loss":0,"cards_upgraded":["Uppercut"]}],"is_beta":false,"boss_relics":[{"not_picked":["Busted Crown","Fusion Hammer"],"picked":"Black Star"}],"items_purged_floors":[4],"is_endless":false,"potions_floor_spawned":[2,5,11,13,16,19,20],"killed_by":"Slavers","ascension_level":1}}