{"host":"hfcva6mq15ctj0gu","time":1611767713,"event":{"mods":["Abigail Mod","AchievementEnabler","Act Like it!","Alarm Clock","BaseMod","Better Altar","Better Match","Better Skull","Better Third Choice","BetterRewards","Booster Modes","CapriCore","Card Forge","Colored Map","Curses Come First","Disable Question Mark Monsters","Displayed Cursed Tome","Emptier Cage","FoggyMod","Friendly Minions","Gold Saver","Good Game Mod","Grow up Mod","Highlight Path","Kratos Character Expansion","Minty Spire (QoL Compilation)","Permanent Neow","Poem Panic","Remilia??????","Shade Mod","Shop Mod","StSLib","The Immortal","The Servant 0.9.4","The Vixen","Transform Curses","Virulent Crown","????"],"gold_per_floor":[1812,1887,1914,1554,1554,1595,1208,1247,1247,1266,1246,1266,1301,1301,1301,1432,1432,1455,1124,1124,1124,1039,1073,1093,1093,1139,45,45,45,157,200,200,320,320,333,333,333,22,22,72,72,99,99,41,72,405,423,423,423,423,423,371,91,122,122],"floor_reached":56,"language":"ENG","playtime":2323,"items_purged":[],"score":2087,"play_id":"bb824432-1455-4191-85b5-3c5fc020b40f","local_time":"20210127181513","is_ascension_mode":false,"campfire_choices":[{"floor":15,"key":"RECALL"},{"data":"1","floor":29,"key":"LIFT"},{"data":"2","floor":32,"key":"LIFT"},{"data":"3","floor":41,"key":"LIFT"},{"floor":49,"key":"REST"}],"circlet_count":0,"master_deck":["Panache+1","ThirdEye+1","Weave+1","ThirdEye+1","JustLucky+1","Consecrate+1","Prostrate+1","MasterReality+1","Consecrate+1","WreathOfFlame+1","Prostrate+1","Weave+1","Prostrate+1","JustLucky+1","CutThroughFate+1","ThirdEye+1","Scrawl+1","Brilliance+1","JustLucky+1","Prostrate+1","Devotion+1","ThirdEye+1","RitualDagger+1","JustLucky+1","Devotion+1","Prostrate+1","Ragnarok+1","HandOfGreed+1","Blind+1","Blind+1","Madness+1","Madness+1","JustLucky+1"],"relics":["PureWater","Hammer of Thor","Seething Fire","Anvil of the Gods","REME:ComplimentaryCards","MerchantsRug","StoneCalendar","Membership Card","Bird Faced Urn","Meat on the Bone","Unceasing Top","Chemical X","Bronze Scales","TheAbacus","Gremlin Horn","War Paint","Shuriken","WingedGreaves","Orrery","Happy Flower","Letter Opener","Odd Mushroom","KratosMod:minohorn","Black Star","Bottled Tornado","Turnip","HandDrill","Pen Nib","HornCleat","The Courier","Bag of Preparation","Torii","Juzu Bracelet","ClockworkSouvenir","InkBottle","KratosMod:amulet","Gambling Chip","Girya","Tiny Chest","TeardropLocket","FossilizedHelix","Oddly Smooth Stone","Whetstone","Lantern","Bag of Marbles","Dream Catcher","MealTicket","Pantograph","Toy Ornithopter","VioletLotus","Boot","Yang","CeramicFish","Toolbox","Singing Bowl","Darkstone Periapt","Mummified Hand","Ancient Tea Set","White Beast Statue","Potion Belt","Mercury Hourglass","ScarletDevilRocket","Nunchaku","Damaru","Sling","Orichalcum","Bottled Flame","Anchor","Calipers","Bottled Lightning"],"acts_visited":["Exordium","TheCity","TheBeyond","TheEnding"],"potions_floor_usage":[],"damage_taken":[{"damage":0,"enemies":"Small Slimes","floor":1,"turns":4},{"damage":0,"enemies":"Gremlin Nob","floor":6,"turns":3},{"damage":12,"enemies":"Lagavulin","floor":8,"turns":4},{"damage":0,"enemies":"Jaw Worm","floor":10,"turns":1},{"damage":0,"enemies":"Cultist","floor":12,"turns":1},{"damage":0,"enemies":"The Mushroom Lair","floor":13,"turns":1},{"damage":0,"enemies":"Slime Boss","floor":16,"turns":1},{"damage":0,"enemies":"Chosen","floor":18,"turns":1},{"damage":0,"enemies":"Slavers","floor":23,"turns":1},{"damage":0,"enemies":"3 Byrds","floor":24,"turns":1},{"damage":0,"enemies":"Book of Stabbing","floor":31,"turns":1},{"damage":0,"enemies":"Automaton","floor":33,"turns":1},{"damage":0,"enemies":"Orb Walker","floor":35,"turns":1},{"damage":0,"enemies":"Nemesis","floor":40,"turns":1},{"damage":0,"enemies":"Reptomancer","floor":45,"turns":1},{"damage":0,"enemies":"Donu and Deca","floor":50,"turns":1},{"damage":0,"enemies":"Shield and Spear","floor":54,"turns":1},{"damage":0,"enemies":"The Heart","floor":55,"turns":4}],"seed_played":"1211432298053452780","potions_obtained":[{"floor":6,"key":"AttackPotion"},{"floor":10,"key":"SkillPotion"},{"floor":11,"key":"Block Potion"},{"floor":23,"key":"Block Potion"},{"floor":31,"key":"Block Potion"},{"floor":45,"key":"BottledMiracle"},{"floor":54,"key":"Strength Potion"}],"is_trial":false,"path_per_floor":["M","?","T","$","?","E","R","E","T","M","?","M","?","?","R","B",null,"M","$","?","?","?","E","M","?","T","R","$","R","?","E","R","B",null,"M","T","?","$","T","E","R","?","T","$","E","?","?","T","R","B",null,"R","$","E","B",null],"character_chosen":"WATCHER","items_purchased":["Panache","MerchantsRug","Membership Card","Bird Faced Urn","Meat on the Bone","ThirdEye","Chemical X","Weave","ThirdEye","JustLucky","Prostrate","Bronze Scales","TheAbacus","Gremlin Horn","MasterReality","Shuriken","Prostrate","WingedGreaves","Orrery","Prostrate","Bottled Tornado","Turnip","HandDrill","Torii","Juzu Bracelet","ClockworkSouvenir","InkBottle","KratosMod:amulet","Gambling Chip","Girya","Tiny Chest","TeardropLocket","FossilizedHelix","Oddly Smooth Stone","Whetstone","Yang","CeramicFish","Toolbox","Singing Bowl","Prostrate","Potion Belt","Damaru","JustLucky","Sling","Orichalcum","Bottled Flame","Anchor"],"campfire_rested":1,"item_purchase_floors":[0,0,0,0,0,0,0,0,0,0,4,4,4,4,4,7,7,7,7,19,19,19,19,27,27,27,27,27,27,27,27,27,27,27,27,38,38,38,38,38,44,52,52,53,53,53,53],"current_hp_per_floor":[92,91,101,111,91,105,115,117,127,139,149,161,173,176,186,200,252,262,272,282,292,302,312,322,326,336,346,356,366,29,61,71,126,422,432,442,452,462,472,482,492,492,502,522,534,544,486,496,576,586,596,606,616,628,648],"gold":122,"neow_bonus":"","is_daily":false,"chose_seed":false,"campfire_upgraded":0,"win_rate":0.0,"timestamp":1611767713,"path_taken":["M","?","?","?","?","E","R","E","T","?","?","?","?","?","R","BOSS","M","$","?","?","?","E","?","?","T","R","$","R","?","E","R","BOSS","M","?","?","$","?","E","R","?","T","$","E","?","?","?","R","BOSS","R","$","E","BOSS"],"items_purchased_type":["Card","Relic","Relic","Relic","Relic","Card","Relic","Card","Card","Card","Card","Relic","Relic","Relic","Card","Relic","Card","Relic","Relic","Card","Relic","Relic","Relic","Relic","Relic","Relic","Relic","Relic","Relic","Relic","Relic","Relic","Relic","Relic","Relic","Relic","Relic","Relic","Relic","Card","Relic","Relic","Card","Relic","Relic","Relic","Relic"],"build_version":"2020-12-22","purchased_purges":0,"victory":true,"max_hp_per_floor":[92,102,112,122,132,142,152,162,172,182,192,202,212,222,232,242,252,262,272,282,292,302,312,322,332,342,352,362,372,382,392,402,412,422,432,442,452,462,472,482,492,502,512,522,534,544,554,564,576,586,596,606,616,628,648],"card_choices":[{"not_picked":["BowlingBash","Tantrum"],"picked":"Consecrate","floor":1},{"not_picked":["JustLucky","Consecrate"],"picked":"WreathOfFlame","floor":6},{"not_picked":["Crescendo","Vengeance"],"picked":"Weave","floor":7},{"not_picked":["FlurryOfBlows","ClearTheMind"],"picked":"Prostrate","floor":7},{"not_picked":["Consecrate","DeceiveReality"],"picked":"JustLucky","floor":7},{"not_picked":["BattleHymn","Establishment","Protect"],"picked":"SKIP","floor":8},{"not_picked":["Evaluate","FollowUp"],"picked":"CutThroughFate","floor":10},{"not_picked":["PathToVictory","SignatureMove"],"picked":"ThirdEye","floor":12},{"not_picked":["Consecrate","Perseverance"],"picked":"Scrawl","floor":13},{"not_picked":["SpiritShield","Judgement"],"picked":"Brilliance","floor":16},{"not_picked":["SashWhip","BowlingBash"],"picked":"JustLucky","floor":18},{"not_picked":["FlurryOfBlows","ThirdEye"],"picked":"Devotion","floor":23},{"not_picked":["SandsOfTime","EmptyBody"],"picked":"ThirdEye+1","floor":24},{"not_picked":["FollowUp","MentalFortress+1"],"picked":"JustLucky","floor":31},{"not_picked":["Alpha","Judgement"],"picked":"Devotion","floor":33},{"not_picked":["FlurryOfBlows+1","TalkToTheHand","Evaluate"],"picked":"SKIP","floor":35},{"not_picked":["Halt+1","PathToVictory"],"picked":"Ragnarok","floor":40},{"not_picked":["Magnetism","Good Instincts"],"picked":"HandOfGreed","floor":42},{"not_picked":["Apotheosis","Discovery"],"picked":"Blind","floor":42},{"not_picked":["Magnetism","Trip"],"picked":"Blind","floor":42},{"not_picked":["ClearTheMind","CrushJoints+1","BattleHymn"],"picked":"Singing Bowl","floor":45},{"not_picked":["Adaptation+1","Swivel+1","WindmillStrike+1"],"picked":"Singing Bowl","floor":49},{"not_picked":["ForeignInfluence+1","CrushJoints","FlurryOfBlows+1"],"picked":"Singing Bowl","floor":54}],"player_experience":105649,"relics_obtained":[{"floor":6,"key":"War Paint"},{"floor":8,"key":"Happy Flower"},{"floor":9,"key":"Letter Opener"},{"floor":13,"key":"Odd Mushroom"},{"floor":23,"key":"HornCleat"},{"floor":23,"key":"The Courier"},{"floor":26,"key":"Bag of Preparation"},{"floor":31,"key":"Pantograph"},{"floor":31,"key":"Toy Ornithopter"},{"floor":36,"key":"Boot"},{"floor":39,"key":"Darkstone Periapt"},{"floor":40,"key":"Mummified Hand"},{"floor":40,"key":"Ancient Tea Set"},{"floor":43,"key":"White Beast Statue"},{"floor":45,"key":"Mercury Hourglass"},{"floor":45,"key":"ScarletDevilRocket"},{"floor":48,"key":"Nunchaku"},{"floor":54,"key":"Calipers"},{"floor":54,"key":"Bottled Lightning"}],"event_choices":[{"damage_healed":0,"gold_gain":75,"player_choice":"Gold","damage_taken":11,"max_hp_gain":0,"max_hp_loss":0,"event_name":"betterThird:BetterGoop","floor":2,"gold_loss":0},{"damage_healed":0,"gold_gain":0,"player_choice":"Take Damage","damage_taken":30,"relics_obtained":["Golden Idol"],"max_hp_gain":0,"max_hp_loss":0,"event_name":"Golden Idol","floor":5,"gold_loss":0},{"damage_healed":0,"gold_gain":0,"player_choice":"Bought 1 Potion","damage_taken":0,"max_hp_gain":0,"max_hp_loss":0,"event_name":"The Woman in Blue","floor":11,"gold_loss":0},{"damage_healed":0,"gold_gain":0,"player_choice":"Fought Mushrooms","damage_taken":0,"max_hp_gain":0,"max_hp_loss":0,"event_name":"Mushrooms","floor":13,"gold_loss":0},{"damage_healed":0,"gold_gain":0,"player_choice":"Relic ","damage_taken":7,"max_hp_gain":0,"max_hp_loss":0,"event_name":"betterThird:BetterScrap","floor":14,"gold_loss":0,"cards_obtained":["Chill"]},{"damage_healed":0,"gold_gain":0,"player_choice":"Simplicity","damage_taken":0,"max_hp_gain":0,"max_hp_loss":0,"event_name":"betterThird:BetterWriting","floor":20,"gold_loss":0},{"damage_healed":0,"gold_gain":0,"player_choice":"Ignored","damage_taken":0,"max_hp_gain":0,"max_hp_loss":0,"event_name":"Vampires","floor":21,"gold_loss":0},{"damage_healed":0,"gold_gain":0,"player_choice":"Obtained Relic","damage_taken":0,"relics_obtained":["Pen Nib"],"max_hp_gain":0,"max_hp_loss":0,"event_name":"Addict","floor":22,"gold_loss":85},{"damage_healed":0,"gold_gain":0,"player_choice":"Dagger","damage_taken":6,"max_hp_gain":0,"max_hp_loss":0,"event_name":"betterThird:BetterNest","floor":25,"gold_loss":0,"cards_obtained":["RitualDagger"]},{"damage_healed":0,"gold_gain":112,"player_choice":"RE RE RE RE GO ","damage_taken":356,"relics_obtained":["Lantern","Bag of Marbles","Dream Catcher","MealTicket"],"max_hp_gain":0,"max_hp_loss":0,"event_name":"betterSkull:BetterSkull","floor":30,"gold_loss":0,"cards_upgraded":[]},{"damage_healed":0,"gold_gain":0,"player_choice":"Ignored","damage_taken":0,"max_hp_gain":0,"max_hp_loss":0,"event_name":"Transmorgrifier","floor":37,"gold_loss":0},{"damage_healed":0,"gold_gain":0,"player_choice":"Memory 3","damage_taken":10,"max_hp_gain":0,"max_hp_loss":0,"event_name":"SensoryStone","floor":42,"gold_loss":0},{"damage_healed":0,"gold_gain":333,"player_choice":"Gave Idol","damage_taken":0,"max_hp_gain":0,"max_hp_loss":0,"event_name":"The Moai Head","floor":46,"relics_lost":["Golden Idol"],"gold_loss":0},{"damage_healed":0,"gold_gain":0,"player_choice":"Embrace Madness","damage_taken":68,"max_hp_gain":0,"max_hp_loss":0,"event_name":"Winding Halls","floor":47,"gold_loss":0,"cards_obtained":["Madness","Madness"]}],"is_beta":false,"boss_relics":[{"not_picked":["Velvet Choker","Philosopher\u0027s Stone"],"picked":"Black Star"},{"not_picked":["SlaversCollar","Fusion Hammer"],"picked":"VioletLotus"}],"items_purged_floors":[],"is_endless":false,"potions_floor_spawned":[6,10,12,16,23,31,45,54],"ascension_level":0}}