{"host":"iilsbsc0nnz3b4nr","time":1611779308,"event":{"mods":["BaseMod","Downfall","Hubris","Infinite Spire","Minty Spire (QoL Compilation)","Shade Mod","Shedinja","StSLib","??????REMEMod"],"gold_per_floor":[99,117,130,147,164,44,70,96,112,112,12,42,55,73,90,222,222,122,140,7,7,107,107,107,107],"floor_reached":23,"language":"ENG","playtime":1752,"items_purged":[],"score":228,"play_id":"f3c0b8e6-6e79-4d9e-a237-677c788383b4","local_time":"20210127152828","is_ascension_mode":false,"campfire_choices":[{"floor":1,"key":"RECALL"},{"data":"bronze:AlphaBuild","floor":11,"key":"SMITH"},{"data":"bronze:Assembly","floor":18,"key":"SMITH"}],"circlet_count":0,"master_deck":["bronze:Strike","bronze:Strike","bronze:Strike","bronze:Strike","bronze:Defend","bronze:Defend","bronze:Defend","bronze:Defend","bronze:Replicate","bronze:Goto","bronze:AlphaBuild+1","bronze:WhirlingStrike","bronze:DelayedSlice","bronze:Overheat","bronze:Optimize","bronze:DelayedSlice","bronze:Assembly+1","bronze:FineTuning","bronze:Invalidate","bronze:Branch","bronze:ChosenStrike","bronze:GetLatest","bronze:ShipIt","bronze:BuggyMess","bronze:Shell","bronze:HardenedForm","bronze:BuggyMess","bronze:Deprecate","bronze:DonuBeam","bronze:DecaBeam","bronze:Repulsor+1"],"relics":["bronze:BronzeCore","REME_ComplimentaryCards","infinitespire:PuzzleCube","downfall:HeartBlessingBlue","infinitespire:Lucky Rock","SlaversCollar","downfall:HeartBlessingRed"],"acts_visited":["Exordium","TheCity"],"potions_floor_usage":[16,16,16,16,22,23],"damage_taken":[{"damage":0,"enemies":"Small Slimes","floor":2,"turns":3},{"damage":0,"enemies":"2 Louse","floor":3,"turns":2},{"damage":12,"enemies":"Cultist","floor":4,"turns":5},{"damage":5,"enemies":"Large Slime","floor":5,"turns":7},{"damage":7,"enemies":"downfall:FleeingMerchant","floor":6,"turns":4},{"damage":9,"enemies":"3 Sentries","floor":8,"turns":3},{"damage":9,"enemies":"Exordium Wildlife","floor":9,"turns":3},{"damage":31,"enemies":"Lagavulin","floor":12,"turns":5},{"damage":0,"enemies":"Blue Slaver","floor":13,"turns":1},{"damage":2,"enemies":"Large Slime","floor":14,"turns":3},{"damage":5,"enemies":"Exordium Thugs","floor":15,"turns":2},{"damage":40,"enemies":"DF_ARCHETYPE_STREAMLINE","floor":16,"turns":8},{"damage":21,"enemies":"Shell Parasite","floor":19,"turns":4},{"damage":4,"enemies":"downfall:FleeingMerchant","floor":20,"turns":4},{"damage":61,"enemies":"downfall:FleeingMerchant","floor":22,"turns":8},{"damage":45,"enemies":"downfall:FleeingMerchant","floor":23,"turns":5}],"seed_played":"-9154818143760332800","potions_obtained":[{"floor":4,"key":"champ:CounterPotion"},{"floor":5,"key":"FairyPotion"},{"floor":12,"key":"Fire Potion"},{"floor":15,"key":"EntropicBrew"},{"floor":16,"key":"FairyPotion"},{"floor":22,"key":"GamblersBrew"}],"is_trial":false,"path_per_floor":["R","M","M","M","M","$","T","E","M","?","R","E","M","M","M","B",null,"R","M","$","?","?","?"],"character_chosen":"THE_AUTOMATON","items_purchased":["bronze:Optimize","bronze:DelayedSlice","bronze:HardenedForm","bronze:BuggyMess"],"campfire_rested":0,"item_purchase_floors":[6,6,20,20],"current_hp_per_floor":[77,77,77,65,60,53,53,44,35,35,45,14,14,12,7,5,87,87,66,62,62,1,0,0,0],"gold":107,"neow_bonus":"TEN_PERCENT_HP_BONUS","is_daily":false,"chose_seed":false,"campfire_upgraded":2,"win_rate":0.0,"timestamp":1611779308,"path_taken":["R","M","M","M","M","$","T","E","M","?","R","E","M","M","M","BOSS","R","M","$","?","?","?"],"items_purchased_type":["Card","Card","Card","Card"],"build_version":"2020-12-22","purchased_purges":0,"victory":false,"max_hp_per_floor":[77,77,77,77,77,77,77,77,77,77,87,87,87,87,87,87,87,87,87,87,87,87,87,87,87],"card_choices":[{"not_picked":["bronze:Backtrace","bronze:FollowUp","bronze:Shield"],"picked":"SKIP","floor":2},{"not_picked":["bronze:DarkDash","bronze:WildBeam"],"picked":"bronze:ForLoop","floor":3},{"not_picked":["bronze:WildBeam","bronze:Shield"],"picked":"bronze:WhirlingStrike","floor":4},{"not_picked":["bronze:WhirlingStrike","bronze:Deprecate"],"picked":"bronze:DelayedSlice","floor":5},{"not_picked":["bronze:DigitalCarnage","bronze:FineTuning"],"picked":"bronze:Overheat","floor":6},{"not_picked":["bronze:Backtrace","bronze:DelayedGuard"],"picked":"bronze:Assembly","floor":8},{"not_picked":["bronze:Frontload","bronze:Turbo"],"picked":"bronze:FineTuning","floor":9},{"not_picked":["bronze:FineTuning","bronze:Frontload"],"picked":"bronze:Invalidate","floor":12},{"not_picked":["bronze:Frontload","bronze:Optimize"],"picked":"bronze:Branch","floor":13},{"not_picked":["bronze:CloningBeam","bronze:WildBeam"],"picked":"bronze:ChosenStrike","floor":14},{"not_picked":["bronze:BronzeArmor","bronze:Branch"],"picked":"bronze:GetLatest","floor":15},{"not_picked":["bronze:SpaghettiCode","bronze:HyperBeam"],"picked":"bronze:ShipIt","floor":16},{"not_picked":["bronze:BitShift","bronze:CutThrough+1"],"picked":"bronze:BuggyMess","floor":19},{"not_picked":["bronze:Overload","bronze:Allocate"],"picked":"bronze:Shell","floor":20},{"not_picked":[],"picked":"bronze:DonuBeam","floor":22},{"not_picked":[],"picked":"bronze:DecaBeam","floor":22},{"not_picked":["bronze:OilSpill","bronze:FineTuning+1"],"picked":"bronze:Repulsor+1","floor":22}],"player_experience":187560,"relics_obtained":[{"floor":8,"key":"infinitespire:PuzzleCube"},{"floor":12,"key":"infinitespire:Lucky Rock"}],"event_choices":[{"cards_removed":["bronze:ForLoop"],"damage_healed":0,"gold_gain":0,"player_choice":"Card Removal","damage_taken":0,"max_hp_gain":0,"max_hp_loss":0,"event_name":"The Cleric","floor":10,"gold_loss":0}],"is_beta":false,"boss_relics":[{"not_picked":["Fusion Hammer","hubris:Stopwatch"],"picked":"SlaversCollar"}],"items_purged_floors":[],"is_endless":false,"potions_floor_spawned":[4,5,12,14,15,16,22],"killed_by":"downfall:FleeingMerchant","ascension_level":0}}