{"host":"bczg3e1yq3rp3pkk","time":1611748185,"event":{"mods":["Act Like it!","BaseMod","Conspire","Hermit","KinomotoSakuraMod(木之本樱)","Marisa（F雨　魔理沙）","Minty Spire (QoL Compilation)","Quick Restart","Replay The Spire","RumiaBox-露米娅的神秘盒子","Shop Mod","StSLib","The Bug Knight","The Construct","The Hierophant","The Servant 0.9.4","Warlord Emblem","[GremlinLeader]The Maniac","【遗物卡牌】REMEMod"],"gold_per_floor":[111,111,131,144,67,67,67,111,159,190,223,249,249,281,281,297,297],"floor_reached":16,"language":"ZHS","playtime":862,"items_purged":[],"score":102,"play_id":"3c0a5018-ec2b-4e2c-bbe3-550993dd74f1","local_time":"20210127194945","is_ascension_mode":false,"campfire_choices":[{"data":"WarlordEmblem:BloodSacrifice","floor":6.0,"key":"SMITH"},{"data":"WarlordEmblem:BodyStrike","floor":13.0,"key":"SMITH"},{"floor":15,"key":"REST"}],"circlet_count":0,"master_deck":["WarlordEmblem:RuneStrike","WarlordEmblem:RuneStrike","WarlordEmblem:RuneStrike","WarlordEmblem:RuneStrike","WarlordEmblem:Defend_DK","WarlordEmblem:Defend_DK","WarlordEmblem:Defend_DK","WarlordEmblem:Defend_DK","WarlordEmblem:RuneDefend","WarlordEmblem:RuneHeavyStrike","Exhume","WarlordEmblem:BloodSacrifice+1","WarlordEmblem:BodyStrike+1","WarlordEmblem:RuneMelter","WarlordEmblem:BloodSacrifice","WarlordEmblem:EvilSee","WarlordEmblem:VoidDefend","WarlordEmblem:WrathOfSindragosa"],"relics":["WarlordEmblem:RuneSword","WarlordEmblem:BloodRealm","REME_ComplimentaryCards","NeowsBlessing","Replay:Bandana","Letter Opener","REME_HandOfSuture","conspire:GlowingRock"],"acts_visited":["Exordium"],"potions_floor_usage":[14,16,16],"damage_taken":[{"damage":0.0,"enemies":"2 Louse","floor":1.0,"turns":1.0},{"damage":0.0,"enemies":"Cultist","floor":3.0,"turns":1.0},{"damage":0.0,"enemies":"Small Slimes","floor":4.0,"turns":1.0},{"damage":23.0,"enemies":"3 Sentries","floor":8.0,"turns":7.0},{"damage":8.0,"enemies":"2 Fungi Beasts","floor":10.0,"turns":5.0},{"damage":9.0,"enemies":"Exordium Wildlife","floor":12.0,"turns":4.0},{"damage":0,"enemies":"Looter","floor":14,"turns":2},{"damage":35,"enemies":"Fading Forest","floor":16,"turns":10}],"seed_played":"-5782830955437690823","potions_obtained":[{"floor":1.0,"key":"Dexterity Potion"},{"floor":3.0,"key":"GamblersBrew"},{"floor":14,"key":"EssenceOfSteel"}],"is_trial":false,"path_per_floor":["M","?","M","M","$","R","?","E","T","M","?","M","R","M","R","B"],"character_chosen":"DeathKnight","items_purchased":["WarlordEmblem:BloodSacrifice"],"campfire_rested":1,"item_purchase_floors":[5],"current_hp_per_floor":[80,80,80,80,80,80,73,50,50,42,22,13,13,13,37,8,8],"gold":297,"neow_bonus":"THREE_ENEMY_KILL","is_daily":false,"chose_seed":false,"campfire_upgraded":2,"win_rate":0.0,"timestamp":1611748185,"path_taken":["M","?","M","?","$","R","?","E","T","M","?","M","R","M","R","BOSS"],"items_purchased_type":["Card"],"build_version":"2020-12-22","purchased_purges":0,"victory":false,"max_hp_per_floor":[80,80,80,80,80,80,80,80,80,80,80,80,80,80,80,80,80],"card_choices":[{"not_picked":["WarlordEmblem:SevereWinter","WarlordEmblem:RuneRegen"],"picked":"WarlordEmblem:BloodSacrifice","floor":1.0},{"not_picked":["WarlordEmblem:VoidDefend","WarlordEmblem:CurseStrike"],"picked":"WarlordEmblem:BodyStrike","floor":3.0},{"not_picked":["WarlordEmblem:DeathCoil","WarlordEmblem:Infect"],"picked":"WarlordEmblem:RuneMelter","floor":4.0},{"not_picked":["WarlordEmblem:Execute","WarlordEmblem:FrozenChain"],"picked":"WarlordEmblem:EvilSee","floor":8.0},{"not_picked":["WarlordEmblem:RuneRegen","WarlordEmblem:FrostbiteStrike","WarlordEmblem:FrozenChain"],"picked":"SKIP","floor":10.0},{"not_picked":["WarlordEmblem:Annihilation","WarlordEmblem:FrozenTouch"],"picked":"WarlordEmblem:VoidDefend","floor":11.0},{"not_picked":["WarlordEmblem:EvilWorm","WarlordEmblem:CurseStrike","WarlordEmblem:FrozenWill"],"picked":"SKIP","floor":12.0},{"not_picked":["WarlordEmblem:RuneInspire","WarlordEmblem:RuneRegen"],"picked":"WarlordEmblem:WrathOfSindragosa","floor":14}],"player_experience":374161,"relics_obtained":[{"floor":8.0,"key":"Letter Opener"},{"floor":9.0,"key":"REME_HandOfSuture"},{"floor":11.0,"key":"conspire:GlowingRock"}],"event_choices":[{"damage_healed":0.0,"max_hp_gain":0.0,"max_hp_loss":0.0,"gold_gain":0.0,"event_name":"The Woman in Blue","player_choice":"Bought 0 Potions","floor":2.0,"gold_loss":0.0,"damage_taken":0.0},{"damage_healed":0.0,"max_hp_gain":0.0,"max_hp_loss":0.0,"gold_gain":0.0,"event_name":"Scrap Ooze","player_choice":"Success","floor":7.0,"gold_loss":0.0,"damage_taken":7.0,"relics_obtained":["Replay:Bandana"]}],"is_beta":false,"boss_relics":[],"items_purged_floors":[],"is_endless":false,"potions_floor_spawned":[1,3,14],"killed_by":"Fading Forest","ascension_level":0}}