{"host":"w8jq41i5zn1fudf9","time":1611785028,"event":{"mods":["AchievementEnabler","BaseMod","Colored Map","Colored Powertips","Curses Come First","GifTheSpireLib","Googly Eyes","Minty Spire (QoL Compilation)","Quick Restart","Rare Cards Sparkle","Relic Stats","StSLib","The Awakened One except there are too many feathers","egg","everything is the same but u backflip on backflip","slay the spire mod where everything is the same but ironclad has a cowboy hat"],"gold_per_floor":[112,112,112,187,200,200,231,231,285,316,316,336,354,354,354,354,354],"floor_reached":16,"language":"ENG","playtime":543,"items_purged":[],"score":113,"play_id":"30883cac-2b5d-48a7-a58b-ef52271da89c","local_time":"20210127150348","is_ascension_mode":true,"campfire_choices":[{"data":"Echo Form","floor":6,"key":"SMITH"},{"floor":8,"key":"REST"},{"floor":11,"key":"REST"},{"floor":15,"key":"REST"}],"circlet_count":0,"master_deck":["Strike_B","Strike_B","Strike_B","Strike_B","Defend_B","Defend_B","Defend_B","Defend_B","Zap","Dualcast","Injury","Echo Form+1","Fusion","Melter","Gash","Zap"],"relics":["Cracked Core","TungstenRod","Kunai","Bag of Preparation","MealTicket","Strawberry"],"acts_visited":["Exordium"],"potions_floor_usage":[16,16],"damage_taken":[{"damage":9,"enemies":"Cultist","floor":1,"turns":4},{"damage":12,"enemies":"Jaw Worm","floor":5,"turns":4},{"damage":41,"enemies":"3 Sentries","floor":7,"turns":9},{"damage":12,"enemies":"Lagavulin","floor":10,"turns":7},{"damage":1,"enemies":"2 Louse","floor":12,"turns":2},{"damage":23,"enemies":"Exordium Wildlife","floor":13,"turns":6},{"damage":44,"enemies":"The Guardian","floor":16,"turns":6}],"seed_played":"-5552612756787156542","potions_obtained":[{"floor":10,"key":"GamblersBrew"},{"floor":12,"key":"Weak Potion"},{"floor":13,"key":"Ancient Potion"}],"is_trial":false,"path_per_floor":["M","T","T","?","M","R","E","R","T","E","R","M","M","?","R","B"],"character_chosen":"DEFECT","items_purchased":[],"campfire_rested":3,"item_purchase_floors":[],"current_hp_per_floor":[66,66,66,56,44,44,3,25,25,20,44,43,20,20,44,0,0],"gold":354,"neow_bonus":"THREE_RARE_CARDS","is_daily":false,"chose_seed":false,"campfire_upgraded":1,"win_rate":0.0,"timestamp":1611785028,"path_taken":["M","?","?","?","M","R","E","R","T","E","R","?","M","?","R","BOSS"],"items_purchased_type":[],"build_version":"2020-12-22","purchased_purges":0,"victory":false,"max_hp_per_floor":[75,75,75,75,75,75,75,75,75,82,82,82,82,82,82,82,82],"relic_stats":{"counters":[7,38],"MealTicket":0,"Bag of Preparation":[8],"Kunai":[4],"obtain_stats":[{"Strawberry":10,"MealTicket":9,"Bag of Preparation":7,"Kunai":3,"Cracked Core":0,"TungstenRod":2},{"Strawberry":4,"MealTicket":3,"Bag of Preparation":3,"Kunai":1,"Cracked Core":0,"TungstenRod":1},{"Strawberry":24,"MealTicket":17,"Bag of Preparation":17,"Kunai":4,"Cracked Core":0,"TungstenRod":4}],"TungstenRod":25},"card_choices":[{"not_picked":["Amplify","Multi-Cast"],"picked":"Echo Form","floor":0},{"not_picked":["Compile Driver","Loop","Double Energy"],"picked":"SKIP","floor":1},{"not_picked":["Capacitor","Barrage"],"picked":"Fusion","floor":5},{"not_picked":["Gash","Go for the Eyes"],"picked":"Melter","floor":7},{"not_picked":["Sweeping Beam","Leap","Hologram"],"picked":"SKIP","floor":10},{"not_picked":["Blizzard","Force Field","Steam Power"],"picked":"SKIP","floor":12},{"not_picked":["Stack","Auto Shields"],"picked":"Gash","floor":13}],"player_experience":66385,"relics_obtained":[{"floor":2,"key":"TungstenRod"},{"floor":3,"key":"Kunai"},{"floor":7,"key":"Bag of Preparation"},{"floor":9,"key":"MealTicket"},{"floor":10,"key":"Strawberry"}],"event_choices":[{"damage_healed":0,"gold_gain":75,"player_choice":"Gather Gold","damage_taken":11,"max_hp_gain":0,"max_hp_loss":0,"event_name":"World of Goop","floor":4,"gold_loss":0},{"damage_healed":0,"gold_gain":0,"player_choice":"1 cards matched","damage_taken":0,"max_hp_gain":0,"max_hp_loss":0,"event_name":"Match and Keep!","floor":14,"gold_loss":0,"cards_obtained":["Zap"]}],"is_beta":false,"boss_relics":[],"items_purged_floors":[],"is_endless":false,"potions_floor_spawned":[10,12,13],"killed_by":"The Guardian","ascension_level":1}}