{"host":"7l3oksimcdddoiz3","time":1611725768,"event":{"mods":["100% Spire Juice","BaseMod","Gremlin Mod","Hermit","Lobotomy","Minty Spire (QoL Compilation)","StSLib","The Cursed","The Servant 0.9.4"],"gold_per_floor":[114,129,144,159,9,9,39,39,39,0,12,299,326,353,365,477,489,516,543,180,180,105,105,120,150,150,165,165,195,195,3,3,103,103,118,133,83,83,83,113,113,113],"floor_reached":41,"language":"ENG","playtime":3311,"items_purged":["Regret"],"score":519,"play_id":"ccc2febd-f5ba-4582-84a2-82cb46020594","local_time":"20210126213608","daily_mods":["Heirloom","ControlledChaos","Elite Swarm"],"is_ascension_mode":false,"campfire_choices":[{"data":"Gremlin:TagTeam","floor":6,"key":"SMITH"},{"floor":8,"key":"REST"},{"floor":15,"key":"REST"},{"floor":23,"key":"REST"},{"floor":30,"key":"REST"},{"floor":32,"key":"REST"}],"circlet_count":0,"master_deck":["Gremlin:Strike","Gremlin:Strike","Gremlin:Strike","Gremlin:Defend","Gremlin:Defend","Gremlin:Defend","Gremlin:Defend","Gremlin:TagTeam+1","Gremlin:GremlinDance","Gremlin:Pickpocket","Gremlin:BubbleBarrier","Gremlin:ShankStone","Gremlin:CounterStrike","Gremlin:FlipOut","Gremlin:FlipOut","Gremlin:GremlinArms","Gremlin:DaggerDance","Gremlin:ShadowShiv","Gremlin:DaggerDance+1","Gremlin:TwistTheKnife+1","Gremlin:TagTeam+1","Gremlin:CatScratch","Gremlin:FairyDust","Gremlin:GlitterGuard","Gremlin:FairyDust","Gremlin:Pretaliation+1","Panache","Gremlin:Pretaliation","Gremlin:Exacerbate","Gremlin:ProperTools+1","Gremlin:BubbleBarrier","Gremlin:Jeer","Gremlin:SecondVolley"],"relics":["Gremlin:GremlinKnob","Frozen Eye","Incense Burner","ClockworkSouvenir","Lizard Tail","MawBank","Fusion Hammer","MealTicket","DollysMirror","Sundial","Dream Catcher","Nunchaku","Meat on the Bone","Runic Pyramid","Mummified Hand"],"acts_visited":["Exordium","TheCity","TheBeyond"],"potions_floor_usage":[24,25,27,33],"damage_taken":[{"damage":0,"enemies":"2 Louse","floor":1,"turns":2},{"damage":0,"enemies":"Cultist","floor":2,"turns":3},{"damage":0,"enemies":"Small Slimes","floor":3,"turns":2},{"damage":0,"enemies":"Red Slaver","floor":4,"turns":5},{"damage":4,"enemies":"3 Sentries","floor":7,"turns":6},{"damage":0,"enemies":"Gremlin Nob","floor":10,"turns":1},{"damage":7,"enemies":"Large Slime","floor":13,"turns":6},{"damage":0,"enemies":"Lots of Slimes","floor":14,"turns":1},{"damage":14,"enemies":"Hexaghost","floor":16,"turns":8},{"damage":6,"enemies":"Shell Parasite","floor":18,"turns":5},{"damage":5,"enemies":"3 Byrds","floor":19,"turns":2},{"damage":7,"enemies":"Sentry and Sphere","floor":24,"turns":4},{"damage":10,"enemies":"Slavers","floor":25,"turns":3},{"damage":14,"enemies":"Centurion and Healer","floor":27,"turns":4},{"damage":0,"enemies":"Gremlin Leader","floor":29,"turns":3},{"damage":84,"enemies":"Champ","floor":33,"turns":10},{"damage":33,"enemies":"3 Shapes","floor":35,"turns":2},{"damage":7,"enemies":"Orb Walker","floor":36,"turns":3},{"damage":25,"enemies":"Giant Head","floor":40,"turns":10},{"damage":1,"enemies":"Sphere and 2 Shapes","floor":41,"turns":2}],"seed_played":"-8653540479942029245","potions_obtained":[{"floor":1,"key":"SteroidPotion"},{"floor":3,"key":"CultistPotion"},{"floor":7,"key":"Weak Potion"},{"floor":24,"key":"Explosive Potion"},{"floor":25,"key":"Regen Potion"},{"floor":28,"key":"EssenceOfSteel"},{"floor":35,"key":"SteroidPotion"}],"is_trial":false,"path_per_floor":["M","M","M","M","$","R","E","R","T","E","?","?","M","M","R","B",null,"M","M","$","?","?","R","M","E","T","M","?","E","R","$","R","B",null,"M","M","$","?","?","E","M"],"character_chosen":"GREMLIN","items_purchased":["ClockworkSouvenir","MealTicket","DollysMirror","Panache","Gremlin:BubbleBarrier"],"campfire_rested":5,"item_purchase_floors":[5,20,20,31,37],"current_hp_per_floor":[20,20,20,20,20,20,17,20,20,20,20,20,20,13,19,20,20,17,20,20,20,20,20,13,20,20,9,9,7,13,20,20,15,20,20,20,20,20,20,20,19,19],"gold":113,"neow_bonus":"","is_daily":true,"chose_seed":false,"campfire_upgraded":1,"win_rate":0.0,"timestamp":1611725768,"path_taken":["M","M","M","M","$","R","E","R","T","E","?","?","M","?","R","BOSS","M","M","$","?","?","R","M","E","T","M","?","E","R","$","R","BOSS","M","M","$","?","?","E","?"],"items_purchased_type":["Relic","Relic","Relic","Card","Card"],"build_version":"2020-12-22","purchased_purges":1,"victory":false,"max_hp_per_floor":[20,20,20,20,20,20,20,20,20,20,20,20,20,20,20,20,20,20,20,20,20,20,20,20,20,20,20,20,20,20,20,20,20,20,20,20,20,20,20,20,20,20],"card_choices":[{"not_picked":["Gremlin:Scatter","Gremlin:Whiz"],"picked":"Gremlin:Pickpocket","floor":1},{"not_picked":["Gremlin:ToeStub","Gremlin:Patsy"],"picked":"Gremlin:BubbleBarrier","floor":2},{"not_picked":["Gremlin:PourSalt","Gremlin:FanOfKnives"],"picked":"Gremlin:ShankStone","floor":3},{"not_picked":["Gremlin:BubbleBarrier","Gremlin:Patsy"],"picked":"Gremlin:CounterStrike","floor":4},{"not_picked":["Gremlin:ShowStopper","Gremlin:Fury"],"picked":"Gremlin:FlipOut","floor":7},{"not_picked":["Gremlin:Necromancy","Gremlin:CongaLine"],"picked":"Gremlin:FlipOut","floor":10},{"not_picked":["Gremlin:FeelTheAudience","Gremlin:Tadah"],"picked":"Gremlin:GremlinArms","floor":13},{"not_picked":["Gremlin:Irritability","Gremlin:Tricksy"],"picked":"Gremlin:DaggerDance","floor":14},{"not_picked":["Gremlin:TargetWeakness","Gremlin:BrokenShin"],"picked":"Gremlin:ShadowShiv","floor":16},{"not_picked":["Gremlin:ShowOfHands","Gremlin:Tricksy"],"picked":"Gremlin:DaggerDance+1","floor":18},{"not_picked":["Gremlin:BurlyBlow","Gremlin:IrksomeBlow"],"picked":"Gremlin:TwistTheKnife+1","floor":19},{"not_picked":["Gremlin:ShowStopper","Gremlin:FanOfKnives"],"picked":"Gremlin:CatScratch","floor":24},{"not_picked":["Gremlin:CongaLine","Gremlin:FlipOut"],"picked":"Gremlin:FairyDust","floor":25},{"not_picked":["Gremlin:ShowOfHands","Gremlin:BulkUp"],"picked":"Gremlin:GlitterGuard","floor":27},{"not_picked":["Gremlin:ShadowShiv","Gremlin:Encore"],"picked":"Gremlin:FairyDust","floor":29},{"not_picked":["Gremlin:GremlinArms","Gremlin:Dazzle"],"picked":"Gremlin:Pretaliation+1","floor":30},{"not_picked":["Gremlin:Heckle","Gremlin:GremlinMeal"],"picked":"Gremlin:Pretaliation","floor":32},{"not_picked":["Gremlin:Fury","Gremlin:Erupt"],"picked":"Gremlin:Exacerbate","floor":33},{"not_picked":["Gremlin:ToeStub+1","Gremlin:Scatter"],"picked":"Gremlin:Revel","floor":35},{"not_picked":["Gremlin:Irritability","Gremlin:GremlinMeal"],"picked":"Gremlin:ProperTools+1","floor":36},{"not_picked":["Gremlin:Unforgiving","Gremlin:CongaLine"],"picked":"Gremlin:SecondVolley","floor":40}],"player_experience":99121,"relics_obtained":[{"floor":7,"key":"Lizard Tail"},{"floor":9,"key":"MawBank"},{"floor":25,"key":"Dream Catcher"},{"floor":26,"key":"Nunchaku"},{"floor":29,"key":"Meat on the Bone"},{"floor":40,"key":"Mummified Hand"}],"event_choices":[{"damage_healed":0,"gold_gain":0,"player_choice":"Ignored","damage_taken":0,"max_hp_gain":0,"max_hp_loss":0,"event_name":"Golden Wing","floor":11,"gold_loss":0},{"damage_healed":0,"gold_gain":275,"player_choice":"Desecrate","damage_taken":0,"max_hp_gain":0,"max_hp_loss":0,"event_name":"Golden Shrine","floor":12,"gold_loss":0,"cards_obtained":["Regret"]},{"damage_healed":0,"gold_gain":0,"player_choice":"Opened","damage_taken":0,"relics_obtained":["Sundial"],"max_hp_gain":0,"max_hp_loss":0,"event_name":"The Mausoleum","floor":21,"gold_loss":0},{"cards_removed":["Gremlin:Strike"],"damage_healed":0,"gold_gain":0,"player_choice":"Gave Gold","damage_taken":0,"max_hp_gain":0,"max_hp_loss":0,"event_name":"Beggar","floor":22,"gold_loss":75},{"damage_healed":0,"gold_gain":0,"player_choice":"Got Potions","damage_taken":0,"max_hp_gain":0,"max_hp_loss":0,"event_name":"Lab","floor":28,"gold_loss":0},{"damage_healed":0,"gold_gain":0,"player_choice":"Ignored","damage_taken":0,"max_hp_gain":0,"max_hp_loss":0,"event_name":"Mysterious Sphere","floor":38,"gold_loss":0},{"damage_healed":0,"gold_gain":0,"cards_transformed":["Gremlin:Revel"],"player_choice":"Transformed","damage_taken":0,"max_hp_gain":0,"max_hp_loss":0,"event_name":"Transmorgrifier","floor":39,"gold_loss":0,"cards_obtained":["Gremlin:Jeer"]}],"is_beta":false,"boss_relics":[{"not_picked":["Empty Cage","Astrolabe"],"picked":"Fusion Hammer"},{"not_picked":["Sozu","Coffee Dripper"],"picked":"Runic Pyramid"}],"items_purged_floors":[20],"is_endless":false,"potions_floor_spawned":[1,3,7,13,24,25,29,35,36],"killed_by":"Sphere and 2 Shapes","ascension_level":0}}