{"host":"sav7uxregyirlf69","time":1611731885,"event":{"mods":["AchievementEnabler","BaseMod","Colored Map","DeckTracker","Keyboard Shortcuts","Minty Spire (QoL Compilation)","READ ME - Guardian Mod","StSLib","SuperFastMode"],"gold_per_floor":[117,133,133,147,159,159,193,193,219,232,242,242,242],"floor_reached":12,"language":"KOR","playtime":217,"items_purged":[],"score":164,"play_id":"1daf41ab-7c9b-4294-91a4-aa8578a08811","local_time":"20210127161805","is_ascension_mode":true,"campfire_choices":[{"data":"Bouncing Flask","floor":6,"key":"SMITH"},{"floor":8,"key":"REST"}],"circlet_count":0,"master_deck":["AscendersBane","Strike_G","Strike_G","Strike_G","Strike_G","Defend_G","Defend_G","Defend_G","Defend_G","Survivor","Neutralize","Bouncing Flask+1","PiercingWail","Dagger Throw","Well Laid Plans","Noxious Fumes","Dash"],"relics":["Ring of the Snake","Tiny Chest","Toy Ornithopter"],"acts_visited":["Exordium"],"potions_floor_usage":[7,7,10,12],"damage_taken":[{"damage":10,"enemies":"Cultist","floor":1,"turns":5},{"damage":7,"enemies":"Jaw Worm","floor":2,"turns":5},{"damage":0,"enemies":"2 Louse","floor":4,"turns":3},{"damage":6,"enemies":"Looter","floor":5,"turns":3},{"damage":6,"enemies":"Lagavulin","floor":7,"turns":6},{"damage":18,"enemies":"Exordium Thugs","floor":10,"turns":4},{"damage":0,"enemies":"3 Louse","floor":11,"turns":4},{"damage":28,"enemies":"Gremlin Nob","floor":12,"turns":3}],"seed_played":"-531368892058216119","potions_obtained":[{"floor":2,"key":"Block Potion"},{"floor":4,"key":"Block Potion"},{"floor":7,"key":"AttackPotion"},{"floor":10,"key":"DistilledChaos"}],"is_trial":false,"path_per_floor":["M","M","?","M","M","R","E","R","T","M","M","E"],"character_chosen":"THE_SILENT","items_purchased":[],"campfire_rested":1,"item_purchase_floors":[],"current_hp_per_floor":[34,27,27,27,21,21,15,34,34,21,21,0,0],"gold":242,"neow_bonus":"REMOVE_TWO","is_daily":false,"chose_seed":false,"campfire_upgraded":1,"win_rate":0.0,"timestamp":1611731885,"path_taken":["M","M","?","M","M","R","E","R","T","M","M","E"],"items_purchased_type":[],"build_version":"2020-12-22","purchased_purges":0,"victory":false,"max_hp_per_floor":[66,66,66,66,66,66,66,66,66,66,66,66,66],"card_choices":[{"not_picked":["Blade Dance","Tactician"],"picked":"Bouncing Flask","floor":1},{"not_picked":["Caltrops","Calculated Gamble"],"picked":"PiercingWail","floor":2},{"not_picked":["PiercingWail","Calculated Gamble"],"picked":"Dagger Throw","floor":4},{"not_picked":["Concentrate","Prepared","Poisoned Stab"],"picked":"SKIP","floor":5},{"not_picked":["Skewer","Quick Slash"],"picked":"Well Laid Plans","floor":7},{"not_picked":["Underhanded Strike","Slice"],"picked":"Noxious Fumes","floor":10},{"not_picked":["Accuracy","Prepared"],"picked":"Dash","floor":11}],"player_experience":1390625,"relics_obtained":[{"floor":7,"key":"Tiny Chest"},{"floor":9,"key":"Toy Ornithopter"}],"event_choices":[{"damage_healed":0,"gold_gain":0,"player_choice":"Ignored","damage_taken":0,"max_hp_gain":0,"max_hp_loss":0,"event_name":"Liars Game","floor":3,"gold_loss":0}],"is_beta":false,"boss_relics":[],"items_purged_floors":[],"is_endless":false,"potions_floor_spawned":[2,4,5,7,10],"killed_by":"Gremlin Nob","ascension_level":20}}