{"host":"6xsbn6ynqlzwllfm","time":1611768623,"event":{"mods":["2.2 Compatiblity","BaseMod","Bestiary","Colored Map","Colored Powertips","Curses Come First","Highlight Path","Keyboard Shortcuts","Minty Spire (QoL Compilation)","Relic Stats","Slay the Relics Exporter","StSLib","SuperFastMode"],"gold_per_floor":[212,11,11,23,23,23,53,53,53,53,73,73,100,117,117,188,188,188,24,24,24,24,24,24,24,24,24,24,24,24,24,24,24,24],"floor_reached":33,"language":"ENG","playtime":1997,"items_purged":[],"score":595,"play_id":"d1cb6e5c-c5ff-4788-9efd-e86c69122ae6","local_time":"20210127123023","is_ascension_mode":true,"campfire_choices":[{"data":"Reprogram","floor":6,"key":"SMITH"},{"floor":8,"key":"REST"},{"data":"Beam Cell","floor":12,"key":"SMITH"},{"data":"Barrage","floor":15,"key":"SMITH"},{"data":"Hologram","floor":23,"key":"SMITH"},{"data":"Sweeping Beam","floor":29,"key":"SMITH"},{"data":"Capacitor","floor":32,"key":"SMITH"}],"circlet_count":0,"master_deck":["AscendersBane","Strike_B","Strike_B","Strike_B","Strike_B","Defend_B+1","Defend_B","Defend_B","Defend_B","Zap","Dualcast+1","Sweeping Beam+1","Core Surge","Reprogram+1","Sweeping Beam","Beam Cell+1","Reinforced Body","Barrage+1","Fission","Doom and Gloom","Hologram+1","Go for the Eyes","Cold Snap","Barrage+1","Capacitor+1"],"relics":["Cracked Core","Bronze Scales","Toy Ornithopter","Mercury Hourglass","War Paint","Ectoplasm","ClockworkSouvenir","Red Mask","Pantograph","Meat on the Bone","Potion Belt","Gremlin Horn","Lantern"],"acts_visited":["Exordium","TheCity"],"potions_floor_usage":[7,16,16,20,25,25,31],"damage_taken":[{"damage":2,"enemies":"Jaw Worm","floor":1,"turns":4},{"damage":0,"enemies":"Small Slimes","floor":4,"turns":2},{"damage":26,"enemies":"Lagavulin","floor":7,"turns":5},{"damage":0,"enemies":"Cultist","floor":11,"turns":2},{"damage":13,"enemies":"3 Sentries","floor":13,"turns":4},{"damage":13,"enemies":"Exordium Thugs","floor":14,"turns":3},{"damage":16,"enemies":"Slime Boss","floor":16,"turns":8},{"damage":18,"enemies":"Spheric Guardian","floor":18,"turns":5},{"damage":0,"enemies":"Masked Bandits","floor":20,"turns":2},{"damage":3,"enemies":"3 Byrds","floor":22,"turns":2},{"damage":0,"enemies":"Snake Plant","floor":24,"turns":4},{"damage":9,"enemies":"Slavers","floor":25,"turns":3},{"damage":4,"enemies":"3 Cultists","floor":27,"turns":4},{"damage":9,"enemies":"Gremlin Leader","floor":28,"turns":6},{"damage":0,"enemies":"Snecko","floor":30,"turns":4},{"damage":26,"enemies":"Slavers","floor":31,"turns":2},{"damage":69,"enemies":"Champ","floor":33,"turns":8}],"seed_played":"3875908815506842698","potions_obtained":[{"floor":1,"key":"SteroidPotion"},{"floor":7,"key":"SpeedPotion"},{"floor":14,"key":"SkillPotion"},{"floor":16,"key":"AttackPotion"},{"floor":18,"key":"ColorlessPotion"},{"floor":20,"key":"Fire Potion"},{"floor":25,"key":"LiquidBronze"},{"floor":27,"key":"DistilledChaos"}],"is_trial":false,"path_per_floor":["M","$","?","M","$","R","E","R","T","?","M","R","E","M","R","B",null,"M","$","?","T","M","R","M","E","T","M","E","R","M","E","R","B"],"character_chosen":"DEFECT","items_purchased":["Core Surge","Reprogram","ClockworkSouvenir"],"campfire_rested":1,"item_purchase_floors":[2,2,19],"current_hp_per_floor":[62,62,44,44,44,44,18,39,39,44,44,44,31,18,18,12,60,42,42,47,47,44,44,44,45,45,41,44,44,44,35,35,0,0],"gold":24,"neow_bonus":"HUNDRED_GOLD","is_daily":false,"chose_seed":false,"campfire_upgraded":6,"win_rate":0.0,"timestamp":1611768623,"path_taken":["M","$","?","M","$","R","E","R","T","?","M","R","E","M","R","BOSS","M","$","?","?","M","R","M","E","T","M","E","R","M","E","R","BOSS"],"items_purchased_type":["Card","Card","Relic"],"build_version":"2020-12-22","purchased_purges":0,"victory":false,"max_hp_per_floor":[71,71,71,71,71,71,71,71,71,76,76,76,76,76,76,76,76,76,76,76,76,76,76,76,76,76,76,76,76,76,76,76,76,76],"relic_stats":{"Gremlin Horn":[2,2],"counters":[17,68],"Bronze Scales":[139],"Pantograph":25,"Ectoplasm":222,"War Paint":["Defend_B","Dualcast"],"obtain_stats":[{"Potion Belt":26,"Lantern":31,"Gremlin Horn":28,"War Paint":13,"Mercury Hourglass":9,"ClockworkSouvenir":19,"Bronze Scales":3,"Pantograph":21,"Ectoplasm":17,"Red Mask":20,"Cracked Core":0,"Toy Ornithopter":7,"Meat on the Bone":25},{"Potion Belt":12,"Lantern":16,"Gremlin Horn":14,"War Paint":5,"Mercury Hourglass":3,"ClockworkSouvenir":8,"Bronze Scales":1,"Pantograph":9,"Ectoplasm":7,"Red Mask":9,"Cracked Core":0,"Toy Ornithopter":3,"Meat on the Bone":12},{"Potion Belt":44,"Lantern":60,"Gremlin Horn":54,"War Paint":17,"Mercury Hourglass":11,"ClockworkSouvenir":33,"Bronze Scales":4,"Pantograph":35,"Ectoplasm":28,"Red Mask":35,"Cracked Core":0,"Toy Ornithopter":11,"Meat on the Bone":44}],"Toy Ornithopter":30,"Mercury Hourglass":[286],"Meat on the Bone":24},"card_choices":[{"not_picked":["Steam","Compile Driver"],"picked":"Sweeping Beam","floor":1},{"not_picked":["Leap","Doom and Gloom"],"picked":"Sweeping Beam","floor":4},{"not_picked":["Cold Snap","Barrage"],"picked":"Beam Cell","floor":7},{"not_picked":["Compile Driver","Capacitor"],"picked":"Reinforced Body","floor":11},{"not_picked":["Cold Snap","Rebound"],"picked":"Barrage","floor":13},{"not_picked":["Chaos","Lockon","Sweeping Beam"],"picked":"SKIP","floor":14},{"not_picked":["Amplify","Meteor Strike"],"picked":"Fission","floor":16},{"not_picked":["Aggregate","Blizzard"],"picked":"Doom and Gloom","floor":18},{"not_picked":["Sweeping Beam","Turbo"],"picked":"Hologram","floor":20},{"not_picked":["Beam Cell","Conserve Battery"],"picked":"Go for the Eyes","floor":22},{"not_picked":["Streamline","Go for the Eyes"],"picked":"Cold Snap","floor":24},{"not_picked":["Compile Driver","Steam","Amplify"],"picked":"SKIP","floor":27},{"not_picked":["Buffer","Genetic Algorithm"],"picked":"Barrage+1","floor":28},{"not_picked":["Barrage","Compile Driver+1"],"picked":"Capacitor","floor":30},{"not_picked":["Stack+1","Sweeping Beam","Darkness"],"picked":"SKIP","floor":31}],"player_experience":1161842,"relics_obtained":[{"floor":7,"key":"Toy Ornithopter"},{"floor":9,"key":"Mercury Hourglass"},{"floor":13,"key":"War Paint"},{"floor":20,"key":"Red Mask"},{"floor":21,"key":"Pantograph"},{"floor":25,"key":"Meat on the Bone"},{"floor":26,"key":"Potion Belt"},{"floor":28,"key":"Gremlin Horn"},{"floor":31,"key":"Lantern"}],"event_choices":[{"damage_healed":0,"gold_gain":0,"player_choice":"Success","damage_taken":18,"relics_obtained":["Bronze Scales"],"max_hp_gain":0,"max_hp_loss":0,"event_name":"Scrap Ooze","floor":3,"gold_loss":0},{"damage_healed":0,"gold_gain":0,"player_choice":"Donut","damage_taken":0,"max_hp_gain":5,"max_hp_loss":0,"event_name":"Big Fish","floor":10,"gold_loss":0},{"damage_healed":0,"gold_gain":0,"player_choice":"Fought Bandits","damage_taken":0,"max_hp_gain":0,"max_hp_loss":0,"event_name":"Masked Bandits","floor":20,"gold_loss":0}],"is_beta":false,"boss_relics":[{"not_picked":["SlaversCollar","Inserter"],"picked":"Ectoplasm"}],"items_purged_floors":[],"is_endless":false,"potions_floor_spawned":[1,7,14,16,18,20,25,27],"killed_by":"Champ","ascension_level":18}}