{"host":"vhvubw4jk4f204qs","time":1611708303,"event":{"mods":["AchievementEnabler","BaseMod","DeckTracker","GifTheSpireLib","Minty Spire (QoL Compilation)","Permanent Neow","Quick Restart","StSLib","SuperFastMode","The IronCluck","slay the spire mod where everything is the same but ironclad has a cowboy hat"],"gold_per_floor":[109,120,270,139,157,190,190,215,241,241,133,167,167,167,167,246,246,246,246],"floor_reached":18,"language":"ENG","playtime":1968,"items_purged":["Doubt","Strike_G"],"score":402,"play_id":"a7e00ec1-e045-4b55-af51-c7b2a832b246","local_time":"20210126194503","is_ascension_mode":true,"campfire_choices":[{"data":"Blade Dance","floor":7,"key":"SMITH"},{"floor":10,"key":"REST"},{"data":"Cloak And Dagger","floor":13,"key":"SMITH"},{"floor":15,"key":"REST"}],"circlet_count":0,"master_deck":["AscendersBane","Strike_G+1","Strike_G","Strike_G","Defend_G","Defend_G","Defend_G","Defend_G","Defend_G","Survivor","Neutralize","Deadly Poison","Backstab+1","Blade Dance+1","Dagger Spray","Cloak And Dagger+1","Burst"],"relics":["WristBlade","Smiling Mask","Whetstone","Orichalcum","Nunchaku","Black Star"],"acts_visited":["Exordium","TheCity"],"potions_floor_usage":[8,16],"damage_taken":[{"damage":3,"enemies":"2 Louse","floor":1,"turns":5},{"damage":12,"enemies":"Small Slimes","floor":2,"turns":4},{"damage":0,"enemies":"Cultist","floor":5,"turns":3},{"damage":17,"enemies":"3 Sentries","floor":6,"turns":8},{"damage":17,"enemies":"Lagavulin","floor":8,"turns":4},{"damage":0,"enemies":"3 Sentries","floor":12,"turns":7},{"damage":10,"enemies":"The Guardian","floor":16,"turns":13},{"damage":0,"enemies":"Chosen","floor":18,"turns":1}],"seed_played":"-2535871978901324172","potions_obtained":[{"floor":2,"key":"GamblersBrew"},{"floor":6,"key":"AttackPotion"},{"floor":12,"key":"FearPotion"}],"is_trial":false,"path_per_floor":["M","M","?","$","M","E","R","E","T","R","$","E","R","?","R","B",null,"M"],"character_chosen":"THE_SILENT","items_purchased":["Blade Dance","Cloak And Dagger"],"campfire_rested":2,"item_purchase_floors":[4,11],"current_hp_per_floor":[56,44,44,44,44,27,27,10,10,29,29,29,29,22,41,31,57,57,57],"gold":246,"neow_bonus":"BOSS_RELIC","is_daily":false,"chose_seed":false,"campfire_upgraded":2,"win_rate":0.0,"timestamp":1611708303,"path_taken":["M","M","?","$","M","E","R","E","T","R","$","E","R","?","R","BOSS","M"],"items_purchased_type":["Card","Card"],"build_version":"2020-12-22","purchased_purges":2,"victory":false,"max_hp_per_floor":[66,66,66,66,66,66,66,66,66,66,66,66,66,66,66,66,66,66,66],"card_choices":[{"not_picked":["Outmaneuver","Deflect"],"picked":"Deadly Poison","floor":1},{"not_picked":["Reflex","Calculated Gamble"],"picked":"Backstab","floor":2},{"not_picked":["Prepared","Deadly Poison"],"picked":"Dagger Spray","floor":5},{"not_picked":["PiercingWail","Acrobatics","Deadly Poison"],"picked":"SKIP","floor":6},{"not_picked":["Underhanded Strike","Dagger Spray","PiercingWail"],"picked":"SKIP","floor":8},{"not_picked":["Sucker Punch","Caltrops","Concentrate"],"picked":"SKIP","floor":12},{"not_picked":["Glass Knife","Grand Finale"],"picked":"Burst","floor":16}],"player_experience":724736,"relics_obtained":[{"floor":6,"key":"Smiling Mask"},{"floor":8,"key":"Whetstone"},{"floor":9,"key":"Orichalcum"},{"floor":12,"key":"Nunchaku"}],"event_choices":[{"damage_healed":0,"gold_gain":150,"player_choice":"AGREE","damage_taken":0,"max_hp_gain":0,"max_hp_loss":0,"event_name":"Liars Game","floor":3,"gold_loss":0,"cards_obtained":["Doubt"]},{"cards_removed":["Strike_G"],"damage_healed":0,"gold_gain":0,"player_choice":"Card Removal","damage_taken":7,"max_hp_gain":0,"max_hp_loss":0,"event_name":"Golden Wing","floor":14,"gold_loss":0}],"is_beta":false,"boss_relics":[{"not_picked":["Runic Pyramid","Fusion Hammer"],"picked":"Black Star"}],"items_purged_floors":[4,11],"is_endless":false,"potions_floor_spawned":[2,6,12],"killed_by":"Chosen","ascension_level":20}}