{"host":"ojezjkpqju62j8xy","time":1611748636,"event":{"mods":["ATMod(°¢èªMod)","Act Like it!","Aspiration","BaseMod","Conspire","Minty Spire (QoL Compilation)","Pale of the Ancients","Replay The Spire","Spicy Shops","StSLib","[GremlinLeader]The Maniac","¡¾ÒÅÎï¿¨ÅÆ¡¿REMEMod"],"gold_per_floor":[140,175,210,251,23,23,23,23],"floor_reached":7,"language":"ZHS","playtime":248,"items_purged":["Regret"],"score":56,"play_id":"f07058e0-c73e-4498-94e7-1660f0f5b0bb","local_time":"20210127195716","is_ascension_mode":true,"campfire_choices":[{"floor":6,"key":"RECALL"}],"circlet_count":0,"master_deck":["Strike_P","Strike_P","Strike_P","Strike_P","Defend_P","Defend_P","Defend_P","Defend_P","Eruption","Vigilance","AT_DivineConfetti","Wish","Halt","AT_DivineConfetti","WreathOfFlame","AT_ChampionStep","WreathOfFlame"],"relics":["PureWater","AT_ATBox","REME_ComplimentaryCards","Toy Ornithopter","TeardropLocket"],"acts_visited":["Exordium"],"potions_floor_usage":[4],"damage_taken":[{"damage":6,"enemies":"conspire:RoseBush","floor":1,"turns":4},{"damage":12,"enemies":"Cultist","floor":2,"turns":3},{"damage":9,"enemies":"2 Louse","floor":3,"turns":6},{"damage":18,"enemies":"2 Fungi Beasts","floor":4,"turns":3},{"damage":53,"enemies":"Lagavulin","floor":7,"turns":4}],"seed_played":"-7692419153537237804","potions_obtained":[{"floor":2,"key":"BottledMiracle"},{"floor":4,"key":"Venom Potion"}],"is_trial":false,"path_per_floor":["M","M","M","M","$","R","E"],"character_chosen":"WATCHER","items_purchased":["TeardropLocket","WreathOfFlame"],"campfire_rested":0,"item_purchase_floors":[5,5],"current_hp_per_floor":[59,47,38,25,25,25,0,0],"gold":23,"neow_bonus":"RANDOM_COMMON_RELIC","is_daily":false,"chose_seed":false,"campfire_upgraded":0,"win_rate":0.0,"timestamp":1611748636,"path_taken":["M","?","?","M","$","R","E"],"items_purchased_type":["Relic","Card"],"build_version":"2020-12-22","purchased_purges":1,"victory":false,"max_hp_per_floor":[72,72,72,72,72,72,72,72],"card_choices":[{"not_picked":["Replay:ManipulateFuture","ForeignInfluence"],"picked":"Halt","floor":1},{"not_picked":["Protect","ClearTheMind"],"picked":"AT_DivineConfetti","floor":2},{"not_picked":["BowlingBash","Consecrate"],"picked":"WreathOfFlame","floor":3},{"not_picked":["Replay:DivineShield","Replay:ManipulateFuture"],"picked":"AT_ChampionStep","floor":4}],"player_experience":1392326,"relics_obtained":[],"event_choices":[],"is_beta":false,"boss_relics":[],"items_purged_floors":[5],"is_endless":false,"potions_floor_spawned":[2,4],"killed_by":"Lagavulin","ascension_level":6}}