{"host":"qbvxbacgnxuisbbe","time":1611711409,"event":{"mods":["Alarm Clock","BaseMod","Humility","Minty Spire (QoL Compilation)","StSLib"],"gold_per_floor":[115,115,126,126,144,156,156,183,183,183,183],"floor_reached":10,"language":"ENG","playtime":269,"items_purged":[],"score":152,"play_id":"1ef65e5c-4224-4c8b-b87a-f0651f82f645","local_time":"20210127013649","is_ascension_mode":true,"campfire_choices":[{"data":"Flame Barrier","floor":7,"key":"SMITH"}],"circlet_count":0,"master_deck":["AscendersBane","Strike_R","Strike_R","Strike_R","Strike_R","Defend_R","Defend_R","Defend_R","Defend_R","Bash","Carnage+1","Clothesline","Flame Barrier+1","True Grit"],"relics":["Burning Blood","Happy Flower","StrikeDummy","Bronze Scales"],"acts_visited":["Exordium"],"potions_floor_usage":[5,8,10],"damage_taken":[{"damage":10,"enemies":"Small Slimes","floor":1,"turns":3},{"damage":0,"enemies":"Cultist","floor":3,"turns":2},{"damage":17,"enemies":"Jaw Worm","floor":5,"turns":2},{"damage":57,"enemies":"Gremlin Nob","floor":6,"turns":4},{"damage":13,"enemies":"Lagavulin","floor":8,"turns":8},{"damage":8,"enemies":"3 Sentries","floor":10,"turns":2}],"seed_played":"7288859820256185120","potions_obtained":[{"floor":1,"key":"BlessingOfTheForge"},{"floor":3,"key":"Dexterity Potion"},{"floor":8,"key":"Block Potion"}],"is_trial":false,"path_per_floor":["M","?","M","?","M","E","R","E","T","E"],"character_chosen":"IRONCLAD","items_purchased":[],"campfire_rested":0,"item_purchase_floors":[],"current_hp_per_floor":[71,71,77,77,66,15,15,8,8,0,0],"gold":183,"neow_bonus":"TEN_PERCENT_HP_BONUS","is_daily":false,"chose_seed":false,"campfire_upgraded":1,"win_rate":0.0,"timestamp":1611711409,"path_taken":["M","?","M","?","M","E","R","E","T","E"],"items_purchased_type":[],"build_version":"2020-12-22","purchased_purges":0,"victory":false,"max_hp_per_floor":[82,82,82,82,82,82,82,82,82,82,82],"card_choices":[{"not_picked":["Pummel","Flex"],"picked":"Carnage","floor":1},{"not_picked":["Power Through","Sword Boomerang"],"picked":"Clothesline","floor":3},{"not_picked":["Iron Wave","Wild Strike","Anger"],"picked":"SKIP","floor":5},{"not_picked":["Offering","Perfected Strike"],"picked":"Flame Barrier","floor":6},{"not_picked":["Flex","Havoc"],"picked":"True Grit","floor":8}],"player_experience":151378,"relics_obtained":[{"floor":6,"key":"Happy Flower"},{"floor":8,"key":"StrikeDummy"},{"floor":9,"key":"Bronze Scales"}],"event_choices":[{"damage_healed":0,"gold_gain":0,"player_choice":"Grow","damage_taken":0,"max_hp_gain":0,"max_hp_loss":0,"event_name":"Living Wall","floor":2,"gold_loss":0,"cards_upgraded":["Carnage"]},{"cards_removed":["Strike_R"],"damage_healed":0,"gold_gain":0,"player_choice":"Purged","damage_taken":0,"max_hp_gain":0,"max_hp_loss":0,"event_name":"Purifier","floor":4,"gold_loss":0}],"is_beta":false,"boss_relics":[],"items_purged_floors":[],"is_endless":false,"potions_floor_spawned":[1,3,8],"killed_by":"3 Sentries","ascension_level":20,"is_humility":true}}