{"host":"emut9mh212kd9b86","time":1611747381,"event":{"mods":["ATMod(阿瑾Mod)","Act Like it!","Arknights The Spire","BaseMod","Gensokyo","LagranYue(拉格朗・月)","Minty Spire (QoL Compilation)","MostiFishMod","Shop Mod","Spicy Shops","StSLib","TestMod","noobMod","【遗物卡牌】REMEMod"],"gold_per_floor":[113,125,125,151,165,165,195,211,236,236,267,197,216,241,241,342,342,358,358,374,388,405,440,458,488,512,512,544,560,574,607,607,710,710,725,725,452,463,480,480,812,812,812,842,842,946,946,238,238,463,463,463,210,292,317],"floor_reached":56,"language":"ZHS","playtime":2211,"items_purged":["Doubt","ats:Strike C+1"],"score":2182,"play_id":"b5984cb2-ef9e-4e78-90e8-66a325c54262","local_time":"20210127193621","is_ascension_mode":true,"campfire_choices":[{"data":"MostiFishMod:RacingGame","floor":6,"key":"SMITH"},{"floor":10,"key":"RECALL"},{"data":"ats:Encircling Forest","floor":15,"key":"SMITH"},{"floor":27,"key":"REST"},{"floor":32,"key":"REST"},{"floor":40,"key":"REST"},{"floor":42,"key":"REST"},{"floor":49,"key":"REST"},{"floor":52,"key":"REST"}],"circlet_count":0,"master_deck":["ats:Armor Crushing Shot+1","ats:Defend+1","ats:Defend+1","ats:Defend+1","ats:Defend+1","MostiFishMod:RacingGame+1","AT_ChampionStep+1","Eruption+1","ats:Encircling Forest+1","ats:Sashimi Platter+1","ats:Wolf Pack+1","Gensokyo:GreaterSplit+1"],"relics":["ats:Sanity","testmod-TestBox","ice","DaveBox","AT_ATBox","REME_ComplimentaryCards","LagranYue:RandomDrawCardRelic","testmod-BloodSacrificeSpiritualization","Jackal-EndForJourney","SynthV:TestCard","Gensokyo:Justice","ats:Originium","testmod-ArcanaOfDestiny","Orichalcum","testmod-Antiphasic","InkBottle","ExusiaiGun","Gensokyo:MosesMiracle","testmod-TurbochargingSystem","testmod-AssaultLearning","testmod-IndustrialRevolution","Happy Flower","testmod-SaigiyounoYou","MetatronsCube","AT_ArchangelStaff","Anchor","AT_MibuBalloonWealth","Omamori","MerchantsRug","AT_BladeRuinedKing","testmod-Justice","Darkstone Periapt","testmod-RealStoneCalender","AT_ChloranthyRing","Gremlin Horn"],"acts_visited":["Exordium","Gensokyo:Gensokyo","Gensokyo:Gensokyoer","TheEnding"],"potions_floor_usage":[28,44],"damage_taken":[{"damage":13,"enemies":"Gensokyo:2_Kodama","floor":1,"turns":3},{"damage":18,"enemies":"Gensokyo:Python","floor":2,"turns":3},{"damage":7,"enemies":"Gensokyo:3_Fairies","floor":5,"turns":3},{"damage":7,"enemies":"Gensokyo:Cirno","floor":7,"turns":4},{"damage":7,"enemies":"Gensokyo:LivingMonolith","floor":8,"turns":2},{"damage":7,"enemies":"Gensokyo:Aya","floor":11,"turns":4},{"damage":0,"enemies":"Gensokyo:Kitsune","floor":13,"turns":2},{"damage":0,"enemies":"Gensokyo:Mamizou","floor":14,"turns":3},{"damage":0,"enemies":"Gensokyo:Reimu","floor":16,"turns":2},{"damage":7,"enemies":"Gensokyo:Chomper","floor":18,"turns":1},{"damage":7,"enemies":"Gensokyo:CosmicMonolith","floor":20,"turns":1},{"damage":7,"enemies":"Gensokyo:Swordslinger","floor":21,"turns":1},{"damage":7,"enemies":"Gensokyo:Wraith","floor":22,"turns":2},{"damage":7,"enemies":"Gensokyo:Reisen","floor":23,"turns":1},{"damage":7,"enemies":"Gensokyo:Chomper_and_Gloop","floor":24,"turns":1},{"damage":7,"enemies":"Gensokyo:Koishi","floor":25,"turns":1},{"damage":7,"enemies":"Gensokyo:Tenshi","floor":28,"turns":1},{"damage":7,"enemies":"Gensokyo:Swordslinger","floor":29,"turns":1},{"damage":7,"enemies":"Gensokyo:Wraith","floor":30,"turns":2},{"damage":7,"enemies":"Gensokyo:Reisen","floor":31,"turns":1},{"damage":7,"enemies":"Gensokyo:Eternal_Rivals","floor":33,"turns":2},{"damage":7,"enemies":"Gensokyo:3_Bats","floor":35,"turns":1},{"damage":7,"enemies":"Gensokyo:3_Boulders","floor":38,"turns":1},{"damage":7,"enemies":"Gensokyo:Sharpion","floor":39,"turns":3},{"damage":7,"enemies":"Gensokyo:Kasen","floor":41,"turns":3},{"damage":7,"enemies":"Gensokyo:Doremy","floor":44,"turns":1},{"damage":7,"enemies":"Gensokyo:Kasen","floor":46,"turns":1},{"damage":7,"enemies":"Gensokyo:Scarlet_Devils","floor":50,"turns":2},{"damage":7,"enemies":"Shield and Spear","floor":54,"turns":1},{"damage":15,"enemies":"The Heart","floor":55,"turns":2}],"seed_played":"6708938931169283645","potions_obtained":[{"floor":1,"key":"Dexterity Potion"},{"floor":2,"key":"testmod-TestPotion"},{"floor":8,"key":"FearPotion"},{"floor":28,"key":"REME_GoldPotion"},{"floor":30,"key":"Explosive Potion"},{"floor":44,"key":"testmod-SpacePotion"},{"floor":54,"key":"Regen Potion"}],"is_trial":false,"path_per_floor":["M","M","?","T","M","R","E","M","T","R","E","?","M","E","R","B",null,"M","?","M","M","M","E","M","E","T","R","E","M","M","E","R","B",null,"M","?","COS","M","M","R","E","R","T","E","?","E","?","$","R","B",null,"R","$","E","B",null],"character_chosen":"DOCTOR_CLASS","items_purchased":["MerchantsRug","AT_BladeRuinedKing","testmod-Justice","Darkstone Periapt","AT_ChloranthyRing"],"campfire_rested":6,"item_purchase_floors":[48,48,48,48,53],"current_hp_per_floor":[59,41,41,41,34,34,27,20,20,20,13,13,13,13,13,13,72,65,65,58,51,44,72,65,58,58,72,72,65,58,72,72,72,72,72,62,62,67,72,72,72,72,72,72,72,72,72,72,72,72,72,72,72,72,71],"gold":317,"neow_bonus":"REMOVE_CARD","is_daily":false,"chose_seed":false,"campfire_upgraded":2,"win_rate":0.0,"timestamp":1611747381,"path_taken":["M","M","?","?","?","R","E","M","T","R","E","?","M","E","R","BOSS","M","?","M","?","M","E","M","E","T","R","E","M","M","E","R","BOSS","M","?","COS","M","M","R","E","R","T","E","?","E","?","$","R","BOSS","R","$","E","BOSS"],"items_purchased_type":["Relic","Relic","Relic","Relic","Relic"],"build_version":"2020-12-22","purchased_purges":2,"victory":true,"max_hp_per_floor":[72,72,72,72,72,72,72,72,72,72,72,72,72,72,72,72,72,72,72,72,72,72,72,72,72,72,72,72,72,72,72,72,72,72,72,72,72,72,72,72,72,72,72,72,72,72,72,72,72,72,72,72,72,72,72],"card_choices":[{"not_picked":["ats:Shadow Raid","ats:Serious Mode","ats:Steam Pump"],"picked":"SKIP","floor":1},{"not_picked":["ats:Ignite","ats:Burning Ground","ats:Flexible Camouflage","ats:Healing Drone","ats:Powerful Strike"],"picked":"SKIP","floor":2},{"not_picked":["ats:Automatic Cover","ats:Consecutive Shot Auto","ats:Shadow Raid","ats:Revitalization","ats:Red Shift"],"picked":"SKIP","floor":5},{"not_picked":["ats:Powerful Strike","ats:Very Hot Blade","ats:Shell Defense","ats:Explosion Area Strengthen","ats:Healing Strengthening"],"picked":"SKIP","floor":7},{"not_picked":["ats:Absolute Focus","ats:Guard Mode","ats:Ignite","ats:Shell Defense","ats:Magnetic Hammer"],"picked":"SKIP","floor":8},{"not_picked":["ats:Dogmatic Field","ats:Flexible Camouflage","ats:Healing Strengthening","ats:Thermite Blade","ats:Encircling Forest"],"picked":"SKIP","floor":11},{"not_picked":["ats:Shell Defense","ats:Leaping Hammer","ats:Blood Oath","ats:Poison Spread","ats:Literary Storm"],"picked":"SKIP","floor":13},{"not_picked":["ats:Blood Oath","ats:Phantom","ats:Assault Order","ats:Closed Bolt Burst Fire"],"picked":"ats:Encircling Forest","floor":14},{"not_picked":["ats:Absolute Focus","ats:Revitalization","ats:Apocalypse","ats:Literary Storm","ats:Automatic Cover"],"picked":"SKIP","floor":18},{"not_picked":["ats:Revitalization","ats:Sword Rain","ats:Leaping Hammer","ats:Collapsing Strike"],"picked":"ats:Sashimi Platter","floor":20},{"not_picked":["ats:Defend Order","ats:Absolute Focus+1","ats:Closed Bolt Burst Fire","ats:Thorns+1"],"picked":"ats:Wolf Pack","floor":21},{"not_picked":["ats:Absolute Focus","ats:Healing Drone+1","ats:Guard Mode+1","ats:Mental Burst+1","ats:Assault Order+1"],"picked":"SKIP","floor":22},{"not_picked":["ats:Sword Rain","ats:Very Hot Blade","ats:Support Order","ats:Mental Burst","ats:Flexible Camouflage"],"picked":"SKIP","floor":23},{"not_picked":["ats:Song Of Battle","ats:Guard Mode","ats:Flame Of Heaven","ats:Shell Defense","ats:Consecutive Shot Auto"],"picked":"SKIP","floor":24},{"not_picked":["ats:Revitalization","ats:Apocalypse+1","ats:Dogmatic Field","ats:Shadow Assault","ats:Shadow Raid"],"picked":"SKIP","floor":25},{"not_picked":["ats:Literary Storm","ats:Cat Scratch+1","ats:Powerful Strike+1","ats:Apocalypse","ats:Explosion Area Strengthen"],"picked":"SKIP","floor":28},{"not_picked":["ats:Charging Defense","ats:Shell Defense","ats:Composite Medical Shells","ats:Demon Strength","ats:Leaping Hammer"],"picked":"SKIP","floor":29},{"not_picked":["ats:Shadow Assault","ats:Shadow Raid","ats:Absolute Focus","ats:Demon Strength+1","ats:Guard Mode"],"picked":"SKIP","floor":30},{"not_picked":["ats:Song Of Battle+1","ats:Powerful Strike+1","ats:Very Hot Blade+1","ats:Guard Mode","ats:Absolute Focus"],"picked":"SKIP","floor":31},{"not_picked":["ats:Dogmatic Field","ats:Calcification","ats:Soul Rend","ats:Nebulous Foxfire"],"picked":"ats:Wolf Pack","floor":33},{"not_picked":["ats:Absolute Focus","ats:Blood Oath+1","ats:Neurotoxin+1","ats:Very Hot Blade+1","ats:Apocalypse+1"],"picked":"SKIP","floor":35},{"not_picked":["ats:Mental Burst+1","ats:Shadow Raid+1","ats:Sashimi Platter","ats:Healing Strengthening+1","ats:Guardian Obelisk"],"picked":"SKIP","floor":38},{"not_picked":["ats:Hammer On","ats:Guard Mode+1","ats:Powerful Strike+1","ats:Support Order+1","ats:Closed Bolt Burst Fire"],"picked":"SKIP","floor":39},{"not_picked":["ats:Revitalization+1","ats:Collapsing Strike+1","ats:Closed Bolt Burst Fire","ats:Explosion Area Strengthen+1","ats:Rat Pack"],"picked":"SKIP","floor":41},{"not_picked":["ats:Shell Defense","ats:Sashimi Platter+1","ats:Absolute Focus+1","ats:Thorns+1","ats:Roar Of Ursus"],"picked":"SKIP","floor":44},{"not_picked":["ats:Chain Hook+1","ats:Shadow Raid","ats:Leaping Hammer+1","ats:Blood Oath","ats:Beaten Up"],"picked":"SKIP","floor":46},{"not_picked":["ats:Very Hot Blade+1","ats:Blood Oath+1","ats:Guard Mode+1","ats:Powerful Strike+1","ats:Chain Hook"],"picked":"SKIP","floor":54}],"player_experience":338260,"relics_obtained":[{"floor":1,"key":"SynthV:TestCard"},{"floor":7,"key":"ats:Originium"},{"floor":7,"key":"testmod-ArcanaOfDestiny"},{"floor":9,"key":"Orichalcum"},{"floor":11,"key":"ats:Originium"},{"floor":11,"key":"testmod-Antiphasic"},{"floor":14,"key":"ats:Originium"},{"floor":14,"key":"InkBottle"},{"floor":22,"key":"Gensokyo:MosesMiracle"},{"floor":23,"key":"ats:Originium"},{"floor":23,"key":"testmod-TurbochargingSystem"},{"floor":25,"key":"testmod-AssaultLearning"},{"floor":26,"key":"Whetstone"},{"floor":28,"key":"testmod-IndustrialRevolution"},{"floor":31,"key":"Happy Flower"},{"floor":41,"key":"AT_ArchangelStaff"},{"floor":43,"key":"Anchor"},{"floor":44,"key":"AT_MibuBalloonWealth"},{"floor":46,"key":"Omamori"},{"floor":54,"key":"Gremlin Horn"}],"event_choices":[],"is_beta":false,"boss_relics":[{"not_picked":["Busted Crown","testmod-DreamHouse"],"picked":"ExusiaiGun"},{"not_picked":["testmod-Recursion","MoonlightInvasionPlan"],"picked":"testmod-SaigiyounoYou"}],"items_purged_floors":[48,53],"is_endless":false,"potions_floor_spawned":[1,2,8,11,18,20,24,28,30,33,35,44,54],"ascension_level":3}}