{"host":"52jmisti11ysmja4","time":1611706432,"event":{"mods":["Aspiration","BaseMod","Better Third Choice","Minty Spire (QoL Compilation)","Remove Card Discount Mod","StSLib","The Bug Knight","The Marked"],"gold_per_floor":[116,131,131,150,150,150,181,199,223,158,190,190,190,365,365,469,519,519,519],"floor_reached":18,"language":"ENG","playtime":1231,"items_purged":["theMarked:Strike","theMarked:Strike","theMarked:Strike","theMarked:Strike","theMarked:Strike","theMarked:Defend","theMarked:Defend","theMarked:Defend","theMarked:Defend"],"score":168,"play_id":"98413655-20cf-47b8-973a-b74f3e1c9429","local_time":"20210126161352","is_ascension_mode":false,"campfire_choices":[{"data":"theMarked:ParalyzingBlade","floor":6,"key":"SMITH"},{"data":"theMarked:SoldierOfQuellstein","floor":12,"key":"SMITH"},{"floor":15,"key":"REST"}],"circlet_count":0,"master_deck":["theMarked:SoldierOfQuellstein+1","theMarked:Overcharge","theMarked:EmpowerWeapon","theMarked:ParalyzingBlade+1","theMarked:StartUp","theMarked:ResourceFulStrike+1","theMarked:Improvise","theMarked:OneWithTheBlade+1","Doubt","theMarked:ThrowWeapon","theMarked:HeightenedSenses+1"],"relics":["theMarked:ArtifactOfAir","NeowsBlessing","aspiration:ChemicalBlood","Mummified Hand","Regal Pillow","Toxic Egg 2","Tiny House"],"acts_visited":["Exordium","TheCity"],"potions_floor_usage":[16,16,17],"damage_taken":[{"damage":0,"enemies":"Jaw Worm","floor":1,"turns":1},{"damage":0,"enemies":"Cultist","floor":2,"turns":1},{"damage":0,"enemies":"Small Slimes","floor":4,"turns":1},{"damage":27,"enemies":"Lagavulin","floor":7,"turns":6},{"damage":0,"enemies":"Blue Slaver","floor":8,"turns":3},{"damage":5,"enemies":"Gremlin Nob","floor":11,"turns":3},{"damage":31,"enemies":"Hexaghost","floor":16,"turns":5},{"damage":4,"enemies":"Shell Parasite","floor":18,"turns":2}],"seed_played":"-4671867692930709226","potions_obtained":[{"floor":2,"key":"Block Potion"},{"floor":7,"key":"SpeedPotion"},{"floor":16,"key":"ColorlessPotion"},{"floor":17,"key":"Fruit Juice"}],"is_trial":false,"path_per_floor":["M","M","?","M","T","R","E","M","T","$","E","R","$","?","R","B",null,"M"],"character_chosen":"THE_DEFAULT","items_purchased":["theMarked:Improvise"],"campfire_rested":1,"item_purchase_floors":[10],"current_hp_per_floor":[70,70,70,70,70,70,43,43,43,43,38,38,38,38,70,39,80,76,76],"gold":519,"neow_bonus":"THREE_ENEMY_KILL","is_daily":false,"chose_seed":false,"campfire_upgraded":2,"win_rate":0.0,"timestamp":1611706432,"path_taken":["M","M","?","?","?","R","E","M","T","$","E","R","$","?","R","BOSS","M"],"items_purchased_type":["Card"],"build_version":"2020-12-22","purchased_purges":9,"victory":false,"max_hp_per_floor":[70,70,70,70,70,70,70,70,70,70,70,70,70,70,70,70,80,80,80],"card_choices":[{"not_picked":["theMarked:Aftermath","theMarked:TakeCover"],"picked":"theMarked:Overcharge","floor":1},{"not_picked":["theMarked:TunnelVision","theMarked:ResourceFulStrike"],"picked":"theMarked:EmpowerWeapon","floor":2},{"not_picked":["theMarked:HeightenedSenses","theMarked:Parkour"],"picked":"theMarked:ParalyzingBlade","floor":4},{"not_picked":["theMarked:TwofoldDefense","theMarked:WardOff"],"picked":"theMarked:StartUp","floor":7},{"not_picked":["theMarked:ComboAttacks","theMarked:RogueSparks"],"picked":"theMarked:ResourceFulStrike","floor":8},{"not_picked":["theMarked:Parkour","theMarked:BanishingStrike"],"picked":"theMarked:OneWithTheBlade+1","floor":11},{"not_picked":["theMarked:Challenge+1","theMarked:MagusForm"],"picked":"theMarked:ThrowWeapon","floor":16},{"not_picked":["theMarked:ElectricStrings","theMarked:ComboAttacks"],"picked":"theMarked:HeightenedSenses+1","floor":17}],"player_experience":588877,"relics_obtained":[{"floor":5,"key":"Mummified Hand"},{"floor":7,"key":"Regal Pillow"},{"floor":11,"key":"Toxic Egg 2"}],"event_choices":[{"damage_healed":0,"gold_gain":0,"player_choice":"Gave Potion","damage_taken":0,"relics_obtained":["aspiration:ChemicalBlood"],"max_hp_gain":0,"max_hp_loss":0,"event_name":"WeMeetAgain","floor":3,"gold_loss":0},{"damage_healed":0,"gold_gain":175,"player_choice":"AGREE","damage_taken":190,"max_hp_gain":0,"max_hp_loss":0,"event_name":"betterThird:BetterSerpent","floor":14,"gold_loss":0}],"is_beta":false,"boss_relics":[{"not_picked":["aspiration:FutureDiary","aspiration:RunicSpoon"],"picked":"Tiny House"}],"items_purged_floors":[10,10,10,10,10,10,10,10,10],"is_endless":false,"potions_floor_spawned":[2,7,16],"killed_by":"Shell Parasite","ascension_level":0}}