{"host":"qmdto9qm3vjov9no","time":1611783986,"event":{"mods":["2.2 Compatiblity","AchievementEnabler","Alarm Clock","BaseMod","Block Reminder","Colored Map","Colored Powertips","Downfall","Highlight Path","Minty Spire (QoL Compilation)","Potion Indicator Mod","Quick Restart","Random Character Button","Rare Cards Sparkle","Relic Sorter","Relic Stats","StSLib","Synergy Search","Unceasing Turn Reminder"],"gold_per_floor":[99,114,23,41,41,41,118,147,159,59,7,40,53,53,64,159,159,59,79,92,37,37,37,85,107,7,7,9,36,36,65,89,202,211,211,232,232,232,28,28,55,13,313,313,313,336,355,380,399,399,399,399],"floor_reached":50,"language":"ENG","playtime":4831,"items_purged":["hexamod:SixthSeal"],"score":527,"play_id":"38e19ba3-0677-4d11-b7c5-f1c69bf7e176","local_time":"20210127144626","is_ascension_mode":false,"campfire_choices":[{"floor":1.0,"key":"RECALL"},{"data":"hexamod:FastForward","floor":6.0,"key":"SMITH"},{"data":"hexamod:HexaLevel","floor":10,"key":"SMITH"},{"data":"hexamod:VolcanoVisage","floor":18,"key":"SMITH"},{"data":"hexamod:HeatCrush","floor":23,"key":"SMITH"},{"data":"hexamod:Rewind","floor":26,"key":"SMITH"},{"data":"hexamod:SpectralAdrenaline","floor":30,"key":"SMITH"},{"data":"hexamod:Sear","floor":35,"key":"SMITH"},{"floor":40,"key":"REST"},{"data":"hexamod:GhostflameBarrier","floor":44,"key":"SMITH"},{"data":"hexamod:BurningTouch","floor":45,"key":"SMITH"}],"circlet_count":0,"master_deck":["hexamod:Defend+1","hexamod:Defend+1","hexamod:Defend+1","hexamod:Defend+1","hexamod:Sear+1","hexamod:Float+1","hexamod:RadiantFlame+1","hexamod:FastForward+1","hexamod:InspiringFlames+1","hexamod:ShieldOfDarkness+1","hexamod:FourthSeal","hexamod:FirstSeal","hexamod:HexaLevel+1","hexamod:ThermalTransfer+1","hexamod:FirstSeal","hexamod:HeatCrush+1","hexamod:Rewind+1","hexamod:BurningTouch+1","hexamod:SwordOfDarkness+1","hexamod:VolcanoVisage+1","hexamod:SpectralSpark+1","hexamod:ThermalTransfer+1","hexamod:HeatMetal+1","hexamod:FirstSeal","downfall:Icky","hexamod:FlamesFromBeyond+1","hexamod:SpectralAdrenaline+1","hexamod:HeatShield+1","hexamod:GhostflameBarrier+1","hexamod:AdvancingGuard+1","CurseOfTheBell","hexamod:RetreatToShadows+1","hexamod:Rewind+1","hexamod:Again","hexamod:GhostflameBarrier+1","hexamod:BurningTouch+1","hexamod:RainOfEmbers+1","hexamod:EmpoweredFlame","hexamod:SkipABeat+1"],"relics":["hexamod:SpiritBrand","CaptainsWheel","Smiling Mask","expansioncontent:StudyCardRelic","CeramicFish","Calling Bell","Art of War","Eternal Feather","WingedGreaves","bronze:BronzeIdol","Happy Flower","HornCleat"],"acts_visited":["Exordium","TheCity","TheBeyond"],"potions_floor_usage":[8,8,9,11,15,16,16,21,25,28,31,33,33,46,50,50],"damage_taken":[{"damage":0.0,"enemies":"2 Louse","floor":2.0,"turns":4.0},{"damage":5.0,"enemies":"downfall:FleeingMerchant","floor":3.0,"turns":4.0},{"damage":3.0,"enemies":"Small Slimes","floor":4.0,"turns":4.0},{"damage":21,"enemies":"3 Sentries","floor":8,"turns":14},{"damage":0,"enemies":"Cultist","floor":9,"turns":6},{"damage":3,"enemies":"downfall:FleeingMerchant","floor":11,"turns":4},{"damage":26,"enemies":"Gremlin Nob","floor":12,"turns":7},{"damage":5,"enemies":"Large Slime","floor":13,"turns":5},{"damage":0,"enemies":"Blue Slaver","floor":15,"turns":5},{"damage":32,"enemies":"SI_SHIV_ARCHETYPE","floor":16,"turns":9},{"damage":12,"enemies":"Spheric Guardian","floor":19,"turns":6},{"damage":10,"enemies":"Chosen","floor":20,"turns":4},{"damage":0,"enemies":"downfall:FleeingMerchant","floor":21,"turns":4},{"damage":20,"enemies":"3 Cultists","floor":25,"turns":5},{"damage":5,"enemies":"downfall:FleeingMerchant","floor":28,"turns":4},{"damage":4,"enemies":"Snecko","floor":29,"turns":4},{"damage":0,"enemies":"Snake Plant","floor":31,"turns":3},{"damage":0,"enemies":"Cultist and Chosen","floor":32,"turns":4},{"damage":33,"enemies":"DF_ARCHETYPE_CLAW","floor":33,"turns":11},{"damage":27,"enemies":"3 Darklings","floor":36,"turns":5},{"damage":9,"enemies":"downfall:FleeingMerchant","floor":39,"turns":4},{"damage":10,"enemies":"downfall:FleeingMerchant","floor":42,"turns":3},{"damage":4,"enemies":"Orb Walker","floor":46,"turns":2},{"damage":7,"enemies":"Writhing Mass","floor":47,"turns":5},{"damage":17,"enemies":"4 Shapes","floor":48,"turns":4},{"damage":0,"enemies":"Spire Growth","floor":49,"turns":5},{"damage":380,"enemies":"IC_BLOCK_ARCHETYPE","floor":50,"turns":10}],"seed_played":"-4667348931031516733","potions_obtained":[{"floor":2.0,"key":"DuplicationPotion"},{"floor":4.0,"key":"hexamod:SoulburnPotion"},{"floor":8,"key":"hexamod:DoubleChargePotion"},{"floor":8,"key":"Guardian:BlockOnCardUsePotion"},{"floor":9,"key":"SneckoOil"},{"floor":11,"key":"SteroidPotion"},{"floor":12,"key":"Energy Potion"},{"floor":12,"key":"SkillPotion"},{"floor":15,"key":"SkillPotion"},{"floor":15,"key":"DistilledChaos"},{"floor":20,"key":"BlessingOfTheForge"},{"floor":20,"key":"FairyPotion"},{"floor":21,"key":"CultistPotion"},{"floor":25,"key":"DistilledChaos"},{"floor":29,"key":"Block Potion"},{"floor":31,"key":"GamblersBrew"},{"floor":32,"key":"Block Potion"},{"floor":46,"key":"champ:CounterPotion"},{"floor":48,"key":"sneckomod:MuddlingPotion"}],"is_trial":false,"path_per_floor":["R","M","$","M","?","R","T","E","M","R","$","E","M","?","M","B",null,"R","M","M","$","?","R","T","M","R","?","$","M","R","M","M","B",null,"R","M","?","?","$","R","T","$","?","R","R","M","M","M","M","B"],"character_chosen":"THE_SPIRIT","items_purchased":["hexamod:InspiringFlames","hexamod:ShieldOfDarkness","hexamod:HeatCrush","hexamod:FirstSeal","bronze:BronzeIdol","HornCleat","hexamod:GhostflameBarrier","Slimebound:ThreeZeroPotion","hexamod:BurningTouch"],"campfire_rested":1,"item_purchase_floors":[3,3,11,21,39,42,42,42,42],"current_hp_per_floor":[77,77,72,69,62,62,62,48,55,55,59,47,56,56,70,45,77,87,87,87,87,87,87,87,81,81,81,87,87,87,87,87,54,87,87,81,81,77,77,77,77,74,74,77,77,77,77,74,77,0,0,0],"gold":399,"neow_bonus":"TEN_PERCENT_HP_BONUS","is_daily":false,"chose_seed":false,"campfire_upgraded":9,"win_rate":0.0,"timestamp":1611783986,"path_taken":["R","M","$","M","?","R","T","E","M","R","$","E","M","?","M","BOSS","R","M","M","$","?","R","T","?","R","?","$","M","R","M","M","BOSS","R","M","?","?","?","R","T","$","?","R","R","M","M","?","M","BOSS"],"items_purchased_type":["Card","Card","Card","Card","Relic","Relic","Card","Potion","Card"],"build_version":"2020-12-22","purchased_purges":1,"victory":false,"max_hp_per_floor":[77,77,77,77,77,77,77,77,77,77,77,77,77,77,77,77,77,87,87,87,87,87,87,87,87,87,87,87,87,87,87,87,87,87,87,87,87,77,77,77,77,77,77,77,77,77,77,77,77,77,77,77],"relic_stats":{"Happy Flower":[9],"counters":[27,145],"CeramicFish":135,"Eternal Feather":3,"Art of War":[11],"Smiling Mask":25,"obtain_stats":[{"downfall:HeartBlessingRed":26,"Happy Flower":41,"CeramicFish":24,"downfall:HeartBlessingGreen":10,"Eternal Feather":34,"expansioncontent:StudyCardRelic":17,"Smiling Mask":12,"bronze:BronzeIdol":39,"Calling Bell":34,"CaptainsWheel":8,"HornCleat":42,"downfall:HeartBlessingBlue":18,"WingedGreaves":34,"Art of War":34,"hexamod:SpiritBrand":0},{"downfall:HeartBlessingRed":14,"Happy Flower":21,"CeramicFish":13,"downfall:HeartBlessingGreen":5,"Eternal Feather":19,"expansioncontent:StudyCardRelic":10,"Smiling Mask":7,"bronze:BronzeIdol":21,"Calling Bell":19,"CaptainsWheel":4,"HornCleat":22,"downfall:HeartBlessingBlue":10,"WingedGreaves":19,"Art of War":19,"hexamod:SpiritBrand":0},{"downfall:HeartBlessingRed":81,"Happy Flower":116,"CeramicFish":76,"downfall:HeartBlessingGreen":32,"Eternal Feather":107,"expansioncontent:StudyCardRelic":62,"Smiling Mask":43,"bronze:BronzeIdol":116,"Calling Bell":107,"CaptainsWheel":26,"HornCleat":119,"downfall:HeartBlessingBlue":62,"WingedGreaves":107,"Art of War":107,"hexamod:SpiritBrand":0}]},"card_choices":[{"not_picked":["hexamod:ShieldOfDarkness","hexamod:FastForward"],"picked":"hexamod:RadiantFlame","floor":2.0},{"not_picked":["hexamod:GhostOfSpirePast","hexamod:PhantomCloak"],"picked":"hexamod:FastForward","floor":3.0},{"not_picked":["hexamod:Hexaguard","hexamod:AdvancingGuard"],"picked":"hexamod:FourthSeal","floor":4.0},{"not_picked":["hexamod:BurningTouch","hexamod:FlamesFromBeyond"],"picked":"hexamod:HexaLevel","floor":8},{"not_picked":["hexamod:GhostLash","hexamod:InspiringFlames"],"picked":"hexamod:ThermalTransfer","floor":9},{"not_picked":["hexamod:Rewind","hexamod:FastForward"],"picked":"hexamod:FirstSeal","floor":11},{"not_picked":["hexamod:BacktrackSmack","hexamod:FirstSeal"],"picked":"hexamod:Rewind","floor":12},{"not_picked":["hexamod:NightmareStrike","hexamod:SuperheatedStrike"],"picked":"hexamod:BurningTouch","floor":13},{"not_picked":["hexamod:BacktrackSmack","hexamod:DynamicBlow"],"picked":"hexamod:SwordOfDarkness","floor":15},{"not_picked":["hexamod:ForkedFlame","hexamod:GhostOfSpirePresent"],"picked":"hexamod:VolcanoVisage","floor":16},{"not_picked":["hexamod:Again","hexamod:SecondSeal"],"picked":"hexamod:SpectralSpark+1","floor":19},{"not_picked":["hexamod:InspiringFlames","hexamod:HauntingEcho"],"picked":"hexamod:ThermalTransfer+1","floor":20},{"not_picked":["hexamod:InspiringFlames","hexamod:GhostShield"],"picked":"hexamod:HeatMetal","floor":21},{"not_picked":["hexamod:Firestarter","hexamod:ThermalTransfer"],"picked":"hexamod:FlamesFromBeyond+1","floor":25},{"not_picked":["hexamod:FifthSeal","hexamod:Toasty"],"picked":"hexamod:SpectralAdrenaline","floor":28},{"not_picked":["hexamod:BurningTouch","hexamod:SpectralAdrenaline"],"picked":"hexamod:HeatShield+1","floor":29},{"not_picked":["hexamod:Incineration+1","hexamod:BacktrackSmack+1"],"picked":"hexamod:GhostflameBarrier+1","floor":31},{"not_picked":["hexamod:GhostShield+1","hexamod:SpectersWail"],"picked":"hexamod:AdvancingGuard","floor":32},{"not_picked":["hexamod:UnlimitedPower","hexamod:GhostOfSpirePresent"],"picked":"hexamod:SixthSeal","floor":33},{"not_picked":["hexamod:ShieldOfDarkness","hexamod:InspiringFlames+1"],"picked":"hexamod:RetreatToShadows+1","floor":36},{"not_picked":["hexamod:EtherealExpedition+1","hexamod:ThirdSeal"],"picked":"hexamod:Rewind+1","floor":39},{"not_picked":["hexamod:AdvancingGuard","hexamod:HeatMetal+1"],"picked":"hexamod:Again","floor":42},{"not_picked":["hexamod:BacktrackSmack","hexamod:DynamicBlow"],"picked":"hexamod:RainOfEmbers+1","floor":46},{"not_picked":["hexamod:SoulSteal","hexamod:ShieldOfDarkness"],"picked":"hexamod:EmpoweredFlame","floor":47},{"not_picked":["hexamod:HauntingEcho","hexamod:WildfireWeapon"],"picked":"hexamod:SkipABeat+1","floor":48},{"not_picked":["hexamod:SpectersWail+1","hexamod:Hexaguard","hexamod:ThermalTransfer"],"picked":"SKIP","floor":49}],"player_experience":190544,"relics_obtained":[{"floor":8,"key":"CaptainsWheel"},{"floor":12,"key":"Smiling Mask"},{"floor":24,"key":"CeramicFish"},{"floor":34,"key":"Art of War"},{"floor":34,"key":"Eternal Feather"},{"floor":34,"key":"WingedGreaves"},{"floor":41,"key":"Happy Flower"}],"event_choices":[{"damage_healed":0,"gold_gain":300,"player_choice":"Gold","damage_taken":0,"max_hp_gain":0,"max_hp_loss":0,"event_name":"Wheel of Change","floor":43,"gold_loss":0}],"is_beta":false,"boss_relics":[{"not_picked":["Empty Cage","hexamod:IceCube"],"picked":"expansioncontent:StudyCardRelic"},{"not_picked":["bronze:MakeshiftBattery","Black Star"],"picked":"Calling Bell"}],"items_purged_floors":[39],"is_endless":false,"potions_floor_spawned":[2,4,12,15,20,25,32,46,48],"killed_by":"IC_BLOCK_ARCHETYPE","ascension_level":0}}