{"host":"kydqlojjt9mno5rv","time":1611732490,"event":{"mods":["AchievementEnabler","BaseMod","Colored Powertips","DeckTracker","Minty Spire (QoL Compilation)","Spicy Shops","Spire Arcade","StSLib","SuperFastMode","Synergy Search","Weighted Paths"],"gold_per_floor":[117,137,137,312,312,343,1,19,42,61,61,90,90,90,90,188,188,202,202,53,72,92,118,118,144,144,144,65,77,93,119,119,216,216,228,245,261,261,15,15,50,50,50,50,63,74,74,105,105,105],"floor_reached":51,"language":"ENG","playtime":1387,"items_purged":[],"score":848,"play_id":"9063a562-c64a-4cda-84f2-6391aa220aec","local_time":"20210127022810","is_ascension_mode":false,"campfire_choices":[{"data":"Flex","floor":11,"key":"SMITH"},{"floor":13,"key":"REST"},{"data":"Double Tap","floor":15,"key":"SMITH"},{"floor":24,"key":"REST"},{"floor":32,"key":"REST"},{"floor":40,"key":"REST"},{"floor":44,"key":"REST"},{"floor":49,"key":"REST"}],"circlet_count":0,"master_deck":["Strike_R","Strike_R","Strike_R","Strike_R","Strike_R","Defend_R+1","Defend_R","Defend_R+1","Bash","Whirlwind","Power Through","Doubt","Seeing Red","Flex+1","Pommel Strike","Pummel","Double Tap+1","Feed","Headbutt","Headbutt","Offering","Offering","Heavy Blade+1","Reaper","Flex","Parasite","Immolate","Heavy Blade+1"],"relics":["Burning Blood","NeowsBlessing","Boot","Du-Vu Doll","TungstenRod","Orichalcum","Vajra","Fusion Hammer","Brimstone","MealTicket","War Paint","InkBottle","MutagenicStrength","Gremlin Horn","SlaversCollar","Toxic Egg 2","Bronze Scales","Eternal Feather","Toy Ornithopter"],"acts_visited":["Exordium","TheCity","TheBeyond"],"potions_floor_usage":[],"damage_taken":[{"damage":0,"enemies":"Jaw Worm","floor":1,"turns":1},{"damage":0,"enemies":"2 Louse","floor":2,"turns":1},{"damage":0,"enemies":"3 Sentries","floor":6,"turns":2},{"damage":5,"enemies":"Cultist","floor":8,"turns":3},{"damage":3,"enemies":"2 Fungi Beasts","floor":10,"turns":3},{"damage":18,"enemies":"Gremlin Nob","floor":12,"turns":4},{"damage":18,"enemies":"Slime Boss","floor":16,"turns":8},{"damage":5,"enemies":"Shell Parasite","floor":18,"turns":2},{"damage":0,"enemies":"Spheric Guardian","floor":21,"turns":1},{"damage":3,"enemies":"Snecko","floor":22,"turns":3},{"damage":18,"enemies":"Gremlin Leader","floor":23,"turns":2},{"damage":15,"enemies":"Book of Stabbing","floor":25,"turns":3},{"damage":5,"enemies":"Centurion and Healer","floor":29,"turns":1},{"damage":23,"enemies":"Snake Plant","floor":30,"turns":3},{"damage":12,"enemies":"Slavers","floor":31,"turns":2},{"damage":27,"enemies":"Automaton","floor":33,"turns":4},{"damage":6,"enemies":"3 Shapes","floor":35,"turns":1},{"damage":0,"enemies":"3 Darklings","floor":36,"turns":1},{"damage":36,"enemies":"Writhing Mass","floor":37,"turns":3},{"damage":0,"enemies":"Reptomancer","floor":41,"turns":2},{"damage":22,"enemies":"Sphere and 2 Shapes","floor":45,"turns":1},{"damage":5,"enemies":"3 Darklings","floor":46,"turns":1},{"damage":5,"enemies":"Nemesis","floor":48,"turns":1},{"damage":41,"enemies":"Donu and Deca","floor":50,"turns":3}],"seed_played":"7172046828555943184","potions_obtained":[{"floor":2,"key":"Regen Potion"},{"floor":6,"key":"Explosive Potion"},{"floor":10,"key":"SpeedPotion"},{"floor":22,"key":"BloodPotion"}],"is_trial":false,"path_per_floor":["M","M","?","?","?","E","$","M","T","M","R","E","R","$","R","B",null,"M","?","$","M","M","E","R","E","T","?","$","M","M","E","R","B",null,"M","M","M","?","$","R","E","$","T","R","M","M","?","E","R","B",null],"character_chosen":"IRONCLAD","items_purchased":["TungstenRod","Flex","Brimstone","Offering","Toxic Egg 2"],"campfire_rested":6,"item_purchase_floors":[7,7,20,28,39],"current_hp_per_floor":[80,80,73,73,66,72,72,73,73,76,76,64,80,80,80,68,80,80,80,80,80,80,71,83,74,74,74,83,86,69,63,86,65,86,86,86,56,56,71,86,86,86,86,86,86,86,86,86,86,51],"gold":105,"neow_bonus":"THREE_ENEMY_KILL","is_daily":false,"chose_seed":false,"campfire_upgraded":2,"win_rate":0.0,"timestamp":1611732490,"path_taken":["M","M","?","?","?","E","?","?","T","M","R","E","R","$","R","BOSS","M","?","$","?","M","E","R","E","T","?","$","M","M","E","R","BOSS","M","M","M","?","$","R","E","?","T","R","?","M","?","E","R","BOSS"],"items_purchased_type":["Relic","Card","Relic","Card","Relic"],"build_version":"2020-12-22","purchased_purges":0,"victory":true,"max_hp_per_floor":[80,80,80,80,80,80,80,80,80,80,80,80,80,80,80,80,80,80,80,80,80,80,83,83,83,83,83,83,86,86,86,86,86,86,86,86,86,86,86,86,86,86,86,86,86,86,86,86,86,86],"card_choices":[{"not_picked":["Clash","Warcry"],"picked":"Whirlwind","floor":1},{"not_picked":["Rupture","Intimidate"],"picked":"Power Through","floor":2},{"not_picked":["Warcry","Dropkick"],"picked":"Seeing Red","floor":6},{"not_picked":["Cleave","Evolve"],"picked":"Pommel Strike","floor":8},{"not_picked":["Thunderclap","Wild Strike"],"picked":"Pummel","floor":10},{"not_picked":["Seeing Red","Armaments"],"picked":"Double Tap","floor":12},{"not_picked":["Brutality","Corruption"],"picked":"Feed","floor":16},{"not_picked":["Armaments","Wild Strike"],"picked":"Headbutt","floor":18},{"not_picked":["Thunderclap+1","Wild Strike","Searing Blow"],"picked":"SKIP","floor":21},{"not_picked":["Clash","Body Slam"],"picked":"Headbutt","floor":22},{"not_picked":["Thunderclap","Pommel Strike"],"picked":"Burning Pact","floor":23},{"not_picked":["Iron Wave","Second Wind","Body Slam"],"picked":"SKIP","floor":25},{"not_picked":["Shrug It Off+1","Burning Pact+1"],"picked":"Offering","floor":29},{"not_picked":["True Grit","Iron Wave+1","Body Slam"],"picked":"SKIP","floor":30},{"not_picked":["Flame Barrier+1","Corruption"],"picked":"Heavy Blade","floor":31},{"not_picked":["Immolate","Fiend Fire"],"picked":"Reaper","floor":33},{"not_picked":["Thunderclap","True Grit+1","Reckless Charge"],"picked":"SKIP","floor":35},{"not_picked":["Sword Boomerang+1","Clothesline+1"],"picked":"Flex","floor":36},{"not_picked":["Twin Strike+1","Sever Soul","Infernal Blade"],"picked":"SKIP","floor":37},{"not_picked":["Cleave","Rupture+1"],"picked":"Immolate","floor":41},{"not_picked":["Cleave","Anger+1"],"picked":"Heavy Blade+1","floor":45},{"not_picked":["Headbutt","Sever Soul","Metallicize"],"picked":"SKIP","floor":46},{"not_picked":["Twin Strike+1","Second Wind+1","Dark Embrace"],"picked":"SKIP","floor":48}],"player_experience":127404,"relics_obtained":[{"floor":6,"key":"Du-Vu Doll"},{"floor":9,"key":"Orichalcum"},{"floor":12,"key":"Vajra"},{"floor":23,"key":"MealTicket"},{"floor":25,"key":"War Paint"},{"floor":26,"key":"InkBottle"},{"floor":31,"key":"Gremlin Horn"},{"floor":41,"key":"Bronze Scales"},{"floor":43,"key":"Eternal Feather"},{"floor":48,"key":"Toy Ornithopter"}],"event_choices":[{"cards_removed":["Defend_R"],"damage_healed":0,"gold_gain":0,"player_choice":"Card Removal","damage_taken":7,"max_hp_gain":0,"max_hp_loss":0,"event_name":"Golden Wing","floor":3,"gold_loss":0},{"damage_healed":0,"gold_gain":175,"player_choice":"AGREE","damage_taken":0,"max_hp_gain":0,"max_hp_loss":0,"event_name":"Liars Game","floor":4,"gold_loss":0,"cards_obtained":["Doubt"]},{"damage_healed":0,"gold_gain":0,"player_choice":"Success","damage_taken":7,"relics_obtained":["Boot"],"max_hp_gain":0,"max_hp_loss":0,"event_name":"Scrap Ooze","floor":5,"gold_loss":0},{"damage_healed":0,"gold_gain":0,"player_choice":"Ignored","damage_taken":0,"max_hp_gain":0,"max_hp_loss":0,"event_name":"Fountain of Cleansing","floor":19,"gold_loss":0},{"damage_healed":0,"gold_gain":0,"player_choice":"Inject Mutagens","damage_taken":0,"relics_obtained":["MutagenicStrength"],"max_hp_gain":0,"max_hp_loss":0,"event_name":"Drug Dealer","floor":27,"gold_loss":0},{"damage_healed":0,"gold_gain":0,"player_choice":"Upgraded","damage_taken":0,"max_hp_gain":0,"max_hp_loss":0,"event_name":"Upgrade Shrine","floor":38,"gold_loss":0,"cards_upgraded":["Heavy Blade"]},{"cards_removed":["Burning Pact"],"damage_healed":0,"gold_gain":0,"player_choice":"Removed Skill","damage_taken":0,"max_hp_gain":0,"max_hp_loss":0,"event_name":"Falling","floor":47,"gold_loss":0}],"is_beta":false,"boss_relics":[{"not_picked":["Runic Cube","Velvet Choker"],"picked":"Fusion Hammer"},{"not_picked":["SacredBark","Empty Cage"],"picked":"SlaversCollar"}],"items_purged_floors":[],"is_endless":false,"potions_floor_spawned":[2,6,10,22,23,29,31,35,41,46],"ascension_level":0}}