{"host":"kpyf5rnb72uwap8k","time":1611762401,"event":{"mods":["AchievementEnabler","BaseMod","Colored Map","Colored Powertips","DeckTracker","Minty Spire (QoL Compilation)","Permanent Neow","Quick Restart","StSLib","SuperFastMode"],"gold_per_floor":[119,49,68,68,93,93,126,149,201,201,215,215,65,85,85,205,205,223,246,261,261,261],"floor_reached":21,"language":"KOR","playtime":599,"items_purged":["Strike_R"],"score":201,"play_id":"25e97dd7-1ad6-4edd-9c64-77bc5164dae3","local_time":"20210128004641","is_ascension_mode":true,"campfire_choices":[{"data":"Fire Breathing","floor":6.0,"key":"SMITH"},{"data":"Dual Wield","floor":12.0,"key":"SMITH"},{"floor":15.0,"key":"REST"}],"circlet_count":0,"master_deck":["Strike_R","Strike_R","Strike_R","Strike_R","Defend_R","Defend_R","Defend_R","Defend_R","Bash","Berserk+1","Wild Strike","Fire Breathing+1","Dual Wield+1","Ghostly Armor","Fire Breathing","Wild Strike","Barricade","CurseOfTheBell","Body Slam","Rage"],"relics":["Burning Blood","Golden Idol","Sundial","Centennial Puzzle","Calling Bell","Smiling Mask","Mummified Hand","Calipers"],"acts_visited":["Exordium","TheCity"],"potions_floor_usage":[16],"damage_taken":[{"damage":12.0,"enemies":"Jaw Worm","floor":1.0,"turns":2.0},{"damage":7.0,"enemies":"2 Louse","floor":3.0,"turns":2.0},{"damage":0.0,"enemies":"Cultist","floor":5.0,"turns":2.0},{"damage":56.0,"enemies":"Gremlin Nob","floor":7.0,"turns":5.0},{"damage":0.0,"enemies":"Large Slime","floor":8.0,"turns":6.0},{"damage":4.0,"enemies":"Red Slaver","floor":11.0,"turns":5.0},{"damage":18.0,"enemies":"Lots of Slimes","floor":14.0,"turns":3.0},{"damage":56,"enemies":"The Guardian","floor":16,"turns":10},{"damage":14,"enemies":"Chosen","floor":18,"turns":4},{"damage":27,"enemies":"3 Byrds","floor":19,"turns":4},{"damage":45,"enemies":"Snake Plant","floor":20,"turns":5},{"damage":8,"enemies":"Chosen and Byrds","floor":21,"turns":4}],"seed_played":"1134503608996851676","potions_obtained":[{"floor":1.0,"key":"BloodPotion"},{"floor":11.0,"key":"BloodPotion"},{"floor":16,"key":"SneckoOil"},{"floor":19,"key":"SneckoOil"}],"is_trial":false,"path_per_floor":["M","$","M","?","M","R","E","M","T","?","M","R","$","M","R","B",null,"M","M","M","M"],"character_chosen":"IRONCLAD","items_purchased":["Fire Breathing","Fire Breathing"],"campfire_rested":1,"item_purchase_floors":[2,13],"current_hp_per_floor":[74,74,73,53,59,59,25,31,31,31,33,33,33,21,45,11,80,72,51,12,4,4],"gold":261,"neow_bonus":"ONE_RANDOM_RARE_CARD","is_daily":false,"chose_seed":false,"campfire_upgraded":2,"win_rate":0.0,"timestamp":1611762401,"path_taken":["M","$","M","?","M","R","E","M","T","?","M","R","$","?","R","BOSS","M","M","M","M"],"items_purchased_type":["Card","Card"],"build_version":"2020-12-22","purchased_purges":1,"victory":false,"max_hp_per_floor":[80,80,80,80,80,80,80,80,80,80,80,80,80,80,80,80,80,80,80,80,80,80],"card_choices":[{"not_picked":["Flame Barrier","Twin Strike"],"picked":"Wild Strike","floor":1.0},{"not_picked":["Sword Boomerang","Headbutt"],"picked":"Dual Wield","floor":3.0},{"not_picked":["Flame Barrier","Dark Embrace"],"picked":"Ghostly Armor","floor":5.0},{"not_picked":["Flex","Berserk","Warcry"],"picked":"SKIP","floor":7.0},{"not_picked":["Metallicize","Warcry","Combust"],"picked":"SKIP","floor":8.0},{"not_picked":["Dark Embrace","Shockwave","Havoc"],"picked":"SKIP","floor":11.0},{"not_picked":["Anger","Clash"],"picked":"Wild Strike","floor":14.0},{"not_picked":["Juggernaut","Feed"],"picked":"Barricade","floor":16},{"not_picked":["Seeing Red","Twin Strike"],"picked":"Body Slam","floor":18},{"not_picked":["Rupture","Sword Boomerang+1"],"picked":"Rage","floor":19},{"not_picked":["Bloodletting+1","Sword Boomerang","Flame Barrier"],"picked":"SKIP","floor":20}],"player_experience":192057,"relics_obtained":[{"floor":7.0,"key":"Sundial"},{"floor":9.0,"key":"Centennial Puzzle"},{"floor":17,"key":"Smiling Mask"},{"floor":17,"key":"Mummified Hand"},{"floor":17,"key":"Calipers"}],"event_choices":[{"damage_healed":0.0,"max_hp_gain":0.0,"max_hp_loss":0.0,"gold_gain":0.0,"event_name":"Golden Idol","player_choice":"Take Damage","floor":4.0,"gold_loss":0.0,"damage_taken":20.0,"relics_obtained":["Golden Idol"]},{"damage_healed":0.0,"max_hp_gain":0.0,"max_hp_loss":0.0,"gold_gain":0.0,"event_name":"Upgrade Shrine","player_choice":"Upgraded","floor":10.0,"gold_loss":0.0,"damage_taken":0.0,"cards_upgraded":["Berserk"]}],"is_beta":false,"boss_relics":[{"not_picked":["SlaversCollar","Fusion Hammer"],"picked":"Calling Bell"}],"items_purged_floors":[13],"is_endless":false,"potions_floor_spawned":[1,11,16,19],"killed_by":"Chosen and Byrds","ascension_level":2}}