{"host":"mi0eibewekhugwl1","time":1611732020,"event":{"mods":["AchievementEnabler","BaseMod","Colored Map","Colored Powertips","DeckTracker","Keyboard Shortcuts","Minty Spire (QoL Compilation)","Quick Restart","Rare Cards Sparkle","Relic Stats","StSLib","SuperFastMode","everything is the same but u backflip on backflip"],"gold_per_floor":[116,116,136,149,166,166,180,211,260,260,260,14,39,52,52,52,52],"floor_reached":16,"language":"KOR","playtime":277,"items_purged":["Strike_P"],"score":208,"play_id":"8adb4abf-b2f7-4b8c-872f-f377bcf4aa7a","local_time":"20210127162020","is_ascension_mode":true,"campfire_choices":[{"data":"Eruption","floor":6,"key":"SMITH"},{"floor":11,"key":"REST"},{"data":"Meditate","floor":15,"key":"SMITH"}],"circlet_count":0,"master_deck":["AscendersBane","Strike_P","Strike_P","Defend_P","Defend_P","Defend_P","Eruption+1","Vigilance","EmptyBody","FollowUp","FlurryOfBlows","Meditate+1","FearNoEvil","CarveReality","LessonLearned"],"relics":["PureWater","NeowsBlessing","WingedGreaves","Art of War","CeramicFish"],"acts_visited":["Exordium"],"potions_floor_usage":[16,16],"damage_taken":[{"damage":0,"enemies":"Cultist","floor":1,"turns":1},{"damage":0,"enemies":"Jaw Worm","floor":3,"turns":1},{"damage":0,"enemies":"2 Louse","floor":4,"turns":1},{"damage":0,"enemies":"Large Slime","floor":5,"turns":5},{"damage":4,"enemies":"Looter","floor":7,"turns":3},{"damage":35,"enemies":"3 Sentries","floor":8,"turns":11},{"damage":13,"enemies":"Blue Slaver","floor":13,"turns":4},{"damage":2,"enemies":"3 Louse","floor":14,"turns":2},{"damage":25,"enemies":"Hexaghost","floor":16,"turns":7}],"seed_played":"5124272149758171723","potions_obtained":[{"floor":3,"key":"Dexterity Potion"},{"floor":7,"key":"Explosive Potion"}],"is_trial":false,"path_per_floor":["M","?","M","M","M","R","M","E","T","?","R","$","M","M","R","B"],"character_chosen":"WATCHER","items_purchased":["CeramicFish"],"campfire_rested":1,"item_purchase_floors":[12],"current_hp_per_floor":[61,54,54,54,54,54,50,15,15,15,35,35,22,20,20,0,0],"gold":52,"neow_bonus":"THREE_ENEMY_KILL","is_daily":false,"chose_seed":false,"campfire_upgraded":2,"win_rate":0.0,"timestamp":1611732020,"path_taken":["M","?","M","M","M","R","M","E","T","?","R","$","M","M","R","BOSS"],"items_purchased_type":["Relic"],"build_version":"2020-12-22","purchased_purges":1,"victory":false,"max_hp_per_floor":[68,68,68,68,68,68,68,68,68,68,68,68,68,68,68,68,68],"relic_stats":{"counters":[9,35],"CeramicFish":9,"Art of War":[0],"obtain_stats":[{"NeowsBlessing":0,"CeramicFish":12,"WingedGreaves":8,"Art of War":9,"PureWater":0},{"NeowsBlessing":0,"CeramicFish":6,"WingedGreaves":6,"Art of War":6,"PureWater":0},{"NeowsBlessing":0,"CeramicFish":22,"WingedGreaves":22,"Art of War":22,"PureWater":0}]},"card_choices":[{"not_picked":["WreathOfFlame","Consecrate"],"picked":"EmptyBody","floor":1},{"not_picked":["CarveReality","ClearTheMind"],"picked":"FollowUp","floor":3},{"not_picked":["EmptyBody","SashWhip"],"picked":"FlurryOfBlows","floor":4},{"not_picked":["Fasting2","CutThroughFate","Halt"],"picked":"SKIP","floor":5},{"not_picked":["Evaluate","Consecrate"],"picked":"Meditate","floor":7},{"not_picked":["SashWhip","Protect"],"picked":"FearNoEvil","floor":8},{"not_picked":["CrushJoints","Evaluate"],"picked":"LessonLearned","floor":13},{"not_picked":["Worship","Fasting2","PathToVictory"],"picked":"SKIP","floor":14}],"player_experience":1769013,"relics_obtained":[{"floor":8,"key":"WingedGreaves"},{"floor":9,"key":"Art of War"}],"event_choices":[{"cards_removed":["Defend_P"],"damage_healed":0,"gold_gain":0,"player_choice":"Card Removal","damage_taken":7,"max_hp_gain":0,"max_hp_loss":0,"event_name":"Golden Wing","floor":2,"gold_loss":0},{"damage_healed":0,"gold_gain":0,"cards_transformed":["Strike_P"],"player_choice":"Transformed","damage_taken":0,"max_hp_gain":0,"max_hp_loss":0,"event_name":"Transmorgrifier","floor":10,"gold_loss":0,"cards_obtained":["CarveReality"]}],"is_beta":false,"boss_relics":[],"items_purged_floors":[12],"is_endless":false,"potions_floor_spawned":[3,7,13],"killed_by":"Hexaghost","ascension_level":20}}