{"host":"z9811rt50ti81n54","time":1611737062,"event":{"mods":["BaseMod","Minty Spire (QoL Compilation)","Reliquary","StSLib"],"gold_per_floor":[113,113,188,188,188,188,227,254,266,278,306,333,345,378,390,532,544,576,588,600,612,636,648,675,687,699,711,749,761,773,71,71,167,167,179,28,28,44,59,59,72,72,72,72,88,138,0,0,0,0],"floor_reached":51,"language":"ENG","playtime":1435,"items_purged":["Defend_B"],"score":666,"play_id":"aa63a5c1-fb5b-4de0-9a77-2eb3cf836dae","local_time":"20210127174422","is_ascension_mode":false,"campfire_choices":[{"floor":6,"key":"REST"},{"data":"Streamline","floor":10,"key":"SMITH"},{"data":"Fission","floor":13,"key":"SMITH"},{"floor":15,"key":"REST"},{"data":"RitualDagger","floor":23,"key":"SMITH"},{"data":"Coolheaded","floor":27,"key":"SMITH"},{"data":"Reboot","floor":30,"key":"SMITH"},{"data":"Fission","floor":32,"key":"SMITH"},{"data":"Devotion","floor":40,"key":"SMITH"},{"floor":42,"key":"REST"},{"floor":49,"key":"REST"}],"circlet_count":0,"master_deck":["Defend_B","Defend_B","Coolheaded+1","Glacier","Streamline+1","Gash","Fission+1","Hello World","Echo Form","Barrage+1","Core Surge+1","Doom and Gloom+1","RitualDagger+1","Reboot+1","Auto Shields","Fission+1","Master of Strategy","Devotion+1","Protect+1","Compile Driver+1","Concentrate+1","Bandage Up","PanicButton","Enlightenment","Expertise+1","Conserve Battery+1","Madness","Madness"],"relics":["Cracked Core","NeowsBlessing","reliquary:PartyBalloon","Bloody Idol","MawBank","StoneCalendar","Astrolabe","reliquary:BoilingFlask","Akabeko","DataDisk","PrismaticShard","SlaversCollar","Cauldron","reliquary:ExpiredCoupon","Girya","Red Mask"],"acts_visited":["Exordium","TheCity","TheBeyond"],"potions_floor_usage":[16,16,16,33,50,50,50],"damage_taken":[{"damage":0,"enemies":"Small Slimes","floor":1,"turns":1},{"damage":0,"enemies":"Gremlin Nob","floor":7,"turns":1},{"damage":0,"enemies":"2 Louse","floor":8,"turns":1},{"damage":0,"enemies":"Cultist","floor":11,"turns":3},{"damage":1,"enemies":"Red Slaver","floor":12,"turns":4},{"damage":10,"enemies":"Looter","floor":14,"turns":3},{"damage":10,"enemies":"Slime Boss","floor":16,"turns":7},{"damage":4,"enemies":"3 Byrds","floor":18,"turns":4},{"damage":5,"enemies":"Spheric Guardian","floor":22,"turns":5},{"damage":16,"enemies":"Shelled Parasite and Fungi","floor":24,"turns":2},{"damage":9,"enemies":"Automaton","floor":33,"turns":7},{"damage":23,"enemies":"3 Darklings","floor":35,"turns":4},{"damage":6,"enemies":"3 Shapes","floor":38,"turns":6},{"damage":10,"enemies":"Transient","floor":39,"turns":5},{"damage":16,"enemies":"Spire Growth","floor":41,"turns":4},{"damage":5,"enemies":"3 Darklings","floor":45,"turns":3},{"damage":0,"enemies":"Mind Bloom Boss Battle","floor":46,"turns":2},{"damage":35,"enemies":"Time Eater","floor":50,"turns":11}],"seed_played":"-3496039846615992079","potions_obtained":[{"floor":7,"key":"Energy Potion"},{"floor":8,"key":"BlessingOfTheForge"},{"floor":12,"key":"Explosive Potion"},{"floor":18,"key":"PowerPotion"},{"floor":33,"key":"Strength Potion"},{"floor":36,"key":"PotionOfCapacity"},{"floor":36,"key":"ColorlessPotion"},{"floor":36,"key":"Block Potion"},{"floor":45,"key":"DuplicationPotion"},{"floor":46,"key":"FocusPotion"}],"is_trial":false,"path_per_floor":["M","?","?","?","?","R","E","M","T","R","M","M","R","M","R","B",null,"M","?","?","?","M","R","M","$","T","R","T","?","R","$","R","B",null,"M","$","?","M","M","R","M","R","T","?","M","?","?","?","R","B",null],"character_chosen":"DEFECT","items_purchased":["DataDisk","Fission","Master of Strategy","Explosive Potion","FearPotion","PrismaticShard","Cauldron"],"campfire_rested":4,"item_purchase_floors":[31,31,31,31,31,31,36],"current_hp_per_floor":[75,80,69,51,31,55,55,55,55,55,55,54,54,44,68,58,80,76,76,70,70,75,80,69,74,79,80,80,80,80,80,80,76,80,62,62,62,61,56,56,45,69,69,59,67,76,76,66,80,49],"gold":0,"neow_bonus":"THREE_ENEMY_KILL","is_daily":false,"chose_seed":false,"campfire_upgraded":7,"win_rate":0.0,"timestamp":1611737062,"path_taken":["M","?","?","?","?","R","E","M","T","R","M","M","R","M","R","BOSS","M","?","?","?","M","R","M","$","T","R","?","?","R","$","R","BOSS","M","$","?","M","M","R","M","R","T","?","M","?","?","?","R","BOSS"],"items_purchased_type":["Relic","Card","Card","Potion","Potion","Relic","Relic"],"build_version":"2020-12-22","purchased_purges":1,"victory":true,"max_hp_per_floor":[75,80,80,80,80,80,80,80,80,80,80,80,80,80,80,80,80,80,80,80,80,80,80,80,80,80,80,80,80,80,80,80,80,80,80,80,80,80,80,80,80,80,80,80,80,80,80,80,80,80],"card_choices":[{"not_picked":["Stack","Steam"],"picked":"Coolheaded","floor":1},{"not_picked":["Heatsinks","Stack"],"picked":"Glacier","floor":7},{"not_picked":["Compile Driver","Leap"],"picked":"Streamline","floor":8},{"not_picked":["Steam","Stack"],"picked":"Gash","floor":11},{"not_picked":["Rebound","Turbo"],"picked":"Fission","floor":12},{"not_picked":["Hologram","Auto Shields"],"picked":"Hello World","floor":14},{"not_picked":["Thunder Strike","All For One"],"picked":"Echo Form","floor":16},{"not_picked":["Streamline","Rebound","Static Discharge"],"picked":"SKIP","floor":18},{"not_picked":["Gash","Leap","Rip and Tear"],"picked":"SKIP","floor":22},{"not_picked":["Lockon+1","Tempest","Conserve Battery"],"picked":"SKIP","floor":24},{"not_picked":["Double Tap","Chrysalis"],"picked":"Devotion","floor":33},{"not_picked":["Distraction+1","Redo"],"picked":"Protect+1","floor":35},{"not_picked":["Backflip","Beam Cell"],"picked":"Compile Driver+1","floor":38},{"not_picked":["Deep Breath","Pommel Strike","Turbo"],"picked":"SKIP","floor":39},{"not_picked":["Sucker Punch","FlurryOfBlows+1"],"picked":"Concentrate+1","floor":41},{"not_picked":["Metamorphosis","Deep Breath"],"picked":"Bandage Up","floor":44},{"not_picked":["Enlightenment","Flash of Steel"],"picked":"PanicButton","floor":44},{"not_picked":["Secret Weapon","Trip"],"picked":"Enlightenment","floor":44},{"not_picked":["Rage+1","Thunderclap"],"picked":"Expertise+1","floor":45},{"not_picked":["Steam+1","Crescendo+1"],"picked":"Conserve Battery+1","floor":46}],"player_experience":420052,"relics_obtained":[{"floor":7,"key":"MawBank"},{"floor":9,"key":"StoneCalendar"},{"floor":26,"key":"reliquary:BoilingFlask"},{"floor":28,"key":"Akabeko"},{"floor":43,"key":"reliquary:ExpiredCoupon"},{"floor":46,"key":"Girya"}],"event_choices":[{"damage_healed":0,"gold_gain":0,"player_choice":"Donut","damage_taken":0,"max_hp_gain":5,"max_hp_loss":0,"event_name":"Big Fish","floor":2,"gold_loss":0},{"damage_healed":0,"gold_gain":75,"player_choice":"Gather Gold","damage_taken":11,"max_hp_gain":0,"max_hp_loss":0,"event_name":"World of Goop","floor":3,"gold_loss":0},{"damage_healed":0,"gold_gain":0,"player_choice":"Success","damage_taken":18,"relics_obtained":["reliquary:PartyBalloon"],"max_hp_gain":0,"max_hp_loss":0,"event_name":"Scrap Ooze","floor":4,"gold_loss":0},{"damage_healed":0,"gold_gain":0,"player_choice":"Take Damage","damage_taken":20,"relics_obtained":["Golden Idol"],"max_hp_gain":0,"max_hp_loss":0,"event_name":"Golden Idol","floor":5,"gold_loss":0},{"cards_removed":["Strike_B"],"damage_healed":0,"gold_gain":0,"player_choice":"Elegance","damage_taken":0,"max_hp_gain":0,"max_hp_loss":0,"event_name":"Back to Basics","floor":19,"gold_loss":0},{"damage_healed":0,"gold_gain":0,"player_choice":"Joined the Cult","damage_taken":6,"max_hp_gain":0,"max_hp_loss":0,"event_name":"Nest","floor":20,"gold_loss":0,"cards_obtained":["RitualDagger"]},{"damage_healed":0,"gold_gain":0,"player_choice":"Gave Idol","damage_taken":0,"relics_obtained":["Bloody Idol"],"max_hp_gain":0,"max_hp_loss":0,"event_name":"Forgotten Altar","floor":21,"relics_lost":["Golden Idol"],"gold_loss":0},{"damage_healed":0,"gold_gain":0,"cards_transformed":["Zap","Dualcast"],"player_choice":"Became Test Subject","damage_taken":0,"max_hp_gain":0,"max_hp_loss":0,"event_name":"Drug Dealer","floor":29,"gold_loss":0,"cards_obtained":["Reboot","Auto Shields"]},{"cards_removed":["Defend_B"],"damage_healed":0,"gold_gain":0,"player_choice":"Removed Skill","damage_taken":0,"max_hp_gain":0,"max_hp_loss":0,"event_name":"Falling","floor":37,"gold_loss":0},{"damage_healed":0,"gold_gain":0,"player_choice":"Memory 3","damage_taken":10,"max_hp_gain":0,"max_hp_loss":0,"event_name":"SensoryStone","floor":44,"gold_loss":0},{"damage_healed":0,"gold_gain":0,"player_choice":"Fight","damage_taken":0,"max_hp_gain":0,"max_hp_loss":0,"event_name":"MindBloom","floor":46,"gold_loss":0},{"damage_healed":0,"gold_gain":0,"player_choice":"Paid","damage_taken":0,"relics_obtained":["Red Mask"],"max_hp_gain":0,"max_hp_loss":0,"event_name":"Tomb of Lord Red Mask","floor":47,"gold_loss":138},{"damage_healed":0,"gold_gain":0,"player_choice":"Embrace Madness","damage_taken":10,"max_hp_gain":0,"max_hp_loss":0,"event_name":"Winding Halls","floor":48,"gold_loss":0,"cards_obtained":["Madness","Madness"]}],"is_beta":false,"boss_relics":[{"not_picked":["reliquary:KinkedSpring","Calling Bell"],"picked":"Astrolabe"},{"not_picked":["reliquary:Ember","Sozu"],"picked":"SlaversCollar"}],"items_purged_floors":[31],"is_endless":false,"potions_floor_spawned":[7,8,12,18,33,39,45,46],"ascension_level":0}}