{"host":"e1pm3b7xpcm97e5w","time":1611763549,"event":{"mods":["BaseMod","Better Skull","Googly Eyes","Minty Spire (QoL Compilation)","Relic Stats","Shop Mod","Spicy Shops","StSLib"],"gold_per_floor":[119,143,143,158,258,258,258],"floor_reached":6,"language":"ENG","playtime":228,"items_purged":[],"score":65,"play_id":"5e8575d1-db18-42e3-a2d7-927c9cfab7cb","local_time":"20210127110549","is_ascension_mode":true,"campfire_choices":[],"circlet_count":0,"master_deck":["AscendersBane","Strike_G","Strike_G","Strike_G","Defend_G","Defend_G","Defend_G","Defend_G","Defend_G","Survivor","Neutralize","Escape Plan","Underhanded Strike","Footwork","PiercingWail"],"relics":["Ring of the Snake","Happy Flower","Golden Idol"],"acts_visited":["Exordium"],"potions_floor_usage":[6,6],"damage_taken":[{"damage":0,"enemies":"Cultist","floor":1,"turns":4},{"damage":5,"enemies":"Small Slimes","floor":4,"turns":3},{"damage":58,"enemies":"Lagavulin","floor":6,"turns":14}],"seed_played":"-1576792344084402599","potions_obtained":[{"floor":1,"key":"FearPotion"},{"floor":4,"key":"LiquidBronze"}],"is_trial":false,"path_per_floor":["M","T","?","M","?","E"],"character_chosen":"THE_SILENT","items_purchased":[],"campfire_rested":0,"item_purchase_floors":[],"current_hp_per_floor":[59,59,54,49,49,0,0],"gold":258,"neow_bonus":"TRANSFORM_TWO_CARDS","is_daily":false,"chose_seed":false,"campfire_upgraded":0,"win_rate":0.0,"timestamp":1611763549,"path_taken":["M","?","?","M","?","E"],"items_purchased_type":[],"build_version":"2020-12-22","purchased_purges":0,"victory":false,"max_hp_per_floor":[60,60,54,54,54,54,54],"relic_stats":{"Happy Flower":[5],"counters":[3,21],"Golden Idol":3,"obtain_stats":[{"Happy Flower":2,"Golden Idol":3,"Ring of the Snake":0},{"Happy Flower":1,"Golden Idol":1,"Ring of the Snake":0},{"Happy Flower":4,"Golden Idol":4,"Ring of the Snake":0}],"Ring of the Snake":[6]},"card_choices":[{"not_picked":["Well Laid Plans","Skewer"],"picked":"Footwork","floor":1},{"not_picked":["Underhanded Strike","Deflect"],"picked":"PiercingWail","floor":4}],"player_experience":596457,"relics_obtained":[{"floor":2,"key":"Happy Flower"}],"event_choices":[{"damage_healed":0,"gold_gain":0,"player_choice":"Lose Max HP","damage_taken":0,"relics_obtained":["Golden Idol"],"max_hp_gain":0,"max_hp_loss":6,"event_name":"Golden Idol","floor":3,"gold_loss":0},{"damage_healed":0,"gold_gain":100,"player_choice":"Gold","damage_taken":0,"max_hp_gain":0,"max_hp_loss":0,"event_name":"Wheel of Change","floor":5,"gold_loss":0}],"is_beta":false,"boss_relics":[],"items_purged_floors":[],"is_endless":false,"potions_floor_spawned":[1,4],"killed_by":"Lagavulin","ascension_level":18}}