{"host":"f0gpob8hq9vgebej","time":1611749104,"event":{"mods":["AchievementEnabler","BaseMod","Minty Spire (QoL Compilation)","Quick Restart","SuperFastMode"],"gold_per_floor":[113,133,150,164,184,184,20,49,102,102,118,129,149,168,168,267,267,285,30,41,41,41,41],"floor_reached":22,"language":"KOR","playtime":393,"items_purged":["Strike_B","Strike_B"],"score":288,"play_id":"fb091d82-f0d2-48da-b5ee-c06a82dbc0a3","local_time":"20210127210504","is_ascension_mode":true,"campfire_choices":[{"data":"Zap","floor":6.0,"key":"SMITH"},{"floor":15.0,"key":"REST"}],"circlet_count":0,"master_deck":["AscendersBane","Defend_B","Zap+1","Dualcast","Cold Snap","Ball Lightning","Ball Lightning","Sweeping Beam","Finesse","Heatsinks","Barrage","Loop","Core Surge","Biased Cognition","Blizzard+1"],"relics":["Cracked Core","Kunai","Art of War","Empty Cage","TheAbacus"],"acts_visited":["Exordium","TheCity"],"potions_floor_usage":[22],"damage_taken":[{"damage":0.0,"enemies":"Small Slimes","floor":1.0,"turns":3.0},{"damage":4.0,"enemies":"Jaw Worm","floor":2.0,"turns":4.0},{"damage":0.0,"enemies":"Cultist","floor":3.0,"turns":3.0},{"damage":6.0,"enemies":"3 Louse","floor":4.0,"turns":3.0},{"damage":0.0,"enemies":"Exordium Wildlife","floor":5.0,"turns":3.0},{"damage":23.0,"enemies":"Lagavulin","floor":8.0,"turns":4.0},{"damage":9.0,"enemies":"Gremlin Gang","floor":11.0,"turns":2.0},{"damage":7.0,"enemies":"Exordium Thugs","floor":12.0,"turns":3.0},{"damage":4.0,"enemies":"Blue Slaver","floor":13.0,"turns":2.0},{"damage":9.0,"enemies":"Looter","floor":14.0,"turns":2.0},{"damage":17.0,"enemies":"The Guardian","floor":16.0,"turns":8.0},{"damage":9,"enemies":"Chosen","floor":18,"turns":3},{"damage":9,"enemies":"Shell Parasite","floor":20,"turns":4},{"damage":27,"enemies":"Snake Plant","floor":22,"turns":2}],"seed_played":"-6524894212748367949","potions_obtained":[{"floor":2.0,"key":"Dexterity Potion"},{"floor":5.0,"key":"Energy Potion"},{"floor":8.0,"key":"BlessingOfTheForge"},{"floor":18,"key":"LiquidMemories"}],"is_trial":false,"path_per_floor":["M","M","M","M","M","R","$","E","T","?","M","M","M","M","R","B",null,"M","$","M","?","M"],"character_chosen":"DEFECT","items_purchased":["Finesse","TheAbacus"],"campfire_rested":1,"item_purchase_floors":[7,19],"current_hp_per_floor":[68,64,64,58,58,58,58,35,35,35,26,19,15,6,26,9,53,44,44,35,23,0,0],"gold":41,"neow_bonus":"REMOVE_TWO","is_daily":false,"chose_seed":false,"campfire_upgraded":1,"win_rate":0.0,"timestamp":1611749104,"path_taken":["M","M","M","M","M","R","$","E","T","?","M","M","M","M","R","BOSS","M","$","M","?","M"],"items_purchased_type":["Card","Relic"],"build_version":"2020-12-22","purchased_purges":2,"victory":false,"max_hp_per_floor":[68,68,68,68,68,68,68,68,68,68,68,68,68,68,68,68,68,68,68,68,73,73,73],"card_choices":[{"not_picked":["Streamline","Hologram"],"picked":"Cold Snap","floor":1.0},{"not_picked":["Static Discharge","Leap"],"picked":"Ball Lightning","floor":2.0},{"not_picked":["Hello World","Skim"],"picked":"Ball Lightning","floor":3.0},{"not_picked":["Cold Snap","Reprogram","Rebound"],"picked":"SKIP","floor":4.0},{"not_picked":["Leap","Lockon"],"picked":"Sweeping Beam","floor":5.0},{"not_picked":["Coolheaded","Reprogram","Lockon"],"picked":"SKIP","floor":8.0},{"not_picked":["Reprogram","Hologram"],"picked":"Heatsinks","floor":11.0},{"not_picked":["Turbo","Reprogram"],"picked":"Barrage","floor":12.0},{"not_picked":["Streamline","Doom and Gloom"],"picked":"Loop","floor":13.0},{"not_picked":["Aggregate","Heatsinks"],"picked":"Core Surge","floor":14.0},{"not_picked":["Seek","Machine Learning"],"picked":"Biased Cognition","floor":16.0},{"not_picked":["Leap","Streamline","Cold Snap"],"picked":"SKIP","floor":18},{"not_picked":["FTL+1","Fusion"],"picked":"Blizzard+1","floor":20}],"player_experience":266047,"relics_obtained":[{"floor":8.0,"key":"Kunai"},{"floor":9.0,"key":"Art of War"}],"event_choices":[{"cards_removed":["Defend_B"],"damage_healed":0.0,"max_hp_gain":0.0,"max_hp_loss":0.0,"gold_gain":0.0,"event_name":"Living Wall","player_choice":"Forget","floor":10.0,"gold_loss":0.0,"damage_taken":0.0},{"damage_healed":0,"gold_gain":0,"player_choice":"Shed Blood","damage_taken":17,"max_hp_gain":5,"max_hp_loss":0,"event_name":"Forgotten Altar","floor":21,"gold_loss":0}],"is_beta":false,"boss_relics":[{"not_picked":["Busted Crown","Coffee Dripper"],"picked":"Empty Cage"}],"items_purged_floors":[7,19],"is_endless":false,"potions_floor_spawned":[2,5,8,12,13,18],"killed_by":"Snake Plant","ascension_level":10}}