{"host":"mai03x2ekbjy4059","time":1611758890,"event":{"mods":["2.2 Compatiblity","BaseMod","Colored Map","DeckTracker","Keyboard Shortcuts","Minty Spire (QoL Compilation)","Permanent Neow","Quick Restart","SuperFastMode","everything is the same but u backflip on backflip"],"gold_per_floor":[362,72,72,72,93,93,126,140,140,155,176,219,219,257,257,385,385,401,401,425,112,112,143,68,102,114,167,27,42,86,111,111,242,242,261,261,594,613,613,641,661,688,734,750,761,761,792,792,792,792,792,792,22,53,53],"floor_reached":56,"language":"KOR","playtime":2495,"items_purged":["Strike_G","Strike_G","Strike_G"],"score":1617,"play_id":"0f97ce34-ff3f-4cf2-88c2-8cabbb9f32a9","local_time":"20210127234810","is_ascension_mode":true,"campfire_choices":[{"data":"Footwork","floor":6.0,"key":"SMITH"},{"floor":13.0,"key":"REST"},{"data":"Neutralize","floor":15.0,"key":"SMITH"},{"data":"1","floor":32.0,"key":"LIFT"},{"data":"2","floor":46.0,"key":"LIFT"},{"floor":49.0,"key":"RECALL"},{"data":"3","floor":52,"key":"LIFT"}],"circlet_count":0,"master_deck":["Strike_G+1","Defend_G","Defend_G","Defend_G","Defend_G","Survivor","Neutralize+1","Footwork+1","Deflect","Infinite Blades","Terror","Escape Plan","Blur","Blade Dance","Cloak And Dagger","Blade Dance","True Grit+1","Gash+1","Expertise","Conserve Battery","Panacea","A Thousand Cuts","Armaments+1","Accuracy+1","Finesse+1"],"relics":["Ring of the Snake","Turnip","Question Card","Akabeko","Anchor","Meat on the Bone","Black Star","Enchiridion","PrismaticShard","Girya","Potion Belt","MawBank","Mummified Hand","Blue Candle","Bottled Tornado","HornCleat","Thread and Needle","Philosopher\u0027s Stone","Frozen Egg 2","Smiling Mask","StoneCalendar","Lizard Tail","Whetstone","Boot","Omamori","Medical Kit","Vajra","Art of War","Gambling Chip","Ninja Scroll"],"acts_visited":["Exordium","TheCity","TheBeyond","TheEnding"],"potions_floor_usage":[50,50,50,54,54,55,55,55,55,55,55,55],"damage_taken":[{"damage":2.0,"enemies":"Jaw Worm","floor":1.0,"turns":5.0},{"damage":0.0,"enemies":"2 Louse","floor":5.0,"turns":4.0},{"damage":20.0,"enemies":"3 Sentries","floor":7.0,"turns":15.0},{"damage":0.0,"enemies":"Small Slimes","floor":8.0,"turns":4.0},{"damage":0.0,"enemies":"Looter","floor":10.0,"turns":3.0},{"damage":1.0,"enemies":"Blue Slaver","floor":11.0,"turns":5.0},{"damage":13.0,"enemies":"Gremlin Nob","floor":12.0,"turns":5.0},{"damage":10.0,"enemies":"3 Sentries","floor":14.0,"turns":10.0},{"damage":10.0,"enemies":"Hexaghost","floor":16.0,"turns":9.0},{"damage":0.0,"enemies":"Shell Parasite","floor":18.0,"turns":6.0},{"damage":23.0,"enemies":"Chosen","floor":20.0,"turns":6.0},{"damage":0.0,"enemies":"Book of Stabbing","floor":23.0,"turns":7.0},{"damage":0.0,"enemies":"Slavers","floor":25.0,"turns":11.0},{"damage":0.0,"enemies":"Book of Stabbing","floor":27.0,"turns":5.0},{"damage":0.0,"enemies":"Centurion and Healer","floor":29.0,"turns":6.0},{"damage":0.0,"enemies":"Gremlin Leader","floor":30.0,"turns":10.0},{"damage":3.0,"enemies":"Snecko","floor":31.0,"turns":7.0},{"damage":0.0,"enemies":"Collector","floor":33.0,"turns":11.0},{"damage":0.0,"enemies":"Orb Walker","floor":35.0,"turns":3.0},{"damage":0.0,"enemies":"3 Darklings","floor":38.0,"turns":7.0},{"damage":7.0,"enemies":"Nemesis","floor":40.0,"turns":9.0},{"damage":0.0,"enemies":"Transient","floor":41.0,"turns":5.0},{"damage":2.0,"enemies":"Giant Head","floor":42.0,"turns":9.0},{"damage":3.0,"enemies":"Spire Growth","floor":44.0,"turns":5.0},{"damage":7.0,"enemies":"Sphere and 2 Shapes","floor":45.0,"turns":5.0},{"damage":0.0,"enemies":"Nemesis","floor":47.0,"turns":5.0},{"damage":30,"enemies":"Awakened One","floor":50,"turns":15},{"damage":38,"enemies":"Shield and Spear","floor":54,"turns":6},{"damage":24,"enemies":"The Heart","floor":55,"turns":8}],"seed_played":"-5024927661841570938","potions_obtained":[{"floor":1.0,"key":"Poison Potion"},{"floor":11.0,"key":"LiquidBronze"},{"floor":12.0,"key":"PowerPotion"},{"floor":20.0,"key":"Explosive Potion"},{"floor":29.0,"key":"EntropicBrew"},{"floor":31.0,"key":"Strength Potion"},{"floor":35.0,"key":"PowerPotion"},{"floor":41.0,"key":"LiquidMemories"},{"floor":47.0,"key":"LiquidBronze"}],"is_trial":false,"path_per_floor":["M","$","?","?","M","R","E","M","T","M","M","E","R","E","R","B",null,"M","?","M","$","?","E","?","E","T","E","$","M","E","M","R","B",null,"M","?","?","M","?","E","M","E","T","M","M","R","E","?","R","B",null,"R","$","E","B",null],"character_chosen":"THE_SILENT","items_purchased":["Turnip","Blur","PrismaticShard","Blade Dance","Medical Kit","Vajra","Art of War","Accuracy+1","Fruit Juice","Explosive Potion","AttackPotion"],"campfire_rested":1,"item_purchase_floors":[2,21,21,28,53,53,53,53,53,53,53],"current_hp_per_floor":[61,61,46,39,39,39,19,19,19,19,18,5,23,13,13,15,63,63,47,36,36,36,36,36,36,36,36,36,36,36,33,33,33,63,63,60,60,60,60,53,53,51,51,48,41,41,41,41,41,23,60,60,60,39,27],"gold":53,"neow_bonus":"TWO_FIFTY_GOLD","is_daily":false,"chose_seed":false,"campfire_upgraded":2,"win_rate":0.0,"timestamp":1611758890,"path_taken":["M","$","?","?","M","R","E","M","T","M","M","E","R","E","R","BOSS","M","?","M","$","?","E","?","E","T","E","?","M","E","M","R","BOSS","M","?","?","M","?","E","?","E","T","M","M","R","E","?","R","BOSS","R","$","E","BOSS"],"items_purchased_type":["Relic","Card","Relic","Card","Relic","Relic","Relic","Card","Potion","Potion","Potion"],"build_version":"2020-12-22","purchased_purges":3,"victory":true,"max_hp_per_floor":[63,63,63,63,63,63,63,63,63,63,63,63,63,63,63,63,63,63,63,63,63,63,63,63,63,63,63,63,63,63,63,63,63,63,63,60,60,60,60,60,60,60,60,60,60,60,60,60,60,60,60,60,60,65,65],"card_choices":[{"not_picked":["Leg Sweep","Bane"],"picked":"Footwork","floor":1.0},{"not_picked":["Finisher","Acrobatics"],"picked":"Deflect","floor":5.0},{"not_picked":["Deflect","Bane"],"picked":"Infinite Blades","floor":7.0},{"not_picked":["Prepared","Deflect","Dash","Dodge and Roll"],"picked":"SKIP","floor":8.0},{"not_picked":["Setup","Catalyst","Grand Finale","Bane"],"picked":"SKIP","floor":10.0},{"not_picked":["Bane","Sucker Punch","Acrobatics"],"picked":"Terror","floor":11.0},{"not_picked":["Slice","Wraith Form v2","Eviscerate"],"picked":"Escape Plan","floor":12.0},{"not_picked":["Dodge and Roll","Acrobatics","Slice","Reflex"],"picked":"SKIP","floor":14.0},{"not_picked":["Slice","Eviscerate","Leg Sweep","Underhanded Strike"],"picked":"SKIP","floor":18.0},{"not_picked":["Distraction","Prepared","Riddle With Holes","Acrobatics"],"picked":"SKIP","floor":20.0},{"not_picked":["Whirlwind","Ragnarok","Conclude"],"picked":"Cloak And Dagger","floor":23.0},{"not_picked":["Wireheading+1","FollowUp+1","Leap","ForeignInfluence"],"picked":"SKIP","floor":25.0},{"not_picked":["Wireheading","Hologram","LikeWater","Pummel"],"picked":"SKIP","floor":27.0},{"not_picked":["Ball Lightning","Flying Knee","Blood for Blood"],"picked":"True Grit+1","floor":29.0},{"not_picked":["Wish","CutThroughFate","Consume"],"picked":"Gash","floor":30.0},{"not_picked":["SignatureMove","Warcry+1","Ghostly Armor"],"picked":"Expertise","floor":31.0},{"not_picked":["Bludgeon","Corruption","Echo Form"],"picked":"Demon Form","floor":33.0},{"not_picked":["PathToVictory","SashWhip+1","Iron Wave"],"picked":"Conserve Battery","floor":35.0},{"not_picked":["Poisoned Stab","Bane","Whirlwind"],"picked":"Panacea","floor":38.0},{"not_picked":["Flying Knee+1","DeceiveReality","Well Laid Plans+1","Dropkick"],"picked":"SKIP","floor":40.0},{"not_picked":["Deadly Poison","DevaForm+1","Enlightenment+1","SignatureMove"],"picked":"SKIP","floor":41.0},{"not_picked":["Streamline","Consecrate+1","DevaForm+1"],"picked":"Armaments+1","floor":42.0},{"not_picked":["CarveReality+1","Clash+1","Static Discharge+1","Turbo+1"],"picked":"SKIP","floor":44.0},{"not_picked":["Whirlwind","FlurryOfBlows+1","Chill+1","JustLucky+1"],"picked":"SKIP","floor":45.0},{"not_picked":["JustLucky","Sunder+1","Self Repair+1","Clothesline"],"picked":"SKIP","floor":47.0},{"not_picked":["Fasting2+1","Flechettes","ReachHeaven+1"],"picked":"Finesse+1","floor":54}],"player_experience":1139735,"relics_obtained":[{"floor":7.0,"key":"Question Card"},{"floor":9.0,"key":"Akabeko"},{"floor":12.0,"key":"Anchor"},{"floor":14.0,"key":"Meat on the Bone"},{"floor":19.0,"key":"Enchiridion"},{"floor":23.0,"key":"Girya"},{"floor":23.0,"key":"Potion Belt"},{"floor":25.0,"key":"MawBank"},{"floor":25.0,"key":"Mummified Hand"},{"floor":27.0,"key":"Blue Candle"},{"floor":27.0,"key":"Bottled Tornado"},{"floor":30.0,"key":"HornCleat"},{"floor":30.0,"key":"Thread and Needle"},{"floor":40.0,"key":"Frozen Egg 2"},{"floor":40.0,"key":"Smiling Mask"},{"floor":42.0,"key":"StoneCalendar"},{"floor":42.0,"key":"Lizard Tail"},{"floor":43.0,"key":"Whetstone"},{"floor":47.0,"key":"Boot"},{"floor":47.0,"key":"Omamori"},{"floor":54,"key":"Gambling Chip"},{"floor":54,"key":"Ninja Scroll"}],"event_choices":[{"damage_healed":0.0,"max_hp_gain":0.0,"max_hp_loss":0.0,"gold_gain":0.0,"event_name":"Golden Idol","player_choice":"Take Damage","floor":3.0,"gold_loss":0.0,"damage_taken":15.0,"relics_obtained":["Golden Idol"]},{"cards_removed":["Defend_G"],"damage_healed":0.0,"max_hp_gain":0.0,"max_hp_loss":0.0,"gold_gain":0.0,"event_name":"Golden Wing","player_choice":"Card Removal","floor":4.0,"gold_loss":0.0,"damage_taken":7.0},{"damage_healed":0.0,"max_hp_gain":0.0,"max_hp_loss":0.0,"gold_gain":0.0,"event_name":"Cursed Tome","player_choice":"Obtained Book","floor":19.0,"gold_loss":0.0,"damage_taken":16.0},{"damage_healed":0.0,"max_hp_gain":0.0,"max_hp_loss":0.0,"gold_gain":0.0,"event_name":"The Library","player_choice":"Read","floor":22.0,"gold_loss":0.0,"damage_taken":0.0,"cards_obtained":["Blade Dance"]},{"cards_removed":["Strike_G"],"damage_healed":0.0,"max_hp_gain":0.0,"max_hp_loss":0.0,"gold_gain":0.0,"event_name":"Beggar","player_choice":"Gave Gold","floor":24.0,"gold_loss":75.0,"damage_taken":0.0},{"damage_healed":0.0,"max_hp_gain":0.0,"max_hp_loss":3.0,"gold_gain":0.0,"event_name":"Winding Halls","player_choice":"Max HP","floor":36.0,"gold_loss":0.0,"damage_taken":0.0},{"damage_healed":0.0,"max_hp_gain":0.0,"max_hp_loss":0.0,"gold_gain":333.0,"event_name":"The Moai Head","player_choice":"Gave Idol","floor":37.0,"relics_lost":["Golden Idol"],"gold_loss":0.0,"damage_taken":0.0},{"cards_removed":["Demon Form"],"damage_healed":0.0,"max_hp_gain":0.0,"max_hp_loss":0.0,"gold_gain":0.0,"event_name":"NoteForYourself","player_choice":"Took Card","floor":39.0,"gold_loss":0.0,"damage_taken":0.0,"cards_obtained":["A Thousand Cuts"]},{"damage_healed":0.0,"max_hp_gain":0.0,"max_hp_loss":0.0,"gold_gain":0.0,"event_name":"SecretPortal","player_choice":"Ignored","floor":48.0,"gold_loss":0.0,"damage_taken":0.0}],"is_beta":false,"boss_relics":[{"not_picked":["Astrolabe","Ectoplasm"],"picked":"Black Star"},{"not_picked":["Empty Cage","Tiny House"],"picked":"Philosopher\u0027s Stone"}],"items_purged_floors":[21,28,53],"is_endless":false,"potions_floor_spawned":[1,11,12,20,29,31,35,41,47],"ascension_level":1}}