{"host":"yecadp3kwkksam5a","time":1611752387,"event":{"mods":["BaseMod","Minty Spire (QoL Compilation)","StSLib"],"gold_per_floor":[119,134,144,44,56,56,76,96,96,96,96,106,106,117,117,117,117],"floor_reached":16,"language":"KOR","playtime":800,"items_purged":["Strike_G"],"score":192,"play_id":"4281cb20-ee9e-439b-b52c-555a64bc4eaf","local_time":"20210127215947","is_ascension_mode":true,"campfire_choices":[{"data":"Prepared","floor":6,"key":"SMITH"},{"floor":11,"key":"REST"},{"data":"Tactician","floor":13,"key":"SMITH"},{"data":"Flechettes","floor":15,"key":"SMITH"}],"circlet_count":0,"master_deck":["AscendersBane","Strike_G","Strike_G","Strike_G","Strike_G","Defend_G","Defend_G","Defend_G","Defend_G","Defend_G","Survivor","Neutralize","Flying Knee","Cloak And Dagger","Deadly Poison","PiercingWail","Prepared+1","Tactician+1","After Image","Flechettes+1"],"relics":["Ring of the Snake","Ornamental Fan"],"acts_visited":["Exordium"],"potions_floor_usage":[10,16],"damage_taken":[{"damage":3,"enemies":"Cultist","floor":1,"turns":4},{"damage":1,"enemies":"Small Slimes","floor":2,"turns":4},{"damage":1,"enemies":"Jaw Worm","floor":3,"turns":4},{"damage":28,"enemies":"Large Slime","floor":5,"turns":12},{"damage":5,"enemies":"Exordium Wildlife","floor":7,"turns":4},{"damage":16,"enemies":"2 Fungi Beasts","floor":8,"turns":4},{"damage":2,"enemies":"Blue Slaver","floor":12,"turns":4},{"damage":3,"enemies":"Large Slime","floor":14,"turns":8},{"damage":37,"enemies":"Hexaghost","floor":16,"turns":15}],"seed_played":"-3116785109594008835","potions_obtained":[{"floor":7,"key":"Strength Potion"},{"floor":8,"key":"GhostInAJar"},{"floor":10,"key":"Fruit Juice"},{"floor":10,"key":"SmokeBomb"}],"is_trial":false,"path_per_floor":["M","M","M","$","M","R","M","M","T","?","R","M","R","M","R","B"],"character_chosen":"THE_SILENT","items_purchased":["PiercingWail"],"campfire_rested":1,"item_purchase_floors":[4],"current_hp_per_floor":[62,61,60,60,32,32,27,11,11,16,39,37,37,34,34,0,0],"gold":117,"neow_bonus":"TEN_PERCENT_HP_BONUS","is_daily":false,"chose_seed":false,"campfire_upgraded":3,"win_rate":0.0,"timestamp":1611752387,"path_taken":["M","M","M","?","?","R","M","M","T","?","R","?","R","M","R","BOSS"],"items_purchased_type":["Card"],"build_version":"2020-12-22","purchased_purges":1,"victory":false,"max_hp_per_floor":[72,72,72,72,72,72,72,72,72,77,77,77,77,77,77,77,77],"card_choices":[{"not_picked":["Underhanded Strike","Quick Slash"],"picked":"Flying Knee","floor":1},{"not_picked":["Setup","Prepared"],"picked":"Cloak And Dagger","floor":2},{"not_picked":["Outmaneuver","Skewer"],"picked":"Deadly Poison","floor":3},{"not_picked":["Underhanded Strike","Masterful Stab"],"picked":"Prepared","floor":5},{"not_picked":["Dash","Setup"],"picked":"Tactician","floor":7},{"not_picked":["Deflect","Concentrate","Poisoned Stab"],"picked":"SKIP","floor":8},{"not_picked":["PiercingWail","Well Laid Plans"],"picked":"After Image","floor":12},{"not_picked":["Underhanded Strike","Dagger Spray"],"picked":"Flechettes","floor":14}],"player_experience":485778,"relics_obtained":[{"floor":9,"key":"Ornamental Fan"}],"event_choices":[{"damage_healed":0,"gold_gain":0,"player_choice":"Got Potions","damage_taken":0,"max_hp_gain":0,"max_hp_loss":0,"event_name":"Lab","floor":10,"gold_loss":0}],"is_beta":false,"boss_relics":[],"items_purged_floors":[4],"is_endless":false,"potions_floor_spawned":[7,8,12],"killed_by":"Hexaghost","ascension_level":20}}