{"host":"sav7uxregyirlf69","time":1611738185,"event":{"mods":["AchievementEnabler","BaseMod","Colored Map","DeckTracker","Keyboard Shortcuts","Minty Spire (QoL Compilation)","READ ME - Guardian Mod","StSLib","SuperFastMode"],"gold_per_floor":[114,114,114,128,141,141,156,167,167,194,210,227,241,269,269,343,343,355,230,230,243,293,320,320,320,320],"floor_reached":25,"language":"KOR","playtime":576,"items_purged":["Defend_R"],"score":570,"play_id":"1a03eebb-ba9e-4169-94b1-2794276775e3","local_time":"20210127180305","is_ascension_mode":true,"campfire_choices":[{"data":"Rampage","floor":6.0,"key":"SMITH"},{"data":"Battle Trance","floor":15.0,"key":"SMITH"},{"data":"True Grit","floor":24,"key":"SMITH"}],"circlet_count":0,"master_deck":["AscendersBane","Strike_R","Defend_R","Defend_R","Bash","Rampage+1","Battle Trance+1","Pommel Strike","Warcry","Seeing Red","Flame Barrier+1","Shrug It Off","True Grit+1"],"relics":["Burning Blood","HornCleat","Kunai","Empty Cage","MutagenicStrength","Paper Frog"],"acts_visited":["Exordium","TheCity"],"potions_floor_usage":[16,23,23],"damage_taken":[{"damage":1.0,"enemies":"Cultist","floor":1.0,"turns":3.0},{"damage":11.0,"enemies":"Small Slimes","floor":4.0,"turns":4.0},{"damage":4.0,"enemies":"Jaw Worm","floor":5.0,"turns":3.0},{"damage":0.0,"enemies":"Exordium Wildlife","floor":7.0,"turns":3.0},{"damage":6.0,"enemies":"Blue Slaver","floor":8.0,"turns":4.0},{"damage":20.0,"enemies":"3 Sentries","floor":10.0,"turns":11.0},{"damage":0.0,"enemies":"Exordium Thugs","floor":11.0,"turns":3.0},{"damage":3.0,"enemies":"3 Louse","floor":12.0,"turns":4.0},{"damage":8.0,"enemies":"Large Slime","floor":13.0,"turns":3.0},{"damage":30.0,"enemies":"Lagavulin","floor":14.0,"turns":6.0},{"damage":0,"enemies":"The Guardian","floor":16,"turns":12},{"damage":0,"enemies":"Spheric Guardian","floor":18,"turns":3},{"damage":12,"enemies":"2 Thieves","floor":21,"turns":5},{"damage":26,"enemies":"Slavers","floor":23,"turns":7},{"damage":52,"enemies":"Book of Stabbing","floor":25,"turns":6}],"seed_played":"-3126292206741223797","potions_obtained":[{"floor":1.0,"key":"SneckoOil"},{"floor":4.0,"key":"SkillPotion"},{"floor":7.0,"key":"Fire Potion"},{"floor":12.0,"key":"LiquidBronze"},{"floor":16,"key":"Fire Potion"},{"floor":18,"key":"DistilledChaos"}],"is_trial":false,"path_per_floor":["M","?","?","M","M","R","M","M","T","E","M","M","M","E","R","B",null,"M","$","?","M","?","E","R","E"],"character_chosen":"IRONCLAD","items_purchased":["Shrug It Off"],"campfire_rested":0,"item_purchase_floors":[19],"current_hp_per_floor":[68,73,73,68,70,70,73,73,73,59,65,68,66,42,42,48,67,73,73,73,67,67,47,47,0,0],"gold":320,"neow_bonus":"REMOVE_TWO","is_daily":false,"chose_seed":false,"campfire_upgraded":3,"win_rate":0.0,"timestamp":1611738185,"path_taken":["M","?","?","M","M","R","M","M","T","E","M","?","M","E","R","BOSS","M","$","?","M","?","E","R","E"],"items_purchased_type":["Card"],"build_version":"2020-12-22","purchased_purges":1,"victory":false,"max_hp_per_floor":[68,73,73,73,73,73,73,73,73,73,73,73,73,73,73,73,73,73,73,73,73,73,73,73,73,73],"card_choices":[{"not_picked":["Headbutt","Anger"],"picked":"Rampage","floor":1.0},{"not_picked":["Cleave","Rupture"],"picked":"Battle Trance","floor":4.0},{"not_picked":["Infernal Blade","Perfected Strike","Armaments"],"picked":"SKIP","floor":5.0},{"not_picked":["Armaments","Body Slam","Shockwave"],"picked":"SKIP","floor":7.0},{"not_picked":["Uppercut","Thunderclap"],"picked":"Pommel Strike","floor":8.0},{"not_picked":["Whirlwind","Rampage","Cleave"],"picked":"SKIP","floor":10.0},{"not_picked":["Headbutt","Wild Strike"],"picked":"Warcry","floor":11.0},{"not_picked":["Warcry","Bludgeon","Hemokinesis"],"picked":"SKIP","floor":12.0},{"not_picked":["Hemokinesis","Perfected Strike","Armaments"],"picked":"SKIP","floor":13.0},{"not_picked":["Feel No Pain","Wild Strike"],"picked":"Seeing Red","floor":14.0},{"not_picked":["Thunderclap","Flex"],"picked":"Flame Barrier+1","floor":18},{"not_picked":["Armaments","Wild Strike","Battle Trance"],"picked":"SKIP","floor":21},{"not_picked":["Wild Strike","Armaments"],"picked":"True Grit","floor":23}],"player_experience":1392846,"relics_obtained":[{"floor":10.0,"key":"HornCleat"},{"floor":14.0,"key":"Kunai"},{"floor":23,"key":"Paper Frog"}],"event_choices":[{"damage_healed":0.0,"max_hp_gain":5.0,"max_hp_loss":0.0,"gold_gain":0.0,"event_name":"Big Fish","player_choice":"Donut","floor":2.0,"gold_loss":0.0,"damage_taken":0.0},{"cards_removed":["Strike_R"],"damage_healed":0.0,"max_hp_gain":0.0,"max_hp_loss":0.0,"gold_gain":0.0,"event_name":"Bonfire Elementals","player_choice":"Offered Basic","floor":3.0,"gold_loss":0.0,"damage_taken":0.0},{"damage_healed":0,"gold_gain":0,"player_choice":"Inject Mutagens","damage_taken":0,"relics_obtained":["MutagenicStrength"],"max_hp_gain":0,"max_hp_loss":0,"event_name":"Drug Dealer","floor":20,"gold_loss":0},{"damage_healed":0,"gold_gain":50,"player_choice":"Stole From Cult","damage_taken":0,"max_hp_gain":0,"max_hp_loss":0,"event_name":"Nest","floor":22,"gold_loss":0}],"is_beta":false,"boss_relics":[{"not_picked":["Velvet Choker","SacredBark"],"picked":"Empty Cage"}],"items_purged_floors":[19],"is_endless":false,"potions_floor_spawned":[1,4,7,12,16,18],"killed_by":"Book of Stabbing","ascension_level":20}}