{"host":"auzdvixyoignpx0j","time":1611712344,"event":{"mods":["BaseMod","Better Altar","Better Skull","Better Third Choice","Colored Powertips","Googly Eyes","Minty Spire (QoL Compilation)","Spicy Shops","StSLib","The IronCluck"],"gold_per_floor":[211,211,386,336,361,361,15,42,42,84,109,119,119,145,145,253,253,274,199,212,127,147,188,188,226,251,278,295,319,319,95,95,194,194,205,223,232,232,232,232,273,273,273,300,6,17,67,83,83,83],"floor_reached":51,"language":"ENG","playtime":4195,"items_purged":["Defend_G"],"score":835,"play_id":"994ae80e-f143-451a-9cf1-53ccdfdcfbc1","local_time":"20210126175224","is_ascension_mode":true,"campfire_choices":[{"data":"Neutralize","floor":6.0,"key":"SMITH"},{"data":"Tools of the Trade","floor":15.0,"key":"SMITH"},{"floor":24.0,"key":"REST"},{"data":"Adrenaline","floor":30.0,"key":"SMITH"},{"floor":32.0,"key":"REST"},{"data":"Panache","floor":40.0,"key":"SMITH"},{"floor":42.0,"key":"REST"},{"data":"Finisher","floor":49,"key":"SMITH"}],"circlet_count":0,"master_deck":["Strike_G","Strike_G","Strike_G","Defend_G","Defend_G+1","Defend_G","Defend_G","Survivor+1","Neutralize+1","Underhanded Strike","Dagger Throw","Slice","Sucker Punch","Tools of the Trade+1","Dagger Spray","Adrenaline+1","Backstab","Flying Knee+1","Backflip+1","Riddle With Holes+1","Underhanded Strike","Panache+1","Finisher+1","Sadistic Nature","Cloak And Dagger+1","Writhe"],"relics":["Ring of the Serpent","Bronze Scales","Vajra","HandDrill","Shuriken","The Courier","CeramicFish","Pantograph","HoveringKite","Ancient Tea Set","Potion Belt","Sundial","Akabeko","Juzu Bracelet","Thread and Needle","Eternal Feather","MealTicket","ClockworkSouvenir","Gambling Chip","CaptainsWheel"],"acts_visited":["Exordium","TheCity","TheBeyond"],"potions_floor_usage":[45,50,50],"damage_taken":[{"damage":0.0,"enemies":"Small Slimes","floor":1.0,"turns":4.0},{"damage":7.0,"enemies":"Lagavulin","floor":8.0,"turns":4.0},{"damage":21.0,"enemies":"3 Sentries","floor":10.0,"turns":7.0},{"damage":0.0,"enemies":"2 Louse","floor":11.0,"turns":1.0},{"damage":0.0,"enemies":"Cultist","floor":12.0,"turns":2.0},{"damage":0.0,"enemies":"Exordium Wildlife","floor":14.0,"turns":3.0},{"damage":30.0,"enemies":"The Guardian","floor":16.0,"turns":8.0},{"damage":3.0,"enemies":"Shell Parasite","floor":18.0,"turns":3.0},{"damage":0.0,"enemies":"Chosen","floor":20.0,"turns":3.0},{"damage":10.0,"enemies":"3 Cultists","floor":22.0,"turns":4.0},{"damage":28.0,"enemies":"Gremlin Leader","floor":23.0,"turns":6.0},{"damage":0.0,"enemies":"Slavers","floor":25.0,"turns":4.0},{"damage":0.0,"enemies":"Book of Stabbing","floor":27.0,"turns":3.0},{"damage":2.0,"enemies":"Cultist and Chosen","floor":28.0,"turns":3.0},{"damage":10.0,"enemies":"Sentry and Sphere","floor":29.0,"turns":3.0},{"damage":3.0,"enemies":"Automaton","floor":33.0,"turns":4.0},{"damage":12.0,"enemies":"3 Darklings","floor":35.0,"turns":2.0},{"damage":10.0,"enemies":"3 Shapes","floor":36.0,"turns":2.0},{"damage":4.0,"enemies":"Giant Head","floor":41.0,"turns":5.0},{"damage":24.0,"enemies":"Reptomancer","floor":44.0,"turns":5.0},{"damage":2,"enemies":"Maw","floor":46,"turns":4},{"damage":6,"enemies":"Mind Bloom Boss Battle","floor":47,"turns":5},{"damage":0,"enemies":"3 Darklings","floor":48,"turns":2},{"damage":16,"enemies":"Donu and Deca","floor":50,"turns":6}],"seed_played":"7035551440741865144","potions_obtained":[{"floor":11.0,"key":"SteroidPotion"},{"floor":12.0,"key":"AttackPotion"},{"floor":16.0,"key":"Weak Potion"},{"floor":27.0,"key":"FearPotion"},{"floor":28.0,"key":"FearPotion"},{"floor":29.0,"key":"Weak Potion"},{"floor":33.0,"key":"Weak Potion"},{"floor":36.0,"key":"Regen Potion"},{"floor":46,"key":"Swift Potion"},{"floor":48,"key":"SneckoOil"}],"is_trial":false,"path_per_floor":["M","?","?","?","T","R","$","E","T","E","M","M","T","M","R","B",null,"M","?","M","?","M","E","R","E","T","E","M","M","R","$","R","B",null,"M","M","?","?","?","R","E","R","T","E","$","M","?","M","R","B",null],"character_chosen":"THE_SILENT","items_purchased":["Vajra","HandDrill","Dagger Throw","Panache","Finisher","ClockworkSouvenir","Gambling Chip","Fruit Juice"],"campfire_rested":3,"item_purchase_floors":[7,7,7,31,31,45,45,45],"current_hp_per_floor":[70,56,56,56,56,56,56,49,49,28,28,28,28,28,28,23,70,67,67,67,67,57,29,50,50,50,50,48,38,38,38,59,67,70,58,48,43,43,43,43,39,58,58,34,54,52,65,65,71,55],"gold":83,"neow_bonus":"HUNDRED_GOLD","is_daily":false,"chose_seed":false,"campfire_upgraded":5,"win_rate":0.0,"timestamp":1611712344,"path_taken":["M","?","?","?","?","R","$","E","T","E","?","M","?","M","R","BOSS","M","?","M","?","M","E","R","E","T","E","M","M","R","$","R","BOSS","M","M","?","?","?","R","E","R","T","E","$","M","?","M","R","BOSS"],"items_purchased_type":["Relic","Relic","Card","Card","Card","Relic","Relic","Potion"],"build_version":"2020-12-22","purchased_purges":1,"victory":true,"max_hp_per_floor":[70,70,70,70,70,70,70,70,70,70,70,70,70,70,70,70,70,70,70,70,70,70,70,70,70,70,70,70,70,70,70,70,70,70,70,70,70,66,66,66,66,66,66,66,71,71,71,71,71,71],"card_choices":[{"not_picked":["Backflip","Distraction"],"picked":"Underhanded Strike","floor":1.0},{"not_picked":["Quick Slash","Footwork"],"picked":"Slice","floor":8.0},{"not_picked":["Blade Dance","PiercingWail"],"picked":"Sucker Punch","floor":10.0},{"not_picked":["Caltrops","Noxious Fumes"],"picked":"Tools of the Trade","floor":11.0},{"not_picked":["Acrobatics","Caltrops","Deadly Poison"],"picked":"SKIP","floor":12.0},{"not_picked":["Bane","Endless Agony"],"picked":"Dagger Spray","floor":14.0},{"not_picked":["Unload","Envenom"],"picked":"Adrenaline","floor":16.0},{"not_picked":["Poisoned Stab","Noxious Fumes"],"picked":"Backstab","floor":18.0},{"not_picked":["Acrobatics","Deadly Poison","Crippling Poison"],"picked":"SKIP","floor":20.0},{"not_picked":["PiercingWail","Prepared"],"picked":"Flying Knee+1","floor":22.0},{"not_picked":["Noxious Fumes","Dodge and Roll+1"],"picked":"Backflip+1","floor":23.0},{"not_picked":["Underhanded Strike","Corpse Explosion"],"picked":"Riddle With Holes+1","floor":25.0},{"not_picked":["Setup","Poisoned Stab+1","Slice"],"picked":"SKIP","floor":27.0},{"not_picked":["Catalyst+1","Expertise","Dagger Spray+1"],"picked":"SKIP","floor":28.0},{"not_picked":["Noxious Fumes","Well Laid Plans"],"picked":"Underhanded Strike","floor":29.0},{"not_picked":["Deadly Poison","Dagger Throw","Caltrops"],"picked":"SKIP","floor":35.0},{"not_picked":["Poisoned Stab","Outmaneuver","Infinite Blades"],"picked":"SKIP","floor":36.0},{"not_picked":["The Bomb","Dark Shackles"],"picked":"Sadistic Nature","floor":37.0},{"not_picked":["Eviscerate","Calculated Gamble+1"],"picked":"Cloak And Dagger+1","floor":41.0},{"not_picked":["Blade Dance","Backflip+1","Catalyst+1"],"picked":"SKIP","floor":44.0},{"not_picked":["Quick Slash","Skewer+1","Bouncing Flask+1"],"picked":"SKIP","floor":46},{"not_picked":["Concentrate","Outmaneuver","Prepared+1"],"picked":"SKIP","floor":48}],"player_experience":383774,"relics_obtained":[{"floor":5.0,"key":"Bronze Scales"},{"floor":8.0,"key":"Shuriken"},{"floor":9.0,"key":"The Courier"},{"floor":10.0,"key":"CeramicFish"},{"floor":13.0,"key":"Pantograph"},{"floor":23.0,"key":"Potion Belt"},{"floor":25.0,"key":"Sundial"},{"floor":26.0,"key":"Akabeko"},{"floor":27.0,"key":"Juzu Bracelet"},{"floor":41.0,"key":"Thread and Needle"},{"floor":43.0,"key":"Eternal Feather"},{"floor":44.0,"key":"MealTicket"},{"floor":47,"key":"CaptainsWheel"}],"event_choices":[{"damage_healed":70.0,"max_hp_gain":0.0,"max_hp_loss":70.0,"gold_gain":0.0,"event_name":"betterThird:BetterShining","player_choice":"Upgrade","floor":2.0,"gold_loss":0.0,"damage_taken":14.0,"cards_upgraded":["Defend_G","Survivor"]},{"damage_healed":0.0,"max_hp_gain":0.0,"max_hp_loss":0.0,"gold_gain":175.0,"event_name":"betterThird:BetterSerpent","player_choice":"AGREE","floor":3.0,"gold_loss":0.0,"damage_taken":211.0},{"cards_removed":["Doubt"],"damage_healed":0.0,"max_hp_gain":0.0,"max_hp_loss":0.0,"gold_gain":0.0,"event_name":"The Cleric","player_choice":"Card Removal","floor":4.0,"gold_loss":50.0,"damage_taken":0.0},{"cards_removed":["Strike_G"],"damage_healed":0.0,"max_hp_gain":0.0,"max_hp_loss":0.0,"gold_gain":0.0,"event_name":"Beggar","player_choice":"Gave Gold","floor":19.0,"gold_loss":75.0,"damage_taken":0.0},{"damage_healed":0.0,"max_hp_gain":0.0,"max_hp_loss":0.0,"gold_gain":0.0,"event_name":"Addict","player_choice":"Obtained Relic","floor":21.0,"gold_loss":85.0,"damage_taken":0.0,"relics_obtained":["Ancient Tea Set"]},{"damage_healed":0.0,"max_hp_gain":0.0,"max_hp_loss":0.0,"gold_gain":0.0,"event_name":"SensoryStone","player_choice":"Memory 2","floor":37.0,"gold_loss":0.0,"damage_taken":5.0},{"damage_healed":0.0,"max_hp_gain":0.0,"max_hp_loss":4.0,"gold_gain":0.0,"event_name":"Winding Halls","player_choice":"Max HP","floor":38.0,"gold_loss":0.0,"damage_taken":0.0},{"cards_removed":["Strike_G"],"damage_healed":0.0,"max_hp_gain":0.0,"max_hp_loss":0.0,"gold_gain":0.0,"event_name":"Falling","player_choice":"Removed Attack","floor":39.0,"gold_loss":0.0,"damage_taken":0.0},{"damage_healed":0,"gold_gain":0,"player_choice":"Fight","damage_taken":0,"max_hp_gain":0,"max_hp_loss":0,"event_name":"MindBloom","floor":47,"gold_loss":0}],"is_beta":false,"boss_relics":[{"not_picked":["Empty Cage","Velvet Choker"],"picked":"HoveringKite"},{"not_picked":["Runic Dome","Tiny House"],"picked":"Ring of the Serpent"}],"items_purged_floors":[31],"is_endless":false,"potions_floor_spawned":[11,12,16,27,28,29,33,36,46,48],"ascension_level":1}}