{"host":"dx8mnueonnkh60qu","time":1611735598,"event":{"mods":["AchievementEnabler","Act Like it!","Aspiration","BaseMod","Better Silent Start","Better Third Choice","CCEM2","Conspire","Defuse TimeMaze Blight","Dota2Spire","Downfall","Evolution","Hubris","Infinite Spire","Marked Mod","Minty Spire (QoL Compilation)","Quarter Circle Forward PUNCH!","Rare Cards Sparkle","Relic Stats","Reliquary","Robot Space Explorer","Spicy Shops","Spikes Relics","StSLib","SuperFastMode","The Blue Laboratory","The Caster"],"gold_per_floor":[99,114,114,124,126,157,157,172,193,193,222,134,34,69,89,194,194,194,206,234,236,171,196,196,230,248,261,278,278,78,113,126,221,271,271,287,317,336,336,336,336,352,370,120,138,138,138,156,182,200,200,229,76,76,76,108],"floor_reached":57,"language":"ENG","playtime":5620,"items_purged":["bronze:Overheat","Clumsy","Normality"],"score":1465,"play_id":"bd71e8d4-27e0-49f9-b060-b06919faba92","local_time":"20210127031958","daily_mods":["Draft","Vintage"],"is_ascension_mode":true,"campfire_choices":[{"data":"bronze:Optimize","floor":1,"key":"SMITH"},{"floor":10,"key":"RECALL"},{"data":"bronze:FollowUp","floor":13,"key":"SMITH"},{"data":"bronze:SpaghettiCode","floor":18,"key":"SMITH"},{"data":"infinitespire:SevenWalls","floor":30,"key":"SMITH"},{"data":"bronze:Verify","floor":35,"key":"SMITH"},{"data":"bronze:Shell","floor":40,"key":"SMITH"},{"data":"bronze:ChosenStrike","floor":47,"key":"SMITH"},{"data":"bronze:Frontload","floor":54,"key":"SMITH"}],"circlet_count":0,"master_deck":["bronze:Invalidate+1","bronze:Boost","bronze:Flail+1","bronze:ClassDefault","bronze:DigitalCarnage","bronze:ItsAFeature","bronze:Safeguard","bronze:Flail","bronze:ChosenStrike+1","bronze:DelayedSlice","bronze:Branch+1","bronze:Optimize+1","bronze:Frontload+1","bronze:Constructor","bronze:FollowUp+1","bronze:SpaghettiCode+1","bronze:FollowUp+1","bronze:Repulsor+1","infinitespire:SevenWalls+1","bronze:Shell+1","bronze:Verify+1","bronze:ClassDefault+1","bronze:FindAndReplace+1"],"relics":["bronze:BronzeCore","EVO:Axolotl","Pen Nib","bronze:BottledCode","Blood Vial","infinitespire:Midas Blood","Bird Faced Urn","White Beast Statue","qcfpunch:Black_Training_Shirt","RetroEgg","conspire:GlowingRock","Pantograph","downfall:HeartBlessingRed","Dota2Spire:BlackKingBar","MealTicket","hubris:HollowSoul","aspiration:HatOfInfinitePower","Smiling Mask","aspiration:RitualStick","reliquary:ExpiredCoupon","infinitespire:WardingShard","Dota2Spire:DrumOfEndurance","hubris:ToyBattleship","CCEMRelics:DissonantTune","downfall:HeartBlessingGreen","downfall:HeartBlessingBlue","reliquary:HotPoker","Tiny House","conspire:TopHat","aspiration:Lifesprig","Frozen Egg 2","Dota2Spire:CrimsonGuard","hubris:PeanutButter","bronze:BronzeIdol","LugNut","Whetstone","Juzu Bracelet","Dota2Spire:ArmletOfMordiggian","Oddly Smooth Stone","conspire:Dentures"],"acts_visited":["Exordium","TheCity","TheBeyond","TheEnding"],"potions_floor_usage":[11,23,42,56,56,56,56],"damage_taken":[{"damage":6,"enemies":"conspire:RoseBush","floor":2,"turns":2},{"damage":0,"enemies":"Small Slimes","floor":4,"turns":1},{"damage":6,"enemies":"Gremlin Nob","floor":6,"turns":4},{"damage":0,"enemies":"2 Louse","floor":8,"turns":2},{"damage":3,"enemies":"Blue Slaver","floor":9,"turns":3},{"damage":0,"enemies":"3 Sentries","floor":11,"turns":3},{"damage":0,"enemies":"downfall:FleeingMerchant","floor":12,"turns":4},{"damage":0,"enemies":"Gremlin Nob","floor":14,"turns":2},{"damage":2,"enemies":"Gremlin Gang","floor":15,"turns":2},{"damage":14,"enemies":"WA_ARCHETYPE_RETAIN","floor":16,"turns":4},{"damage":0,"enemies":"Shell Parasite","floor":19,"turns":3},{"damage":6,"enemies":"conspire:FuzzyDice","floor":20,"turns":2},{"damage":0,"enemies":"downfall:FleeingMerchant","floor":22,"turns":4},{"damage":0,"enemies":"Nightmare","floor":23,"turns":7},{"damage":15,"enemies":"conspire:SneckoGhost","floor":25,"turns":5},{"damage":0,"enemies":"Centurion and Healer","floor":26,"turns":3},{"damage":0,"enemies":"Snake Plant","floor":27,"turns":2},{"damage":0,"enemies":"Shelled Parasite and Fungi","floor":28,"turns":1},{"damage":0,"enemies":"Slavers","floor":31,"turns":1},{"damage":0,"enemies":"Cultist and Chosen","floor":32,"turns":3},{"damage":0,"enemies":"IC_MUSHROOM_ARCHETYPE","floor":33,"turns":7},{"damage":0,"enemies":"3 Darklings","floor":36,"turns":3},{"damage":3,"enemies":"downfall:FleeingMerchant","floor":37,"turns":3},{"damage":0,"enemies":"Orb Walker","floor":38,"turns":1},{"damage":0,"enemies":"Sphere and 2 Shapes","floor":42,"turns":1},{"damage":0,"enemies":"Jaw Worm Horde","floor":43,"turns":2},{"damage":0,"enemies":"Spire Growth","floor":45,"turns":1},{"damage":0,"enemies":"Transient","floor":48,"turns":5},{"damage":7,"enemies":"4 Shapes","floor":49,"turns":1},{"damage":73,"enemies":"DF_ARCHETYPE_ORBS","floor":50,"turns":7},{"damage":18,"enemies":"downfall:CharBossMerchant","floor":52,"turns":5},{"damage":0,"enemies":"downfall:NeowBoss","floor":55,"turns":14},{"damage":39,"enemies":"downfall:NeowBossFinal","floor":56,"turns":12}],"seed_played":"4156284218025901023","potions_obtained":[{"floor":4,"key":"hexamod:SoulburnPotion"},{"floor":8,"key":"blueLaboratory:StoneskinPotion"},{"floor":9,"key":"BlessingOfTheForge"},{"floor":11,"key":"Dota2Spire:Clarity"},{"floor":19,"key":"blueLaboratory:EmptyBottle"},{"floor":23,"key":"blueLaboratory:FrostheartPotion"},{"floor":34,"key":"blueLaboratory:HeartbeatPotion"},{"floor":45,"key":"Swift Potion"},{"floor":48,"key":"blueLaboratory:ArtificerPotion"}],"is_trial":true,"path_per_floor":["R","M","?","M","?","E","T","M","M","R","E","$","R","E","M","B",null,"R","M","M","?","$","NM","T","E","M","M","M","AVR","R","E","M","B",null,"R","M","$","M","?","R","T","M","M","$","M","?","R","M","M","B",null,"E","$","R","B","B",null],"character_chosen":"THE_AUTOMATON","items_purchased":["bronze:FollowUp","aspiration:Lifesprig","Frozen Egg 2","LugNut","conspire:Dentures"],"campfire_rested":0,"item_purchase_floors":[12,37,37,44,53],"current_hp_per_floor":[72,66,62,62,56,56,56,60,59,59,62,62,62,62,60,48,62,62,62,56,44,62,62,62,47,51,57,61,61,71,72,72,72,77,77,77,74,76,76,76,76,77,77,77,77,77,77,77,70,14,77,63,77,77,77,44],"gold":108,"neow_bonus":"","is_daily":false,"chose_seed":false,"campfire_upgraded":8,"win_rate":0.0,"timestamp":1611735598,"path_taken":["R","M","?","M","?","E","T","M","M","R","E","$","R","E","M","BOSS","R","M","M","?","$","NM","T","E","M","M","M","AVR","R","E","M","BOSS","R","M","$","M","?","R","T","M","?","?","?","?","R","M","M","BOSS","E","$","R","BOSS","BOSS"],"items_purchased_type":["Card","Relic","Relic","Relic","Relic"],"build_version":"2020-12-22","purchased_purges":3,"victory":true,"max_hp_per_floor":[72,72,62,62,62,62,62,62,62,62,62,62,62,62,62,62,62,62,62,62,62,62,62,62,62,62,62,62,62,72,72,72,72,77,77,77,77,77,77,77,77,77,77,77,77,77,77,77,77,77,77,77,77,77,77,77],"relic_stats":{"Blood Vial":20,"counters":[33,120],"Bird Faced Urn":[36],"Pantograph":9,"MealTicket":29,"Pen Nib":[25],"Juzu Bracelet":0,"Whetstone":["bronze:Flail","bronze:Branch"],"Smiling Mask":150,"obtain_stats":[{"aspiration:Lifesprig":37,"bronze:BronzeCore":0,"Tiny House":34,"RetroEgg":8,"Dota2Spire:ArmletOfMordiggian":49,"Dota2Spire:DrumOfEndurance":26,"downfall:HeartBlessingGreen":30,"Juzu Bracelet":48,"EVO:Axolotl":0,"Whetstone":45,"Smiling Mask":20,"aspiration:RitualStick":21,"conspire:TopHat":36,"Blood Vial":4,"conspire:GlowingRock":9,"reliquary:HotPoker":32,"Dota2Spire:CrimsonGuard":41,"downfall:HeartBlessingBlue":30,"Pantograph":11,"CCEMRelics:DissonantTune":28,"MealTicket":15,"LugNut":44,"conspire:Dentures":53,"downfall:HeartBlessingRed":13,"Dota2Spire:BlackKingBar":14,"Happy Flower":31,"qcfpunch:Black_Training_Shirt":7,"Oddly Smooth Stone":52,"Pen Nib":2,"hubris:HollowSoul":17,"Frozen Egg 2":37,"White Beast Statue":6,"bronze:BronzeIdol":43,"bronze:BottledCode":3,"reliquary:ExpiredCoupon":23,"infinitespire:WardingShard":25,"Bird Faced Urn":5,"hubris:PeanutButter":42,"hubris:ToyBattleship":27,"aspiration:HatOfInfinitePower":19,"infinitespire:Midas Blood":5},{"aspiration:Lifesprig":23,"bronze:BronzeCore":0,"Tiny House":21,"RetroEgg":4,"Dota2Spire:ArmletOfMordiggian":29,"Dota2Spire:DrumOfEndurance":16,"downfall:HeartBlessingGreen":18,"Juzu Bracelet":28,"EVO:Axolotl":0,"Whetstone":27,"Smiling Mask":12,"aspiration:RitualStick":12,"conspire:TopHat":22,"Blood Vial":2,"conspire:GlowingRock":5,"reliquary:HotPoker":20,"Dota2Spire:CrimsonGuard":24,"downfall:HeartBlessingBlue":18,"Pantograph":6,"CCEMRelics:DissonantTune":18,"MealTicket":9,"LugNut":26,"conspire:Dentures":31,"downfall:HeartBlessingRed":7,"Dota2Spire:BlackKingBar":8,"Happy Flower":19,"qcfpunch:Black_Training_Shirt":3,"Oddly Smooth Stone":31,"Pen Nib":1,"hubris:HollowSoul":10,"Frozen Egg 2":23,"White Beast Statue":3,"bronze:BronzeIdol":26,"bronze:BottledCode":1,"reliquary:ExpiredCoupon":14,"infinitespire:WardingShard":15,"Bird Faced Urn":2,"hubris:PeanutButter":25,"hubris:ToyBattleship":17,"aspiration:HatOfInfinitePower":11,"infinitespire:Midas Blood":2},{"aspiration:Lifesprig":71,"bronze:BronzeCore":0,"Tiny House":65,"RetroEgg":9,"Dota2Spire:ArmletOfMordiggian":82,"Dota2Spire:DrumOfEndurance":51,"downfall:HeartBlessingGreen":54,"Juzu Bracelet":81,"EVO:Axolotl":0,"Whetstone":76,"Smiling Mask":32,"aspiration:RitualStick":32,"conspire:TopHat":68,"Blood Vial":3,"conspire:GlowingRock":12,"reliquary:HotPoker":58,"Dota2Spire:CrimsonGuard":72,"downfall:HeartBlessingBlue":54,"Pantograph":15,"CCEMRelics:DissonantTune":54,"MealTicket":23,"LugNut":75,"conspire:Dentures":94,"downfall:HeartBlessingRed":19,"Dota2Spire:BlackKingBar":21,"Happy Flower":55,"qcfpunch:Black_Training_Shirt":7,"Oddly Smooth Stone":94,"Pen Nib":2,"hubris:HollowSoul":27,"Frozen Egg 2":71,"White Beast Statue":7,"bronze:BronzeIdol":75,"bronze:BottledCode":2,"reliquary:ExpiredCoupon":43,"infinitespire:WardingShard":48,"Bird Faced Urn":3,"hubris:PeanutButter":73,"hubris:ToyBattleship":53,"aspiration:HatOfInfinitePower":30,"infinitespire:Midas Blood":3}],"aspiration:RitualStick":[0]},"card_choices":[{"not_picked":["bronze:Iterate","bronze:BuggyMess"],"picked":"bronze:Invalidate","floor":0},{"not_picked":["bronze:BuggyMess","bronze:Shield"],"picked":"bronze:Boost","floor":0},{"not_picked":["bronze:Overheat","bronze:DelayedGuard"],"picked":"bronze:Flail","floor":0},{"not_picked":["bronze:WildBeam","bronze:Turbo"],"picked":"bronze:ClassDefault","floor":0},{"not_picked":["bronze:Shield","bronze:CutThrough"],"picked":"bronze:Overheat","floor":0},{"not_picked":["bronze:OilSpill","bronze:Invalidate"],"picked":"bronze:DigitalCarnage","floor":0},{"not_picked":["bronze:DigitalCarnage","bronze:CutThrough"],"picked":"bronze:DelayedGuard","floor":0},{"not_picked":["bronze:Invalidate","bronze:Turbo"],"picked":"bronze:ItsAFeature","floor":0},{"not_picked":["bronze:OilSpill","bronze:GetLatest"],"picked":"bronze:Safeguard","floor":0},{"not_picked":["bronze:Repulsor","bronze:Constructor"],"picked":"bronze:Flail","floor":0},{"not_picked":["bronze:Invalidate","bronze:Frontload"],"picked":"bronze:ChosenStrike","floor":0},{"not_picked":["bronze:CloningBeam","bronze:GetLatest"],"picked":"bronze:DelayedSlice","floor":0},{"not_picked":["bronze:FineTuning","bronze:Backtrace"],"picked":"bronze:Branch","floor":0},{"not_picked":["bronze:DelayedSlice","bronze:Branch"],"picked":"bronze:Optimize","floor":0},{"not_picked":["bronze:WildBeam","bronze:Shell"],"picked":"bronze:Frontload","floor":0},{"not_picked":["bronze:DigitalCarnage","bronze:BugBarrage","bronze:DelayedSlice"],"picked":"SKIP","floor":6},{"not_picked":["bronze:HyperBeam","bronze:Safeguard"],"picked":"bronze:Constructor","floor":11},{"not_picked":["bronze:Iterate","bronze:Separator","bronze:Frontload"],"picked":"SKIP","floor":12},{"not_picked":["bronze:Iterate","bronze:Branch","bronze:DigitalCarnage"],"picked":"SKIP","floor":14},{"not_picked":["bronze:AlphaBuild","bronze:Verify"],"picked":"bronze:SpaghettiCode","floor":16},{"not_picked":["bronze:Shield","bronze:Backtrace"],"picked":"bronze:FollowUp+1","floor":22},{"not_picked":["bronze:Refactor","bronze:Return"],"picked":"bronze:Repulsor+1","floor":23},{"not_picked":["bronze:Frontload","bronze:DelayedGuard","bronze:Flail"],"picked":"SKIP","floor":25},{"not_picked":["bronze:FollowUp","bronze:BugBarrage"],"picked":"bronze:Shell","floor":31},{"not_picked":["bronze:AlphaBuild","bronze:FindAndReplace"],"picked":"bronze:Verify","floor":33},{"not_picked":["bronze:Separator+1","bronze:ForceShield"],"picked":"bronze:ClassDefault+1","floor":37},{"not_picked":["bronze:Invalidate+1","bronze:Turbo","bronze:BuggyMess"],"picked":"SKIP","floor":52}],"player_experience":608081,"relics_obtained":[{"floor":2,"key":"Pen Nib"},{"floor":4,"key":"Blood Vial"},{"floor":6,"key":"White Beast Statue"},{"floor":7,"key":"qcfpunch:Black_Training_Shirt"},{"floor":8,"key":"RetroEgg"},{"floor":9,"key":"conspire:GlowingRock"},{"floor":11,"key":"Pantograph"},{"floor":14,"key":"Dota2Spire:BlackKingBar"},{"floor":15,"key":"MealTicket"},{"floor":19,"key":"aspiration:HatOfInfinitePower"},{"floor":20,"key":"Smiling Mask"},{"floor":23,"key":"reliquary:ExpiredCoupon"},{"floor":25,"key":"infinitespire:WardingShard"},{"floor":26,"key":"Dota2Spire:DrumOfEndurance"},{"floor":27,"key":"hubris:ToyBattleship"},{"floor":28,"key":"CCEMRelics:DissonantTune"},{"floor":31,"key":"Happy Flower"},{"floor":32,"key":"reliquary:HotPoker"},{"floor":36,"key":"conspire:TopHat"},{"floor":41,"key":"Dota2Spire:CrimsonGuard"},{"floor":42,"key":"hubris:PeanutButter"},{"floor":43,"key":"bronze:BronzeIdol"},{"floor":45,"key":"Whetstone"},{"floor":48,"key":"Juzu Bracelet"},{"floor":49,"key":"Dota2Spire:ArmletOfMordiggian"},{"floor":52,"key":"Oddly Smooth Stone"}],"event_choices":[{"damage_healed":0,"gold_gain":1,"player_choice":"Relic Relic ","damage_taken":6,"max_hp_gain":0,"max_hp_loss":0,"event_name":"betterThird:BetterScrap","floor":5,"gold_loss":0,"cards_obtained":["Nirvana"]},{"cards_removed":["bronze:DelayedGuard"],"damage_healed":0,"gold_gain":0,"player_choice":"Removed Skill","damage_taken":0,"max_hp_gain":0,"max_hp_loss":0,"event_name":"Falling","floor":46,"gold_loss":0}],"is_beta":false,"boss_relics":[{"not_picked":["Runic Dome","hubris:CrackedHourglass"],"picked":"hubris:HollowSoul"},{"not_picked":["hubris:Stopwatch","CCEMRelics:DefectiveTurbocharger"],"picked":"Tiny House"}],"items_purged_floors":[22,37,53],"is_endless":false,"potions_floor_spawned":[4,8,9,11,12,14,15,16,19,20,22,23,25,26,27,28,31,32,33,36,37,38,42,43,45,48,49,52],"ascension_level":1}}