{"host":"a1eatafr7pisesky","time":1611763608,"event":{"mods":["AchievementEnabler","BaseMod","Colored Map","Keyboard Shortcuts","Minty Spire (QoL Compilation)","Say the Spire","StSLib","SuperFastMode","everything is the same but u backflip on backflip"],"gold_per_floor":[109,109,123,298,153,179,193,207,207,238,248,280,297,330,330,431,481,494,511,245,245,12,40,40,56,81,21,35,35,35,61,61,165,165,177,177,190,208,23,51,51,77,77,77,111,1,1,1,1,1,1,1,1,30,30,30],"floor_reached":55,"language":"KOR","playtime":1436,"items_purged":["Doubt","Defend_P","Defend_P+1","Strike_P"],"score":1464,"play_id":"2cc07ca5-13ae-47bf-aaa3-c4e2f0df1f27","local_time":"20210128010648","is_ascension_mode":true,"campfire_choices":[{"data":"Eruption","floor":15.0,"key":"SMITH"},{"data":"Master of Strategy","floor":29.0,"key":"SMITH"},{"data":"Master of Strategy","floor":32.0,"key":"SMITH"},{"data":"FlurryOfBlows","floor":44.0,"key":"SMITH"},{"floor":49.0,"key":"RECALL"},{"data":"MentalFortress","floor":52.0,"key":"SMITH"}],"circlet_count":0,"master_deck":["AscendersBane","Strike_P","Defend_P+1","Eruption+1","Vigilance+1","FlurryOfBlows+1","BowlingBash","FearNoEvil","FlurryOfBlows+1","EmptyFist+1","Meditate","Master of Strategy+1","MentalFortress+1","InnerPeace+1","Master of Strategy+1","MentalFortress+1","Blasphemy","EmptyBody"],"relics":["PureWater","NeowsBlessing","Molten Egg 2","Shuriken","Matryoshka","Bottled Flame","Blood Vial","Tiny House","Meat on the Bone","Membership Card","HornCleat","Juzu Bracelet","Lantern","Bird Faced Urn","Black Star","Ornamental Fan","The Courier","Ginger","Calipers","Smiling Mask","Letter Opener","Dream Catcher","MealTicket","TheAbacus","Bag of Preparation","Eternal Feather"],"acts_visited":["Exordium","TheCity","TheBeyond","TheEnding"],"potions_floor_usage":[],"damage_taken":[{"damage":0.0,"enemies":"Cultist","floor":1.0,"turns":1.0},{"damage":0.0,"enemies":"Small Slimes","floor":3.0,"turns":1.0},{"damage":0.0,"enemies":"3 Sentries","floor":6.0,"turns":1.0},{"damage":0.0,"enemies":"Jaw Worm","floor":7.0,"turns":2.0},{"damage":0.0,"enemies":"2 Fungi Beasts","floor":8.0,"turns":2.0},{"damage":17.0,"enemies":"Lagavulin","floor":10.0,"turns":5.0},{"damage":15.0,"enemies":"Red Slaver","floor":11.0,"turns":5.0},{"damage":5.0,"enemies":"3 Sentries","floor":12.0,"turns":4.0},{"damage":0.0,"enemies":"Looter","floor":13.0,"turns":1.0},{"damage":0.0,"enemies":"Gremlin Nob","floor":14.0,"turns":3.0},{"damage":10.0,"enemies":"Hexaghost","floor":16.0,"turns":7.0},{"damage":16.0,"enemies":"Shell Parasite","floor":18.0,"turns":4.0},{"damage":0.0,"enemies":"3 Byrds","floor":19.0,"turns":3.0},{"damage":27.0,"enemies":"Book of Stabbing","floor":23.0,"turns":3.0},{"damage":6.0,"enemies":"Cultist and Chosen","floor":25.0,"turns":4.0},{"damage":26.0,"enemies":"Snecko","floor":28.0,"turns":5.0},{"damage":3.0,"enemies":"Slavers","floor":31.0,"turns":4.0},{"damage":18.0,"enemies":"Collector","floor":33.0,"turns":6.0},{"damage":17.0,"enemies":"3 Shapes","floor":35.0,"turns":4.0},{"damage":0.0,"enemies":"Orb Walker","floor":37.0,"turns":1.0},{"damage":7.0,"enemies":"Maw","floor":38.0,"turns":6.0},{"damage":22.0,"enemies":"Nemesis","floor":40.0,"turns":5.0},{"damage":0.0,"enemies":"Giant Head","floor":42.0,"turns":5.0},{"damage":47.0,"enemies":"Reptomancer","floor":45.0,"turns":7.0},{"damage":0.0,"enemies":"Time Eater","floor":50.0,"turns":8.0},{"damage":26.0,"enemies":"Shield and Spear","floor":54.0,"turns":5.0},{"damage":86,"enemies":"The Heart","floor":55,"turns":8}],"seed_played":"3974706782830847627","potions_obtained":[{"floor":1.0,"key":"ColorlessPotion"},{"floor":11.0,"key":"ColorlessPotion"},{"floor":12.0,"key":"Block Potion"},{"floor":13.0,"key":"Fruit Juice"},{"floor":14.0,"key":"EssenceOfSteel"},{"floor":17.0,"key":"SneckoOil"},{"floor":23.0,"key":"Fruit Juice"},{"floor":31.0,"key":"StancePotion"},{"floor":33.0,"key":"Swift Potion"},{"floor":35.0,"key":"Dexterity Potion"},{"floor":47.0,"key":"Fruit Juice"},{"floor":47.0,"key":"SpeedPotion"}],"is_trial":false,"path_per_floor":["M","?","M","?","$","E","M","M","T","E","M","E","M","E","R","B",null,"M","M","$","?","$","E","?","M","T","?","M","R","?","E","R","B",null,"M","?","M","M","$","E","?","E","T","R","E","$","?","?","R","B",null,"R","$","E","B"],"character_chosen":"WATCHER","items_purchased":["FearNoEvil","Master of Strategy","Membership Card","MentalFortress","Fruit Juice","Ornamental Fan","TheAbacus"],"campfire_rested":0,"item_purchase_floors":[5,20,22,22,22,39,46],"current_hp_per_floor":[65,51,51,51,51,51,51,51,51,34,19,14,19,19,19,11,66,52,54,54,54,59,46,46,54,54,54,42,42,42,58,58,58,84,73,73,75,74,74,58,58,64,64,64,35,50,55,55,55,61,84,84,92,66,0,0],"gold":30,"neow_bonus":"THREE_ENEMY_KILL","is_daily":false,"chose_seed":false,"campfire_upgraded":5,"win_rate":0.0,"timestamp":1611763608,"path_taken":["M","?","M","?","$","E","M","M","T","E","M","E","M","E","R","BOSS","M","M","$","?","$","E","?","?","T","?","M","R","?","E","R","BOSS","M","?","M","M","$","E","?","E","T","R","E","$","?","?","R","BOSS","R","$","E","BOSS"],"items_purchased_type":["Card","Card","Relic","Card","Potion","Relic","Relic"],"build_version":"2020-12-22","purchased_purges":4,"victory":false,"max_hp_per_floor":[72,72,72,72,72,72,72,72,72,72,72,72,77,77,77,77,82,82,82,82,82,87,87,87,87,87,87,87,87,87,92,92,92,92,92,92,92,92,92,92,87,87,87,87,87,87,92,92,92,92,92,92,92,92,92,92],"card_choices":[{"not_picked":["Wallop","FollowUp"],"picked":"FlurryOfBlows","floor":1.0},{"not_picked":["EmptyFist","Consecrate"],"picked":"BowlingBash","floor":3.0},{"not_picked":["Worship","Wireheading","LikeWater"],"picked":"SKIP","floor":6.0},{"not_picked":["Halt","ThirdEye"],"picked":"FlurryOfBlows+1","floor":7.0},{"not_picked":["FlyingSleeves+1","Study"],"picked":"EmptyFist+1","floor":8.0},{"not_picked":["BowlingBash+1","Evaluate","Collect"],"picked":"SKIP","floor":10.0},{"not_picked":["Devotion","Consecrate+1","Prostrate"],"picked":"SKIP","floor":11.0},{"not_picked":["Prostrate","FollowUp+1","Evaluate"],"picked":"SKIP","floor":12.0},{"not_picked":["CutThroughFate+1","BattleHymn","ReachHeaven+1"],"picked":"SKIP","floor":13.0},{"not_picked":["Crescendo","Swivel"],"picked":"Meditate","floor":14.0},{"not_picked":["JustLucky+1","ForeignInfluence+1","FollowUp+1"],"picked":"SKIP","floor":18.0},{"not_picked":["ThirdEye+1","SashWhip+1","Consecrate+1"],"picked":"SKIP","floor":19.0},{"not_picked":["Prostrate","SashWhip+1"],"picked":"InnerPeace+1","floor":23.0},{"not_picked":["CarveReality+1","SignatureMove+1","Crescendo"],"picked":"SKIP","floor":25.0},{"not_picked":["ThirdEye+1","Prostrate"],"picked":"MentalFortress+1","floor":28.0},{"not_picked":["Perseverance","BowlingBash+1","Fasting2"],"picked":"SKIP","floor":31.0},{"not_picked":["EmptyFist+1","Fasting2+1","Consecrate+1"],"picked":"SKIP","floor":35.0},{"not_picked":["FlyingSleeves+1","Prostrate","EmptyFist+1"],"picked":"SKIP","floor":37.0},{"not_picked":["EmptyFist+1","ThirdEye","LikeWater+1"],"picked":"SKIP","floor":38.0},{"not_picked":["Collect","EmptyBody+1","ReachHeaven+1"],"picked":"SKIP","floor":40.0},{"not_picked":["Crescendo+1","CrushJoints+1","DevaForm"],"picked":"SKIP","floor":42.0},{"not_picked":["Evaluate","Pray+1","Perseverance+1"],"picked":"SKIP","floor":45.0},{"not_picked":["SignatureMove+1","PathToVictory+1"],"picked":"EmptyBody","floor":54.0}],"player_experience":368010,"relics_obtained":[{"floor":6.0,"key":"Molten Egg 2"},{"floor":9.0,"key":"Shuriken"},{"floor":10.0,"key":"Matryoshka"},{"floor":12.0,"key":"Bottled Flame"},{"floor":14.0,"key":"Blood Vial"},{"floor":23.0,"key":"HornCleat"},{"floor":26.0,"key":"Juzu Bracelet"},{"floor":26.0,"key":"Lantern"},{"floor":31.0,"key":"Bird Faced Urn"},{"floor":40.0,"key":"The Courier"},{"floor":40.0,"key":"Ginger"},{"floor":42.0,"key":"Calipers"},{"floor":42.0,"key":"Smiling Mask"},{"floor":43.0,"key":"Letter Opener"},{"floor":45.0,"key":"Dream Catcher"},{"floor":45.0,"key":"MealTicket"},{"floor":54.0,"key":"Bag of Preparation"},{"floor":54.0,"key":"Eternal Feather"}],"event_choices":[{"damage_healed":0.0,"max_hp_gain":0.0,"max_hp_loss":0.0,"gold_gain":0.0,"event_name":"Shining Light","player_choice":"Entered Light","floor":2.0,"gold_loss":0.0,"damage_taken":14.0,"cards_upgraded":["Defend_P","Vigilance"]},{"damage_healed":0.0,"max_hp_gain":0.0,"max_hp_loss":0.0,"gold_gain":175.0,"event_name":"Liars Game","player_choice":"AGREE","floor":4.0,"gold_loss":0.0,"damage_taken":0.0,"cards_obtained":["Doubt"]},{"damage_healed":0.0,"max_hp_gain":0.0,"max_hp_loss":0.0,"gold_gain":0.0,"event_name":"The Mausoleum","player_choice":"Opened","floor":21.0,"gold_loss":0.0,"damage_taken":0.0,"relics_obtained":["Meat on the Bone"]},{"damage_healed":0.0,"max_hp_gain":0.0,"max_hp_loss":0.0,"gold_gain":0.0,"event_name":"Duplicator","player_choice":"Copied","floor":24.0,"gold_loss":0.0,"damage_taken":0.0,"cards_obtained":["Master of Strategy"]},{"cards_removed":["Defend_P"],"damage_healed":0.0,"max_hp_gain":0.0,"max_hp_loss":0.0,"gold_gain":0.0,"event_name":"Designer","player_choice":"Single Remove","floor":27.0,"gold_loss":60.0,"damage_taken":0.0},{"cards_removed":["Strike_P"],"damage_healed":0.0,"max_hp_gain":0.0,"max_hp_loss":0.0,"gold_gain":0.0,"event_name":"Falling","player_choice":"Removed Attack","floor":36.0,"gold_loss":0.0,"damage_taken":0.0},{"damage_healed":0.0,"max_hp_gain":0.0,"max_hp_loss":5.0,"gold_gain":0.0,"event_name":"Winding Halls","player_choice":"Max HP","floor":41.0,"gold_loss":0.0,"damage_taken":0.0},{"damage_healed":0.0,"max_hp_gain":0.0,"max_hp_loss":0.0,"gold_gain":0.0,"event_name":"Lab","player_choice":"Got Potions","floor":47.0,"gold_loss":0.0,"damage_taken":0.0},{"damage_healed":0.0,"max_hp_gain":0.0,"max_hp_loss":0.0,"gold_gain":0.0,"cards_transformed":["Strike_P"],"event_name":"Transmorgrifier","player_choice":"Transformed","floor":48.0,"gold_loss":0.0,"damage_taken":0.0,"cards_obtained":["Blasphemy"]}],"is_beta":false,"boss_relics":[{"not_picked":["HolyWater","Pandora\u0027s Box"],"picked":"Tiny House"},{"not_picked":["Calling Bell","Snecko Eye"],"picked":"Black Star"}],"items_purged_floors":[5,20,39,46],"is_endless":false,"potions_floor_spawned":[1,11,12,13,14,23,25,31,33,35,38],"killed_by":"The Heart","ascension_level":11}}