{"host":"lq2h7q9ca6uwu60x","time":1611727693,"event":{"mods":["Act Like it!","BaseMod","Gensokyo","Koishi","Marisa£®ÏF”Í°°ƒß¿Ì…≥£©","Minty Spire (QoL Compilation)","StSLib","Youmu£®ªÍ∆«—˝√Œ£©"],"gold_per_floor":[113,113,38,38,56,90,110,135,159,89,189,189,200,200,200,301,301,316,316,70,4,24,58,0,13,92,392,392],"floor_reached":27,"language":"ZHS","playtime":1140,"items_purged":["Koishi:BasicStrike"],"score":309,"play_id":"680fa31b-99bf-432a-a69f-bee0c1d5a6a1","local_time":"20210127140813","is_ascension_mode":true,"campfire_choices":[{"data":"Koishi:FadingMemory","floor":12,"key":"SMITH"},{"data":"Koishi:MindNumbingTerror","floor":15,"key":"SMITH"}],"circlet_count":0,"master_deck":["Koishi:BasicStrike","Koishi:BasicStrike","Koishi:BasicStrike","Koishi:BasicDefend+1","Koishi:BasicDefend","Koishi:BasicDefend+1","Koishi:BasicDefend+1","Koishi:Provoke","Koishi:HauntingSlash","Injury","Clumsy","Koishi:FadingMemory+1","Koishi:MindNumbingTerror+1","Koishi:RacingHeart+1","Koishi:GrowingPain+1","CurseOfTheBell","Koishi:RuptureMind+1"],"relics":["Koishi:ImaginaryFriend","NeowsBlessing","Pen Nib","Gensokyo:NagashiBinaDoll","Orichalcum","Molten Egg 2","Potion Belt","Happy Flower","Calling Bell","Art of War","The Courier","Unceasing Top","Gensokyo:MosesMiracle","Tiny Chest","Koishi:BloodstainedWhiteRose","StrikeDummy","Blood Vial","Koishi:LettersToReimu"],"acts_visited":["Exordium","Gensokyo:Gensokyo"],"potions_floor_usage":[8,16,25],"damage_taken":[{"damage":0,"enemies":"Gensokyo:Python","floor":1,"turns":1},{"damage":0,"enemies":"Gensokyo:Gryphon","floor":5,"turns":1},{"damage":0,"enemies":"Gensokyo:Cirno","floor":6,"turns":2},{"damage":2,"enemies":"Gensokyo:3_Fairies","floor":7,"turns":3},{"damage":10,"enemies":"Gensokyo:Aya","floor":8,"turns":5},{"damage":10,"enemies":"Gensokyo:VengefulSpirit","floor":13,"turns":4},{"damage":2,"enemies":"Gensokyo:Reimu","floor":16,"turns":8},{"damage":12,"enemies":"Gensokyo:2_Gloops","floor":18,"turns":6},{"damage":6,"enemies":"Gensokyo:Chomper","floor":22,"turns":4},{"damage":38,"enemies":"Gensokyo:Tenshi","floor":23,"turns":6},{"damage":6,"enemies":"Gensokyo:Swordslinger","floor":25,"turns":4},{"damage":32,"enemies":"Gensokyo:Reisen","floor":27,"turns":4}],"seed_played":"2202838553152465118","potions_obtained":[{"floor":7,"key":"BlessingOfTheForge"},{"floor":13,"key":"Energy Potion"},{"floor":16,"key":"LiquidMemories"},{"floor":18,"key":"BlessingOfTheForge"}],"is_trial":false,"path_per_floor":["M","?","$","?","M","E","M","E","T","?","?","R","M","?","R","B",null,"M","?","$","COS","M","E","?","M","T","E"],"character_chosen":"KOISHI","items_purchased":["Tiny Chest","Koishi:BloodstainedWhiteRose"],"campfire_rested":0,"item_purchase_floors":[20,20],"current_hp_per_floor":[60,60,60,60,60,60,58,51,51,51,51,51,46,46,46,59,60,52,52,52,52,56,33,33,37,37,7,7],"gold":392,"neow_bonus":"THREE_ENEMY_KILL","is_daily":false,"chose_seed":false,"campfire_upgraded":2,"win_rate":0.0,"timestamp":1611727693,"path_taken":["M","?","$","?","M","E","M","E","T","?","?","R","M","?","R","BOSS","M","?","?","COS","M","E","?","M","T","E"],"items_purchased_type":["Relic","Relic"],"build_version":"2020-12-22","purchased_purges":1,"victory":false,"max_hp_per_floor":[60,60,60,60,60,60,60,60,60,60,60,60,60,60,60,60,60,60,60,60,60,60,60,60,60,60,60,60],"card_choices":[{"not_picked":["Koishi:DreadfulBlow","Koishi:SpiritedAway","Koishi:Jaunt"],"picked":"SKIP","floor":1},{"not_picked":["Koishi:SpiritedAway","Koishi:JumpScare"],"picked":"Koishi:FadingMemory","floor":5},{"not_picked":["Koishi:PhantomStrike","Koishi:FidgetySnatcher"],"picked":"Koishi:MindNumbingTerror","floor":6},{"not_picked":["Koishi:EmbryosDream","Koishi:StingingMind","Koishi:SubconsciousSweep"],"picked":"SKIP","floor":7},{"not_picked":["Koishi:UnconsciousUprising","Koishi:PhantomBarrier"],"picked":"Koishi:RacingHeart+1","floor":8},{"not_picked":["Koishi:CatchAndRose","Koishi:DreadfulBlow+1"],"picked":"Koishi:YoukaiPolygraph+1","floor":13},{"not_picked":["Koishi:ConditionedTeleport","Koishi:FormlessExistence"],"picked":"Koishi:GrowingPain+1","floor":16},{"not_picked":["Koishi:MindNumbingTerror+1","Koishi:FleetingPhantom","Koishi:SpiritedAway+1"],"picked":"SKIP","floor":18},{"not_picked":["Koishi:SubconsciousSweep+1","Koishi:MindNumbingTerror+1","Koishi:CatchAndRose"],"picked":"SKIP","floor":22},{"not_picked":["Koishi:SubconsciousSweep+1","Koishi:MindNumbingTerror+1","Koishi:CatchAndRose"],"picked":"SKIP","floor":22},{"not_picked":["Koishi:StingingMind+1","Koishi:ApparitionsStalkTheNight+1"],"picked":"Koishi:RuptureMind+1","floor":23},{"not_picked":["Koishi:SubconsciousSweep+1","Koishi:UnconsciousUrges","Koishi:PhantomStrike+1"],"picked":"SKIP","floor":25}],"player_experience":938602,"relics_obtained":[{"floor":6,"key":"Orichalcum"},{"floor":8,"key":"Molten Egg 2"},{"floor":9,"key":"Potion Belt"},{"floor":17,"key":"Art of War"},{"floor":17,"key":"The Courier"},{"floor":17,"key":"Unceasing Top"},{"floor":23,"key":"StrikeDummy"},{"floor":25,"key":"Gensokyo:MosesMiracle"},{"floor":26,"key":"Koishi:LettersToReimu"}],"event_choices":[],"is_beta":false,"boss_relics":[{"not_picked":["Runic Dome","Velvet Choker"],"picked":"Calling Bell"}],"items_purged_floors":[3],"is_endless":false,"potions_floor_spawned":[7,13,16,18],"killed_by":"Gensokyo:Reisen","ascension_level":4}}