{"host":"emut9mh212kd9b86","time":1611761849,"event":{"mods":["ATMod(°¢èªMod)","Act Like it!","Arknights The Spire","BaseMod","Lobotomy","Minty Spire (QoL Compilation)","MostiFishMod","Shop Mod","Spicy Shops","StSLib","TestMod","¡¾ÒÅÎï¿¨ÅÆ¡¿REMEMod"],"gold_per_floor":[119,119,133,153,171,200,216,249,249,249,249],"floor_reached":10,"language":"ZHS","playtime":387,"items_purged":[],"score":125,"play_id":"457b20eb-50bc-4c57-bc5b-4e3cbf88302f","local_time":"20210127233729","is_ascension_mode":true,"campfire_choices":[],"circlet_count":0,"master_deck":["ats:Strike C","ats:Strike G","ats:Strike S","ats:Strike V","ats:Armor Crushing Shot","ats:Defend","ats:Defend","ats:Defend","ats:Defend","ats:Emotion Absorption","Indignation","AT_DrawKnifeCut","ats:Soul Absorption","ats:Red Shift"],"relics":["ats:Sanity","testmod-TestBox","DaveBox","AT_ATBox","REME_ComplimentaryCards","Civilization","testmod-PortableAltar","CogitoBucket","SynthV:TestCard","ThornShield","ats:Originium","testmod-InfectionSource","FleshIdol","Singing Bowl","AT_SilvercatRing"],"acts_visited":["Exordium"],"potions_floor_usage":[10,10],"damage_taken":[{"damage":10,"enemies":"Jaw Worm","floor":1,"turns":3},{"damage":3,"enemies":"Cultist","floor":3,"turns":3},{"damage":1,"enemies":"Small Slimes","floor":4,"turns":1},{"damage":1,"enemies":"2 Fungi Beasts","floor":5,"turns":2},{"damage":11,"enemies":"Lagavulin","floor":6,"turns":4},{"damage":31,"enemies":"Blue Slaver","floor":7,"turns":3},{"damage":33,"enemies":"Gremlin Nob","floor":8,"turns":2},{"damage":20,"enemies":"3 Sentries","floor":10,"turns":2}],"seed_played":"-2101438417097626378","potions_obtained":[{"floor":1,"key":"AttackPotion"},{"floor":7,"key":"SteroidPotion"},{"floor":8,"key":"AttackPotion"}],"is_trial":false,"path_per_floor":["M","?","M","M","M","E","M","E","T","E"],"character_chosen":"DOCTOR_CLASS","items_purchased":[],"campfire_rested":0,"item_purchase_floors":[],"current_hp_per_floor":[62,62,61,64,68,62,36,10,10,0,0],"gold":249,"neow_bonus":"","is_daily":false,"chose_seed":false,"campfire_upgraded":0,"win_rate":0.0,"timestamp":1611761849,"path_taken":["M","?","?","M","M","E","M","E","T","E"],"items_purchased_type":[],"build_version":"2020-12-22","purchased_purges":0,"victory":false,"max_hp_per_floor":[72,71,72,75,79,83,87,93,92,91,91],"card_choices":[{"not_picked":["ats:Ignite","ats:Consecutive Shot Auto","ats:Charging Defense"],"picked":"SKIP","floor":1},{"not_picked":["ats:Consecutive Shot Auto","ats:Song Of Battle","ats:Ignite","ats:Flexible Camouflage","ats:Powerful Strike"],"picked":"SKIP","floor":3},{"not_picked":["ats:Very Hot Blade","ats:Assault Order","ats:Literary Storm","ats:Poison Spread","ats:Absolute Focus"],"picked":"SKIP","floor":4},{"not_picked":["ats:Charging Defense","ats:Absolute Focus","ats:Hook Shot","ats:Guardian Obelisk"],"picked":"ats:Soul Absorption","floor":5},{"not_picked":["ats:Curse Doll","ats:Absolute Focus","ats:Part Time Job","ats:Chain Hook","ats:Mental Burst"],"picked":"SKIP","floor":6},{"not_picked":["ats:Serious Mode","ats:Guardian Obelisk","ats:Counter Healing Mode","ats:Explosion Area Strengthen"],"picked":"ats:Red Shift","floor":7},{"not_picked":["ShyLook","Wellcheers","FairyFestival"],"picked":"Singing Bowl","floor":8},{"not_picked":["ats:Neurotoxin","ats:Shell Defense","ats:Charging Defense","ats:Powerful Strike","ats:Thermite Blade"],"picked":"Singing Bowl","floor":8}],"player_experience":332647,"relics_obtained":[{"floor":1,"key":"SynthV:TestCard"},{"floor":2,"key":"ThornShield"},{"floor":6,"key":"ats:Originium"},{"floor":6,"key":"testmod-InfectionSource"},{"floor":8,"key":"ats:Originium"},{"floor":8,"key":"Singing Bowl"},{"floor":9,"key":"AT_SilvercatRing"}],"event_choices":[{"damage_healed":0,"gold_gain":0,"player_choice":"Relic","damage_taken":0,"max_hp_gain":0,"max_hp_loss":0,"event_name":"Wheel of Change","floor":2,"gold_loss":0}],"is_beta":false,"boss_relics":[],"items_purged_floors":[],"is_endless":false,"potions_floor_spawned":[1,7,8],"killed_by":"3 Sentries","ascension_level":5}}