{"host":"pn0n58vrtcysp2am","time":1611762471,"event":{"mods":["100% Spire Juice","ATMod(∞¢Ë™Mod)","Act Like it!","Arknights The Spire","BaseMod","CapriCore","Friendly Minions","Minty Spire (QoL Compilation)","READ ME - Guardian Mod","Remilia£®¿Ÿ√◊¿Ú—«£©","StSLib","The Immortal","Waifu the Spire","WarShipGirlsR/’ΩΩ¢…Ÿ≈ÆR mod","Youmu£®ªÍ∆«—˝√Œ£©","°æ“≈ŒÔø®≈∆°øREMEMod"],"gold_per_floor":[116,131,149,160,13,13,25,41,92,18,30,41,41,41,41,146,26,37,37,52,65,77,77,95,95,147,27,27,27,27,27],"floor_reached":30,"language":"ZHS","playtime":1317,"items_purged":["Moonworks:RagingMadness"],"score":226,"play_id":"2034f6a3-3f98-4415-9b54-7fd383b03e4c","local_time":"20210127234751","is_ascension_mode":false,"campfire_choices":[{"data":"Moonworks:Encore","floor":6.0,"key":"SMITH"},{"data":"AT_CaressingTears","floor":15.0,"key":"SMITH"},{"data":"Moonworks:SinkOrSwim","floor":23,"key":"SMITH"},{"data":"Moonworks:x16BigRocket","floor":29,"key":"SMITH"}],"circlet_count":0,"master_deck":["Moonworks:Strike","Moonworks:Strike","Moonworks:Defend","Moonworks:Defend","Moonworks:Ambush","Moonworks:LongDistanceShot","AT_CaressingTears+1","Moonworks:AccelHyper","Moonworks:Encore+1","Moonworks:EvilSpyWorkPreparation","Moonworks:SakisCookie","Moonworks:SakisCookie","Moonworks:NicePresent","Moonworks:ForcedRevival","Moonworks:Flamethrower","Moonworks:MiracleRedBeanIceCream","Moonworks:LulusLuckyEgg","Moonworks:EvilSpyWorkPreparation","Moonworks:CrystalBarrier","Moonworks:x16BigRocket+1","Moonworks:SinkOrSwim+1","Moonworks:LulusLuckyEgg","Moonworks:NicePresent+1","Moonworks:MiracleRedBeanIceCream+1"],"relics":["Moonworks:BrokenBomb","Moonworks:Homemark","AT_ATBox","Oddly Smooth Stone","PreservedInsect","AT_TrinityForce","Nloth\u0027s Gift","Nunchaku"],"acts_visited":["Exordium","TheCity"],"potions_floor_usage":[21,21,24],"damage_taken":[{"damage":1.0,"enemies":"Cultist","floor":1.0,"turns":3.0},{"damage":11.0,"enemies":"Jaw Worm","floor":2.0,"turns":3.0},{"damage":7.0,"enemies":"Small Slimes","floor":3.0,"turns":4.0},{"damage":10.0,"enemies":"Exordium Thugs","floor":4.0,"turns":4.0},{"damage":2.0,"enemies":"Blue Slaver","floor":7.0,"turns":5.0},{"damage":13.0,"enemies":"Gremlin Gang","floor":8.0,"turns":3.0},{"damage":3.0,"enemies":"Looter","floor":11.0,"turns":2.0},{"damage":6.0,"enemies":"Exordium Thugs","floor":12.0,"turns":4.0},{"damage":9.0,"enemies":"Slime Boss","floor":16.0,"turns":5.0},{"damage":18.0,"enemies":"3 Byrds","floor":18.0,"turns":4.0},{"damage":23.0,"enemies":"Spheric Guardian","floor":20.0,"turns":4.0},{"damage":13,"enemies":"Chosen and Byrds","floor":21,"turns":5},{"damage":18,"enemies":"3 Cultists","floor":22,"turns":3},{"damage":21,"enemies":"Centurion and Healer","floor":24,"turns":3},{"damage":28,"enemies":"Snake Plant","floor":30,"turns":2}],"seed_played":"-3501226524567039009","potions_obtained":[{"floor":1.0,"key":"Explosive Potion"},{"floor":3.0,"key":"Explosive Potion"},{"floor":4.0,"key":"GamblersBrew"},{"floor":14.0,"key":"LiquidMemories"},{"floor":14.0,"key":"PowerPotion"},{"floor":14.0,"key":"LiquidMemories"},{"floor":22,"key":"Weak Potion"},{"floor":24,"key":"BlessingOfTheForge"}],"is_trial":false,"path_per_floor":["M","M","M","M","$","R","M","M","T","T","M","M","$","?","R","B",null,"M","?","M","M","M","R","M","?","T","$","?","R","M"],"character_chosen":"THE_STARBREAKER","items_purchased":["Moonworks:ForcedRevival"],"campfire_rested":0,"item_purchase_floors":[5],"current_hp_per_floor":[41,30,23,15,15,15,20,9,9,9,18,22,22,22,22,31,60,47,47,31,35,29,29,20,20,20,20,20,20,0,0],"gold":27,"neow_bonus":"TRANSFORM_TWO_CARDS","is_daily":false,"chose_seed":false,"campfire_upgraded":4,"win_rate":0.0,"timestamp":1611762471,"path_taken":["M","M","M","M","$","R","M","M","T","?","M","M","?","?","R","BOSS","M","?","M","M","M","R","M","?","T","?","?","R","?"],"items_purchased_type":["Card"],"build_version":"2020-12-22","purchased_purges":1,"victory":false,"max_hp_per_floor":[60,60,60,60,60,60,60,60,60,60,60,60,60,60,60,60,60,60,60,60,60,60,60,60,60,60,60,60,60,60,60],"card_choices":[{"not_picked":["Moonworks:IntelligenceOfficer","Moonworks:MixPhenomenon"],"picked":"Moonworks:EvilSpyWorkPreparation","floor":1.0},{"not_picked":["Moonworks:BigMagnum","Moonworks:DeployBits"],"picked":"Moonworks:SakisCookie","floor":2.0},{"not_picked":["Moonworks:Assault","Moonworks:ImOnFire"],"picked":"Moonworks:SakisCookie","floor":3.0},{"not_picked":["Moonworks:DeployBits","Moonworks:CloudOfSeagulls"],"picked":"Moonworks:NicePresent","floor":4.0},{"not_picked":["Moonworks:ForcedRevival","Moonworks:SealedMemories"],"picked":"Moonworks:Flamethrower","floor":7.0},{"not_picked":["Moonworks:CloudOfSeagulls","Moonworks:EvilMastermind"],"picked":"Moonworks:MiracleRedBeanIceCream","floor":8.0},{"not_picked":["Moonworks:MixPhenomenon","Moonworks:IndiscriminateFireSupport"],"picked":"Moonworks:LulusLuckyEgg","floor":11.0},{"not_picked":["Moonworks:SakisCookie","Moonworks:SelfDestruct"],"picked":"Moonworks:EvilSpyWorkPreparation","floor":12.0},{"not_picked":["Moonworks:LeapThroughSpace","Moonworks:SubspaceTunnel"],"picked":"Moonworks:CrystalBarrier","floor":16.0},{"not_picked":["Moonworks:Assault","Moonworks:ImOnFire","Moonworks:IndiscriminateFireSupport+1"],"picked":"SKIP","floor":18.0},{"not_picked":["Moonworks:BigBangBell+1","Moonworks:StiffCrystal"],"picked":"Moonworks:LulusLuckyEgg","floor":20},{"not_picked":["Moonworks:CloudOfSeagulls","Moonworks:ImOnFire"],"picked":"Moonworks:NicePresent+1","floor":21},{"not_picked":["Moonworks:Assault","Moonworks:MixPhenomenon"],"picked":"Moonworks:MiracleRedBeanIceCream+1","floor":22},{"not_picked":["Moonworks:RagingMadness+1","Moonworks:BigMagnum+1","Moonworks:Assault+1"],"picked":"SKIP","floor":24}],"player_experience":29168,"relics_obtained":[{"floor":9.0,"key":"Oddly Smooth Stone"},{"floor":10.0,"key":"PreservedInsect"},{"floor":26,"key":"Nunchaku"}],"event_choices":[{"damage_healed":0.0,"max_hp_gain":0.0,"max_hp_loss":0.0,"gold_gain":0.0,"event_name":"Lab","player_choice":"Got Potions","floor":14.0,"gold_loss":0.0,"damage_taken":0.0},{"damage_healed":0.0,"max_hp_gain":0.0,"max_hp_loss":0.0,"gold_gain":0.0,"cards_transformed":["Moonworks:Defend","Moonworks:Defend"],"event_name":"Drug Dealer","player_choice":"Became Test Subject","floor":19.0,"gold_loss":0.0,"damage_taken":0.0,"cards_obtained":["Moonworks:x16BigRocket","Moonworks:SinkOrSwim"]},{"damage_healed":0,"gold_gain":0,"player_choice":"Traded Relic","damage_taken":0,"relics_obtained":["Nloth\u0027s Gift"],"max_hp_gain":0,"max_hp_loss":0,"event_name":"N\u0027loth","floor":25,"relics_lost":["REME_ComplimentaryCards"],"gold_loss":0},{"damage_healed":0,"gold_gain":0,"player_choice":"Ignored","damage_taken":0,"max_hp_gain":0,"max_hp_loss":0,"event_name":"NoteForYourself","floor":28,"gold_loss":0}],"is_beta":false,"boss_relics":[{"not_picked":["Tiny House","Coffee Dripper"],"picked":"AT_TrinityForce"}],"items_purged_floors":[5],"is_endless":false,"potions_floor_spawned":[1,3,4,22,24],"killed_by":"Snake Plant","ascension_level":0}}