{"host":"92108ef2q9tm8rod","time":1611754903,"event":{"mods":["BaseMod","Defuse TimeMaze Blight","Minty Spire (QoL Compilation)","StSLib","The Jungle"],"gold_per_floor":[110,162,174,186,200,200,200,200,227,227,247,275,275,302,302,397,397,411,336,346,364,364,399,399,434,434,434,434,446,446,480,480,582,632,651,651,323,323,81,81,111,111,111,111,131,131,161,180,180,180],"floor_reached":51,"language":"ENG","playtime":1848,"items_purged":["BowlingBash"],"score":1099,"play_id":"8e6e2965-bfc3-426f-ab14-14ebd33dbeda","local_time":"20210127134143","daily_mods":["SealedDeck","Purple Cards","Heirloom","Flight"],"is_ascension_mode":false,"campfire_choices":[{"data":"Recycle","floor":6.0,"key":"SMITH"},{"data":"Conserve Battery","floor":7.0,"key":"SMITH"},{"data":"PathToVictory","floor":8.0,"key":"SMITH"},{"data":"PathToVictory","floor":10.0,"key":"SMITH"},{"data":"Gash","floor":15.0,"key":"SMITH"},{"data":"Protect","floor":24.0,"key":"SMITH"},{"floor":27.0,"key":"REST"},{"data":"Blizzard","floor":28.0,"key":"SMITH"},{"data":"Cold Snap","floor":30.0,"key":"SMITH"},{"data":"Protect","floor":32.0,"key":"SMITH"},{"floor":40.0,"key":"REST"},{"floor":44.0,"key":"REST"},{"floor":46.0,"key":"REST"},{"floor":49.0,"key":"REST"}],"circlet_count":0,"master_deck":["Protect+1","Recycle+1","Cold Snap+1","Blizzard+1","Protect+1","Gash+1","Conserve Battery+1","PathToVictory+1","PathToVictory+1","Loop+1"],"relics":["Cracked Core","Du-Vu Doll","Bag of Marbles","Lantern","Pantograph","Black Star","Thread and Needle","Regal Pillow","The Courier","Torii","Ancient Tea Set","Letter Opener","Ice Cream","Tiny House","Medical Kit","Mercury Hourglass","Mango","Pen Nib","Strawberry","Mummified Hand","Centennial Puzzle"],"acts_visited":["Exordium","Exordium","TheBeyond"],"potions_floor_usage":[50,50],"damage_taken":[{"damage":3.0,"enemies":"2 Louse","floor":1.0,"turns":2.0},{"damage":1.0,"enemies":"Small Slimes","floor":3.0,"turns":3.0},{"damage":0.0,"enemies":"Cultist","floor":4.0,"turns":3.0},{"damage":0.0,"enemies":"Looter","floor":5.0,"turns":3.0},{"damage":9.0,"enemies":"Exordium Wildlife","floor":11.0,"turns":3.0},{"damage":0.0,"enemies":"3 Sentries","floor":12.0,"turns":4.0},{"damage":0.0,"enemies":"Gremlin Nob","floor":14.0,"turns":3.0},{"damage":0.0,"enemies":"The Guardian","floor":16.0,"turns":7.0},{"damage":0.0,"enemies":"theJungle:GiantWrat","floor":18.0,"turns":3.0},{"damage":4.0,"enemies":"Shell Parasite","floor":20.0,"turns":4.0},{"damage":0.0,"enemies":"theJungle:Lyon","floor":21.0,"turns":2.0},{"damage":15.0,"enemies":"theJungle:MamaSnecko","floor":23.0,"turns":8.0},{"damage":5.0,"enemies":"theJungle:Cassacara","floor":25.0,"turns":5.0},{"damage":0.0,"enemies":"theJungle:2_Flameangoes","floor":29.0,"turns":4.0},{"damage":8.0,"enemies":"theJungle:2_Phrogs","floor":31.0,"turns":4.0},{"damage":0.0,"enemies":"theJungle:QueenSpyder","floor":33.0,"turns":8.0},{"damage":0.0,"enemies":"Orb Walker","floor":35.0,"turns":3.0},{"damage":0.0,"enemies":"Nemesis","floor":41.0,"turns":5.0},{"damage":12.0,"enemies":"Reptomancer","floor":42.0,"turns":5.0},{"damage":0.0,"enemies":"3 Darklings","floor":45.0,"turns":4.0},{"damage":0.0,"enemies":"Giant Head","floor":47.0,"turns":7.0},{"damage":0.0,"enemies":"Jaw Worm Horde","floor":48.0,"turns":3.0},{"damage":18,"enemies":"Awakened One","floor":50,"turns":13}],"seed_played":"1511227689674091885","potions_obtained":[{"floor":4.0,"key":"AttackPotion"},{"floor":5.0,"key":"FearPotion"},{"floor":14.0,"key":"PowerPotion"},{"floor":20.0,"key":"Fire Potion"},{"floor":23.0,"key":"Regen Potion"},{"floor":25.0,"key":"Fruit Juice"},{"floor":33.0,"key":"ColorlessPotion"},{"floor":34.0,"key":"SmokeBomb"},{"floor":47.0,"key":"Dexterity Potion"},{"floor":48.0,"key":"Weak Potion"}],"is_trial":true,"path_per_floor":["M","?","M","M","M","R","R","R","T","R","M","E","?","E","R","B",null,"M","$","M","M","$","E","R","E","T","R","R","M","R","E","R","B",null,"M","?","$","?","$","R","E","E","T","R","M","R","E","M","R","B",null],"character_chosen":"DEFECT","items_purchased":["Medical Kit","Mercury Hourglass","Mango"],"campfire_rested":5,"item_purchase_floors":[37,37,39],"current_hp_per_floor":[72,72,71,71,71,71,71,71,71,71,62,62,62,62,62,75,75,75,75,71,71,71,56,56,68,68,80,80,80,80,72,72,80,85,85,85,85,85,99,99,106,94,94,106,106,106,106,106,106,88],"gold":180,"neow_bonus":"","is_daily":false,"chose_seed":false,"campfire_upgraded":9,"win_rate":0.0,"timestamp":1611754903,"path_taken":["M","?","M","M","M","R","R","R","T","R","M","E","?","E","R","BOSS","M","$","M","M","$","E","R","E","T","R","R","M","R","E","R","BOSS","M","?","$","?","$","R","E","E","T","R","M","R","E","M","R","BOSS"],"items_purchased_type":["Relic","Relic","Relic"],"build_version":"2020-12-22","purchased_purges":1,"victory":true,"max_hp_per_floor":[75,75,75,75,75,75,75,75,75,75,75,75,75,75,75,75,75,75,75,75,75,75,75,75,80,80,80,80,80,80,80,80,80,85,85,85,85,85,99,99,106,106,106,106,106,106,106,106,106,106],"card_choices":[{"not_picked":["Hologram","WreathOfFlame","Barrage"],"picked":"SKIP","floor":1.0},{"not_picked":["Rip and Tear","Stack"],"picked":"PathToVictory","floor":3.0},{"not_picked":["Conserve Battery","Consecrate","JustLucky"],"picked":"SKIP","floor":4.0},{"not_picked":["Crescendo","ThirdEye","Consecrate"],"picked":"SKIP","floor":5.0},{"not_picked":["Leap","Collect","Conserve Battery"],"picked":"SKIP","floor":11.0},{"not_picked":["Hologram","FlyingSleeves","Fasting2"],"picked":"SKIP","floor":12.0},{"not_picked":["Go for the Eyes","Double Energy","Crescendo"],"picked":"SKIP","floor":14.0},{"not_picked":["Go for the Eyes","Stack","Tempest"],"picked":"SKIP","floor":18.0},{"not_picked":["Beam Cell+1","Hologram","Turbo"],"picked":"SKIP","floor":20.0},{"not_picked":["CrushJoints","PathToVictory","Double Energy"],"picked":"SKIP","floor":21.0},{"not_picked":["Steam","Steam Power","Sunder+1"],"picked":"SKIP","floor":23.0},{"not_picked":["Worship","Halt","FollowUp+1"],"picked":"SKIP","floor":25.0},{"not_picked":["Double Energy","FollowUp","Steam Power"],"picked":"SKIP","floor":29.0},{"not_picked":["CutThroughFate","Ball Lightning+1","SashWhip"],"picked":"SKIP","floor":31.0},{"not_picked":["Ball Lightning+1","EmptyMind","Barrage+1"],"picked":"SKIP","floor":35.0},{"not_picked":["CrushJoints","Barrage+1","Darkness+1"],"picked":"SKIP","floor":41.0},{"not_picked":["Sweeping Beam","Static Discharge+1"],"picked":"Loop+1","floor":45.0},{"not_picked":["Glacier+1","Crescendo","Cold Snap"],"picked":"SKIP","floor":47.0},{"not_picked":["Gash+1","Tantrum","Turbo+1"],"picked":"SKIP","floor":48.0}],"player_experience":3352479,"relics_obtained":[{"floor":9.0,"key":"Bag of Marbles"},{"floor":12.0,"key":"Lantern"},{"floor":14.0,"key":"Pantograph"},{"floor":23.0,"key":"Thread and Needle"},{"floor":23.0,"key":"Regal Pillow"},{"floor":25.0,"key":"The Courier"},{"floor":25.0,"key":"Torii"},{"floor":26.0,"key":"Ancient Tea Set"},{"floor":31.0,"key":"Letter Opener"},{"floor":31.0,"key":"Ice Cream"},{"floor":41.0,"key":"Pen Nib"},{"floor":41.0,"key":"Strawberry"},{"floor":43.0,"key":"Mummified Hand"},{"floor":47.0,"key":"Centennial Puzzle"}],"event_choices":[{"damage_healed":0.0,"max_hp_gain":0.0,"max_hp_loss":0.0,"gold_gain":52.0,"event_name":"Golden Wing","player_choice":"Gained Gold","floor":2.0,"gold_loss":0.0,"damage_taken":0.0},{"cards_removed":["Streamline"],"damage_healed":0.0,"max_hp_gain":0.0,"max_hp_loss":0.0,"gold_gain":0.0,"event_name":"Purifier","player_choice":"Purged","floor":13.0,"gold_loss":0.0,"damage_taken":0.0},{"damage_healed":0.0,"max_hp_gain":0.0,"max_hp_loss":0.0,"gold_gain":0.0,"event_name":"SensoryStone","player_choice":"Memory 1","floor":36.0,"gold_loss":0.0,"damage_taken":0.0},{"damage_healed":0.0,"max_hp_gain":0.0,"max_hp_loss":0.0,"gold_gain":0.0,"event_name":"Tomb of Lord Red Mask","player_choice":"Ignored","floor":38.0,"gold_loss":0.0,"damage_taken":0.0}],"is_beta":false,"boss_relics":[{"not_picked":["Cursed Key","SlaversCollar"],"picked":"Black Star"},{"not_picked":["Sozu","Runic Pyramid"],"picked":"Tiny House"}],"items_purged_floors":[19],"is_endless":false,"potions_floor_spawned":[4,5,14,20,23,25,33,42,47,48],"ascension_level":0}}