{"host":"qxt9611uhnemh1bn","time":1611788213,"event":{"mods":["AchievementEnabler","BaseMod","Minty Spire (QoL Compilation)","StSLib"],"gold_per_floor":[112,112,123,123,52,87,162,18,66,85,85,104,120,131,131,232,232,250,235,334,73,89,89,41,61,61,61,74,74,74],"floor_reached":29,"language":"ENG","playtime":1056,"items_purged":["Strike_R"],"score":252,"play_id":"ea2e0ddb-74bc-4fb3-b785-efa11e7f9800","local_time":"20210127165653","is_ascension_mode":false,"campfire_choices":[{"data":"Armaments","floor":11,"key":"SMITH"},{"data":"Fire Breathing","floor":15,"key":"SMITH"},{"data":"Mayhem","floor":23,"key":"SMITH"},{"data":"Offering","floor":27,"key":"SMITH"}],"circlet_count":0,"master_deck":["Strike_R","Strike_R","Strike_R","Strike_R","Defend_R+1","Defend_R+1","Defend_R","Defend_R","Bash","Iron Wave","Cleave","Fire Breathing+1","Armaments+1","Inflame","Power Through","Disarm","Wild Strike+1","Offering+1","CurseOfTheBell","Shrug It Off","Pommel Strike+1","Mayhem+1","Barricade","Wild Strike+1"],"relics":["Burning Blood","Turnip","Art of War","Molten Egg 2","War Paint","Calling Bell","Juzu Bracelet","Pear","Girya","Self Forming Clay"],"acts_visited":["Exordium","TheCity"],"potions_floor_usage":[16,16,19,29,29,29],"damage_taken":[{"damage":9,"enemies":"Small Slimes","floor":1,"turns":4},{"damage":6,"enemies":"Jaw Worm","floor":3,"turns":4},{"damage":8,"enemies":"3 Sentries","floor":6,"turns":6},{"damage":0,"enemies":"Cultist","floor":10,"turns":3},{"damage":19,"enemies":"Exordium Thugs","floor":12,"turns":6},{"damage":7,"enemies":"Looter","floor":13,"turns":4},{"damage":10,"enemies":"3 Louse","floor":14,"turns":4},{"damage":1,"enemies":"Slime Boss","floor":16,"turns":9},{"damage":8,"enemies":"3 Byrds","floor":18,"turns":4},{"damage":21,"enemies":"2 Thieves","floor":19,"turns":4},{"damage":27,"enemies":"Snake Plant","floor":22,"turns":5},{"damage":11,"enemies":"Chosen and Byrds","floor":25,"turns":5},{"damage":8,"enemies":"3 Cultists","floor":28,"turns":5},{"damage":61,"enemies":"Slavers","floor":29,"turns":4}],"seed_played":"1071753111596995635","potions_obtained":[{"floor":1,"key":"DuplicationPotion"},{"floor":3,"key":"Explosive Potion"},{"floor":6,"key":"SneckoOil"},{"floor":19,"key":"Fruit Juice"},{"floor":22,"key":"LiquidMemories"}],"is_trial":false,"path_per_floor":["M","?","M","?","$","E","?","$","T","M","R","M","M","M","R","B",null,"M","M","?","$","M","R","$","M","T","R","M","E"],"character_chosen":"IRONCLAD","items_purchased":["Fire Breathing","HeartOfIron","Inflame","Mayhem","Block Potion"],"campfire_rested":0,"item_purchase_floors":[5,8,8,21,24],"current_hp_per_floor":[53,50,50,55,55,53,42,42,42,48,48,35,34,30,30,35,95,93,78,78,78,57,57,57,52,52,52,50,0,0],"gold":74,"neow_bonus":"ONE_RARE_RELIC","is_daily":false,"chose_seed":false,"campfire_upgraded":4,"win_rate":0.0,"timestamp":1611788213,"path_taken":["M","?","M","?","$","E","?","?","T","M","R","M","M","M","R","BOSS","M","M","?","?","M","R","$","M","T","R","M","E"],"items_purchased_type":["Card","Potion","Card","Card","Potion"],"build_version":"2020-12-22","purchased_purges":1,"victory":false,"max_hp_per_floor":[80,80,80,85,85,85,85,85,85,85,85,85,85,85,85,85,95,95,95,95,95,95,95,95,95,95,95,95,100,100],"card_choices":[{"not_picked":["Bloodletting","Whirlwind"],"picked":"Iron Wave","floor":1},{"not_picked":["True Grit","Shockwave"],"picked":"Cleave","floor":3},{"not_picked":["Bloodletting","Disarm"],"picked":"Armaments","floor":6},{"not_picked":["Flex","Burning Pact","Searing Blow+1"],"picked":"SKIP","floor":10},{"not_picked":["Bloodletting","Corruption"],"picked":"Power Through","floor":12},{"not_picked":["Rupture","Inflame"],"picked":"Disarm","floor":13},{"not_picked":["Clothesline+1","Sever Soul+1"],"picked":"Wild Strike+1","floor":14},{"not_picked":["Juggernaut","Reaper+1"],"picked":"Offering","floor":16},{"not_picked":["Pommel Strike+1","Intimidate"],"picked":"Shrug It Off","floor":18},{"not_picked":["Havoc","Anger+1"],"picked":"Pommel Strike+1","floor":19},{"not_picked":["Perfected Strike+1","Heavy Blade+1","Twin Strike+1"],"picked":"SKIP","floor":22},{"not_picked":["Flex+1","Body Slam+1"],"picked":"Barricade","floor":25},{"not_picked":["Sword Boomerang+1","Inflame"],"picked":"Wild Strike+1","floor":28}],"player_experience":222591,"relics_obtained":[{"floor":6,"key":"Molten Egg 2"},{"floor":9,"key":"War Paint"},{"floor":17,"key":"Juzu Bracelet"},{"floor":17,"key":"Pear"},{"floor":17,"key":"Girya"},{"floor":26,"key":"Self Forming Clay"}],"event_choices":[{"damage_healed":0,"gold_gain":0,"player_choice":"Success","damage_taken":3,"relics_obtained":["Art of War"],"max_hp_gain":0,"max_hp_loss":0,"event_name":"Scrap Ooze","floor":2,"gold_loss":0},{"damage_healed":0,"gold_gain":0,"player_choice":"Donut","damage_taken":0,"max_hp_gain":5,"max_hp_loss":0,"event_name":"Big Fish","floor":4,"gold_loss":0},{"damage_healed":0,"gold_gain":75,"player_choice":"Gather Gold","damage_taken":11,"max_hp_gain":0,"max_hp_loss":0,"event_name":"World of Goop","floor":7,"gold_loss":0},{"damage_healed":0,"gold_gain":99,"player_choice":"Stole From Cult","damage_taken":0,"max_hp_gain":0,"max_hp_loss":0,"event_name":"Nest","floor":20,"gold_loss":0}],"is_beta":false,"boss_relics":[{"not_picked":["Velvet Choker","Snecko Eye"],"picked":"Calling Bell"}],"items_purged_floors":[21],"is_endless":false,"potions_floor_spawned":[1,3,6,13,19,22],"killed_by":"Slavers","ascension_level":0}}