{"host":"1gh1pdv85cipbjj7","time":1611776247,"event":{"mods":["BaseMod","Colored Map","Downfall","GifTheSpireLib","Infinite Spire","Minty Spire (QoL Compilation)","Permanent Neow","StSLib","The Jungle"],"gold_per_floor":[99,118,118,31,45,64,88,88,103,116,51,70,70,70,81,185,185,185,201,220,234,234,249,249,263,276,376,395,409,433,76,89,188,188,188,207,217,237,237,237,237,256,272,291,291,301,301,316,330,330,330,330],"floor_reached":50,"language":"ENG","playtime":3848,"items_purged":["bronze:Strike","bronze:Strike","bronze:Strike"],"score":450,"play_id":"8816d484-1f1e-4c11-bd6e-d9a17655b1f9","local_time":"20210127133727","is_ascension_mode":false,"campfire_choices":[{"data":"bronze:Iterate","floor":1.0,"key":"SMITH"},{"data":"bronze:MaxOutput","floor":8.0,"key":"SMITH"},{"floor":13.0,"key":"REST"},{"data":"bronze:Boost","floor":18.0,"key":"SMITH"},{"data":"infinitespire:Oblivion","floor":35.0,"key":"SMITH"},{"floor":47.0,"key":"REST"}],"circlet_count":0,"master_deck":["bronze:Strike","bronze:Defend","bronze:Defend","bronze:Replicate+1","bronze:Goto+1","bronze:Iterate+1","bronze:Frontload+1","bronze:SpaghettiCode","bronze:Overload","bronze:WhirlingStrike","bronze:MaxOutput+1","bronze:Deprecate","bronze:Boost","bronze:Overload","bronze:ForLoop","bronze:Boost+1","bronze:BronzeOrb","bronze:Format","CurseOfTheBell","bronze:OilSpill","bronze:Deprecate","bronze:Fortify","infinitespire:Oblivion+1","bronze:ChosenStrike+1","bronze:DecaBeam","bronze:DelayedSlice","bronze:Overheat","bronze:Format","bronze:BronzeOrb+1","bronze:Virus","bronze:WhirlingStrike+1","infinitespire:Collect","bronze:Replicate","bronze:Assembly"],"relics":["bronze:BronzeCore","Smiling Mask","Calling Bell","Art of War","Meat on the Bone","Unceasing Top","Torii","infinitespire:CheckeredPen","PreservedInsect","Calipers","Cursed Key","HandDrill"],"acts_visited":["Exordium","TheCity","TheBeyond"],"potions_floor_usage":[50,50,50],"damage_taken":[{"damage":1.0,"enemies":"Cultist","floor":2.0,"turns":3.0},{"damage":0.0,"enemies":"downfall:FleeingMerchant","floor":4.0,"turns":4.0},{"damage":0.0,"enemies":"Small Slimes","floor":5.0,"turns":3.0},{"damage":0.0,"enemies":"Jaw Worm","floor":6.0,"turns":2.0},{"damage":3.0,"enemies":"Exordium Wildlife","floor":9.0,"turns":4.0},{"damage":3.0,"enemies":"Gremlin Gang","floor":10.0,"turns":4.0},{"damage":10.0,"enemies":"downfall:FleeingMerchant","floor":11.0,"turns":4.0},{"damage":0.0,"enemies":"Blue Slaver","floor":12.0,"turns":3.0},{"damage":0.0,"enemies":"Red Slaver","floor":15.0,"turns":4.0},{"damage":43.0,"enemies":"DF_ARCHETYPE_STREAMLINE","floor":16.0,"turns":12.0},{"damage":0.0,"enemies":"Chosen","floor":19.0,"turns":5.0},{"damage":41.0,"enemies":"Sentry and Sphere","floor":20.0,"turns":7.0},{"damage":18.0,"enemies":"Chosen and Byrds","floor":21.0,"turns":8.0},{"damage":0.0,"enemies":"Snecko","floor":23.0,"turns":4.0},{"damage":2.0,"enemies":"Shelled Parasite and Fungi","floor":25.0,"turns":6.0},{"damage":0.0,"enemies":"Chosen and Byrds","floor":26.0,"turns":4.0},{"damage":10.0,"enemies":"Chosen and Byrds","floor":27.0,"turns":6.0},{"damage":0.0,"enemies":"Centurion and Healer","floor":28.0,"turns":5.0},{"damage":12.0,"enemies":"3 Cultists","floor":29.0,"turns":4.0},{"damage":1.0,"enemies":"downfall:FleeingMerchant","floor":31.0,"turns":4.0},{"damage":3.0,"enemies":"Snake Plant","floor":32.0,"turns":4.0},{"damage":23.0,"enemies":"WA_ARCHETYPE_CALM","floor":33.0,"turns":11.0},{"damage":0.0,"enemies":"Orb Walker","floor":36.0,"turns":3.0},{"damage":0.0,"enemies":"3 Shapes","floor":37.0,"turns":2.0},{"damage":1.0,"enemies":"Jaw Worm Horde","floor":38.0,"turns":3.0},{"damage":0.0,"enemies":"Writhing Mass","floor":42.0,"turns":3.0},{"damage":12.0,"enemies":"Maw","floor":43.0,"turns":7.0},{"damage":11.0,"enemies":"Sphere and 2 Shapes","floor":44.0,"turns":5.0},{"damage":0.0,"enemies":"3 Darklings","floor":46.0,"turns":5.0},{"damage":16.0,"enemies":"4 Shapes","floor":48.0,"turns":3.0},{"damage":7.0,"enemies":"Spire Growth","floor":49.0,"turns":4.0},{"damage":56,"enemies":"IC_BLOCK_ARCHETYPE","floor":50,"turns":4}],"seed_played":"-9221051614622909911","potions_obtained":[{"floor":9.0,"key":"Regen Potion"},{"floor":10.0,"key":"Dexterity Potion"},{"floor":12.0,"key":"Slimebound:ThreeZeroPotion"},{"floor":15.0,"key":"AttackPotion"},{"floor":16.0,"key":"FearPotion"},{"floor":21.0,"key":"SneckoOil"},{"floor":23.0,"key":"AttackPotion"},{"floor":28.0,"key":"Dexterity Potion"},{"floor":29.0,"key":"LiquidMemories"},{"floor":42.0,"key":"SteroidPotion"},{"floor":46.0,"key":"Guardian:BlockOnCardUsePotion"},{"floor":49.0,"key":"LiquidBronze"}],"is_trial":false,"path_per_floor":["R","M","?","$","M","M","T","R","M","M","$","M","R","?","M","B",null,"R","M","M","M","AVR","M","T","M","M","?","M","M","T","$","M","B",null,"R","M","M","M","AVR","?","T","M","M","M","?","M","R","M","M","B"],"character_chosen":"THE_AUTOMATON","items_purchased":["bronze:Overload","Calipers"],"campfire_rested":2,"item_purchase_floors":[4,31],"current_hp_per_floor":[70,69,69,69,69,69,69,69,66,63,53,53,70,70,70,42,70,70,70,41,35,35,47,47,45,45,47,47,47,47,46,43,32,70,70,70,70,69,69,69,69,69,57,46,46,46,67,51,44,0,0,0],"gold":330,"neow_bonus":"TRANSFORM_CARD","is_daily":false,"chose_seed":false,"campfire_upgraded":4,"win_rate":0.0,"timestamp":1611776247,"path_taken":["R","M","?","$","M","?","T","R","M","M","$","M","R","?","M","BOSS","R","M","M","M","AVR","M","T","M","?","?","M","M","?","?","M","BOSS","R","M","M","?","AVR","?","T","M","M","M","?","M","R","M","M","BOSS"],"items_purchased_type":["Card","Relic"],"build_version":"2020-12-22","purchased_purges":3,"victory":false,"max_hp_per_floor":[70,70,70,70,70,70,70,70,70,70,70,70,70,70,70,70,70,70,70,70,70,70,70,70,70,70,70,70,70,70,70,70,70,70,70,70,70,70,70,70,70,70,70,70,70,70,70,70,70,70,70,70],"card_choices":[{"not_picked":["bronze:Turbo","bronze:ForceShield"],"picked":"bronze:Frontload","floor":2.0},{"not_picked":["bronze:Branch","bronze:Philosophize"],"picked":"bronze:SpaghettiCode","floor":4.0},{"not_picked":["bronze:Overheat","bronze:Safeguard"],"picked":"bronze:WhirlingStrike","floor":5.0},{"not_picked":["bronze:Invalidate","bronze:DarkDash"],"picked":"bronze:MaxOutput","floor":6.0},{"not_picked":["bronze:Safeguard","bronze:DelayedSlice"],"picked":"bronze:Deprecate","floor":9.0},{"not_picked":["bronze:Deprecate","bronze:Turbo"],"picked":"bronze:Boost","floor":10.0},{"not_picked":["bronze:GetLatest","bronze:WildBeam"],"picked":"bronze:Overload","floor":11.0},{"not_picked":["bronze:Turbo","bronze:Invalidate"],"picked":"bronze:ForLoop","floor":12.0},{"not_picked":["bronze:Shield","bronze:ShipIt"],"picked":"bronze:BronzeOrb","floor":15.0},{"not_picked":["bronze:Verify","bronze:FindAndReplace"],"picked":"bronze:Format","floor":16.0},{"not_picked":["bronze:BuggyMess","bronze:BronzeOrb"],"picked":"bronze:OilSpill","floor":19.0},{"not_picked":["bronze:BuggyMess","bronze:Invalidate"],"picked":"bronze:Deprecate","floor":20.0},{"not_picked":["bronze:Invalidate","bronze:DigitalCarnage"],"picked":"bronze:Fortify","floor":21.0},{"not_picked":["bronze:Invalidate","bronze:Turbo","bronze:Backtrace"],"picked":"SKIP","floor":23.0},{"not_picked":["bronze:DelayedGuard","bronze:CutThrough+1","bronze:BugBarrage"],"picked":"SKIP","floor":25.0},{"not_picked":["bronze:DelayedGuard+1","bronze:CutThrough"],"picked":"bronze:ChosenStrike+1","floor":26.0},{"not_picked":[],"picked":"bronze:DecaBeam","floor":27.0},{"not_picked":["bronze:CloningBeam+1","bronze:DelayedGuard"],"picked":"bronze:DelayedSlice","floor":27.0},{"not_picked":["bronze:BugBarrage","bronze:FineTuning","bronze:MaxOutput+1"],"picked":"SKIP","floor":28.0},{"not_picked":["bronze:BuggyMess","bronze:ForceShield"],"picked":"bronze:Overheat","floor":29.0},{"not_picked":["bronze:WildBeam","bronze:ItsAFeature"],"picked":"bronze:Format","floor":31.0},{"not_picked":["bronze:WildBeam","bronze:Allocate"],"picked":"bronze:BronzeOrb+1","floor":32.0},{"not_picked":["bronze:ThunderWave","bronze:BurnOut"],"picked":"bronze:Virus","floor":33.0},{"not_picked":["bronze:Overheat","bronze:Shield+1"],"picked":"bronze:WhirlingStrike+1","floor":36.0},{"not_picked":["bronze:NullPointer","bronze:Optimize+1","bronze:Turbo+1"],"picked":"SKIP","floor":37.0},{"not_picked":["bronze:FineTuning","bronze:WildBeam","bronze:ClassDefault"],"picked":"SKIP","floor":38.0},{"not_picked":["bronze:Fortify","bronze:BitShift","bronze:Iterate+1"],"picked":"SKIP","floor":42.0},{"not_picked":["bronze:BronzeOrb","bronze:DelayedGuard+1","bronze:GetLatest"],"picked":"SKIP","floor":43.0},{"not_picked":["bronze:Optimize+1","bronze:Frontload","bronze:HardenedForm"],"picked":"SKIP","floor":44.0},{"not_picked":["bronze:Repulsor+1","bronze:BitShift+1","bronze:DigitalCarnage+1"],"picked":"SKIP","floor":46.0},{"not_picked":["bronze:Invalidate+1","bronze:FineTuning+1","bronze:Shield+1"],"picked":"SKIP","floor":48.0},{"not_picked":["bronze:NullPointer","bronze:DelayedSlice+1","bronze:Optimize"],"picked":"SKIP","floor":49.0}],"player_experience":750489,"relics_obtained":[{"floor":7.0,"key":"Smiling Mask"},{"floor":17.0,"key":"Art of War"},{"floor":17.0,"key":"Meat on the Bone"},{"floor":17.0,"key":"Unceasing Top"},{"floor":24.0,"key":"infinitespire:CheckeredPen"},{"floor":30.0,"key":"PreservedInsect"}],"event_choices":[],"is_beta":false,"boss_relics":[{"not_picked":["Runic Dome","Sozu"],"picked":"Calling Bell"},{"not_picked":["Empty Cage","Philosopher\u0027s Stone"],"picked":"Cursed Key"}],"items_purged_floors":[11,22,31],"is_endless":false,"potions_floor_spawned":[9,10,12,15,16,21,23,25,28,29,33,37,42,46,48,49],"killed_by":"IC_BLOCK_ARCHETYPE","ascension_level":0}}