{"host":"kg61lsvem4dxoat8","time":1611724212,"event":{"mods":["BaseMod","Colored Powertips","Minty Spire (QoL Compilation)","Quick Restart","Rare Cards Sparkle","Relic Stats","slay the spire mod where everything is the same but ironclad has a cowboy hat"],"gold_per_floor":[109,128,73,73,89,117,117,117,117],"floor_reached":8,"language":"ENG","playtime":168,"items_purged":[],"score":109,"play_id":"f94048b1-9c7d-4b5b-9569-6b5ab6c6eadc","local_time":"20210127131012","is_ascension_mode":true,"campfire_choices":[{"data":"Bouncing Flask","floor":7,"key":"SMITH"}],"circlet_count":0,"master_deck":["AscendersBane","Strike_G","Strike_G","Strike_G","Strike_G","Strike_G","Defend_G","Defend_G","Defend_G","Defend_G","Defend_G","Survivor","Neutralize","Crippling Poison","Poisoned Stab","Bouncing Flask+1"],"relics":["Ring of the Snake","Potion Belt","Dream Catcher"],"acts_visited":["Exordium"],"potions_floor_usage":[2,6],"damage_taken":[{"damage":7,"enemies":"Cultist","floor":1,"turns":5},{"damage":6,"enemies":"2 Louse","floor":2,"turns":2},{"damage":7,"enemies":"Small Slimes","floor":5,"turns":3},{"damage":24,"enemies":"Lagavulin","floor":6,"turns":6},{"damage":0,"enemies":"3 Sentries","floor":8,"turns":1}],"seed_played":"1788734527754917689","potions_obtained":[{"floor":1,"key":"Explosive Potion"},{"floor":2,"key":"AttackPotion"},{"floor":6,"key":"FearPotion"}],"is_trial":false,"path_per_floor":["M","M","$","?","M","E","R","E"],"character_chosen":"THE_SILENT","items_purchased":["Poisoned Stab"],"campfire_rested":0,"item_purchase_floors":[3],"current_hp_per_floor":[52,46,46,46,39,15,15,15,15],"gold":117,"neow_bonus":"RANDOM_COMMON_RELIC","is_daily":false,"chose_seed":false,"campfire_upgraded":1,"win_rate":0.0,"timestamp":1611724212,"path_taken":["M","M","?","?","?","E","R","E"],"items_purchased_type":["Card"],"build_version":"2020-12-22","purchased_purges":0,"victory":false,"max_hp_per_floor":[66,66,66,66,66,66,66,66,66],"relic_stats":{"Dream Catcher":0,"counters":[5,17],"obtain_stats":[{"Potion Belt":0,"Dream Catcher":6,"Ring of the Snake":0},{"Potion Belt":0,"Dream Catcher":4,"Ring of the Snake":0},{"Potion Belt":0,"Dream Catcher":16,"Ring of the Snake":0}],"Ring of the Snake":[10]},"card_choices":[{"not_picked":["Endless Agony","PiercingWail","Flechettes"],"picked":"SKIP","floor":1},{"not_picked":["Bane","PiercingWail"],"picked":"Crippling Poison","floor":2},{"not_picked":["Slice","PiercingWail","Underhanded Strike"],"picked":"SKIP","floor":5},{"not_picked":["Dagger Throw","Grand Finale","Blade Dance"],"picked":"SKIP","floor":6}],"player_experience":1400969,"relics_obtained":[{"floor":6,"key":"Dream Catcher"}],"event_choices":[{"damage_healed":0,"gold_gain":0,"player_choice":"1 cards matched","damage_taken":0,"max_hp_gain":0,"max_hp_loss":0,"event_name":"Match and Keep!","floor":4,"gold_loss":0,"cards_obtained":["Bouncing Flask"]}],"is_beta":false,"boss_relics":[],"items_purged_floors":[],"is_endless":false,"potions_floor_spawned":[1,2,6],"killed_by":"3 Sentries","ascension_level":19}}