{"host":"xi8yg1ddhptuxb9d","time":1611773527,"event":{"mods":["AchievementEnabler","AlwaysNeverKeys","BaseMod","Block Reminder","Minty Spire (QoL Compilation)","Relic Sorter","StSLib"],"gold_per_floor":[363,288,298,144,144,169,169,201,201,216,216,228,228,228,228,301,301,318,14,14,32,32,32,72,72,96,108,138,75,98,110,122,134,134],"floor_reached":33,"language":"ENG","playtime":1342,"items_purged":["Strike_R"],"score":461,"play_id":"ae80df9e-902e-423a-800c-347217201ae0","local_time":"20210127135207","is_ascension_mode":true,"campfire_choices":[{"floor":7.0,"key":"REST"},{"floor":11.0,"key":"REST"},{"data":"Rampage","floor":13.0,"key":"SMITH"},{"data":"Bash","floor":15.0,"key":"SMITH"},{"floor":23.0,"key":"REST"},{"floor":27.0,"key":"REST"},{"floor":32.0,"key":"REST"}],"circlet_count":0,"master_deck":["AscendersBane","Strike_R","Strike_R","Strike_R","Defend_R","Defend_R","Defend_R","Bash+1","Rampage+1","Brutality+1","Flame Barrier","Battle Trance","Offering","Shrug It Off","Headbutt","Shrug It Off"],"relics":["Burning Blood","CaptainsWheel","Lantern","Pear","SlaversCollar","Membership Card","Thread and Needle","CeramicFish","MawBank","WingedGreaves"],"acts_visited":["Exordium","TheCity"],"potions_floor_usage":[],"damage_taken":[{"damage":0.0,"enemies":"Small Slimes","floor":1.0,"turns":3.0},{"damage":14.0,"enemies":"Jaw Worm","floor":3.0,"turns":3.0},{"damage":34.0,"enemies":"Lagavulin","floor":6.0,"turns":7.0},{"damage":35.0,"enemies":"Gremlin Nob","floor":8.0,"turns":5.0},{"damage":3.0,"enemies":"Cultist","floor":10.0,"turns":4.0},{"damage":9.0,"enemies":"Exordium Thugs","floor":12.0,"turns":5.0},{"damage":36.0,"enemies":"The Guardian","floor":16.0,"turns":11.0},{"damage":31.0,"enemies":"2 Thieves","floor":18.0,"turns":4.0},{"damage":25.0,"enemies":"Shell Parasite","floor":21.0,"turns":6.0},{"damage":30.0,"enemies":"Book of Stabbing","floor":24.0,"turns":5.0},{"damage":32.0,"enemies":"Shelled Parasite and Fungi","floor":28.0,"turns":6.0},{"damage":28.0,"enemies":"Chosen and Byrds","floor":30.0,"turns":9.0},{"damage":43,"enemies":"Collector","floor":33,"turns":10}],"seed_played":"-5630466507905396125","potions_obtained":[{"floor":1.0,"key":"BloodPotion"},{"floor":6.0,"key":"AttackPotion"},{"floor":8.0,"key":"SkillPotion"},{"floor":21.0,"key":"DistilledChaos"}],"is_trial":false,"path_per_floor":["M","$","M","$","?","E","R","E","T","M","R","M","R","?","R","B",null,"M","$","?","M","$","R","E","$","T","R","M","?","M","T","R","B"],"character_chosen":"IRONCLAD","items_purchased":["Brutality","Membership Card","Thread and Needle"],"campfire_rested":5,"item_purchase_floors":[4,19,19],"current_hp_per_floor":[68,68,60,60,65,37,58,29,39,42,66,63,63,63,63,33,71,46,46,46,27,27,51,27,27,27,51,25,25,19,19,43,0,0],"gold":134,"neow_bonus":"TWO_FIFTY_GOLD","is_daily":false,"chose_seed":false,"campfire_upgraded":2,"win_rate":0.0,"timestamp":1611773527,"path_taken":["M","$","M","$","?","E","R","E","T","M","R","M","R","?","R","BOSS","M","$","?","M","$","R","E","?","T","R","?","?","M","?","R","BOSS"],"items_purchased_type":["Card","Relic","Relic"],"build_version":"2020-12-22","purchased_purges":1,"victory":false,"max_hp_per_floor":[68,68,68,68,73,73,73,73,83,83,83,83,83,83,83,83,83,83,83,83,83,83,83,83,83,83,83,83,83,83,83,83,83,83],"card_choices":[{"not_picked":["Rupture","Uppercut"],"picked":"Rampage","floor":1.0},{"not_picked":["Feel No Pain","Rampage","Bloodletting"],"picked":"SKIP","floor":3.0},{"not_picked":["Twin Strike","Clash"],"picked":"Flame Barrier","floor":6.0},{"not_picked":["Armaments","Clash","Twin Strike"],"picked":"SKIP","floor":8.0},{"not_picked":["Power Through","Pommel Strike"],"picked":"Battle Trance","floor":10.0},{"not_picked":["Uppercut","Thunderclap","Fire Breathing"],"picked":"SKIP","floor":12.0},{"not_picked":["Brutality","Demon Form"],"picked":"Offering","floor":16.0},{"not_picked":["Iron Wave","Seeing Red"],"picked":"Shrug It Off","floor":18.0},{"not_picked":["Sword Boomerang","Disarm"],"picked":"Headbutt","floor":21.0},{"not_picked":["Corruption","Sever Soul"],"picked":"Shrug It Off","floor":24.0},{"not_picked":["Dual Wield","Wild Strike+1","Headbutt"],"picked":"SKIP","floor":28.0},{"not_picked":["Sever Soul","Inflame","Iron Wave"],"picked":"SKIP","floor":30.0}],"player_experience":680602,"relics_obtained":[{"floor":6.0,"key":"CaptainsWheel"},{"floor":8.0,"key":"Lantern"},{"floor":9.0,"key":"Pear"},{"floor":24.0,"key":"CeramicFish"},{"floor":26.0,"key":"MawBank"},{"floor":31.0,"key":"WingedGreaves"}],"event_choices":[{"damage_healed":0.0,"max_hp_gain":5.0,"max_hp_loss":0.0,"gold_gain":0.0,"event_name":"Big Fish","player_choice":"Donut","floor":5.0,"gold_loss":0.0,"damage_taken":0.0},{"damage_healed":0.0,"max_hp_gain":0.0,"max_hp_loss":0.0,"gold_gain":0.0,"event_name":"Upgrade Shrine","player_choice":"Upgraded","floor":14.0,"gold_loss":0.0,"damage_taken":0.0,"cards_upgraded":["Brutality"]},{"cards_removed":["Strike_R"],"damage_healed":0.0,"max_hp_gain":0.0,"max_hp_loss":0.0,"gold_gain":0.0,"event_name":"Purifier","player_choice":"Purged","floor":20.0,"gold_loss":0.0,"damage_taken":0.0},{"cards_removed":["Defend_R"],"damage_healed":0.0,"max_hp_gain":0.0,"max_hp_loss":0.0,"gold_gain":0.0,"event_name":"Beggar","player_choice":"Gave Gold","floor":29.0,"gold_loss":75.0,"damage_taken":0.0}],"is_beta":false,"boss_relics":[{"not_picked":["Astrolabe","Fusion Hammer"],"picked":"SlaversCollar"}],"items_purged_floors":[2],"is_endless":false,"potions_floor_spawned":[1,6,8,12,21],"killed_by":"Collector","ascension_level":14}}