{"host":"f5n4tidiz2n5sooh","time":1611709445,"event":{"mods":["BaseMod","Colored Map","Minty Spire (QoL Compilation)","Relic Stats","Slay the Relics Exporter","StSLib"],"gold_per_floor":[14,25,25,44,59,59,92,92,115,150,161,171,186,199,199,199,199],"floor_reached":16,"language":"ENG","playtime":585,"items_purged":[],"score":232,"play_id":"495e0d8a-6a57-410d-b5f1-f880da034804","local_time":"20210126190405","is_ascension_mode":true,"campfire_choices":[{"data":"Noxious Fumes","floor":6,"key":"SMITH"},{"floor":8,"key":"REST"},{"data":"The Bomb","floor":15,"key":"SMITH"}],"circlet_count":0,"master_deck":["AscendersBane","Strike_G","Strike_G","Strike_G","Strike_G","Strike_G","Defend_G","Defend_G","Defend_G","Defend_G","Defend_G","Survivor","Neutralize","The Bomb+1","Blade Dance","Noxious Fumes+1","Flying Knee","Backflip","Crippling Poison"],"relics":["Ring of the Snake","Oddly Smooth Stone","Happy Flower","Anchor"],"acts_visited":["Exordium"],"potions_floor_usage":[7,16],"damage_taken":[{"damage":2,"enemies":"2 Louse","floor":1,"turns":3},{"damage":0,"enemies":"Cultist","floor":2,"turns":3},{"damage":2,"enemies":"Jaw Worm","floor":4,"turns":4},{"damage":1,"enemies":"Blue Slaver","floor":5,"turns":3},{"damage":35,"enemies":"Lagavulin","floor":7,"turns":7},{"damage":8,"enemies":"Gremlin Nob","floor":10,"turns":3},{"damage":13,"enemies":"3 Louse","floor":11,"turns":3},{"damage":2,"enemies":"2 Fungi Beasts","floor":12,"turns":4},{"damage":0,"enemies":"Gremlin Gang","floor":13,"turns":3},{"damage":0,"enemies":"Looter","floor":14,"turns":4},{"damage":20,"enemies":"Slime Boss","floor":16,"turns":3}],"seed_played":"-4863395893273597028","potions_obtained":[{"floor":3,"key":"Swift Potion"},{"floor":3,"key":"CultistPotion"},{"floor":10,"key":"Ancient Potion"}],"is_trial":false,"path_per_floor":["M","M","?","M","M","R","E","R","T","E","M","M","M","M","R","B"],"character_chosen":"THE_SILENT","items_purchased":[],"campfire_rested":1,"item_purchase_floors":[],"current_hp_per_floor":[57,57,57,55,54,54,19,38,38,30,17,15,15,15,15,0,0],"gold":199,"neow_bonus":"RANDOM_COLORLESS_2","is_daily":false,"chose_seed":false,"campfire_upgraded":2,"win_rate":0.0,"timestamp":1611709445,"path_taken":["M","M","?","M","M","R","E","R","T","E","M","M","?","M","R","BOSS"],"items_purchased_type":[],"build_version":"2020-12-22","purchased_purges":0,"victory":false,"max_hp_per_floor":[66,66,66,66,66,66,66,66,66,66,66,66,66,66,66,66,66],"relic_stats":{"Happy Flower":[6],"counters":[11,40],"obtain_stats":[{"Anchor":10,"Happy Flower":9,"Oddly Smooth Stone":7,"Ring of the Snake":0},{"Anchor":6,"Happy Flower":5,"Oddly Smooth Stone":5,"Ring of the Snake":0},{"Anchor":23,"Happy Flower":20,"Oddly Smooth Stone":20,"Ring of the Snake":0}],"Ring of the Snake":[22]},"card_choices":[{"not_picked":["Transmutation","Secret Technique"],"picked":"The Bomb","floor":0},{"not_picked":["Setup","Accuracy"],"picked":"Blade Dance","floor":1},{"not_picked":["Acrobatics","Dagger Spray"],"picked":"Noxious Fumes","floor":2},{"not_picked":["Backflip","Cloak And Dagger"],"picked":"Flying Knee","floor":4},{"not_picked":["Riddle With Holes","Prepared","Escape Plan"],"picked":"SKIP","floor":5},{"not_picked":["Flying Knee","Acrobatics"],"picked":"Backflip","floor":7},{"not_picked":["Slice","Masterful Stab","Dagger Spray"],"picked":"SKIP","floor":10},{"not_picked":["Infinite Blades","Dodge and Roll","Setup"],"picked":"SKIP","floor":11},{"not_picked":["Catalyst","Die Die Die"],"picked":"Crippling Poison","floor":12},{"not_picked":["Terror","Poisoned Stab","Sucker Punch"],"picked":"SKIP","floor":13},{"not_picked":["Poisoned Stab","Dodge and Roll","Escape Plan"],"picked":"SKIP","floor":14}],"player_experience":2031913,"relics_obtained":[{"floor":7,"key":"Oddly Smooth Stone"},{"floor":9,"key":"Happy Flower"},{"floor":10,"key":"Anchor"}],"event_choices":[{"damage_healed":0,"gold_gain":0,"player_choice":"Got Potions","damage_taken":0,"max_hp_gain":0,"max_hp_loss":0,"event_name":"Lab","floor":3,"gold_loss":0}],"is_beta":false,"boss_relics":[],"items_purged_floors":[],"is_endless":false,"potions_floor_spawned":[4,10,11,12,14],"killed_by":"Slime Boss","ascension_level":20}}