{"host":"ncocfkoislda923u","time":1611719201,"event":{"mods":["BaseMod","Downfall","Googly Eyes","Minty Spire (QoL Compilation)","Spire Arcade","StSLib"],"gold_per_floor":[99,111,124,144,144,144,169,182,194,214,243,243,260,9,20,125,125,125,135,150,161,161,173,173,173,193,230,259,287,287,315,337,450,450,450,477,120,142,171,199,199,227,236,236,265,288,288,316,351,351,351,351],"floor_reached":50,"language":"ENG","playtime":13542,"items_purged":["bronze:Strike","bronze:WildBeam"],"score":558,"play_id":"4916d3b8-1a2d-488c-86ed-c681f54b8d09","local_time":"20210127044641","is_ascension_mode":false,"campfire_choices":[{"data":"bronze:Goto","floor":1.0,"key":"SMITH"},{"data":"bronze:Virus","floor":12.0,"key":"SMITH"},{"data":"bronze:Flail","floor":18.0,"key":"SMITH"},{"data":"bronze:HardenedForm","floor":25,"key":"SMITH"},{"floor":30,"key":"REST"},{"data":"bronze:Shell","floor":35,"key":"SMITH"},{"floor":44,"key":"REST"},{"floor":47,"key":"DIG"}],"circlet_count":0,"master_deck":["bronze:Strike+1","bronze:Strike+1","bronze:Defend+1","bronze:Defend+1","bronze:Defend+1","bronze:Defend+1","bronze:Replicate","bronze:Goto+1","bronze:Flail+1","bronze:Branch","bronze:Virus+1","bronze:Backtrace","bronze:Assembly","bronze:ShipIt","bronze:HardenedForm+1","bronze:CutThrough+1","bronze:Overheat+1","bronze:ClassDefault","bronze:FineTuning+1","bronze:BronzeArmor","bronze:CleanCode","bronze:ForceShield","bronze:Frontload+1","bronze:Shell+1","bronze:ChildClass+1","bronze:HyperBeam","bronze:NullPointer+1","bronze:Shell+1","bronze:WhirlingStrike+1","bronze:Shield+1","Parasite","expansioncontent:GuardianWhirl","bronze:BitShift","bronze:Backtrace+1","bronze:ForceShield","Parasite","bronze:Frontload+1"],"relics":["bronze:BronzeCore","bronze:BottledCode","Blood Vial","Matryoshka","bronze:MakeshiftBattery","CeramicFish","StrikeDummy","Mercury Hourglass","sneckomod:SneckoTalon","Mummified Hand","Shovel","Centennial Puzzle","HornCleat","Akabeko"],"acts_visited":["Exordium","TheCity","TheBeyond"],"potions_floor_usage":[20,27,27,29,45,49],"damage_taken":[{"damage":1.0,"enemies":"Cultist","floor":2.0,"turns":3.0},{"damage":1.0,"enemies":"2 Louse","floor":3.0,"turns":2.0},{"damage":5.0,"enemies":"Small Slimes","floor":4.0,"turns":4.0},{"damage":2.0,"enemies":"Blue Slaver","floor":8.0,"turns":2.0},{"damage":0.0,"enemies":"Lots of Slimes","floor":9.0,"turns":1.0},{"damage":0.0,"enemies":"Lagavulin","floor":11.0,"turns":2.0},{"damage":0.0,"enemies":"3 Louse","floor":13.0,"turns":1.0},{"damage":2.0,"enemies":"downfall:FleeingMerchant","floor":14.0,"turns":4.0},{"damage":0.0,"enemies":"Large Slime","floor":15.0,"turns":2.0},{"damage":35.0,"enemies":"IC_STATUS_ARCHETYPE","floor":16.0,"turns":5.0},{"damage":2,"enemies":"Spheric Guardian","floor":19,"turns":3},{"damage":5,"enemies":"Centurion and Healer","floor":20,"turns":3},{"damage":0,"enemies":"Cultist and Chosen","floor":21,"turns":4},{"damage":6,"enemies":"Sentry and Sphere","floor":23,"turns":4},{"damage":9,"enemies":"3 Cultists","floor":26,"turns":4},{"damage":28,"enemies":"Book of Stabbing","floor":27,"turns":5},{"damage":18,"enemies":"Centurion and Healer","floor":28,"turns":4},{"damage":4,"enemies":"Shelled Parasite and Fungi","floor":29,"turns":4},{"damage":10,"enemies":"Chosen and Byrds","floor":31,"turns":4},{"damage":0,"enemies":"Snake Plant","floor":32,"turns":4},{"damage":4,"enemies":"WA_ARCHETYPE_CALM","floor":33,"turns":11},{"damage":15,"enemies":"Orb Walker","floor":36,"turns":2},{"damage":0,"enemies":"downfall:FleeingMerchant","floor":37,"turns":4},{"damage":0,"enemies":"3 Shapes","floor":38,"turns":2},{"damage":39,"enemies":"Transient","floor":39,"turns":5},{"damage":2,"enemies":"Nemesis","floor":40,"turns":7},{"damage":0,"enemies":"Writhing Mass","floor":42,"turns":6},{"damage":0,"enemies":"Sphere and 2 Shapes","floor":45,"turns":6},{"damage":0,"enemies":"Spire Growth","floor":46,"turns":4},{"damage":20,"enemies":"3 Darklings","floor":48,"turns":4},{"damage":0,"enemies":"Writhing Mass","floor":49,"turns":5},{"damage":54,"enemies":"DF_ARCHETYPE_ORBS","floor":50,"turns":13}],"seed_played":"-8077547097070547792","potions_obtained":[{"floor":8.0,"key":"SpeedPotion"},{"floor":9.0,"key":"Energy Potion"},{"floor":10.0,"key":"Block Potion"},{"floor":11.0,"key":"Weak Potion"},{"floor":23,"key":"Weak Potion"},{"floor":29,"key":"BlessingOfTheForge"},{"floor":33,"key":"GamblersBrew"},{"floor":36,"key":"Ancient Potion"},{"floor":38,"key":"CultistPotion"},{"floor":42,"key":"Regen Potion"},{"floor":45,"key":"Swift Potion"},{"floor":46,"key":"bronze:CleanCodePotion"},{"floor":49,"key":"Fruit Juice"}],"is_trial":false,"path_per_floor":["R","M","M","M","?","?","T","M","M","?","E","R","M","$","M","B",null,"R","M","M","M","?","M","T","R","M","E","M","M","R","M","M","B",null,"R","M","$","M","M","E","T","M","?","R","M","M","R","M","M","B"],"character_chosen":"THE_AUTOMATON","items_purchased":["bronze:Assembly","Mummified Hand"],"campfire_rested":2,"item_purchase_floors":[14,37],"current_hp_per_floor":[77,76,75,70,70,67,67,65,67,67,67,67,67,65,67,32,67,67,65,62,64,64,60,60,60,53,27,11,9,29,21,23,21,67,67,52,54,56,19,19,19,21,21,41,58,60,60,42,49,0,0,0],"gold":351,"neow_bonus":"TEN_PERCENT_HP_BONUS","is_daily":false,"chose_seed":false,"campfire_upgraded":5,"win_rate":0.0,"timestamp":1611719201,"path_taken":["R","M","M","M","?","?","T","M","M","?","E","R","M","$","M","BOSS","R","M","M","M","?","M","T","R","M","E","M","M","R","M","M","BOSS","R","M","$","M","M","E","T","M","?","R","M","M","R","M","M","BOSS"],"items_purchased_type":["Card","Relic"],"build_version":"2020-12-22","purchased_purges":2,"victory":false,"max_hp_per_floor":[77,77,77,77,77,67,67,67,67,67,67,67,67,67,67,67,67,67,67,67,67,67,67,67,67,67,67,67,67,67,67,67,67,67,67,67,67,67,67,67,67,67,67,67,67,67,67,67,72,72,72,72],"card_choices":[{"not_picked":["bronze:Shield","bronze:BugBarrage"],"picked":"bronze:WildBeam","floor":2.0},{"not_picked":["bronze:Overheat","bronze:Invalidate"],"picked":"bronze:Flail","floor":3.0},{"not_picked":["bronze:Deprecate","bronze:WildBeam"],"picked":"bronze:Branch","floor":4.0},{"not_picked":["bronze:Overheat","bronze:OilSpill"],"picked":"bronze:Virus","floor":8.0},{"not_picked":["bronze:OilSpill","bronze:BuggyMess"],"picked":"bronze:Backtrace","floor":9.0},{"not_picked":["bronze:Deprecate","bronze:Allocate","bronze:NullPointer"],"picked":"SKIP","floor":11.0},{"not_picked":["bronze:CutThrough","bronze:ChosenStrike","bronze:Iterate"],"picked":"SKIP","floor":13.0},{"not_picked":["bronze:Turbo","bronze:Philosophize","bronze:BitShift"],"picked":"SKIP","floor":14.0},{"not_picked":["bronze:ForLoop","bronze:Shield"],"picked":"bronze:ShipIt","floor":15.0},{"not_picked":["bronze:SpaghettiCode","bronze:Assembly"],"picked":"bronze:HardenedForm","floor":16.0},{"not_picked":["bronze:BronzeArmor","bronze:BuggyMess"],"picked":"bronze:CutThrough+1","floor":19},{"not_picked":["bronze:Allocate","bronze:Boost"],"picked":"bronze:Overheat+1","floor":20},{"not_picked":["bronze:OilSpill","bronze:Shell"],"picked":"bronze:ClassDefault","floor":21},{"not_picked":["bronze:BronzeOrb","bronze:BronzeArmor"],"picked":"bronze:FineTuning+1","floor":23},{"not_picked":["bronze:BugBarrage","bronze:OilSpill"],"picked":"bronze:BronzeArmor","floor":26},{"not_picked":["bronze:Iterate","bronze:BronzeOrb"],"picked":"bronze:CleanCode","floor":27},{"not_picked":["bronze:BuggyMess+1","bronze:Invalidate"],"picked":"bronze:ForceShield","floor":28},{"not_picked":["bronze:CloningBeam","bronze:Branch"],"picked":"bronze:Frontload+1","floor":29},{"not_picked":["bronze:ChosenStrike+1","bronze:FineTuning"],"picked":"bronze:Shell","floor":31},{"not_picked":["bronze:Allocate","bronze:Overheat+1"],"picked":"bronze:ChildClass+1","floor":32},{"not_picked":["bronze:Format","bronze:ThunderWave"],"picked":"bronze:HyperBeam","floor":33},{"not_picked":["bronze:DelayedSlice","bronze:Iterate+1"],"picked":"bronze:NullPointer+1","floor":36},{"not_picked":["bronze:Optimize+1","bronze:OilSpill+1"],"picked":"bronze:Shell+1","floor":37},{"not_picked":["bronze:CutThrough","bronze:BitShift+1"],"picked":"bronze:WhirlingStrike+1","floor":38},{"not_picked":["bronze:Frontload","bronze:WildBeam+1"],"picked":"bronze:Shield+1","floor":39},{"not_picked":["bronze:DigitalCarnage","bronze:BronzeArmor","bronze:BugBarrage+1"],"picked":"SKIP","floor":40},{"not_picked":["bronze:DigitalCarnage+1","bronze:Iterate","bronze:Backtrace"],"picked":"SKIP","floor":42},{"not_picked":["expansioncontent:PolyBeam","expansioncontent:PrepareCrush"],"picked":"expansioncontent:GuardianWhirl","floor":43},{"not_picked":["bronze:WhirlingStrike+1","bronze:Overheat"],"picked":"bronze:BitShift","floor":45},{"not_picked":["bronze:Flail","bronze:Overheat+1"],"picked":"bronze:Backtrace+1","floor":46},{"not_picked":["bronze:Turbo+1","bronze:Optimize"],"picked":"bronze:ForceShield","floor":48},{"not_picked":["bronze:ThunderWave","bronze:DelayedGuard+1"],"picked":"bronze:Frontload+1","floor":49}],"player_experience":1484895,"relics_obtained":[{"floor":7.0,"key":"Blood Vial"},{"floor":11.0,"key":"Matryoshka"},{"floor":24,"key":"CeramicFish"},{"floor":24,"key":"StrikeDummy"},{"floor":27,"key":"Mercury Hourglass"},{"floor":40,"key":"Shovel"},{"floor":41,"key":"Centennial Puzzle"},{"floor":41,"key":"HornCleat"},{"floor":47,"key":"Akabeko"}],"event_choices":[{"cards_removed":["bronze:Strike"],"damage_healed":0.0,"max_hp_gain":0.0,"max_hp_loss":0.0,"gold_gain":0.0,"event_name":"The Cleric","player_choice":"Card Removal","floor":5.0,"gold_loss":0.0,"damage_taken":0.0}],"is_beta":false,"boss_relics":[{"not_picked":["Busted Crown","Calling Bell"],"picked":"bronze:MakeshiftBattery"},{"not_picked":["Velvet Choker","SacredBark"],"picked":"sneckomod:SneckoTalon"}],"items_purged_floors":[14,37],"is_endless":false,"potions_floor_spawned":[8,9,11,16,19,23,29,33,36,38,42,45,46,49],"killed_by":"DF_ARCHETYPE_ORBS","ascension_level":0}}