{"host":"b4vwm7jq6jdk6nca","time":1611734253,"event":{"mods":["Act Like it!","BaseMod","Hermit","Minty Spire (QoL Compilation)","Pale of the Ancients","Quick Restart","Relic Filter Mod","Spicy Shops","StSLib","TestMod","The Cursed","Wide Potions","[IsaacMod]以撒尖塔"],"gold_per_floor":[114,114,49,149,324,358,31,31,57,57,88,88,152,169,169,277,277,299,299,299,315,315,355,355,390,390,423,448,471,508,508,508,623,623,643,658,691,691,691,691,693,693],"floor_reached":41,"language":"ZHS","playtime":2105,"items_purged":["hermit:Strike_Hermit","Doubt"],"score":609,"play_id":"297945a5-4023-4f5f-b64b-896e8869578c","local_time":"20210127155733","is_ascension_mode":true,"campfire_choices":[{"data":"EpicFetus","floor":8.0,"key":"SMITH"},{"data":"hermit:PistolWhip","floor":10.0,"key":"SMITH"},{"data":"hermit:Showdown","floor":12.0,"key":"SMITH"},{"data":"hermit:WideOpen","floor":15.0,"key":"SMITH"},{"data":"hermit:Determination","floor":24.0,"key":"SMITH"},{"data":"hermit:Roughhouse","floor":32.0,"key":"SMITH"},{"floor":40,"key":"RECALL"}],"circlet_count":0,"master_deck":["hermit:Strike_Hermit","hermit:Strike_Hermit","hermit:Defend_Hermit","hermit:Defend_Hermit","hermit:Defend_Hermit","hermit:Snapshot","hermit:Covet","EpicFetus+1","hermit:WideOpen+1","hermit:PistolWhip+1","hermit:Gestalt","hermit:Determination+1","hermit:Showdown+1","hermit:Virtue","hermit:Adapt","hermit:ItchyTrigger","hermit:Roughhouse+1","hermit:PistolWhip","hermit:RoundhouseKick","hermit:DeadOrAlive+1","hermit:BodyArmor","Madness","Madness"],"relics":["hermit:Momento","testmod-TestBox","HushsDoor","SteamSale","testmod-DeterminationOfClimber","NeowsBlessing","Ice Cream","Pear","D6","HowToJump","Philosopher\u0027s Stone","testmod-EqualTreatment","Gremlin Horn","HornCleat","Meat on the Bone","Matryoshka","Coffee Dripper","SatanicBible","Damocles","Mummified Hand","TheBible","Orichalcum"],"acts_visited":["Exordium","TheCity","TheBeyond"],"potions_floor_usage":[41],"damage_taken":[{"damage":0.0,"enemies":"Cultist","floor":1.0,"turns":1.0},{"damage":0.0,"enemies":"Lagavulin","floor":6.0,"turns":1.0},{"damage":0.0,"enemies":"3 Sentries","floor":11.0,"turns":1.0},{"damage":0.0,"enemies":"Gremlin Nob","floor":13.0,"turns":2.0},{"damage":6.0,"enemies":"Jaw Worm","floor":14.0,"turns":2.0},{"damage":42.0,"enemies":"Hexaghost","floor":16.0,"turns":4.0},{"damage":2.0,"enemies":"Chosen","floor":18.0,"turns":3.0},{"damage":9.0,"enemies":"Shell Parasite","floor":21.0,"turns":2.0},{"damage":4.0,"enemies":"Book of Stabbing","floor":23.0,"turns":3.0},{"damage":0.0,"enemies":"Gremlin Leader","floor":25.0,"turns":3.0},{"damage":0.0,"enemies":"Snecko","floor":27.0,"turns":2.0},{"damage":7.0,"enemies":"Snake Plant","floor":28.0,"turns":3.0},{"damage":3.0,"enemies":"Centurion and Healer","floor":29.0,"turns":3.0},{"damage":17.0,"enemies":"Book of Stabbing","floor":30.0,"turns":3.0},{"damage":0.0,"enemies":"Collector","floor":33.0,"turns":3.0},{"damage":4.0,"enemies":"3 Shapes","floor":35.0,"turns":2.0},{"damage":0.0,"enemies":"3 Darklings","floor":36.0,"turns":1.0},{"damage":0.0,"enemies":"Maw","floor":37.0,"turns":2.0},{"damage":0,"enemies":"2 Orb Walkers","floor":41,"turns":1}],"seed_played":"-2424573529863944283","potions_obtained":[{"floor":14.0,"key":"Strength Potion"},{"floor":21.0,"key":"Dexterity Potion"},{"floor":33.0,"key":"hermit:Tonic"}],"is_trial":false,"path_per_floor":["M","?","$","?","?","E","$","R","T","R","E","R","?","M","R","B",null,"M","?","T","M","?","E","R","E","T","M","M","M","E","?","R","B",null,"M","M","M","?","?","R","?"],"character_chosen":"HERMIT","items_purchased":["hermit:PistolWhip","Ice Cream","Pear","SatanicBible","Damocles","testmod-EscapePotion"],"campfire_rested":0,"item_purchase_floors":[3,7,7,34,34,34],"current_hp_per_floor":[75,75,75,75,75,75,85,85,85,85,85,85,85,80,80,44,85,85,69,69,66,66,71,71,80,80,90,83,89,82,82,82,90,66,66,66,66,66,58,58,0,0],"gold":693,"neow_bonus":"THREE_ENEMY_KILL","is_daily":false,"chose_seed":false,"campfire_upgraded":6,"win_rate":0.0,"timestamp":1611734253,"path_taken":["M","?","$","?","?","E","$","R","T","R","E","R","?","M","R","BOSS","M","?","?","?","?","E","R","E","T","M","M","M","E","?","R","BOSS","M","M","?","?","?","R","?"],"items_purchased_type":["Card","Relic","Relic","Relic","Relic","Potion"],"build_version":"2020-12-22","purchased_purges":2,"victory":false,"max_hp_per_floor":[75,75,75,75,75,75,85,85,85,85,85,85,85,85,85,85,85,85,90,90,90,90,90,90,90,90,90,90,90,90,90,90,90,66,66,66,66,66,66,66,66,66],"card_choices":[{"not_picked":[],"picked":"EpicFetus","floor":0.0},{"not_picked":["hermit:Vantage","hermit:DeadMansHand"],"picked":"hermit:WideOpen","floor":1.0},{"not_picked":["hermit:Coalescence","hermit:Manifest"],"picked":"hermit:Gestalt","floor":4.0},{"not_picked":["hermit:CalledShot","hermit:LowProfile"],"picked":"hermit:Determination","floor":6.0},{"not_picked":["hermit:Dive","hermit:TakeCover"],"picked":"hermit:Showdown","floor":11.0},{"not_picked":["hermit:FlashPowder","hermit:NoHoldsBarred"],"picked":"hermit:Virtue","floor":14.0},{"not_picked":["hermit:Gambit","hermit:Magnum"],"picked":"hermit:Adapt","floor":16.0},{"not_picked":["hermit:GoldenBullet","hermit:Vantage","hermit:Gestalt"],"picked":"SKIP","floor":18.0},{"not_picked":["hermit:Shortfuse","hermit:Coalescence","hermit:Brawl"],"picked":"SKIP","floor":21.0},{"not_picked":["hermit:Horror","hermit:Virtue","hermit:BigShot"],"picked":"SKIP","floor":23.0},{"not_picked":["hermit:CalledShot","hermit:Spite+1","hermit:Desperado"],"picked":"SKIP","floor":25.0},{"not_picked":["hermit:Headshot","hermit:Combo","hermit:TrackingShot+1"],"picked":"SKIP","floor":27.0},{"not_picked":["hermit:Roulette+1","hermit:Vantage"],"picked":"hermit:ItchyTrigger","floor":28.0},{"not_picked":["hermit:SprayPray+1","hermit:LowProfile","hermit:Headshot+1"],"picked":"SKIP","floor":29.0},{"not_picked":["hermit:HoleUp","hermit:Glare"],"picked":"hermit:Roughhouse","floor":30.0},{"not_picked":["hermit:Adapt","hermit:FinalCanter"],"picked":"hermit:DeadOrAlive","floor":33.0},{"not_picked":["hermit:Desperado+1","hermit:LowProfile"],"picked":"hermit:BodyArmor","floor":35.0},{"not_picked":["hermit:LuckOfTheDraw+1","hermit:CalledShot","hermit:BlackWind"],"picked":"SKIP","floor":36.0},{"not_picked":["hermit:Dive","hermit:Vantage","hermit:Horror"],"picked":"SKIP","floor":37.0}],"player_experience":320639,"relics_obtained":[{"floor":11.0,"key":"D6"},{"floor":13.0,"key":"HowToJump"},{"floor":20.0,"key":"testmod-EqualTreatment"},{"floor":23.0,"key":"Gremlin Horn"},{"floor":25.0,"key":"HornCleat"},{"floor":26.0,"key":"Meat on the Bone"},{"floor":30.0,"key":"Matryoshka"},{"floor":35.0,"key":"Mummified Hand"},{"floor":36.0,"key":"TheBible"},{"floor":37.0,"key":"Orichalcum"}],"event_choices":[{"damage_healed":0.0,"max_hp_gain":0.0,"max_hp_loss":0.0,"gold_gain":0.0,"event_name":"给自己的盒子","player_choice":"Swap Relic","floor":2.0,"relics_lost":["testmod-Nyarlathotep"],"gold_loss":0.0,"damage_taken":0.0,"relics_obtained":["testmod-Nyarlathotep"]},{"damage_healed":0.0,"max_hp_gain":0.0,"max_hp_loss":0.0,"gold_gain":175.0,"event_name":"Liars Game","player_choice":"AGREE","floor":5.0,"gold_loss":0.0,"damage_taken":0.0,"cards_obtained":["Doubt"]},{"damage_healed":0.0,"max_hp_gain":0.0,"max_hp_loss":0.0,"gold_gain":30.0,"event_name":"Dead Adventurer","player_choice":"Searched \u00273\u0027 times","floor":13.0,"gold_loss":0.0,"damage_taken":0.0},{"damage_healed":0.0,"max_hp_gain":5.0,"max_hp_loss":0.0,"gold_gain":0.0,"event_name":"Forgotten Altar","player_choice":"Shed Blood","floor":19.0,"gold_loss":0.0,"damage_taken":21.0},{"damage_healed":0.0,"max_hp_gain":0.0,"max_hp_loss":0.0,"gold_gain":0.0,"cards_transformed":["hermit:Defend_Hermit","hermit:Strike_Hermit"],"event_name":"Drug Dealer","player_choice":"Became Test Subject","floor":31.0,"gold_loss":0.0,"damage_taken":0.0,"cards_obtained":["hermit:PistolWhip","hermit:RoundhouseKick"]},{"damage_healed":0.0,"max_hp_gain":0.0,"max_hp_loss":0.0,"gold_gain":0.0,"event_name":"Upgrade Shrine","player_choice":"Upgraded","floor":38.0,"gold_loss":0.0,"damage_taken":0.0,"cards_upgraded":["hermit:DeadOrAlive"]},{"damage_healed":0.0,"max_hp_gain":0.0,"max_hp_loss":0.0,"gold_gain":0.0,"event_name":"Winding Halls","player_choice":"Embrace Madness","floor":39.0,"gold_loss":0.0,"damage_taken":8.0,"cards_obtained":["Madness","Madness"]},{"damage_healed":0,"gold_gain":0,"player_choice":"Fight","damage_taken":0,"max_hp_gain":0,"max_hp_loss":0,"event_name":"Mysterious Sphere","floor":41,"gold_loss":0}],"is_beta":false,"boss_relics":[{"not_picked":["testmod-HarvestTotem","Velvet Choker"],"picked":"Philosopher\u0027s Stone"},{"not_picked":[]},{"not_picked":["testmod-BatchProcessingSystem","Cursed Key"],"picked":"Coffee Dripper"},{"not_picked":[]}],"items_purged_floors":[3,7],"is_endless":false,"potions_floor_spawned":[14,21,25,33,37],"killed_by":"2 Orb Walkers","ascension_level":1}}