{"host":"ELF","time":1611722401,"event":{"mods":["BaseMod","Bestiary","Minty Spire (QoL Compilation)","Relic Stats","Slay the Relics Exporter"],"gold_per_floor":[119,134,209,209,209,243,243,243,243,80,80,121,3,18,18,112,112,126,126,165,181,17,56,56,92,92,92,92,105,130,130,130],"floor_reached":31,"language":"ENG","playtime":2234,"items_purged":[],"score":593,"play_id":"84a26e87-3947-441d-bbec-f05d0cf44cc2","local_time":"20210126224001","is_ascension_mode":true,"campfire_choices":[{"data":"Rupture","floor":7.0,"key":"SMITH"},{"floor":11.0,"key":"REST"},{"data":"Perfected Strike","floor":15.0,"key":"SMITH"},{"floor":24,"key":"REST"},{"floor":28,"key":"REST"}],"circlet_count":0,"master_deck":["AscendersBane","Strike_R+1","Strike_R+1","Strike_R+1","Strike_R+1","Strike_R+1","Defend_R+1","Defend_R+1","Defend_R+1","Defend_R+1","Bash","Perfected Strike+1","Rupture+1","Pummel","Inflame","Combust","Power Through+1","Anger","Brutality","Seeing Red+1","Shrug It Off+1","Blood for Blood","Armaments+1","Shrug It Off+1","J.A.X.+1","Bloodletting+1","True Grit+1"],"relics":["Burning Blood","NeowsBlessing","Golden Idol","Mango","StrikeDummy","Toxic Egg 2","Boot","Eternal Feather","Runic Dome","Red Mask","Frozen Eye","Red Skull","Oddly Smooth Stone","Gambling Chip"],"acts_visited":["Exordium","TheCity"],"potions_floor_usage":[16,25,30,31,31,31],"damage_taken":[{"damage":0.0,"enemies":"Cultist","floor":1.0,"turns":1.0},{"damage":0.0,"enemies":"2 Louse","floor":2.0,"turns":1.0},{"damage":0.0,"enemies":"3 Sentries","floor":6.0,"turns":2.0},{"damage":32.0,"enemies":"Gremlin Nob","floor":12.0,"turns":4.0},{"damage":8.0,"enemies":"Small Slimes","floor":14.0,"turns":2.0},{"damage":35,"enemies":"Slime Boss","floor":16,"turns":5},{"damage":6,"enemies":"Chosen","floor":18,"turns":4},{"damage":41,"enemies":"Masked Bandits","floor":20,"turns":5},{"damage":8,"enemies":"Spheric Guardian","floor":21,"turns":4},{"damage":31,"enemies":"Book of Stabbing","floor":23,"turns":4},{"damage":30,"enemies":"Slavers","floor":25,"turns":4},{"damage":28,"enemies":"Centurion and Healer","floor":29,"turns":4},{"damage":15,"enemies":"Snecko","floor":30,"turns":4},{"damage":39,"enemies":"Gremlin Leader","floor":31,"turns":2}],"seed_played":"5556391715421479217","potions_obtained":[{"floor":12.0,"key":"DistilledChaos"},{"floor":14.0,"key":"Swift Potion"},{"floor":20,"key":"Block Potion"},{"floor":23,"key":"Dexterity Potion"},{"floor":25,"key":"EntropicBrew"}],"is_trial":false,"path_per_floor":["M","M","?","?","?","E","R","?","T","$","R","E","$","M","R","B",null,"M","?","?","M","$","E","R","E","T","?","R","M","M","E"],"character_chosen":"IRONCLAD","items_purchased":["Boot","Combust","Power Through+1","Frozen Eye"],"campfire_rested":3,"item_purchase_floors":[10,13,13,22],"current_hp_per_floor":[74,75,64,38,34,40,40,40,40,40,66,40,40,38,47,18,71,71,71,36,34,34,9,47,23,23,23,64,42,33,0,0],"gold":130,"neow_bonus":"THREE_ENEMY_KILL","is_daily":false,"chose_seed":false,"campfire_upgraded":2,"win_rate":0.0,"timestamp":1611722401,"path_taken":["M","?","?","?","?","E","R","?","T","?","R","E","$","M","R","BOSS","M","?","?","M","$","E","R","E","T","?","R","M","M","E"],"items_purchased_type":["Relic","Card","Card","Relic"],"build_version":"2020-12-18","purchased_purges":0,"victory":false,"max_hp_per_floor":[75,75,75,75,89,89,89,89,89,89,89,89,89,89,89,89,89,89,89,89,89,89,89,89,89,89,89,89,89,89,89,89],"relic_stats":{"counters":[14,46],"Golden Idol":74,"Gambling Chip":[9],"Eternal Feather":36,"Boot":[44],"obtain_stats":[{"NeowsBlessing":0,"Golden Idol":4,"Oddly Smooth Stone":25,"Mango":5,"Eternal Feather":12,"Boot":10,"Burning Blood":0,"Runic Dome":17,"Frozen Eye":22,"Gambling Chip":26,"Red Mask":20,"Toxic Egg 2":9,"StrikeDummy":6,"Red Skull":23},{"NeowsBlessing":0,"Golden Idol":2,"Oddly Smooth Stone":11,"Mango":2,"Eternal Feather":4,"Boot":3,"Burning Blood":0,"Runic Dome":6,"Frozen Eye":9,"Gambling Chip":11,"Red Mask":8,"Toxic Egg 2":3,"StrikeDummy":3,"Red Skull":10},{"NeowsBlessing":0,"Golden Idol":2,"Oddly Smooth Stone":36,"Mango":2,"Eternal Feather":8,"Boot":4,"Burning Blood":0,"Runic Dome":15,"Frozen Eye":28,"Gambling Chip":36,"Red Mask":24,"Toxic Egg 2":4,"StrikeDummy":4,"Red Skull":32}],"Burning Blood":73},"card_choices":[{"not_picked":["Clothesline","Armaments"],"picked":"Perfected Strike","floor":1.0},{"not_picked":["Sword Boomerang","Warcry"],"picked":"Rupture","floor":2.0},{"not_picked":["Rage","Flex"],"picked":"Pummel","floor":6.0},{"not_picked":["Heavy Blade","Infernal Blade+1"],"picked":"Inflame","floor":12.0},{"not_picked":["Headbutt","Iron Wave"],"picked":"Anger","floor":14.0},{"not_picked":["Barricade","Reaper"],"picked":"Brutality","floor":16},{"not_picked":["Sentinel+1","Dropkick"],"picked":"Seeing Red+1","floor":18},{"not_picked":["Body Slam","Evolve+1"],"picked":"Shrug It Off+1","floor":20},{"not_picked":["Headbutt","Reckless Charge"],"picked":"Blood for Blood","floor":21},{"not_picked":["Sever Soul","Thunderclap"],"picked":"Armaments+1","floor":23},{"not_picked":["Sentinel+1","Seeing Red+1"],"picked":"Shrug It Off+1","floor":25},{"not_picked":["Shrug It Off+1","Searing Blow+1"],"picked":"Bloodletting+1","floor":29},{"not_picked":["Havoc+1","Wild Strike"],"picked":"True Grit+1","floor":30}],"player_experience":3317213,"relics_obtained":[{"floor":6.0,"key":"StrikeDummy"},{"floor":9.0,"key":"Toxic Egg 2"},{"floor":12.0,"key":"Eternal Feather"},{"floor":20,"key":"Red Mask"},{"floor":23,"key":"Red Skull"},{"floor":25,"key":"Oddly Smooth Stone"},{"floor":26,"key":"Gambling Chip"}],"event_choices":[{"damage_healed":0.0,"max_hp_gain":0.0,"max_hp_loss":0.0,"gold_gain":75.0,"event_name":"World of Goop","player_choice":"Gather Gold","floor":3.0,"gold_loss":0.0,"damage_taken":11.0},{"damage_healed":0.0,"max_hp_gain":0.0,"max_hp_loss":0.0,"gold_gain":0.0,"event_name":"Golden Idol","player_choice":"Take Damage","floor":4.0,"gold_loss":0.0,"damage_taken":26.0,"relics_obtained":["Golden Idol"]},{"damage_healed":0.0,"max_hp_gain":0.0,"max_hp_loss":0.0,"gold_gain":0.0,"event_name":"Scrap Ooze","player_choice":"Success","floor":5.0,"gold_loss":0.0,"damage_taken":18.0,"relics_obtained":["Mango"]},{"damage_healed":0.0,"max_hp_gain":0.0,"max_hp_loss":0.0,"gold_gain":0.0,"event_name":"Dead Adventurer","player_choice":"Searched \u00270\u0027 times","floor":8.0,"gold_loss":0.0,"damage_taken":0.0},{"damage_healed":0,"gold_gain":0,"player_choice":"Simplicity","damage_taken":0,"max_hp_gain":0,"max_hp_loss":0,"event_name":"Back to Basics","floor":19,"gold_loss":0,"cards_upgraded":["Strike_R","Strike_R","Strike_R","Strike_R","Strike_R","Defend_R","Defend_R","Defend_R","Defend_R"]},{"damage_healed":0,"gold_gain":0,"player_choice":"Fought Bandits","damage_taken":0,"max_hp_gain":0,"max_hp_loss":0,"event_name":"Masked Bandits","floor":20,"gold_loss":0},{"damage_healed":0,"gold_gain":0,"player_choice":"Obtain J.A.X.","damage_taken":0,"max_hp_gain":0,"max_hp_loss":0,"event_name":"Drug Dealer","floor":27,"gold_loss":0,"cards_obtained":["J.A.X."]}],"is_beta":true,"boss_relics":[{"not_picked":["Astrolabe","Sozu"],"picked":"Runic Dome"}],"items_purged_floors":[],"is_endless":false,"potions_floor_spawned":[12,14,20,23,25],"killed_by":"Gremlin Leader","ascension_level":19}}