{"host":"j9ki0s1dicmcfq9y","time":1611776885,"event":{"mods":["BaseMod","Minty Spire (QoL Compilation)","Shade Mod","StSLib"],"gold_per_floor":[115,128,46,46,66,66,66,125,125,138,149,149,324,343,343,447,447,465,380,380,397,407,407,407],"floor_reached":23,"language":"ENG","playtime":1493,"items_purged":[],"score":183,"play_id":"a0f8b981-b1a5-4742-aa42-d59f346474d0","local_time":"20210127144805","is_ascension_mode":false,"campfire_choices":[{"data":"Shade:AnimateDead","floor":6,"key":"SMITH"},{"data":"Shade:Brains","floor":12,"key":"SMITH"},{"floor":15,"key":"REST"}],"circlet_count":0,"master_deck":["Shade:Strike_Shade","Shade:Strike_Shade","Shade:Strike_Shade","Shade:Strike_Shade","Shade:Defend_Shade","Shade:Defend_Shade","Shade:Defend_Shade","Shade:Defend_Shade","Shade:AnimateDead+1","Shade:CarefulCut","Shade:FingerOfDeath","Shade:FingerOfDeath","Shade:PotionOfRestlessness","Regret","Shade:Brains+1","Shade:Trample","Doubt","Shade:Putrefaction","Shade:SpectralStrikes","Shade:AuraOfUnlife","Shade:FreshBones"],"relics":["Shade:YorickPolishedSkull","Happy Flower","Kunai","Toy Ornithopter","Blood Vial"],"acts_visited":["Exordium","TheCity"],"potions_floor_usage":[23,23,23],"damage_taken":[{"damage":0,"enemies":"Jaw Worm","floor":1,"turns":4},{"damage":0,"enemies":"Small Slimes","floor":2,"turns":3},{"damage":2,"enemies":"2 Louse","floor":5,"turns":2},{"damage":20,"enemies":"Lagavulin Event","floor":8,"turns":4},{"damage":2,"enemies":"2 Fungi Beasts","floor":10,"turns":3},{"damage":0,"enemies":"3 Louse","floor":11,"turns":2},{"damage":0,"enemies":"Large Slime","floor":14,"turns":5},{"damage":44,"enemies":"Hexaghost","floor":16,"turns":11},{"damage":28,"enemies":"Shell Parasite","floor":18,"turns":8},{"damage":6,"enemies":"Chosen","floor":21,"turns":5},{"damage":8,"enemies":"Snake Plant","floor":22,"turns":4},{"damage":51,"enemies":"Slavers","floor":23,"turns":3}],"seed_played":"-6347556583121847735","potions_obtained":[{"floor":1,"key":"EssenceOfSteel"},{"floor":2,"key":"SmokeBomb"},{"floor":14,"key":"PowerPotion"},{"floor":16,"key":"Energy Potion"}],"is_trial":false,"path_per_floor":["M","M","$","?","M","R","?","?","T","M","M","R","?","M","R","B",null,"M","?","?","M","M","E"],"character_chosen":"SHADE","items_purchased":["Shade:PotionOfRestlessness"],"campfire_rested":1,"item_purchase_floors":[3],"current_hp_per_floor":[71,71,71,71,69,69,69,49,49,47,47,47,47,47,68,24,71,43,43,43,39,33,0,0],"gold":407,"neow_bonus":"TEN_PERCENT_HP_BONUS","is_daily":false,"chose_seed":false,"campfire_upgraded":2,"win_rate":0.0,"timestamp":1611776885,"path_taken":["M","M","$","?","M","R","?","?","T","M","M","R","?","M","R","BOSS","M","?","?","M","M","E"],"items_purchased_type":["Card"],"build_version":"2020-12-22","purchased_purges":0,"victory":false,"max_hp_per_floor":[71,71,71,71,71,71,71,71,71,71,71,71,71,71,71,71,71,71,71,71,71,71,71,71],"card_choices":[{"not_picked":["Shade:GoDigging","Shade:SkeletonHug"],"picked":"Shade:FingerOfDeath","floor":1},{"not_picked":["Shade:Haruspicy","Shade:DangerousRitual"],"picked":"Shade:FingerOfDeath","floor":2},{"not_picked":["Shade:FingerOfDeath","Shade:SkeletonHug","Shade:FleshLikeOak"],"picked":"SKIP","floor":5},{"not_picked":["Shade:FleshOffering","Shade:ExtraLimbs"],"picked":"Shade:Brains","floor":8},{"not_picked":["Shade:ExtraLimbs","Shade:Frenzy"],"picked":"Shade:Trample","floor":10},{"not_picked":["Shade:SoulToxin","Shade:OminousRitual","Shade:SkeletonHug"],"picked":"SKIP","floor":11},{"not_picked":["Shade:SkeletonHug","Shade:GreyBargain","Shade:DangerousRitual"],"picked":"SKIP","floor":14},{"not_picked":["Shade:OminousRitual","Shade:DarkOfNight"],"picked":"Shade:Putrefaction","floor":16},{"not_picked":["Shade:GreyBargain","Shade:SkeletonArmy+1"],"picked":"Shade:SpectralStrikes","floor":18},{"not_picked":["Shade:AncientSpear","Shade:ScuttlingHand+1"],"picked":"Shade:AuraOfUnlife","floor":21},{"not_picked":["Shade:GreyBargain+1","Shade:FingerOfDeath+1"],"picked":"Shade:FreshBones","floor":22}],"player_experience":633092,"relics_obtained":[{"floor":8,"key":"Kunai"}],"event_choices":[{"damage_healed":0,"gold_gain":0,"player_choice":"Box","damage_taken":0,"relics_obtained":["Happy Flower"],"max_hp_gain":0,"max_hp_loss":0,"event_name":"Big Fish","floor":4,"gold_loss":0,"cards_obtained":["Regret"]},{"damage_healed":0,"gold_gain":0,"player_choice":"Leave","damage_taken":0,"max_hp_gain":0,"max_hp_loss":0,"event_name":"The Cleric","floor":7,"gold_loss":0},{"damage_healed":0,"gold_gain":30,"player_choice":"Searched \u00273\u0027 times","damage_taken":0,"max_hp_gain":0,"max_hp_loss":0,"event_name":"Dead Adventurer","floor":8,"gold_loss":0},{"damage_healed":0,"gold_gain":175,"player_choice":"AGREE","damage_taken":0,"max_hp_gain":0,"max_hp_loss":0,"event_name":"Liars Game","floor":13,"gold_loss":0,"cards_obtained":["Doubt"]},{"damage_healed":0,"gold_gain":0,"player_choice":"Obtained Relic","damage_taken":0,"relics_obtained":["Toy Ornithopter"],"max_hp_gain":0,"max_hp_loss":0,"event_name":"Addict","floor":19,"gold_loss":85},{"damage_healed":0,"gold_gain":0,"player_choice":"Opened","damage_taken":0,"relics_obtained":["Blood Vial"],"max_hp_gain":0,"max_hp_loss":0,"event_name":"The Mausoleum","floor":20,"gold_loss":0}],"is_beta":false,"boss_relics":[{"not_picked":["Black Star","Ectoplasm"],"picked":"Shade:YorickPolishedSkull"}],"items_purged_floors":[],"is_endless":false,"potions_floor_spawned":[1,2,14,16,18],"killed_by":"Slavers","ascension_level":0}}