{"host":"juoup3p5tvzzktl5","time":1611739201,"event":{"mods":["Aspiration","BaseMod","Better Vampires","BetterRewards","Colored Map","Colored Powertips","Friendly Minions","GifTheSpireLib","Hermit","Hubris","Infinite Spire","KinomotoSakuraMod(ƒæ÷Æ±æ”£)","Koishi","KomeijiMod","Marisa£®ÏF”Í°°ƒß¿Ì…≥£©","Minty Spire (QoL Compilation)","Quick Restart","Reimu£®≤©¿ˆ¡È√Œ£©","Replay The Spire","Shop Mod","StSLib","The Administrix","The Alterego","The Bug Knight","The Construct","The Cursed","The Jungle","The Mystic","The Runesmith","The Senshi","Youmu£®ªÍ∆«—˝√Œ£©","Yuyuko"],"gold_per_floor":[110,124,49,61,61,61,61,61,61,111,128,160,195,223,241,241,241,318,318,333,333,608,608,626,348,375,404,437,437,437,437,460,460,72,105,117,148,148,158,158,229,229,241,241,258,258,258,269,302,331,357,357,357,2,2,27,362,379,379,458,533,533,537,68,68,84,87,108,108,129,156,156,155,155],"floor_reached":73,"language":"ZHS","playtime":4199,"items_purged":["CutThroughFate","Regret","BowlingBash+1","Replay:BluntJabs","Replay:BluntJabs+1","Fasting2"],"score":2940,"play_id":"58059704-7bea-4cfb-bd32-a4d9b7c06af4","local_time":"20210127182001","daily_mods":["SealedDeck","Flight"],"is_ascension_mode":true,"campfire_choices":[{"data":"Crescendo","floor":7.0,"key":"SMITH"},{"floor":16.0,"key":"DIG"},{"data":"Fasting2","floor":17.0,"key":"SMITH"},{"floor":40.0,"key":"DIG"},{"data":"FlurryOfBlows","floor":55.0,"key":"SMITH"},{"floor":59.0,"key":"DIG"},{"floor":69,"key":"REST"}],"circlet_count":0,"master_deck":["CutThroughFate+1","Fasting2+1","Crescendo+1","InnerPeace+1","Wallop+1","FlurryOfBlows+1","WheelKick+1","FlurryOfBlows+1","Ragnarok+1","ReplayTheSpireMod:Haul+1","DeusExMachina+1","LessonLearned+1","Study+1","Tantrum+1","Omniscience+1","hubris:DuctTapeCard","BowlingBash+1","DeusExMachina+1"],"relics":["PureWater","replay:Trail_Library","ThirstyCross","ReplayFunnel","ReplayTheSpireMod:Shallot","infinitespire:Beetle Shell","Blue Doll","aspiration:FutureDiary","MutagenicStrength","ShirouKen","Philosopher\u0027s Stone","Golden Egg","Mirror","aspiration:DSix","Molten Egg 2","War Paint","infinitespire:Lucky Rock","infinitespire:CheckeredPen","hubris:DuctTape","Yang","The Courier","theSenshi:MoonKaleidoScopeRelic","Pear","infinitespire:Midas Blood","Anchor","hubris:SlimyHat","hubris:MysteriousPyramids","infinitespire:Joker Card","hubris:CrystalStatue","Old Coin","SlaversCollar","OrangePellets","Garlic","hubris:MedicalManual","Odd Mushroom","Gambling Chip","BranchBurnRelic","Pondfish Scales","hubris:OldNail","Iron Hammer"],"acts_visited":["Exordium","TheCity","TheBeyond","Exordium"],"potions_floor_usage":[73],"damage_taken":[{"damage":3.0,"enemies":"Jaw Worm","floor":1.0,"turns":2.0},{"damage":4.0,"enemies":"Small Slimes","floor":2.0,"turns":2.0},{"damage":0.0,"enemies":"Cultist","floor":4.0,"turns":2.0},{"damage":0.0,"enemies":"Blue Slaver","floor":11.0,"turns":1.0},{"damage":0.0,"enemies":"Gremlin Nob","floor":12.0,"turns":1.0},{"damage":4.0,"enemies":"3 Sentries","floor":13.0,"turns":3.0},{"damage":0.0,"enemies":"Gremlin Nob","floor":14.0,"turns":2.0},{"damage":0.0,"enemies":"Red Slaver","floor":15.0,"turns":1.0},{"damage":0.0,"enemies":"Slime Boss","floor":18.0,"turns":4.0},{"damage":0.0,"enemies":"Spheric Guardian","floor":20.0,"turns":2.0},{"damage":0.0,"enemies":"3 Byrds","floor":24.0,"turns":2.0},{"damage":0.0,"enemies":"Gremlin Leader","floor":26.0,"turns":1.0},{"damage":0.0,"enemies":"Nightmare","floor":27.0,"turns":1.0},{"damage":18.0,"enemies":"Gremlin Leader","floor":28.0,"turns":2.0},{"damage":0.0,"enemies":"Slavers","floor":35.0,"turns":2.0},{"damage":0.0,"enemies":"Snake Plant","floor":36.0,"turns":1.0},{"damage":0.0,"enemies":"Book of Stabbing","floor":37.0,"turns":2.0},{"damage":0.0,"enemies":"Centurion and Healer","floor":39.0,"turns":1.0},{"damage":0.0,"enemies":"Champ","floor":41.0,"turns":2.0},{"damage":0.0,"enemies":"Orb Walker","floor":43.0,"turns":2.0},{"damage":0.0,"enemies":"3 Darklings","floor":45.0,"turns":1.0},{"damage":0.0,"enemies":"Maw","floor":48.0,"turns":1.0},{"damage":0.0,"enemies":"Nightmare","floor":49.0,"turns":1.0},{"damage":0.0,"enemies":"Reptomancer","floor":50.0,"turns":1.0},{"damage":0.0,"enemies":"Giant Head","floor":51.0,"turns":1.0},{"damage":0.0,"enemies":"R_Hoarder","floor":56.0,"turns":3.0},{"damage":2.0,"enemies":"Nemesis","floor":57.0,"turns":3.0},{"damage":0.0,"enemies":"Jaw Worm Horde","floor":58.0,"turns":2.0},{"damage":27.0,"enemies":"Replay:Hell Engine","floor":60.0,"turns":2.0},{"damage":37.0,"enemies":"Awakened One","floor":61.0,"turns":3.0},{"damage":0.0,"enemies":"Small Slimes","floor":63.0,"turns":1.0},{"damage":0,"enemies":"The Mushroom Lair","floor":66,"turns":1},{"damage":0,"enemies":"Cultist","floor":67,"turns":1},{"damage":0,"enemies":"Gremlin Nob","floor":68,"turns":1},{"damage":0,"enemies":"Lagavulin","floor":70,"turns":1},{"damage":83,"enemies":"Nightmare_Alpha","floor":73,"turns":2}],"seed_played":"-6653911695642643356","potions_obtained":[{"floor":1.0,"key":"Block Potion"},{"floor":2.0,"key":"ColorlessPotion"},{"floor":9.0,"key":"CalmPotion"},{"floor":11.0,"key":"PowerPotion"},{"floor":15.0,"key":"GamblersBrew"},{"floor":48.0,"key":"Regen Potion"},{"floor":60.0,"key":"DuplicationPotion"},{"floor":63.0,"key":"Fire Potion"},{"floor":70,"key":"FearPotion"}],"is_trial":true,"path_per_floor":["M","M","$","M","?","?","R","?","?","T","M","E","E","E","M","R_BF","R","B",null,"M","?","?","AVR","M","$","E","NM","E","T","PTL","PTL","T","T","$","E","M","E","?","M","R_BF","B",null,"M","?","M","?","?","M","NM","E","E","T","?","$","R","E","E","M","R_BF","B","B",null,"M","$","AVR","?","M","E","R","E","T","T","NM"],"character_chosen":"WATCHER","items_purchased":["Golden Egg","infinitespire:CheckeredPen","infinitespire:Joker Card","OrangePellets","Garlic"],"campfire_rested":1,"item_purchase_floors":[25,34,54,64,64],"current_hp_per_floor":[58,54,54,54,54,54,54,54,54,54,54,54,50,50,50,50,50,50,64,64,64,64,64,64,64,64,64,46,46,46,46,46,46,46,46,46,46,46,46,46,46,63,63,73,73,73,73,73,73,73,73,73,73,73,73,73,72,72,72,45,8,58,58,58,58,58,58,58,74,74,74,74,0,0],"gold":155,"neow_bonus":"","is_daily":false,"chose_seed":false,"campfire_upgraded":3,"win_rate":0.0,"timestamp":1611739201,"path_taken":["M","M","$","M","?","?","R","?","?","T","?","E","E","E","?","R_BF","R","BOSS","M","?","?","AVR","?","?","E","NM","E","T","PTL","PTL","T","T","$","E","M","E","?","?","R_BF","BOSS","M","?","M","?","?","?","NM","E","E","T","?","$","R","E","E","?","R_BF","BOSS","BOSS","M","$","AVR","?","M","E","R","E","T","T","NM"],"items_purchased_type":["Relic","Relic","Relic","Relic","Relic"],"build_version":"2020-12-22","purchased_purges":6,"victory":false,"max_hp_per_floor":[68,68,68,68,68,68,68,68,68,68,68,68,68,68,68,68,68,68,68,68,68,68,68,68,68,68,68,68,68,68,68,68,68,68,68,68,68,68,68,68,68,68,68,78,78,74,74,74,74,74,74,74,74,74,74,74,74,74,74,74,74,74,74,74,74,74,74,74,74,74,74,74,74,74],"card_choices":[{"not_picked":["JustLucky","EmptyFist","FlyingSleeves"],"picked":"SKIP","floor":1.0},{"not_picked":["Replay:ManipulateFuture","JustLucky","Indignation"],"picked":"SKIP","floor":2.0},{"not_picked":["DeceiveReality","ClearTheMind","FollowUp"],"picked":"SKIP","floor":4.0},{"not_picked":["Fasting2","Replay:AtTheReady","Replay:ManipulateFuture"],"picked":"SKIP","floor":11.0},{"not_picked":["ReachHeaven","MasterReality","Establishment"],"picked":"SKIP","floor":12.0},{"not_picked":["Replay:ManipulateFuture","Sanctity","EmptyMind"],"picked":"SKIP","floor":13.0},{"not_picked":["DeceiveReality","EmptyMind","LikeWater"],"picked":"SKIP","floor":14.0},{"not_picked":["Replay:Anticipation","FollowUp","Replay:AtTheReady"],"picked":"SKIP","floor":15.0},{"not_picked":["Vault","Wish"],"picked":"Ragnarok","floor":18.0},{"not_picked":["Consecrate","Halt","Meditate"],"picked":"SKIP","floor":20.0},{"not_picked":["FollowUp","Wireheading","Vengeance+1"],"picked":"SKIP","floor":24.0},{"not_picked":["ReachHeaven","Replay:ManipulateFuture","Replay:Anticipation+1"],"picked":"SKIP","floor":26.0},{"not_picked":["ThirdEye","Protect"],"picked":"DeusExMachina","floor":27.0},{"not_picked":["Crescendo+1","BowlingBash+1"],"picked":"LessonLearned","floor":28.0},{"not_picked":["Worship","Replay:Hum","Crescendo"],"picked":"SKIP","floor":35.0},{"not_picked":["CrushJoints+1","Replay:AtTheReady","CutThroughFate+1"],"picked":"SKIP","floor":36.0},{"not_picked":["Consecrate+1","Pray","Conclude+1"],"picked":"SKIP","floor":37.0},{"not_picked":["JustLucky+1","Replay:AtTheReady","Collect"],"picked":"SKIP","floor":39.0},{"not_picked":["Replay:BluntJabs+1","FlurryOfBlows+1"],"picked":"Adaptation+1","floor":43.0},{"not_picked":["Replay:AtTheReady","EmptyBody","JustLucky+1"],"picked":"SKIP","floor":45.0},{"not_picked":["PathToVictory+1","Replay:Battleflow","ForeignInfluence"],"picked":"SKIP","floor":48.0},{"not_picked":["DeceiveReality","Protect+1"],"picked":"Tantrum+1","floor":49.0},{"not_picked":["EmptyBody","Consecrate+1","Ragnarok+1"],"picked":"SKIP","floor":50.0},{"not_picked":["Perseverance","Replay:BluntJabs+1","Replay:AtTheReady"],"picked":"SKIP","floor":51.0},{"not_picked":["EmptyBody+1","Replay:ManipulateFuture","CrushJoints+1"],"picked":"SKIP","floor":56.0},{"not_picked":["EmptyBody+1","Replay:ManipulateFuture","CrushJoints+1"],"picked":"SKIP","floor":56.0},{"not_picked":["ForeignInfluence","CutThroughFate+1","Replay:Anticipation"],"picked":"SKIP","floor":57.0},{"not_picked":["Halt","FlurryOfBlows+1","Replay:Hum"],"picked":"SKIP","floor":58.0},{"not_picked":["Judgement","Establishment"],"picked":"Omniscience","floor":61.0},{"not_picked":["Protect","SashWhip+1","Evaluate"],"picked":"SKIP","floor":63.0},{"not_picked":["CarveReality+1","WaveOfTheHand"],"picked":"BowlingBash+1","floor":66},{"not_picked":["Replay:Battleflow","Prostrate","JustLucky+1"],"picked":"SKIP","floor":67},{"not_picked":["Blasphemy","Prostrate","PathToVictory"],"picked":"SKIP","floor":68},{"not_picked":["Replay:BluntJabs+1","Weave+1","EmptyFist+1"],"picked":"SKIP","floor":70}],"player_experience":1040721,"relics_obtained":[{"floor":10.0,"key":"ReplayFunnel"},{"floor":12.0,"key":"ReplayTheSpireMod:Shallot"},{"floor":13.0,"key":"infinitespire:Beetle Shell"},{"floor":16.0,"key":"Blue Doll"},{"floor":26.0,"key":"Mirror"},{"floor":28.0,"key":"aspiration:DSix"},{"floor":29.0,"key":"Molten Egg 2"},{"floor":32.0,"key":"War Paint"},{"floor":33.0,"key":"infinitespire:Lucky Rock"},{"floor":35.0,"key":"hubris:DuctTape"},{"floor":37.0,"key":"Yang"},{"floor":40.0,"key":"The Courier"},{"floor":44.0,"key":"Pear"},{"floor":49.0,"key":"infinitespire:Midas Blood"},{"floor":50.0,"key":"Anchor"},{"floor":51.0,"key":"hubris:SlimyHat"},{"floor":52.0,"key":"hubris:MysteriousPyramids"},{"floor":56.0,"key":"hubris:CrystalStatue"},{"floor":57.0,"key":"Old Coin"},{"floor":59.0,"key":"Dead Branch"},{"floor":66,"key":"Odd Mushroom"},{"floor":68,"key":"Gambling Chip"},{"floor":70,"key":"Pondfish Scales"},{"floor":71,"key":"hubris:OldNail"},{"floor":72,"key":"Iron Hammer"}],"event_choices":[{"damage_healed":0.0,"max_hp_gain":0.0,"max_hp_loss":0.0,"gold_gain":0.0,"event_name":"Lab","player_choice":"Got Potions","floor":9.0,"gold_loss":0.0,"damage_taken":0.0},{"damage_healed":0.0,"max_hp_gain":0.0,"max_hp_loss":0.0,"gold_gain":0.0,"event_name":"Drug Dealer","player_choice":"Inject Mutagens","floor":21.0,"gold_loss":0.0,"damage_taken":0.0,"relics_obtained":["MutagenicStrength"]},{"damage_healed":0.0,"max_hp_gain":0.0,"max_hp_loss":0.0,"gold_gain":275.0,"event_name":"Golden Shrine","player_choice":"Desecrate","floor":22.0,"gold_loss":0.0,"damage_taken":0.0,"cards_obtained":["Regret"]},{"damage_healed":0.0,"max_hp_gain":0.0,"max_hp_loss":4.0,"gold_gain":0.0,"event_name":"Winding Halls","player_choice":"Max HP","floor":46.0,"gold_loss":0.0,"damage_taken":0.0},{"damage_healed":0,"gold_gain":0,"player_choice":"Fought Mushrooms","damage_taken":0,"max_hp_gain":0,"max_hp_loss":0,"event_name":"Mushrooms","floor":66,"gold_loss":0}],"is_beta":false,"boss_relics":[{"not_picked":["Velvet Choker","Ectoplasm"],"picked":"aspiration:FutureDiary"},{"not_picked":["hubris:Stopwatch","Runic Pyramid"],"picked":"theSenshi:MoonKaleidoScopeRelic"},{"not_picked":["VioletLotus","Runesmith:UraniumAnvil"],"picked":"SlaversCollar"}],"items_purged_floors":[3,23,34,54,64,65],"is_endless":true,"potions_floor_spawned":[1,2,11,15,26,27,36,37,48,49,50,60,63,70],"killed_by":"Nightmare_Alpha","ascension_level":20}}