{"host":"ttx8tv95o5vka1nm","time":1611733389,"event":{"mods":["AchievementEnabler","BaseMod","Colored Map","Downfall","Infinite Spire","Minty Spire (QoL Compilation)","Replay The Spire","Shop Mod","StSLib","The Jungle"],"gold_per_floor":[114,10,20,20,20,49,49,74,100,113,126,154,172,186,186,286,286,297,23,43,43,87,140,140,140,140,140,170,170,206,243,243,243,243],"floor_reached":33,"language":"ENG","playtime":3060,"items_purged":["Defend_P"],"score":432,"play_id":"6603bec1-8e99-4b3f-8406-c77f8554a5da","local_time":"20210127174309","is_ascension_mode":true,"campfire_choices":[{"data":"Eruption","floor":7,"key":"SMITH"},{"data":"TalkToTheHand","floor":15,"key":"SMITH"},{"floor":25,"key":"REST"},{"floor":29,"key":"REST"},{"floor":32,"key":"REST"}],"circlet_count":0,"master_deck":["Strike_P","Strike_P","Strike_P","Strike_P","Defend_P","Defend_P","Defend_P","Eruption+1","Vigilance","Scrawl+1","FlurryOfBlows","Replay:Cycle","JustLucky","Sanctity","DeusExMachina","Replay:DivineShield","TalkToTheHand+1","EmptyFist+1","Wish","ThirdEye+1","Nirvana","TalkToTheHand","Evaluate+1","Halt+1","Necronomicurse","Vengeance+1","Replay:Cycle+1"],"relics":["PureWater","Bronze Scales","Blood Vial","Orichalcum","Happy Flower","VioletLotus","MerchantsRug","Akabeko","Necronomicon","Pantograph","WingedGreaves","Gremlin Food"],"acts_visited":["Exordium","TheCity"],"potions_floor_usage":[16],"damage_taken":[{"damage":0,"enemies":"Jaw Worm","floor":1,"turns":3},{"damage":0,"enemies":"Cultist","floor":3,"turns":3},{"damage":21,"enemies":"Replay:BlueRogue","floor":6,"turns":6},{"damage":15,"enemies":"3 Sentries","floor":8,"turns":10},{"damage":0,"enemies":"2 Louse","floor":10,"turns":2},{"damage":0,"enemies":"2 Fungi Beasts","floor":11,"turns":2},{"damage":0,"enemies":"Lagavulin","floor":12,"turns":3},{"damage":0,"enemies":"Looter","floor":13,"turns":3},{"damage":0,"enemies":"Exordium Wildlife","floor":14,"turns":1},{"damage":5,"enemies":"Slime Boss","floor":16,"turns":8},{"damage":11,"enemies":"2 Thieves","floor":18,"turns":3},{"damage":0,"enemies":"Chosen","floor":20,"turns":4},{"damage":20,"enemies":"Centurion and Healer","floor":22,"turns":9},{"damage":15,"enemies":"Nightmare","floor":23,"turns":8},{"damage":2,"enemies":"Replay:Snechameleon","floor":28,"turns":4},{"damage":2,"enemies":"Snecko","floor":30,"turns":3},{"damage":1,"enemies":"Snake Plant","floor":31,"turns":5},{"damage":75,"enemies":"Collector","floor":33,"turns":8}],"seed_played":"3649197746739013746","potions_obtained":[{"floor":3,"key":"Flashbang"},{"floor":11,"key":"StancePotion"},{"floor":12,"key":"Strength Potion"},{"floor":18,"key":"BottledMiracle"},{"floor":20,"key":"GamblersBrew"},{"floor":22,"key":"SmokeBomb"}],"is_trial":false,"path_per_floor":["M","$","M","?","$","E","R","E","T","M","M","E","M","M","R","B",null,"M","$","M","?","M","NM","?","R","T","T","E","R","M","M","R","B"],"character_chosen":"WATCHER","items_purchased":["Replay:Cycle","JustLucky","MerchantsRug","Nirvana","TalkToTheHand"],"campfire_rested":3,"item_purchase_floors":[2,2,19,19,19],"current_hp_per_floor":[65,65,65,65,65,44,44,29,29,31,33,35,37,39,39,36,63,54,54,56,56,38,25,9,30,30,30,30,51,51,52,72,0,0],"gold":243,"neow_bonus":"ONE_RANDOM_RARE_CARD","is_daily":false,"chose_seed":false,"campfire_upgraded":2,"win_rate":0.0,"timestamp":1611733389,"path_taken":["M","$","M","?","?","E","R","E","T","M","M","E","M","M","R","BOSS","M","?","M","?","M","NM","?","R","T","?","E","R","M","M","R","BOSS"],"items_purchased_type":["Card","Card","Relic","Card","Card"],"build_version":"2020-12-22","purchased_purges":1,"victory":false,"max_hp_per_floor":[72,72,72,72,72,72,72,72,72,72,72,72,72,72,72,72,72,72,72,72,72,72,72,72,72,72,72,72,72,72,72,72,72,72],"card_choices":[{"not_picked":["ClearTheMind","Halt"],"picked":"FlurryOfBlows","floor":1},{"not_picked":["Prostrate","ForeignInfluence","BowlingBash"],"picked":"SKIP","floor":3},{"not_picked":["Replay:AtTheReady","Replay:ManipulateFuture"],"picked":"Sanctity","floor":6},{"not_picked":["Wallop","Sanctity"],"picked":"DeusExMachina","floor":8},{"not_picked":["Halt","Prostrate","Evaluate"],"picked":"SKIP","floor":10},{"not_picked":["Replay:Anticipation","Replay:Vibes","ThirdEye"],"picked":"SKIP","floor":11},{"not_picked":["Evaluate","Conclude"],"picked":"Replay:DivineShield","floor":12},{"not_picked":["Consecrate","Crescendo"],"picked":"TalkToTheHand","floor":13},{"not_picked":["EmptyBody","Brilliance"],"picked":"EmptyFist","floor":14},{"not_picked":["Blasphemy","Scrawl"],"picked":"Wish","floor":16},{"not_picked":["EmptyFist","Halt"],"picked":"ThirdEye+1","floor":18},{"not_picked":["Replay:AtTheReady+1","Replay:BluntJabs+1"],"picked":"Evaluate+1","floor":20},{"not_picked":["FlyingSleeves+1","WindmillStrike"],"picked":"Halt+1","floor":22},{"not_picked":["WreathOfFlame","Replay:ManipulateFuture","Collect"],"picked":"SKIP","floor":23},{"not_picked":["Protect","SpiritShield"],"picked":"Vengeance","floor":28},{"not_picked":["BowlingBash","ReachHeaven"],"picked":"Replay:Cycle+1","floor":30},{"not_picked":["JustLucky","Replay:AtTheReady+1","Study+1"],"picked":"SKIP","floor":31}],"player_experience":916038,"relics_obtained":[{"floor":6,"key":"Bronze Scales"},{"floor":8,"key":"Blood Vial"},{"floor":9,"key":"Orichalcum"},{"floor":12,"key":"Happy Flower"},{"floor":23,"key":"Akabeko"},{"floor":24,"key":"Necronomicon"},{"floor":26,"key":"Pantograph"},{"floor":27,"key":"WingedGreaves"},{"floor":28,"key":"Gremlin Food"}],"event_choices":[{"damage_healed":0,"gold_gain":0,"player_choice":"Upgraded","damage_taken":0,"max_hp_gain":0,"max_hp_loss":0,"event_name":"Upgrade Shrine","floor":4,"gold_loss":0,"cards_upgraded":["Scrawl"]},{"damage_healed":0,"gold_gain":0,"player_choice":"Ignored","damage_taken":0,"max_hp_gain":0,"max_hp_loss":0,"event_name":"Ghosts","floor":21,"gold_loss":0},{"damage_healed":0,"gold_gain":0,"player_choice":"Obtained Book","damage_taken":16,"max_hp_gain":0,"max_hp_loss":0,"event_name":"Cursed Tome","floor":24,"gold_loss":0}],"is_beta":false,"boss_relics":[{"not_picked":["Fusion Hammer","Sozu"],"picked":"VioletLotus"}],"items_purged_floors":[19],"is_endless":true,"potions_floor_spawned":[3,11,12,14,18,20,22],"killed_by":"Collector","ascension_level":6}}