{"host":"254qdhpnbonm8z0p","time":1611741000,"event":{"mods":["AchievementEnabler","BaseMod","Block Reminder","Colored Map","Colored Powertips","Minty Spire (QoL Compilation)","ojb\u0027s Better Paths Mod"],"gold_per_floor":[112,13,13,13,13,13,42,42,42,55,55,67,67,79,79,176,226,238,238,249,264,93,93,119,119,119,148,148,165,188,42,42,145,145,162,212,212,229,247,247,247],"floor_reached":40,"language":"ENG","playtime":3133,"items_purged":["Defend_R","Defend_R"],"score":547,"play_id":"051cd5b2-db2f-46e9-bf68-c3b289655b39","local_time":"20210127015000","is_ascension_mode":true,"campfire_choices":[{"floor":6,"key":"RECALL"},{"data":"Infernal Blade","floor":8,"key":"SMITH"},{"data":"Spot Weakness","floor":13,"key":"SMITH"},{"data":"Heavy Blade","floor":15,"key":"SMITH"},{"data":"Inflame","floor":23,"key":"SMITH"},{"floor":25,"key":"REST"},{"data":"Rampage","floor":28,"key":"SMITH"},{"data":"Searing Blow","floor":32,"key":"SMITH"}],"circlet_count":0,"master_deck":["Strike_R","Strike_R+1","Strike_R+1","Strike_R","Strike_R","Defend_R+1","Defend_R+1","Bash+1","Perfected Strike+1","Infernal Blade+1","Spot Weakness+1","Heavy Blade+1","Heavy Blade+1","Searing Blow+1","Inflame+1","Rampage+1","Armaments","Dual Wield+1","Writhe"],"relics":["Burning Blood","NeowsBlessing","Happy Flower","Bag of Marbles","Tiny Chest","Tiny House","War Paint","Paper Frog","Pear","Pen Nib","Lee\u0027s Waffle","Mark of Pain","Peace Pipe"],"acts_visited":["Exordium","TheCity","TheBeyond"],"potions_floor_usage":[16,16,18,24,27,27,27,27,29,33,39,40,40],"damage_taken":[{"damage":0,"enemies":"Jaw Worm","floor":1,"turns":1},{"damage":0,"enemies":"Lagavulin","floor":7,"turns":1},{"damage":0,"enemies":"Small Slimes","floor":10,"turns":1},{"damage":0,"enemies":"Cultist","floor":12,"turns":2},{"damage":19,"enemies":"Exordium Thugs","floor":14,"turns":4},{"damage":30,"enemies":"Hexaghost","floor":16,"turns":5},{"damage":48,"enemies":"3 Byrds","floor":18,"turns":5},{"damage":30,"enemies":"2 Thieves","floor":20,"turns":3},{"damage":10,"enemies":"Cultist and Chosen","floor":21,"turns":3},{"damage":28,"enemies":"Slavers","floor":24,"turns":4},{"damage":0,"enemies":"Gremlin Leader","floor":27,"turns":3},{"damage":28,"enemies":"Shelled Parasite and Fungi","floor":29,"turns":4},{"damage":70,"enemies":"Collector","floor":33,"turns":5},{"damage":35,"enemies":"3 Darklings","floor":35,"turns":5},{"damage":0,"enemies":"Mind Bloom Boss Battle","floor":36,"turns":3},{"damage":17,"enemies":"Orb Walker","floor":38,"turns":3},{"damage":38,"enemies":"3 Darklings","floor":39,"turns":4},{"damage":95,"enemies":"Reptomancer","floor":40,"turns":2}],"seed_played":"5295173134175183395","potions_obtained":[{"floor":1,"key":"Block Potion"},{"floor":7,"key":"Explosive Potion"},{"floor":12,"key":"CultistPotion"},{"floor":16,"key":"Fire Potion"},{"floor":17,"key":"EntropicBrew"},{"floor":21,"key":"AttackPotion"},{"floor":24,"key":"LiquidBronze"},{"floor":27,"key":"Block Potion"},{"floor":29,"key":"BloodPotion"},{"floor":33,"key":"LiquidBronze"},{"floor":35,"key":"FearPotion"}],"is_trial":false,"path_per_floor":["M","$","?","?","?","R","E","R","T","M","?","M","R","M","R","B",null,"M","?","M","M","$","R","E","R","T","E","R","M","T","$","R","B",null,"M","?","?","M","M","E"],"character_chosen":"IRONCLAD","items_purchased":["Perfected Strike","Inflame","Lee\u0027s Waffle"],"campfire_rested":1,"item_purchase_floors":[2,22,31],"current_hp_per_floor":[80,80,80,77,61,61,67,67,67,73,73,79,79,66,66,42,85,43,71,47,43,43,43,21,46,46,62,62,40,40,102,102,38,102,73,79,102,91,59,0,0],"gold":247,"neow_bonus":"THREE_ENEMY_KILL","is_daily":false,"chose_seed":false,"campfire_upgraded":6,"win_rate":0.0,"timestamp":1611741000,"path_taken":["M","$","?","?","?","R","E","R","T","M","?","?","R","M","R","BOSS","M","?","M","M","$","R","E","R","T","E","R","M","?","$","R","BOSS","M","?","?","M","M","E"],"items_purchased_type":["Card","Card","Relic"],"build_version":"2020-12-22","purchased_purges":2,"victory":false,"max_hp_per_floor":[80,80,80,80,80,80,80,80,80,80,80,80,80,80,80,80,85,85,85,85,85,85,85,85,85,85,95,95,95,95,102,102,102,102,102,102,102,102,102,102,102],"card_choices":[{"not_picked":["Blood for Blood","Reckless Charge","Sword Boomerang"],"picked":"SKIP","floor":1},{"not_picked":["Armaments","Power Through"],"picked":"Infernal Blade","floor":7},{"not_picked":["Burning Pact","Seeing Red"],"picked":"Spot Weakness","floor":10},{"not_picked":["Blood for Blood","Shrug It Off","Pummel"],"picked":"SKIP","floor":12},{"not_picked":["Hemokinesis","Metallicize"],"picked":"Heavy Blade","floor":14},{"not_picked":["Thunderclap","Rage","Iron Wave+1"],"picked":"SKIP","floor":18},{"not_picked":["Thunderclap","Burning Pact"],"picked":"Heavy Blade+1","floor":20},{"not_picked":["Brutality","Cleave"],"picked":"Searing Blow","floor":21},{"not_picked":["Dropkick+1","Flex","Fire Breathing+1"],"picked":"SKIP","floor":24},{"not_picked":["Headbutt","Shrug It Off"],"picked":"Rampage","floor":27},{"not_picked":["Dark Embrace","Sword Boomerang+1","Brutality"],"picked":"SKIP","floor":29},{"not_picked":["Combust","Sever Soul+1"],"picked":"Armaments","floor":35},{"not_picked":["Thunderclap+1","Disarm+1"],"picked":"Dual Wield+1","floor":36},{"not_picked":["Battle Trance+1","Shockwave","Thunderclap"],"picked":"SKIP","floor":38},{"not_picked":["Clothesline+1","Thunderclap","Uppercut+1"],"picked":"SKIP","floor":39}],"player_experience":105346,"relics_obtained":[{"floor":7,"key":"Bag of Marbles"},{"floor":9,"key":"Tiny Chest"},{"floor":24,"key":"War Paint"},{"floor":26,"key":"Paper Frog"},{"floor":27,"key":"Pear"},{"floor":30,"key":"Pen Nib"},{"floor":36,"key":"Peace Pipe"}],"event_choices":[{"damage_healed":0,"gold_gain":0,"player_choice":"Grow","damage_taken":0,"max_hp_gain":0,"max_hp_loss":0,"event_name":"Living Wall","floor":3,"gold_loss":0,"cards_upgraded":["Perfected Strike"]},{"damage_healed":0,"gold_gain":0,"player_choice":"Success","damage_taken":3,"relics_obtained":["Happy Flower"],"max_hp_gain":0,"max_hp_loss":0,"event_name":"Scrap Ooze","floor":4,"gold_loss":0},{"damage_healed":0,"gold_gain":0,"player_choice":"Entered Light","damage_taken":16,"max_hp_gain":0,"max_hp_loss":0,"event_name":"Shining Light","floor":5,"gold_loss":0,"cards_upgraded":["Strike_R","Bash"]},{"damage_healed":0,"gold_gain":0,"player_choice":"Bought 0 Potions","damage_taken":0,"max_hp_gain":0,"max_hp_loss":0,"event_name":"The Woman in Blue","floor":11,"gold_loss":0},{"damage_healed":28,"gold_gain":0,"player_choice":"Heal","damage_taken":0,"max_hp_gain":0,"max_hp_loss":0,"event_name":"The Library","floor":19,"gold_loss":0},{"damage_healed":0,"gold_gain":0,"player_choice":"Fight","damage_taken":0,"max_hp_gain":0,"max_hp_loss":0,"event_name":"MindBloom","floor":36,"gold_loss":0},{"damage_healed":26,"gold_gain":0,"player_choice":"Writhe","damage_taken":0,"max_hp_gain":0,"max_hp_loss":0,"event_name":"Winding Halls","floor":37,"gold_loss":0,"cards_obtained":["Writhe"]}],"is_beta":false,"boss_relics":[{"not_picked":["Coffee Dripper","Black Star"],"picked":"Tiny House"},{"not_picked":["Astrolabe","Fusion Hammer"],"picked":"Mark of Pain"}],"items_purged_floors":[2,22],"is_endless":false,"potions_floor_spawned":[1,7,12,16,21,24,27,29,33,35,38],"killed_by":"Reptomancer","ascension_level":1}}