{"host":"f7i018611qt1bmao","time":1611722340,"event":{"mods":["ATMod(阿瑾Mod)","Act Like it!","BaseMod","Chen","Hallownest","KinomotoSakuraMod(木之本樱)","Koishi","LagranYue(拉格朗・月)","Marisa（F雨　魔理沙）","Minty Spire (QoL Compilation)","Nova Terra(诺娃・泰拉)","Remilia（蕾米莉亚）","Replay The Spire","StSLib","The Administrix","The Alterego","The Animator","The Gatherer","The Mystic","The Poker Player","The Senshi","The Servant 0.9.4","TheSwordswoman","TheWitcher","WarShipGirlsR/战舰少女R mod","Yakumo Yukari mod","Youmu（魂魄妖梦）","Yuri Mod","Yuyuko","【遗物卡牌】REMEMod"],"gold_per_floor":[119,119,119,130,91,91,116,136,136,154,154,172,26,36,36,36,36],"floor_reached":16,"language":"ZHS","playtime":1259,"items_purged":[],"score":102,"play_id":"f30db031-4559-4999-9faa-477fdb972248","local_time":"20210127123900","is_ascension_mode":false,"campfire_choices":[{"floor":6,"key":"RECALL"},{"data":"alterego_mod:Cushion","floor":11,"key":"SMITH"},{"data":"alterego_mod:BustOut","floor":15,"key":"SMITH"}],"circlet_count":0,"master_deck":["alterego_mod:Strike","alterego_mod:Strike","alterego_mod:Strike","alterego_mod:Defend","alterego_mod:Defend","alterego_mod:Defend","alterego_mod:Impale","alterego_mod:BigMeatyClaws+1","alterego_mod:BrynhildrsRune","Backstab","alterego_mod:Cushion+1","alterego_mod:Complex","alterego_mod:Collar","alterego_mod:Jiggle","alterego_mod:Punishment","alterego_mod:Schoolgirl","alterego_mod:ChallengeComplete","alterego_mod:Support","alterego_mod:BustOut+1","alterego_mod:RocketPunch"],"relics":["alterego_mod:MasochisticConstitution","AT_ATBox","REME_ComplimentaryCards","LagranYue:RandomDrawCardRelic","NeowsBlessing","Replay:PocketPolymizer","REME_CardOfGreed"],"acts_visited":["Exordium"],"potions_floor_usage":[],"damage_taken":[{"damage":5,"enemies":"2 Louse","floor":1,"turns":2},{"damage":3,"enemies":"Small Slimes","floor":4,"turns":2},{"damage":6,"enemies":"Replay:BlueRogue","floor":7,"turns":2},{"damage":3,"enemies":"Jaw Worm","floor":8,"turns":5},{"damage":2,"enemies":"2 Fungi Beasts","floor":10,"turns":3},{"damage":7,"enemies":"Looter","floor":12,"turns":2},{"damage":9,"enemies":"Large Slime","floor":14,"turns":5},{"damage":58,"enemies":"Fading Forest","floor":16,"turns":7}],"seed_played":"-3290998752321697842","potions_obtained":[{"floor":1,"key":"PowerPotion"},{"floor":10,"key":"Regen Potion"}],"is_trial":false,"path_per_floor":["M","?","?","M","$","R","E","M","T","M","R","M","$","M","R","B"],"character_chosen":"The_Alterego","items_purchased":["alterego_mod:ChallengeComplete","REME_CardOfGreed"],"campfire_rested":0,"item_purchase_floors":[5,13],"current_hp_per_floor":[66,60,60,58,58,58,53,51,51,50,50,44,44,36,36,0,0],"gold":36,"neow_bonus":"THREE_ENEMY_KILL","is_daily":false,"chose_seed":false,"campfire_upgraded":2,"win_rate":0.0,"timestamp":1611722340,"path_taken":["M","?","?","M","$","R","E","M","T","M","R","M","$","M","R","BOSS"],"items_purchased_type":["Card","Relic"],"build_version":"2020-12-22","purchased_purges":0,"victory":false,"max_hp_per_floor":[71,71,71,72,72,72,73,74,74,75,75,76,76,77,77,77,77],"card_choices":[{"not_picked":["alterego_mod:1TonWallop","alterego_mod:MagicResistance","alterego_mod:Rip"],"picked":"SKIP","floor":1},{"not_picked":["alterego_mod:1TonWallop","alterego_mod:PerceptionDisorder"],"picked":"alterego_mod:Schoolgirl","floor":4},{"not_picked":["alterego_mod:Punishment","alterego_mod:1TonWallop","alterego_mod:Bloomers"],"picked":"SKIP","floor":7},{"not_picked":["alterego_mod:Cycle","alterego_mod:Table","alterego_mod:Rip"],"picked":"SKIP","floor":8},{"not_picked":["alterego_mod:Birthday","alterego_mod:Punishment"],"picked":"alterego_mod:Support","floor":10},{"not_picked":["alterego_mod:PerceptionDisorder","alterego_mod:Support","alterego_mod:IdEs"],"picked":"SKIP","floor":12},{"not_picked":["alterego_mod:GoddessCore","alterego_mod:1TonWallop"],"picked":"alterego_mod:BustOut","floor":14}],"player_experience":22974,"relics_obtained":[{"floor":7,"key":"Replay:PocketPolymizer"}],"event_choices":[],"is_beta":false,"boss_relics":[],"items_purged_floors":[],"is_endless":false,"potions_floor_spawned":[1,10],"killed_by":"Fading Forest","ascension_level":0}}