{"host":"hca6liskeo7s99fa","time":1611783859,"event":{"mods":["BaseMod","Downfall","Minty Spire (QoL Compilation)","Replay The Spire","StSLib","The Cursed"],"gold_per_floor":[118,50,60,60,76,76,103,116,142,152,55,55,85,100,100,195,195,213,313,324,340,356,356,356],"floor_reached":23,"language":"ENG","playtime":1808,"items_purged":[],"score":226,"play_id":"ab5cc7b5-78f6-43af-8f2a-e55cc9c214ec","local_time":"20210127164419","is_ascension_mode":true,"campfire_choices":[{"data":"Riddle With Holes","floor":6,"key":"SMITH"},{"data":"Draining Mist","floor":12,"key":"SMITH"},{"floor":15,"key":"REST"}],"circlet_count":0,"master_deck":["Strike_G+1","Strike_G","Strike_G","Defend_G","Defend_G","Defend_G","Defend_G+1","Defend_G","Survivor","Neutralize","Predator","Riddle With Holes+1","Flying Knee","Toxin Wave","Replay:Poison Smokescreen","Draining Mist+1","Bane","ReplayTheSpireMod:Private Reserves","Blur","Bullet Time","Leg Sweep","Noxious Fumes"],"relics":["Ring of the Snake","NeowsBlessing","Simple Rune","ReplayFunnel","Empty Cage"],"acts_visited":["Exordium","TheCity"],"potions_floor_usage":[7,13,16,20,21,22],"damage_taken":[{"damage":0,"enemies":"Cultist","floor":1,"turns":1},{"damage":0,"enemies":"Jaw Worm","floor":3,"turns":1},{"damage":0,"enemies":"2 Louse","floor":5,"turns":1},{"damage":28,"enemies":"3 Sentries","floor":7,"turns":7},{"damage":11,"enemies":"Exordium Thugs","floor":8,"turns":6},{"damage":0,"enemies":"Looter","floor":10,"turns":3},{"damage":8,"enemies":"Lagavulin","floor":13,"turns":4},{"damage":10,"enemies":"Large Slime","floor":14,"turns":6},{"damage":13,"enemies":"The Guardian","floor":16,"turns":10},{"damage":0,"enemies":"3 Byrds","floor":18,"turns":5},{"damage":0,"enemies":"2 Thieves","floor":20,"turns":4},{"damage":38,"enemies":"Centurion and Healer","floor":21,"turns":8},{"damage":0,"enemies":"Chosen and Byrds","floor":22,"turns":6},{"damage":33,"enemies":"Book of Stabbing","floor":23,"turns":6}],"seed_played":"-185992149491784210","potions_obtained":[{"floor":1,"key":"Weak Potion"},{"floor":10,"key":"LiquidMemories"},{"floor":14,"key":"Reflective Coating"},{"floor":18,"key":"DuplicationPotion"},{"floor":20,"key":"Death Potion"},{"floor":21,"key":"GamblersBrew"}],"is_trial":false,"path_per_floor":["M","$","M","?","M","R","E","M","T","M","$","R","E","M","R","B",null,"M","?","M","M","M","E"],"character_chosen":"THE_SILENT","items_purchased":["Riddle With Holes","ReplayTheSpireMod:Private Reserves"],"campfire_rested":1,"item_purchase_floors":[2,11],"current_hp_per_floor":[70,70,70,63,63,63,35,24,24,24,24,24,16,6,27,14,70,70,70,70,32,32,0,0],"gold":356,"neow_bonus":"THREE_ENEMY_KILL","is_daily":false,"chose_seed":false,"campfire_upgraded":2,"win_rate":0.0,"timestamp":1611783859,"path_taken":["M","$","?","?","M","R","E","M","T","?","?","R","E","M","R","BOSS","M","?","M","M","M","E"],"items_purchased_type":["Card","Card"],"build_version":"2020-12-22","purchased_purges":0,"victory":false,"max_hp_per_floor":[70,70,70,70,70,70,70,70,70,70,70,70,70,70,70,70,70,70,70,70,70,70,70,70],"card_choices":[{"not_picked":["Dash","Leg Sweep"],"picked":"Predator","floor":1},{"not_picked":["Outmaneuver","Noxious Fumes"],"picked":"Flying Knee","floor":3},{"not_picked":["Dodge and Roll","Flechettes"],"picked":"Toxin Wave","floor":5},{"not_picked":["Cloak And Dagger","Blade Dance"],"picked":"Replay:Poison Smokescreen","floor":7},{"not_picked":["Distraction","Deadly Poison"],"picked":"Draining Mist","floor":8},{"not_picked":["A Thousand Cuts","Dagger Throw"],"picked":"Bane","floor":10},{"not_picked":["Finisher","Dagger Throw"],"picked":"Blur","floor":13},{"not_picked":["Underhanded Strike","Dagger Spray","Outmaneuver"],"picked":"SKIP","floor":14},{"not_picked":["Storm of Steel","Die Die Die"],"picked":"Bullet Time","floor":16},{"not_picked":["Outmaneuver","Deflect","Underhanded Strike+1"],"picked":"SKIP","floor":18},{"not_picked":["Cloak And Dagger+1","Prepared","Quick Slash"],"picked":"SKIP","floor":20},{"not_picked":["Tactician","Blade Dance"],"picked":"Leg Sweep","floor":21},{"not_picked":["Distraction","Outmaneuver"],"picked":"Noxious Fumes","floor":22}],"player_experience":297125,"relics_obtained":[{"floor":7,"key":"Simple Rune"},{"floor":13,"key":"ReplayFunnel"}],"event_choices":[{"damage_healed":0,"gold_gain":0,"player_choice":"Damaged","damage_taken":7,"max_hp_gain":0,"max_hp_loss":0,"event_name":"Wheel of Change","floor":4,"gold_loss":0},{"damage_healed":0,"gold_gain":100,"player_choice":"Pray","damage_taken":0,"max_hp_gain":0,"max_hp_loss":0,"event_name":"Golden Shrine","floor":19,"gold_loss":0}],"is_beta":false,"boss_relics":[{"not_picked":["ChewingGum","Abe\u0027s Treasure"],"picked":"Empty Cage"}],"items_purged_floors":[],"is_endless":false,"potions_floor_spawned":[1,10,14,18,20,21],"killed_by":"Book of Stabbing","ascension_level":2}}