{"host":"vyjryxuuuxkt43k4","time":1611766036,"event":{"mods":["AchievementEnabler","BaseMod","Colored Map","DeckTracker","Keyboard Shortcuts","Minty Spire (QoL Compilation)","Permanent Neow","Quick Restart","Rare Cards Sparkle","StSLib","SuperFastMode","everything is the same but u backflip on backflip"],"gold_per_floor":[115,129,129,143,156,156,181,194,194,209,226,226,226,243,243,319,319,330,121,141,45,45,45,45,45],"floor_reached":24,"language":"KOR","playtime":599,"items_purged":["Strike_R"],"score":400,"play_id":"f7635a3a-4194-4acf-aea0-4c0bd36bf396","local_time":"20210128014716","is_ascension_mode":true,"campfire_choices":[{"data":"Entrench","floor":6.0,"key":"SMITH"},{"data":"Blood for Blood","floor":12.0,"key":"SMITH"},{"data":"Power Through","floor":15.0,"key":"SMITH"},{"floor":23.0,"key":"REST"}],"circlet_count":0,"master_deck":["AscendersBane","Strike_R","Strike_R","Defend_R","Defend_R","Defend_R","Defend_R","Bash","Wild Strike","Sword Boomerang","Entrench+1","Blood for Blood+1","Power Through+1","Impervious","Barricade","Flame Barrier","Evolve","Second Wind","Feel No Pain","Shrug It Off","Blood for Blood","Barricade"],"relics":["Burning Blood","Calipers","Red Skull","Singing Bowl","Akabeko","Mark of Pain"],"acts_visited":["Exordium","TheCity"],"potions_floor_usage":[24],"damage_taken":[{"damage":11.0,"enemies":"Small Slimes","floor":1.0,"turns":6.0},{"damage":14.0,"enemies":"Jaw Worm","floor":2.0,"turns":5.0},{"damage":6.0,"enemies":"Cultist","floor":4.0,"turns":3.0},{"damage":1.0,"enemies":"2 Fungi Beasts","floor":5.0,"turns":3.0},{"damage":25.0,"enemies":"Gremlin Nob","floor":7.0,"turns":4.0},{"damage":0.0,"enemies":"Exordium Wildlife","floor":8.0,"turns":2.0},{"damage":10.0,"enemies":"3 Louse","floor":10.0,"turns":3.0},{"damage":1.0,"enemies":"2 Fungi Beasts","floor":11.0,"turns":2.0},{"damage":1.0,"enemies":"Looter","floor":14.0,"turns":2.0},{"damage":28.0,"enemies":"The Guardian","floor":16.0,"turns":9.0},{"damage":58.0,"enemies":"Chosen","floor":18.0,"turns":8.0},{"damage":5.0,"enemies":"Shell Parasite","floor":20.0,"turns":6.0},{"damage":47,"enemies":"Gremlin Leader","floor":24,"turns":4}],"seed_played":"7628023028506171578","potions_obtained":[{"floor":5.0,"key":"EssenceOfSteel"},{"floor":11.0,"key":"Strength Potion"},{"floor":14.0,"key":"Strength Potion"},{"floor":16.0,"key":"SkillPotion"},{"floor":18.0,"key":"Strength Potion"}],"is_trial":false,"path_per_floor":["M","M","?","M","M","R","E","M","T","M","M","R","?","M","R","B",null,"M","$","M","$","?","R","E"],"character_chosen":"IRONCLAD","items_purchased":["BlessingOfTheForge","Evolve","Feel No Pain","Shrug It Off"],"campfire_rested":1,"item_purchase_floors":[19,19,21,21],"current_hp_per_floor":[45,37,37,37,42,42,23,29,29,27,32,32,32,37,37,15,62,10,10,11,11,11,34,0,0],"gold":45,"neow_bonus":"ONE_RARE_RELIC","is_daily":false,"chose_seed":false,"campfire_upgraded":3,"win_rate":0.0,"timestamp":1611766036,"path_taken":["M","M","?","M","M","R","E","M","T","M","M","R","?","M","R","BOSS","M","$","M","?","?","R","E"],"items_purchased_type":["Potion","Card","Card","Card"],"build_version":"2020-12-22","purchased_purges":1,"victory":false,"max_hp_per_floor":[75,75,75,75,75,75,75,75,75,77,77,77,77,77,77,77,77,77,77,77,77,77,77,77,77],"card_choices":[{"not_picked":["Thunderclap","Havoc","Armaments"],"picked":"SKIP","floor":1.0},{"not_picked":["Seeing Red","Thunderclap"],"picked":"Wild Strike","floor":2.0},{"not_picked":["Sentinel","Iron Wave"],"picked":"Sword Boomerang","floor":4.0},{"not_picked":["Intimidate","Clothesline"],"picked":"Entrench","floor":5.0},{"not_picked":["Headbutt","Warcry","Thunderclap"],"picked":"SKIP","floor":7.0},{"not_picked":["Rampage","Sever Soul"],"picked":"Blood for Blood","floor":8.0},{"not_picked":["Reckless Charge","Headbutt","Warcry"],"picked":"Singing Bowl","floor":10.0},{"not_picked":["Sentinel","Wild Strike"],"picked":"Power Through","floor":11.0},{"not_picked":["Combust","Shrug It Off"],"picked":"Impervious","floor":14.0},{"not_picked":["Reaper","Corruption"],"picked":"Barricade","floor":16.0},{"not_picked":["Infernal Blade","Warcry"],"picked":"Flame Barrier","floor":18.0},{"not_picked":["Clothesline","Headbutt"],"picked":"Second Wind","floor":20.0}],"player_experience":426850,"relics_obtained":[{"floor":7.0,"key":"Red Skull"},{"floor":9.0,"key":"Singing Bowl"}],"event_choices":[{"damage_healed":0.0,"max_hp_gain":0.0,"max_hp_loss":0.0,"gold_gain":0.0,"event_name":"Liars Game","player_choice":"Ignored","floor":3.0,"gold_loss":0.0,"damage_taken":0.0},{"damage_healed":0.0,"max_hp_gain":0.0,"max_hp_loss":0.0,"gold_gain":0.0,"event_name":"WeMeetAgain","player_choice":"Gave Potion","floor":13.0,"gold_loss":0.0,"damage_taken":0.0,"relics_obtained":["Akabeko"]},{"damage_healed":0.0,"max_hp_gain":0.0,"max_hp_loss":0.0,"gold_gain":0.0,"cards_transformed":["Strike_R","Strike_R"],"event_name":"Drug Dealer","player_choice":"Became Test Subject","floor":22.0,"gold_loss":0.0,"damage_taken":0.0,"cards_obtained":["Blood for Blood","Barricade"]}],"is_beta":false,"boss_relics":[{"not_picked":["Ectoplasm","Runic Cube"],"picked":"Mark of Pain"}],"items_purged_floors":[19],"is_endless":false,"potions_floor_spawned":[5,11,14,16,18],"killed_by":"Gremlin Leader","ascension_level":20}}