{"host":"3l7cmky9v03pn2nx","time":1611733329,"event":{"mods":["BaseMod","Minty Spire (QoL Compilation)","StSLib","The Animator","The Bug Knight","The Cursed","The Hierophant","The Servant 0.9.4","everything is the same but u backflip on backflip"],"gold_per_floor":[112,128,128,128,203,203,203,243,243,15,31,31,31,31,31,155,155,179,194,194,194,194],"floor_reached":21,"language":"ENG","playtime":805,"items_purged":[],"score":200,"play_id":"4f1cfb85-7f73-4f27-b86c-f43fbcaced59","local_time":"20210126234209","is_ascension_mode":false,"campfire_choices":[{"floor":6,"key":"RECALL"},{"floor":15,"key":"REST"}],"circlet_count":0,"master_deck":["Strike_S","Strike_S","Strike_S","Strike_S","Defend_S","Defend_S","Defend_S+1","Defend_S","KidneyShot+1","Exchange","ShatteredReality","Potential","Injury","Reset","SurpressingFire","DoubleEdge","Ricochet","Regret","MurderousAura","Defy","Contraction+1","Enlightenment","Dark Shackles"],"relics":["Uniform","NeowsBlessing","Golden Idol","Blood Vial","Kunai","Pen Nib","Centennial Puzzle"],"acts_visited":["Exordium","TheCity"],"potions_floor_usage":[16,16],"damage_taken":[{"damage":0,"enemies":"2 Louse","floor":1,"turns":1},{"damage":0,"enemies":"Jaw Worm","floor":2,"turns":1},{"damage":0,"enemies":"3 Sentries","floor":8,"turns":2},{"damage":6,"enemies":"Small Slimes","floor":11,"turns":2},{"damage":16,"enemies":"The Guardian","floor":16,"turns":9},{"damage":30,"enemies":"Chosen","floor":18,"turns":5},{"damage":12,"enemies":"Spheric Guardian","floor":19,"turns":5},{"damage":3,"enemies":"Cultist and Chosen","floor":21,"turns":3}],"seed_played":"6596693703303373807","potions_obtained":[{"floor":2,"key":"GamblersBrew"},{"floor":8,"key":"Fire Potion"},{"floor":11,"key":"LiquidMemories"}],"is_trial":false,"path_per_floor":["M","M","?","?","?","R","?","E","T","$","M","?","$","?","R","B",null,"M","M","?","M"],"character_chosen":"THE_SERVANT","items_purchased":["Pen Nib","SurpressingFire","DoubleEdge"],"campfire_rested":1,"item_purchase_floors":[10,10,10],"current_hp_per_floor":[65,65,65,65,54,54,54,54,54,54,50,37,37,37,56,42,65,35,25,6,5,5],"gold":194,"neow_bonus":"THREE_ENEMY_KILL","is_daily":false,"chose_seed":false,"campfire_upgraded":0,"win_rate":0.0,"timestamp":1611733329,"path_taken":["M","M","?","?","?","R","?","E","T","$","?","?","$","?","R","BOSS","M","M","?","?"],"items_purchased_type":["Relic","Card","Card"],"build_version":"2020-12-22","purchased_purges":0,"victory":false,"max_hp_per_floor":[65,65,65,65,65,65,65,65,65,65,65,65,65,65,65,65,65,65,65,65,65,65],"card_choices":[{"not_picked":["FastForward","Defy"],"picked":"ShatteredReality","floor":1},{"not_picked":["FastForward","DualDimension"],"picked":"Potential","floor":2},{"not_picked":["SpecialFormula","KillingDoll"],"picked":"Reset","floor":8},{"not_picked":["MoonPhase","Deadline"],"picked":"Ricochet","floor":11},{"not_picked":["Dilation","FloweringNight"],"picked":"MurderousAura","floor":16},{"not_picked":["Ricochet","Advance"],"picked":"Defy","floor":18},{"not_picked":["RealityMarble+1","Starlight"],"picked":"Contraction+1","floor":19}],"player_experience":297922,"relics_obtained":[{"floor":8,"key":"Blood Vial"},{"floor":9,"key":"Kunai"}],"event_choices":[{"damage_healed":0,"gold_gain":0,"player_choice":"Ignored","damage_taken":0,"max_hp_gain":0,"max_hp_loss":0,"event_name":"Golden Wing","floor":3,"gold_loss":0},{"damage_healed":0,"gold_gain":0,"player_choice":"Leave","damage_taken":0,"max_hp_gain":0,"max_hp_loss":0,"event_name":"The Cleric","floor":4,"gold_loss":0},{"damage_healed":0,"gold_gain":75,"player_choice":"Gather Gold","damage_taken":11,"max_hp_gain":0,"max_hp_loss":0,"event_name":"World of Goop","floor":5,"gold_loss":0},{"damage_healed":0,"gold_gain":0,"player_choice":"Take Wound","damage_taken":0,"relics_obtained":["Golden Idol"],"max_hp_gain":0,"max_hp_loss":0,"event_name":"Golden Idol","floor":7,"gold_loss":0,"cards_obtained":["Injury"]},{"damage_healed":0,"gold_gain":0,"player_choice":"Entered Light","damage_taken":13,"max_hp_gain":0,"max_hp_loss":0,"event_name":"Shining Light","floor":12,"gold_loss":0,"cards_upgraded":["Defend_S","KidneyShot"]},{"damage_healed":0,"gold_gain":0,"player_choice":"Box","damage_taken":0,"relics_obtained":["Centennial Puzzle"],"max_hp_gain":0,"max_hp_loss":0,"event_name":"Big Fish","floor":14,"gold_loss":0,"cards_obtained":["Regret"]},{"damage_healed":0,"gold_gain":0,"player_choice":"CARD CARD ","damage_taken":19,"max_hp_gain":0,"max_hp_loss":0,"event_name":"Knowing Skull","floor":20,"potions_obtained":[],"gold_loss":0,"cards_obtained":["Enlightenment","Dark Shackles"]}],"is_beta":false,"boss_relics":[{"not_picked":["Runic Dome","Sozu","Ectoplasm"]}],"items_purged_floors":[],"is_endless":false,"potions_floor_spawned":[2,8,11],"killed_by":"Cultist and Chosen","ascension_level":0}}