{"host":"pp3uwnbh7ie47cnx","time":1611735535,"event":{"mods":["AchievementEnabler","Act Like it!","Aspiration","BaseMod","BetterRewards","Card Forge","Colored Powertips","Conspire","Marked Mod","Minty Spire (QoL Compilation)","Quarter Circle Forward PUNCH!","Relic Stats","Replay The Spire","StSLib","óô»ðÖ¸ÄÏ"],"gold_per_floor":[110,210,221,2577,1894,1894,1908,1173,1173,1206,827,827,856,871,309,386,386,406,406,416,8,2629,2169,2199,2199,2226,1699,1733,1209,1222,1262,829,905,905,925,1003,1013,517,533,92,112,2561,2561,2592,2296,2311,2340,2367,1656,1668,1680,1337,850,880,880],"floor_reached":56,"language":"ZHS","playtime":2605,"items_purged":["Strike_R","Defend_R","Defend_R","Defend_R","Strike_R","Strike_R","Strike_R","Injury","Havoc+1","conspire:HitWhereItHurts","Inflame+1","Inflame+1","Inflame+1","Inflame+1","Flex+1"],"score":2184,"play_id":"16a716ec-07e1-419e-a7a1-c395369c0705","local_time":"20210127161855","is_ascension_mode":true,"campfire_choices":[{"floor":6,"key":"RECALL"}],"circlet_count":0,"master_deck":["AscendersBane","Dual Wield+1","Reaper+1","Mayhem+1","Rupture+1","Panache+1","Rupture+1","Berserk+1","ReplayTheSpireMod:Muscle Training+1","Seeing Red+1","ReplayTheSpireMod:LeadingStrike+1","Brutality+1","ReplayTheSpireMod:Muscle Training+1","Hemogenesis+2","Heavy Blade+1","Combust+1","Combust+1","Hemokinesis+1","Demon Form+1","Infernal Blade+1","Combust+1","Bloodletting+1","Massacre+1","Rupture+1","Brutality+1","Rupture+1","Berserk+1","ReplayTheSpireMod:Uncanny Aura+1","Poisoned Strike+1","Rupture+1","Demon Form+1","ReplayUltimateDefense+1","Rupture+1","Rupture+1","Spot Weakness+1"],"relics":["Burning Blood","Hammer of Thor","Seething Fire","Anvil of the Gods","aspiration:Nostalgia","Sizzling Blood","Replay:Ringing Soul","BargainBundle","Vajra","Gremlin Horn","Red Skull","Chemical X","King of Hearts","aspiration:Lifesprig","ClockworkSouvenir","Ice Cream","Bottled Tornado","Replay:Wax Seal","ReplayTheSpireMod:ShopPack","Frozen Egg 2","Self Forming Clay","Membership Card","Pondfish Scales","qcfpunch:Black_Training_Shirt","conspire:SpecialSausage","Replay:Bottled Steam","Bottled Flame","Orrery","Snack Pack","Eternal Feather","conspire:TreasureMap","ReplayTheSpireMod:TigerMarble","Toxic Egg 2","Tiny Chest","Mango","Lee\u0027s Waffle","Ginger","Mirror","qcfpunch:Necklace_of_Skulls","Sling","StoneCalendar","HandDrill","qcfpunch:Red_Beret","Ancient Tea Set","conspire:SlowCooker","Replay:Bottled Snecko","qcfpunch:Wrestler\u0027s_Cloak","Quantum Egg","Toolbox","Guide Book","ReplayTheSpireMod:Shallot","aspiration:HiddenCompartment","OrangePellets","Golden Egg","qcfpunch:Chain_With_Nametags","Dream Catcher","aspiration:HummingbirdHeart","Strange Spoon","InkBottle","Gremlin Food","MawBank","Brimstone","Sundial","qcfpunch:Red_Cyclone_Teachings","DollysMirror","conspire:TopHat","Replay:Mystery Machine","Blue Doll","conspire:DecoderRing","Medical Kit","Pen Nib"],"acts_visited":["Exordium","TheCity","TheBeyond","TheEnding"],"potions_floor_usage":[10,30,33,33],"damage_taken":[{"damage":18,"enemies":"Jaw Worm","floor":1,"turns":4},{"damage":16,"enemies":"Cultist","floor":3,"turns":4},{"damage":0,"enemies":"Small Slimes","floor":7,"turns":3},{"damage":69,"enemies":"3 Sentries","floor":10,"turns":7},{"damage":11,"enemies":"Lagavulin","floor":13,"turns":5},{"damage":33,"enemies":"Exordium Thugs","floor":14,"turns":4},{"damage":58,"enemies":"Hexaghost","floor":16,"turns":5},{"damage":56,"enemies":"2 Thieves","floor":18,"turns":4},{"damage":28,"enemies":"3 Byrds","floor":20,"turns":3},{"damage":37,"enemies":"conspire:SneckoGhost","floor":24,"turns":7},{"damage":57,"enemies":"conspire:Head Lice","floor":28,"turns":4},{"damage":49,"enemies":"Centurion and Healer","floor":30,"turns":5},{"damage":38,"enemies":"Pondfish","floor":33,"turns":6},{"damage":55,"enemies":"3 Shapes","floor":35,"turns":4},{"damage":47,"enemies":"Orb Walker","floor":37,"turns":4},{"damage":19,"enemies":"Sphere and 2 Shapes","floor":39,"turns":2},{"damage":6,"enemies":"3 Darklings","floor":41,"turns":2},{"damage":4,"enemies":"R_Hoarder","floor":44,"turns":3},{"damage":7,"enemies":"Maw","floor":46,"turns":3},{"damage":28,"enemies":"Reptomancer","floor":47,"turns":3},{"damage":12,"enemies":"Writhing Mass","floor":48,"turns":3},{"damage":15,"enemies":"Replay:Hell Engine","floor":50,"turns":4},{"damage":11,"enemies":"Shield and Spear","floor":54,"turns":4},{"damage":36,"enemies":"The Heart","floor":55,"turns":6}],"seed_played":"-6070894194425517665","potions_obtained":[{"floor":1,"key":"Venom Potion"},{"floor":7,"key":"SpeedPotion"},{"floor":28,"key":"SkillPotion"},{"floor":30,"key":"SpeedPotion"},{"floor":31,"key":"Block Potion"},{"floor":31,"key":"Swift Potion"},{"floor":33,"key":"Block Potion"},{"floor":35,"key":"Strength Potion"},{"floor":44,"key":"BloodPotion"}],"is_trial":false,"path_per_floor":["M","?","M","$","$","R","M","$","T","E","R","?","E","M","R","B",null,"M","?","M","$","$","R","E","?","T","$","E","R","M","?","R","B",null,"M","T","M","$","M","R","M","R","T","E","R","M","E","M","R","B",null,"R","$","E","B",null],"character_chosen":"IRONCLAD","items_purchased":["Replay:Ringing Soul","BargainBundle","Vajra","Flex","Reaper","Gremlin Horn","Red Skull","Chemical X","Inflame","King of Hearts","aspiration:Lifesprig","ClockworkSouvenir","Mayhem","Rupture","Replay:Wax Seal","ReplayTheSpireMod:ShopPack","Membership Card","Pondfish Scales","qcfpunch:Black_Training_Shirt","Rupture+1","Replay:Bottled Steam","Bottled Flame","Orrery","Snack Pack","Eternal Feather","ReplayTheSpireMod:LeadingStrike+1","conspire:TreasureMap","ReplayTheSpireMod:TigerMarble","Toxic Egg 2","Brutality+1","ReplayTheSpireMod:Muscle Training+1","Mango","Lee\u0027s Waffle","Ginger","conspire:HitWhereItHurts","qcfpunch:Necklace_of_Skulls","Sling","StoneCalendar","Havoc+1","HandDrill","qcfpunch:Red_Beret","Ancient Tea Set","Combust+1","Hemokinesis","qcfpunch:Wrestler\u0027s_Cloak","Quantum Egg","Toolbox","Combust+1","Bloodletting+1","Guide Book","ReplayTheSpireMod:Shallot","aspiration:HiddenCompartment","OrangePellets","Golden Egg","qcfpunch:Chain_With_Nametags","Rupture+1","Strange Spoon","InkBottle","Gremlin Food","Rupture+1","Brimstone","Sundial","qcfpunch:Red_Cyclone_Teachings","ReplayTheSpireMod:Uncanny Aura+1","Poisoned Strike","Rupture+1","DollysMirror","conspire:TopHat","Replay:Mystery Machine","ReplayUltimateDefense+1","Rupture+1","Blue Doll","conspire:DecoderRing","Medical Kit","Rupture+1"],"campfire_rested":0,"item_purchase_floors":[4,4,4,4,4,5,5,5,5,8,8,8,8,11,11,11,15,15,15,15,21,21,21,22,22,22,23,23,23,23,23,27,27,27,27,29,29,29,29,32,32,32,32,32,38,38,38,38,38,40,40,40,42,42,42,42,45,45,45,45,49,49,49,49,49,49,52,52,52,52,52,53,53,53,53],"current_hp_per_floor":[64,64,58,61,64,64,86,89,89,71,74,77,76,83,86,77,99,53,64,75,78,81,96,71,71,71,142,98,113,134,78,93,157,157,115,115,78,81,75,90,132,150,150,161,175,175,178,178,181,181,181,184,187,189,177],"gold":880,"neow_bonus":"NOSTALGIA","is_daily":false,"chose_seed":false,"campfire_upgraded":0,"win_rate":0.0,"timestamp":1611735535,"path_taken":["M","?","M","?","$","R","M","$","T","E","R","?","E","M","R","BOSS","M","?","M","?","$","R","E","?","T","$","E","R","?","?","R","BOSS","M","?","M","$","M","R","M","R","T","E","R","M","E","?","R","BOSS","R","$","E","BOSS"],"items_purchased_type":["Relic","Relic","Relic","Card","Card","Relic","Relic","Relic","Card","Relic","Relic","Relic","Card","Card","Relic","Relic","Relic","Relic","Relic","Card","Relic","Relic","Relic","Relic","Relic","Card","Relic","Relic","Relic","Card","Card","Relic","Relic","Relic","Card","Relic","Relic","Relic","Card","Relic","Relic","Relic","Card","Card","Relic","Relic","Relic","Card","Card","Relic","Relic","Relic","Relic","Relic","Relic","Card","Relic","Relic","Relic","Card","Relic","Relic","Relic","Card","Card","Card","Relic","Relic","Relic","Card","Card","Relic","Relic","Relic","Card"],"build_version":"2020-12-22","purchased_purges":15,"victory":true,"max_hp_per_floor":[79,79,79,82,85,85,88,91,91,91,94,97,97,100,103,106,106,106,106,109,112,115,118,118,118,118,142,145,148,148,151,154,157,157,160,160,160,163,166,166,166,169,169,172,175,175,178,178,181,181,181,184,187,190,190],"relic_stats":{"Lee\u0027s Waffle":54,"Gremlin Horn":[23,23],"counters":[24,99],"Self Forming Clay":[357],"Eternal Feather":77,"StoneCalendar":[0],"Pen Nib":[0],"Ginger":[11],"MawBank":72,"Medical Kit":[4],"Burning Blood":129,"OrangePellets":[13],"Strange Spoon":[16],"Dream Catcher":0,"Sundial":[0],"Tiny Chest":1,"HandDrill":[26],"Chemical X":[2],"obtain_stats":[{"Ice Cream":9,"Golden Egg":42,"Gremlin Horn":5,"Vajra":4,"Hammer of Thor":0,"Ginger":27,"qcfpunch:Red_Beret":32,"Bottled Tornado":10,"Sling":29,"Replay:Ringing Soul":4,"Sundial":49,"DollysMirror":52,"conspire:DecoderRing":53,"HandDrill":32,"Replay:Wax Seal":11,"Toxic Egg 2":23,"qcfpunch:Red_Cyclone_Teachings":49,"qcfpunch:Chain_With_Nametags":42,"Replay:Bottled Steam":21,"conspire:TreasureMap":23,"aspiration:Nostalgia":0,"Eternal Feather":22,"conspire:SlowCooker":34,"Pen Nib":54,"aspiration:HiddenCompartment":40,"OrangePellets":42,"Bottled Flame":21,"ReplayTheSpireMod:Shallot":40,"Anvil of the Gods":0,"Brimstone":49,"ReplayTheSpireMod:TigerMarble":23,"Mirror":28,"aspiration:Lifesprig":8,"conspire:SpecialSausage":17,"Mango":27,"StoneCalendar":29,"Blue Doll":53,"King of Hearts":8,"Sizzling Blood":0,"Replay:Mystery Machine":52,"Ancient Tea Set":32,"Burning Blood":0,"conspire:TopHat":52,"ClockworkSouvenir":8,"Dream Catcher":43,"Toolbox":38,"Tiny Chest":24,"qcfpunch:Necklace_of_Skulls":29,"qcfpunch:Wrestler\u0027s_Cloak":38,"Chemical X":5,"Replay:Bottled Snecko":36,"Red Skull":5,"InkBottle":45,"Gremlin Food":45,"BargainBundle":4,"Lee\u0027s Waffle":27,"Self Forming Clay":13,"qcfpunch:Black_Training_Shirt":15,"Quantum Egg":38,"Guide Book":40,"aspiration:HummingbirdHeart":44,"Seething Fire":0,"Frozen Egg 2":12,"MawBank":47,"Medical Kit":53,"Strange Spoon":45,"Pondfish Scales":15,"Orrery":21,"Snack Pack":22,"Membership Card":15,"ReplayTheSpireMod:ShopPack":11},{"Ice Cream":3,"Golden Egg":17,"Gremlin Horn":2,"Vajra":2,"Hammer of Thor":0,"Ginger":10,"qcfpunch:Red_Beret":12,"Bottled Tornado":4,"Sling":11,"Replay:Ringing Soul":2,"Sundial":21,"DollysMirror":22,"conspire:DecoderRing":22,"HandDrill":12,"Replay:Wax Seal":4,"Toxic Egg 2":9,"qcfpunch:Red_Cyclone_Teachings":21,"qcfpunch:Chain_With_Nametags":17,"Replay:Bottled Steam":9,"conspire:TreasureMap":9,"aspiration:Nostalgia":0,"Eternal Feather":9,"conspire:SlowCooker":13,"Pen Nib":23,"aspiration:HiddenCompartment":16,"OrangePellets":17,"Bottled Flame":9,"ReplayTheSpireMod:Shallot":16,"Anvil of the Gods":0,"Brimstone":21,"ReplayTheSpireMod:TigerMarble":9,"Mirror":11,"aspiration:Lifesprig":3,"conspire:SpecialSausage":7,"Mango":10,"StoneCalendar":11,"Blue Doll":22,"King of Hearts":3,"Sizzling Blood":0,"Replay:Mystery Machine":22,"Ancient Tea Set":12,"Burning Blood":0,"conspire:TopHat":22,"ClockworkSouvenir":3,"Dream Catcher":17,"Toolbox":15,"Tiny Chest":10,"qcfpunch:Necklace_of_Skulls":11,"qcfpunch:Wrestler\u0027s_Cloak":15,"Chemical X":2,"Replay:Bottled Snecko":14,"Red Skull":2,"InkBottle":18,"Gremlin Food":18,"BargainBundle":2,"Lee\u0027s Waffle":10,"Self Forming Clay":5,"qcfpunch:Black_Training_Shirt":6,"Quantum Egg":15,"Guide Book":16,"aspiration:HummingbirdHeart":18,"Seething Fire":0,"Frozen Egg 2":4,"MawBank":20,"Medical Kit":22,"Strange Spoon":18,"Pondfish Scales":6,"Orrery":9,"Snack Pack":9,"Membership Card":6,"ReplayTheSpireMod:ShopPack":4},{"Ice Cream":11,"Golden Egg":73,"Gremlin Horn":8,"Vajra":8,"Hammer of Thor":0,"Ginger":46,"qcfpunch:Red_Beret":55,"Bottled Tornado":18,"Sling":50,"Replay:Ringing Soul":8,"Sundial":85,"DollysMirror":89,"conspire:DecoderRing":89,"HandDrill":55,"Replay:Wax Seal":18,"Toxic Egg 2":39,"qcfpunch:Red_Cyclone_Teachings":85,"qcfpunch:Chain_With_Nametags":73,"Replay:Bottled Steam":39,"conspire:TreasureMap":39,"aspiration:Nostalgia":0,"Eternal Feather":39,"conspire:SlowCooker":61,"Pen Nib":93,"aspiration:HiddenCompartment":71,"OrangePellets":73,"Bottled Flame":39,"ReplayTheSpireMod:Shallot":71,"Anvil of the Gods":0,"Brimstone":85,"ReplayTheSpireMod:TigerMarble":39,"Mirror":50,"aspiration:Lifesprig":11,"conspire:SpecialSausage":32,"Mango":46,"StoneCalendar":50,"Blue Doll":89,"King of Hearts":11,"Sizzling Blood":0,"Replay:Mystery Machine":89,"Ancient Tea Set":55,"Burning Blood":0,"conspire:TopHat":89,"ClockworkSouvenir":11,"Dream Catcher":73,"Toolbox":69,"Tiny Chest":46,"qcfpunch:Necklace_of_Skulls":50,"qcfpunch:Wrestler\u0027s_Cloak":69,"Chemical X":8,"Replay:Bottled Snecko":65,"Red Skull":8,"InkBottle":76,"Gremlin Food":76,"BargainBundle":8,"Lee\u0027s Waffle":46,"Self Forming Clay":23,"qcfpunch:Black_Training_Shirt":27,"Quantum Egg":69,"Guide Book":71,"aspiration:HummingbirdHeart":76,"Seething Fire":0,"Frozen Egg 2":18,"MawBank":82,"Medical Kit":89,"Strange Spoon":76,"Pondfish Scales":27,"Orrery":39,"Snack Pack":39,"Membership Card":27,"ReplayTheSpireMod:ShopPack":18}],"InkBottle":[18]},"card_choices":[{"not_picked":["conspire:ExplosiveBarrier","Sword Boomerang"],"picked":"Dual Wield","floor":1},{"not_picked":["True Grit","ReplayTheSpireMod:Strike From Hell","Sword Boomerang"],"picked":"SKIP","floor":3},{"not_picked":["Fire Breathing","Flame Barrier"],"picked":"Rage","floor":7},{"not_picked":["True Grit","Twin Strike","ReplayReversal"],"picked":"SKIP","floor":10},{"not_picked":["ReplayTheSpireMod:Necrogeddon","Mayhem"],"picked":"Panache","floor":11},{"not_picked":["Sever Soul","Searing Blow","Shrug It Off"],"picked":"SKIP","floor":13},{"not_picked":["Headbutt","Clash"],"picked":"Inflame+1","floor":14},{"not_picked":["Corruption+1","Impervious"],"picked":"Berserk+1","floor":16},{"not_picked":["Thunderclap","Replay:Undeath\u0027s Touch","Evolve+1"],"picked":"SKIP","floor":18},{"not_picked":["Warcry","Run Through"],"picked":"ReplayTheSpireMod:Muscle Training","floor":20},{"not_picked":["Eclipse","Heavy Blade"],"picked":"Inflame+1","floor":21},{"not_picked":["Disarm","Twin Strike"],"picked":"Seeing Red","floor":21},{"not_picked":["Uppercut","Body Slam","Warcry+1"],"picked":"SKIP","floor":24},{"not_picked":["Havoc+1","Wild Strike"],"picked":"Hemogenesis","floor":28},{"not_picked":["True Grit+1","Headbutt","Dark Embrace+1"],"picked":"SKIP","floor":30},{"not_picked":["True Grit+1","Wild Strike"],"picked":"Heavy Blade","floor":31},{"not_picked":["Berserk+1","Hemogenesis"],"picked":"Demon Form+1","floor":33},{"not_picked":["Perfected Strike","True Grit+1"],"picked":"Infernal Blade+1","floor":35},{"not_picked":["Sever Soul+1","Replay:Undeath\u0027s Touch","Anger+1"],"picked":"SKIP","floor":37},{"not_picked":["Battle Trance+1","Wild Strike"],"picked":"Massacre","floor":39},{"not_picked":["Clash","Disarm+1","Havoc+1"],"picked":"SKIP","floor":41},{"not_picked":["Perfected Strike","Dropkick"],"picked":"Brutality+1","floor":44},{"not_picked":["Warcry+1","Burning Pact+1","Battle Trance+1"],"picked":"SKIP","floor":46},{"not_picked":["Anger","Clothesline"],"picked":"Berserk+1","floor":47},{"not_picked":["Body Slam","Shrug It Off+1","Heavy Blade+1"],"picked":"SKIP","floor":48},{"not_picked":["Infernal Blade+1","Sword Boomerang"],"picked":"Spot Weakness+1","floor":54}],"player_experience":203895,"relics_obtained":[{"floor":9,"key":"Ice Cream"},{"floor":10,"key":"Bottled Tornado"},{"floor":13,"key":"Self Forming Clay"},{"floor":24,"key":"Tiny Chest"},{"floor":28,"key":"Mirror"},{"floor":36,"key":"Replay:Bottled Snecko"},{"floor":43,"key":"Dream Catcher"},{"floor":44,"key":"aspiration:HummingbirdHeart"},{"floor":47,"key":"MawBank"},{"floor":54,"key":"Pen Nib"}],"event_choices":[{"damage_healed":0,"gold_gain":100,"player_choice":"Pray","damage_taken":0,"max_hp_gain":0,"max_hp_loss":0,"event_name":"Golden Shrine","floor":2,"gold_loss":0},{"cards_removed":["Bash"],"damage_healed":0,"gold_gain":0,"player_choice":"Elegance","damage_taken":0,"max_hp_gain":0,"max_hp_loss":0,"event_name":"Back to Basics","floor":25,"gold_loss":0}],"is_beta":false,"boss_relics":[{"not_picked":["Mark of Pain","SacredBark"],"picked":"conspire:SpecialSausage"},{"not_picked":["Replay:Drink Me","conspire:RunicOctahedron"],"picked":"conspire:SlowCooker"}],"items_purged_floors":[5,8,11,15,21,22,23,27,29,32,38,40,42,49,53],"is_endless":false,"potions_floor_spawned":[1,7,28,30,33,35,37,44,46,47],"ascension_level":14}}