{"host":"50per11302020","time":1611735946,"event":{"mods":["AchievementEnabler","BaseMod","Colored Map","Minty Spire (QoL Compilation)","Relic Stats","StSLib"],"gold_per_floor":[114,125,125,125,85,85,95,95,95,111,111,123,154,166,166,263,263,280,295,309,324,340,340,368,381,408,408,434,434,434,462,462,557,557,573,135,135,149,161,161,190,190,236,262,273,273,304,526,526,526],"floor_reached":51,"language":"ENG","playtime":4854,"items_purged":[],"score":944,"play_id":"c8ef1a81-a997-48d5-ab6f-c8a0afd47964","local_time":"20210127002546","is_ascension_mode":true,"campfire_choices":[{"floor":6.0,"key":"REST"},{"data":"ThirdEye","floor":8.0,"key":"SMITH"},{"data":"ThirdEye","floor":15.0,"key":"SMITH"},{"floor":23.0,"key":"REST"},{"floor":27.0,"key":"REST"},{"data":"Nirvana","floor":29.0,"key":"SMITH"},{"data":"Brilliance","floor":32.0,"key":"SMITH"},{"floor":40.0,"key":"REST"},{"floor":42.0,"key":"REST"},{"floor":49.0,"key":"REST"}],"circlet_count":0,"master_deck":["Eruption","Vigilance+1","ThirdEye+1","EmptyFist","Brilliance+1","DeceiveReality","Nirvana+1","ThirdEye+1","Ragnarok","Wallop+1","Crescendo+1","WreathOfFlame","JustLucky+1","Wireheading","Prostrate+1","ClearTheMind+1","Prostrate+1","Vault","Pray","SashWhip","Vault","Protect","SandsOfTime","EmptyBody+1","Prostrate","Wireheading","Panache","Blind","Panache","Consecrate","BattleHymn","DeceiveReality+1"],"relics":["PureWater","StoneCalendar","Singing Bowl","Bronze Scales","Ancient Tea Set","Black Star","Pantograph","Art of War","War Paint","Red Mask","Strawberry","Pear","Pandora\u0027s Box","Membership Card","Mummified Hand","Bottled Lightning","Torii","Lizard Tail","PreservedInsect","Toxic Egg 2","Bag of Preparation","Mango","Boot"],"acts_visited":["Exordium","TheCity","TheBeyond"],"potions_floor_usage":[50,50],"damage_taken":[{"damage":0.0,"enemies":"Small Slimes","floor":1.0,"turns":3.0},{"damage":0.0,"enemies":"Cultist","floor":2.0,"turns":3.0},{"damage":0.0,"enemies":"2 Louse","floor":7.0,"turns":2.0},{"damage":12.0,"enemies":"Exordium Wildlife","floor":10.0,"turns":3.0},{"damage":0.0,"enemies":"Blue Slaver","floor":12.0,"turns":2.0},{"damage":2.0,"enemies":"Lagavulin","floor":13.0,"turns":8.0},{"damage":1.0,"enemies":"Red Slaver","floor":14.0,"turns":4.0},{"damage":18.0,"enemies":"Hexaghost","floor":16.0,"turns":12.0},{"damage":1.0,"enemies":"Spheric Guardian","floor":18.0,"turns":4.0},{"damage":2.0,"enemies":"3 Byrds","floor":19.0,"turns":3.0},{"damage":10.0,"enemies":"Snecko","floor":20.0,"turns":5.0},{"damage":26.0,"enemies":"Snake Plant","floor":21.0,"turns":4.0},{"damage":0.0,"enemies":"Centurion and Healer","floor":22.0,"turns":2.0},{"damage":21.0,"enemies":"Book of Stabbing","floor":24.0,"turns":5.0},{"damage":1.0,"enemies":"Snecko","floor":25.0,"turns":3.0},{"damage":0.0,"enemies":"Masked Bandits","floor":28.0,"turns":2.0},{"damage":1.0,"enemies":"Slavers","floor":31.0,"turns":7.0},{"damage":34.0,"enemies":"Collector","floor":33.0,"turns":13.0},{"damage":0.0,"enemies":"Orb Walker","floor":35.0,"turns":3.0},{"damage":4.0,"enemies":"3 Shapes","floor":38.0,"turns":5.0},{"damage":24.0,"enemies":"Jaw Worm Horde","floor":39.0,"turns":5.0},{"damage":26.0,"enemies":"Nemesis","floor":41.0,"turns":6.0},{"damage":0.0,"enemies":"Giant Head","floor":44.0,"turns":7.0},{"damage":1.0,"enemies":"Transient","floor":45.0,"turns":7.0},{"damage":45.0,"enemies":"Nemesis","floor":47.0,"turns":6.0},{"damage":86,"enemies":"Time Eater","floor":50,"turns":14}],"seed_played":"-6062881653651541310","potions_obtained":[{"floor":5.0,"key":"CultistPotion"},{"floor":5.0,"key":"Dexterity Potion"},{"floor":5.0,"key":"SteroidPotion"},{"floor":10.0,"key":"Ambrosia"},{"floor":13.0,"key":"AttackPotion"},{"floor":14.0,"key":"DuplicationPotion"},{"floor":21.0,"key":"Fruit Juice"},{"floor":24.0,"key":"PowerPotion"},{"floor":25.0,"key":"Weak Potion"},{"floor":38.0,"key":"Fruit Juice"}],"is_trial":false,"path_per_floor":["M","M","?","$","?","R","M","R","T","M","?","M","E","M","R","B",null,"M","M","M","M","M","R","E","M","T","R","?","R","?","E","R","B",null,"M","$","?","M","M","R","E","R","T","E","M","?","E","?","R","B",null],"character_chosen":"WATCHER","items_purchased":["Membership Card","Prostrate","Wireheading","Mummified Hand","Bottled Lightning"],"campfire_rested":6,"item_purchase_floors":[36,36,36,36,36],"current_hp_per_floor":[51,51,48,48,48,69,69,69,69,59,59,59,57,56,56,38,74,73,71,63,37,42,66,45,44,44,68,68,68,68,84,84,64,98,98,98,88,91,67,98,74,106,106,106,107,107,76,76,112,37],"gold":526,"neow_bonus":"ONE_RARE_RELIC","is_daily":false,"chose_seed":false,"campfire_upgraded":4,"win_rate":0.0,"timestamp":1611735946,"path_taken":["M","M","?","$","?","R","M","R","T","?","?","M","E","M","R","BOSS","M","M","M","M","M","R","E","M","T","R","?","R","?","E","R","BOSS","M","$","?","M","M","R","E","R","T","E","M","?","E","?","R","BOSS"],"items_purchased_type":["Relic","Card","Card","Relic","Relic"],"build_version":"2020-12-18","purchased_purges":0,"victory":true,"max_hp_per_floor":[72,72,72,72,72,72,72,72,72,74,74,74,74,74,74,74,74,74,74,76,76,81,81,81,81,81,81,81,81,81,98,98,98,98,98,98,98,105,105,105,107,107,107,107,109,109,123,123,123,123],"relic_stats":{"Singing Bowl":10,"Torii":3,"counters":[26,138],"StoneCalendar":[280],"PreservedInsect":172,"Bag of Preparation":[6],"War Paint":["Defend_P","Vigilance"],"Boot":[0],"Lizard Tail":0,"Mummified Hand":[61],"Bronze Scales":[424],"Pantograph":25,"Pandora\u0027s Box":["Consecrate","Pray","SashWhip","Vault","Protect","SandsOfTime"],"Black Star":5,"Art of War":[19],"obtain_stats":[{"Pear":31,"Singing Bowl":3,"Torii":41,"StoneCalendar":0,"Mango":47,"PreservedInsect":43,"Bag of Preparation":44,"War Paint":26,"Ancient Tea Set":13,"Boot":47,"Lizard Tail":41,"Mummified Hand":36,"Bronze Scales":9,"Pantograph":24,"Strawberry":31,"Pandora\u0027s Box":34,"Black Star":17,"Art of War":24,"Red Mask":28,"Membership Card":36,"Bottled Lightning":36,"PureWater":0,"Toxic Egg 2":44},{"Pear":17,"Singing Bowl":2,"Torii":22,"StoneCalendar":0,"Mango":25,"PreservedInsect":22,"Bag of Preparation":23,"War Paint":15,"Ancient Tea Set":6,"Boot":25,"Lizard Tail":22,"Mummified Hand":19,"Bronze Scales":3,"Pantograph":14,"Strawberry":17,"Pandora\u0027s Box":18,"Black Star":8,"Art of War":14,"Red Mask":16,"Membership Card":19,"Bottled Lightning":19,"PureWater":0,"Toxic Egg 2":23},{"Pear":72,"Singing Bowl":6,"Torii":104,"StoneCalendar":0,"Mango":124,"PreservedInsect":104,"Bag of Preparation":111,"War Paint":63,"Ancient Tea Set":21,"Boot":124,"Lizard Tail":104,"Mummified Hand":88,"Bronze Scales":8,"Pantograph":60,"Strawberry":72,"Pandora\u0027s Box":85,"Black Star":37,"Art of War":60,"Red Mask":65,"Membership Card":88,"Bottled Lightning":88,"PureWater":0,"Toxic Egg 2":111}]},"card_choices":[{"not_picked":["SashWhip","Prostrate"],"picked":"ThirdEye","floor":1.0},{"not_picked":["Consecrate","Protect"],"picked":"EmptyFist","floor":2.0},{"not_picked":["ClearTheMind","Protect"],"picked":"Brilliance","floor":7.0},{"not_picked":["Pray","Perseverance","Swivel"],"picked":"Singing Bowl","floor":10.0},{"not_picked":["Adaptation","SandsOfTime"],"picked":"DeceiveReality","floor":12.0},{"not_picked":["Pray","BattleHymn"],"picked":"Nirvana","floor":13.0},{"not_picked":["JustLucky","CrushJoints"],"picked":"ThirdEye","floor":14.0},{"not_picked":["Scrawl","Devotion"],"picked":"Ragnarok","floor":16.0},{"not_picked":["EmptyFist+1","Worship"],"picked":"Wallop+1","floor":18.0},{"not_picked":["BowlingBash","FlurryOfBlows"],"picked":"Crescendo+1","floor":19.0},{"not_picked":["Consecrate","DeceiveReality","Worship+1"],"picked":"Singing Bowl","floor":20.0},{"not_picked":["SashWhip+1","CarveReality"],"picked":"WreathOfFlame","floor":21.0},{"not_picked":["CutThroughFate","Crescendo"],"picked":"JustLucky+1","floor":22.0},{"not_picked":["WindmillStrike","ConjureBlade"],"picked":"Wireheading","floor":24.0},{"not_picked":["Consecrate+1","Halt+1"],"picked":"Prostrate+1","floor":25.0},{"not_picked":["PathToVictory","CutThroughFate"],"picked":"ClearTheMind+1","floor":28.0},{"not_picked":["CrushJoints","FlurryOfBlows"],"picked":"Prostrate+1","floor":31.0},{"not_picked":["Brilliance","Ragnarok"],"picked":"Vault","floor":33.0},{"not_picked":["FlurryOfBlows","Halt+1"],"picked":"EmptyBody+1","floor":35.0},{"not_picked":["Chrysalis","Dark Shackles"],"picked":"Panache","floor":37.0},{"not_picked":["Madness","Discovery"],"picked":"Blind","floor":37.0},{"not_picked":["Magnetism","Purity"],"picked":"Panache","floor":37.0},{"not_picked":["EmptyBody+1","FlurryOfBlows","FlyingSleeves+1"],"picked":"Singing Bowl","floor":38.0},{"not_picked":["Protect","Adaptation+1"],"picked":"Consecrate","floor":39.0},{"not_picked":["BowlingBash+1","FlurryOfBlows","Judgement"],"picked":"Singing Bowl","floor":41.0},{"not_picked":["Meditate+1","Wallop"],"picked":"BattleHymn","floor":44.0},{"not_picked":["Consecrate","Protect+1","WindmillStrike"],"picked":"Singing Bowl","floor":45.0},{"not_picked":["ForeignInfluence+1","EmptyFist+1"],"picked":"DeceiveReality+1","floor":47.0}],"player_experience":379789,"relics_obtained":[{"floor":9.0,"key":"Bronze Scales"},{"floor":13.0,"key":"Ancient Tea Set"},{"floor":24.0,"key":"Pantograph"},{"floor":24.0,"key":"Art of War"},{"floor":26.0,"key":"War Paint"},{"floor":28.0,"key":"Red Mask"},{"floor":31.0,"key":"Strawberry"},{"floor":31.0,"key":"Pear"},{"floor":41.0,"key":"Torii"},{"floor":41.0,"key":"Lizard Tail"},{"floor":43.0,"key":"PreservedInsect"},{"floor":44.0,"key":"Toxic Egg 2"},{"floor":44.0,"key":"Bag of Preparation"},{"floor":47.0,"key":"Mango"},{"floor":47.0,"key":"Boot"}],"event_choices":[{"damage_healed":0.0,"max_hp_gain":0.0,"max_hp_loss":0.0,"gold_gain":0.0,"event_name":"Scrap Ooze","player_choice":"Success","floor":3.0,"gold_loss":0.0,"damage_taken":3.0,"relics_obtained":["Singing Bowl"]},{"damage_healed":0.0,"max_hp_gain":0.0,"max_hp_loss":0.0,"gold_gain":0.0,"event_name":"The Woman in Blue","player_choice":"Bought 3 Potions","floor":5.0,"gold_loss":0.0,"damage_taken":0.0},{"cards_removed":["Strike_P"],"damage_healed":0.0,"max_hp_gain":0.0,"max_hp_loss":0.0,"gold_gain":0.0,"event_name":"Living Wall","player_choice":"Forget","floor":11.0,"gold_loss":0.0,"damage_taken":0.0},{"damage_healed":0.0,"max_hp_gain":0.0,"max_hp_loss":0.0,"gold_gain":0.0,"event_name":"Masked Bandits","player_choice":"Fought Bandits","floor":28.0,"gold_loss":0.0,"damage_taken":0.0},{"cards_removed":["Strike_P"],"damage_healed":0.0,"max_hp_gain":0.0,"max_hp_loss":0.0,"gold_gain":0.0,"event_name":"Purifier","player_choice":"Purged","floor":30.0,"gold_loss":0.0,"damage_taken":0.0},{"damage_healed":0.0,"max_hp_gain":0.0,"max_hp_loss":0.0,"gold_gain":0.0,"event_name":"SensoryStone","player_choice":"Memory 3","floor":37.0,"gold_loss":0.0,"damage_taken":10.0},{"cards_removed":["Consecrate"],"damage_healed":0.0,"max_hp_gain":0.0,"max_hp_loss":0.0,"gold_gain":0.0,"event_name":"Falling","player_choice":"Removed Attack","floor":46.0,"gold_loss":0.0,"damage_taken":0.0},{"damage_healed":0.0,"max_hp_gain":0.0,"max_hp_loss":0.0,"gold_gain":222.0,"event_name":"Tomb of Lord Red Mask","player_choice":"Wore Mask","floor":48.0,"gold_loss":0.0,"damage_taken":0.0}],"is_beta":true,"boss_relics":[{"not_picked":["Tiny House","Cursed Key"],"picked":"Black Star"},{"not_picked":["Coffee Dripper","Busted Crown"],"picked":"Pandora\u0027s Box"}],"items_purged_floors":[],"is_endless":false,"potions_floor_spawned":[10,13,14,20,21,24,25,28,31,35,38],"ascension_level":3}}