{"host":"6ve8qn5s1am4lo6s","time":1611706999,"event":{"mods":["AchievementEnabler","BaseMod","Better Altar","Better Match","Better Note","Better Vampires","BetterRewards","CapriCore","Displayed Cursed Tome","Evolution","Minty Spire (QoL Compilation)","Permanent Neow","Relic Stats","StSLib","The Animator"],"gold_per_floor":[111,111,186,197,122,122,171,171,171,171,171,181,215,215,215,317,317,333,37,51,51,51,51,85,85,85,96,96,96,96,115,115,115,115],"floor_reached":33,"language":"ENG","playtime":1841,"items_purged":["Defend_P"],"score":409,"play_id":"5dac5c42-703f-436e-b4e1-42faa0e9969d","local_time":"20210126192319","is_ascension_mode":false,"campfire_choices":[{"data":"Eruption","floor":6,"key":"SMITH"},{"floor":8,"key":"RECALL"},{"data":"SpiritShield","floor":11,"key":"SMITH"},{"data":"Protect","floor":15,"key":"SMITH"},{"data":"Ragnarok","floor":23,"key":"SMITH"},{"data":"Ragnarok","floor":25,"key":"SMITH"},{"data":"Tantrum","floor":29,"key":"SMITH"},{"data":"FlyingSleeves","floor":32,"key":"SMITH"}],"circlet_count":0,"master_deck":["FlyingSleeves+1","FlyingSleeves+1","FlyingSleeves","FlyingSleeves","Defend_P+1","Defend_P","Defend_P+1","Eruption+1","Vigilance+1","Protect+1","FlyingSleeves","Ragnarok+1","FlurryOfBlows","Ragnarok+1","ClearTheMind+1","Tantrum+1"],"relics":["PureWater","EVO:Axolotl","Ice Cream","Damaru","Bottled Lightning","VioletLotus","War Paint","GoldenEye"],"acts_visited":["Exordium","TheCity"],"potions_floor_usage":[18,24,33],"damage_taken":[{"damage":0,"enemies":"Cultist","floor":1,"turns":2},{"damage":1,"enemies":"Jaw Worm","floor":4,"turns":2},{"damage":0,"enemies":"2 Louse","floor":12,"turns":2},{"damage":0,"enemies":"Lagavulin","floor":13,"turns":5},{"damage":7,"enemies":"The Guardian","floor":16,"turns":10},{"damage":0,"enemies":"2 Thieves","floor":18,"turns":2},{"damage":0,"enemies":"Shell Parasite","floor":20,"turns":4},{"damage":12,"enemies":"Slavers","floor":24,"turns":3},{"damage":0,"enemies":"Snecko","floor":27,"turns":3},{"damage":0,"enemies":"Cultist and Chosen","floor":31,"turns":2},{"damage":142,"enemies":"Automaton","floor":33,"turns":6}],"seed_played":"5366341898348415406","potions_obtained":[{"floor":4,"key":"SkillPotion"},{"floor":16,"key":"Swift Potion"},{"floor":24,"key":"PowerPotion"}],"is_trial":false,"path_per_floor":["M","$","?","M","$","R","T","R","T","?","R","M","E","?","R","B",null,"M","$","M","$","?","R","E","R","T","M","?","R","$","M","R","B"],"character_chosen":"WATCHER","items_purchased":["Ragnarok","War Paint"],"campfire_rested":0,"item_purchase_floors":[19,19],"current_hp_per_floor":[61,61,50,49,49,49,49,49,49,49,49,49,49,35,35,28,72,72,72,72,72,72,72,60,60,60,60,82,82,82,82,82,0,0],"gold":115,"neow_bonus":"","is_daily":false,"chose_seed":false,"campfire_upgraded":7,"win_rate":0.0,"timestamp":1611706999,"path_taken":["M","$","?","M","$","R","?","R","T","?","R","?","E","?","R","BOSS","M","$","M","$","?","R","E","R","T","?","?","R","$","M","R","BOSS"],"items_purchased_type":["Card","Relic"],"build_version":"2020-12-22","purchased_purges":1,"victory":false,"max_hp_per_floor":[72,72,72,72,72,72,72,72,72,72,72,72,72,72,72,72,72,72,72,72,72,72,72,72,72,72,72,82,82,82,82,82,82,82],"relic_stats":{"counters":[152,639],"VioletLotus":[7],"War Paint":["Defend_P","Vigilance","Vigilance","Defend_P"],"GoldenEye":[0],"obtain_stats":[{"Ice Cream":0,"Calipers":40,"Gremlin Horn":14,"Vajra":44,"EVO:Axolotl":0,"Whetstone":25,"Boot":45,"Old Coin":31,"Blood Vial":10,"Sozu":17,"Centennial Puzzle":28,"HornCleat":1,"Sundial":28,"MealTicket":11,"Prayer Wheel":30,"Philosopher\u0027s Stone":34,"VioletLotus":17,"Toxic Egg 2":41,"Pear":43,"Happy Flower":4,"Blue Candle":48,"Dead Branch":0,"Oddly Smooth Stone":39,"Charon\u0027s Ashes":45,"animator:TheEruzaStone":53,"Letter Opener":27,"Paper Crane":9,"War Paint":42,"animator:CerealBox":0,"WarpedTongs":10,"Du-Vu Doll":0,"SlaversCollar":34,"Bottled Flame":41,"Shuriken":4,"Bronze Scales":38,"Molten Egg 2":23,"Black Star":17,"animator:HeavyHalberd":0,"Unceasing Top":8,"Meat on the Bone":22,"Pocketwatch":42,"Darkstone Periapt":0,"animator:ShionDessert":44,"Lantern":47,"Torii":4,"animator:TheMissingPiece":0,"StoneCalendar":40,"Mango":44,"Bag of Preparation":14,"Juzu Bracelet":0,"Cursed Key":0,"Smiling Mask":5,"Ancient Tea Set":27,"PrismaticShard":0,"Empty Cage":34,"Nunchaku":29,"Shovel":18,"Matryoshka":0,"animator:AncientMedallion":53,"Mummified Hand":26,"Tiny Chest":30,"WingedGreaves":0,"animator:HallowedScabbard":26,"animator:VividPicture":17,"Red Skull":36,"Paper Frog":31,"Potion Belt":37,"animator:Buoy":44,"Lee\u0027s Waffle":25,"Golden Idol":4,"Damaru":9,"Thread and Needle":41,"The Courier":3,"PreservedInsect":35,"Frozen Egg 2":46,"Medical Kit":44,"MawBank":46,"GoldenEye":26,"White Beast Statue":21,"Peace Pipe":0,"Strange Spoon":0,"animator:TheEgnaroPiece":53,"Anchor":30,"Ornamental Fan":23,"animator:EngravedStaff":25,"animator:LivingPicture":0,"Turnip":0,"Art of War":12,"Bag of Marbles":19,"Bottled Lightning":20,"Champion Belt":0,"Membership Card":7,"PureWater":0,"FossilizedHelix":6,"TungstenRod":48,"Toy Ornithopter":49},{"Ice Cream":141,"Calipers":29,"Gremlin Horn":67,"Vajra":31,"EVO:Axolotl":0,"Whetstone":18,"Boot":32,"Old Coin":23,"Blood Vial":7,"Sozu":68,"Centennial Puzzle":20,"HornCleat":1,"Sundial":20,"MealTicket":8,"Prayer Wheel":22,"Philosopher\u0027s Stone":24,"VioletLotus":146,"Toxic Egg 2":53,"Pear":31,"Happy Flower":37,"Blue Candle":34,"Dead Branch":126,"Oddly Smooth Stone":28,"Charon\u0027s Ashes":32,"animator:TheEruzaStone":119,"Letter Opener":19,"Paper Crane":6,"War Paint":31,"animator:CerealBox":35,"WarpedTongs":64,"Du-Vu Doll":0,"SlaversCollar":49,"Bottled Flame":30,"Shuriken":3,"Bronze Scales":27,"Molten Egg 2":17,"Black Star":11,"animator:HeavyHalberd":0,"Unceasing Top":6,"Meat on the Bone":16,"Pocketwatch":31,"Darkstone Periapt":0,"animator:ShionDessert":31,"Lantern":33,"Torii":77,"animator:TheMissingPiece":0,"StoneCalendar":29,"Mango":31,"Bag of Preparation":10,"Juzu Bracelet":60,"Cursed Key":0,"Smiling Mask":4,"Ancient Tea Set":19,"PrismaticShard":76,"Empty Cage":112,"Nunchaku":21,"Shovel":12,"Matryoshka":97,"animator:AncientMedallion":57,"Mummified Hand":18,"Tiny Chest":47,"WingedGreaves":35,"animator:HallowedScabbard":72,"animator:VividPicture":41,"Red Skull":26,"Paper Frog":23,"Potion Belt":27,"animator:Buoy":31,"Lee\u0027s Waffle":87,"Golden Idol":129,"Damaru":101,"Thread and Needle":30,"The Courier":2,"PreservedInsect":25,"Frozen Egg 2":33,"Medical Kit":31,"MawBank":33,"GoldenEye":149,"White Beast Statue":15,"Peace Pipe":35,"Strange Spoon":97,"animator:TheEgnaroPiece":57,"Anchor":74,"Ornamental Fan":17,"animator:EngravedStaff":18,"animator:LivingPicture":0,"Turnip":97,"Art of War":9,"Bag of Marbles":13,"Bottled Lightning":14,"Champion Belt":60,"Membership Card":131,"PureWater":0,"FossilizedHelix":5,"TungstenRod":34,"Toy Ornithopter":34},{"Ice Cream":598,"Calipers":94,"Gremlin Horn":283,"Vajra":99,"EVO:Axolotl":0,"Whetstone":66,"Boot":102,"Old Coin":80,"Blood Vial":24,"Sozu":288,"Centennial Puzzle":72,"HornCleat":3,"Sundial":72,"MealTicket":28,"Prayer Wheel":77,"Philosopher\u0027s Stone":84,"VioletLotus":619,"Toxic Egg 2":189,"Pear":99,"Happy Flower":112,"Blue Candle":104,"Dead Branch":528,"Oddly Smooth Stone":91,"Charon\u0027s Ashes":102,"animator:TheEruzaStone":485,"Letter Opener":69,"Paper Crane":19,"War Paint":99,"animator:CerealBox":105,"WarpedTongs":272,"Du-Vu Doll":0,"SlaversCollar":173,"Bottled Flame":97,"Shuriken":8,"Bronze Scales":88,"Molten Egg 2":64,"Black Star":39,"animator:HeavyHalberd":0,"Unceasing Top":19,"Meat on the Bone":59,"Pocketwatch":99,"Darkstone Periapt":0,"animator:ShionDessert":99,"Lantern":103,"Torii":323,"animator:TheMissingPiece":0,"StoneCalendar":94,"Mango":99,"Bag of Preparation":33,"Juzu Bracelet":251,"Cursed Key":0,"Smiling Mask":11,"Ancient Tea Set":69,"PrismaticShard":320,"Empty Cage":459,"Nunchaku":74,"Shovel":41,"Matryoshka":397,"animator:AncientMedallion":214,"Mummified Hand":66,"Tiny Chest":158,"WingedGreaves":105,"animator:HallowedScabbard":302,"animator:VividPicture":130,"Red Skull":86,"Paper Frog":80,"Potion Belt":88,"animator:Buoy":99,"Lee\u0027s Waffle":361,"Golden Idol":537,"Damaru":413,"Thread and Needle":97,"The Courier":5,"PreservedInsect":85,"Frozen Egg 2":103,"Medical Kit":99,"MawBank":103,"GoldenEye":628,"White Beast Statue":55,"Peace Pipe":105,"Strange Spoon":397,"animator:TheEgnaroPiece":214,"Anchor":313,"Ornamental Fan":64,"animator:EngravedStaff":66,"animator:LivingPicture":0,"Turnip":397,"Art of War":31,"Bag of Marbles":45,"Bottled Lightning":50,"Champion Belt":251,"Membership Card":544,"PureWater":0,"FossilizedHelix":14,"TungstenRod":104,"Toy Ornithopter":104}]},"card_choices":[{"not_picked":["CutThroughFate","FlurryOfBlows"],"picked":"Protect","floor":1},{"not_picked":["EmptyBody","SashWhip"],"picked":"SpiritShield","floor":4},{"not_picked":["CarveReality","PathToVictory","WreathOfFlame"],"picked":"SKIP","floor":12},{"not_picked":["Swivel","BowlingBash"],"picked":"FlyingSleeves","floor":13},{"not_picked":["Judgement","DevaForm"],"picked":"Ragnarok","floor":16},{"not_picked":["Prostrate","Conclude"],"picked":"FlurryOfBlows","floor":18},{"not_picked":["Evaluate","CutThroughFate"],"picked":"ClearTheMind","floor":20},{"not_picked":["JustLucky+1","InnerPeace","Vengeance"],"picked":"SKIP","floor":24},{"not_picked":["JustLucky+1","FearNoEvil"],"picked":"Tantrum","floor":27},{"not_picked":["TalkToTheHand","FlyingSleeves","BowlingBash+1"],"picked":"SKIP","floor":31}],"player_experience":437124,"relics_obtained":[{"floor":7,"key":"Damaru"},{"floor":13,"key":"Bottled Lightning"},{"floor":26,"key":"GoldenEye"}],"event_choices":[{"damage_healed":0,"gold_gain":75,"player_choice":"Gather Gold","damage_taken":11,"max_hp_gain":0,"max_hp_loss":0,"event_name":"World of Goop","floor":3,"gold_loss":0},{"damage_healed":0,"gold_gain":0,"player_choice":"Bought 0 Potions","damage_taken":0,"max_hp_gain":0,"max_hp_loss":0,"event_name":"The Woman in Blue","floor":10,"gold_loss":0},{"damage_healed":0,"gold_gain":0,"player_choice":"Entered Light","damage_taken":14,"max_hp_gain":0,"max_hp_loss":0,"event_name":"Shining Light","floor":14,"gold_loss":0,"cards_upgraded":["Defend_P","FlyingSleeves"]},{"damage_healed":0,"gold_gain":0,"player_choice":"Upgraded","damage_taken":0,"max_hp_gain":0,"max_hp_loss":0,"event_name":"Upgrade Shrine","floor":22,"gold_loss":0,"cards_upgraded":["ClearTheMind"]},{"cards_removed":["SpiritShield"],"damage_healed":12,"gold_gain":0,"player_choice":"Offered Rare","damage_taken":0,"max_hp_gain":10,"max_hp_loss":0,"event_name":"Bonfire Elementals","floor":28,"gold_loss":0}],"is_beta":false,"boss_relics":[{"not_picked":["Cursed Key","Snecko Eye"],"picked":"VioletLotus"}],"items_purged_floors":[5],"is_endless":false,"potions_floor_spawned":[4,16,24],"killed_by":"Automaton","ascension_level":0}}