{"host":"ewns8ifhbubwkcum","time":1611779044,"event":{"mods":["BaseMod","Block Reminder","Colored Map","Colored Powertips","Downfall","Highlight Path","Minty Spire (QoL Compilation)","Permanent Neow","Quick Restart","Random Character Button","StSLib"],"gold_per_floor":[99,116,135,120,135,135,135,166,166,166,196,218,118,118,118,118],"floor_reached":14,"language":"ENG","playtime":772,"items_purged":[],"score":101,"play_id":"3f96bb79-00ae-4256-8001-03f1c7d3b26d","local_time":"20210127142404","is_ascension_mode":true,"campfire_choices":[{"data":"champ:MurderStrike","floor":1,"key":"SMITH"},{"data":"champ:ArenaPreparation","floor":6,"key":"SMITH"},{"floor":10,"key":"RECALL"},{"data":"champ:AdrenalArmor","floor":13,"key":"SMITH"}],"circlet_count":0,"master_deck":["champ:Strike","champ:Strike","champ:Strike","champ:Defend","champ:Defend","champ:Defend","champ:Defend","champ:Execute","champ:Taunt","champ:MurderStrike+1","champ:BerserkersShout","champ:DefensiveShout","champ:AdrenalArmor+1","champ:ArenaPreparation+1","champ:CrookedStrike","champ:Endure","champ:DeathBlow"],"relics":["champ:ChampionCrown","Sundial","Letter Opener","Odd Mushroom","downfall:HeartBlessingRed"],"acts_visited":["Exordium"],"potions_floor_usage":[11,14],"damage_taken":[{"damage":11,"enemies":"Cultist","floor":2,"turns":3},{"damage":26,"enemies":"2 Louse","floor":3,"turns":4},{"damage":45,"enemies":"downfall:FleeingMerchant","floor":4,"turns":4},{"damage":20,"enemies":"Small Slimes","floor":5,"turns":4},{"damage":55,"enemies":"3 Sentries","floor":8,"turns":7},{"damage":44,"enemies":"Gremlin Nob","floor":11,"turns":3},{"damage":18,"enemies":"The Mushroom Lair","floor":12,"turns":4},{"damage":58,"enemies":"Lagavulin","floor":14,"turns":4}],"seed_played":"-8545390521664568410","potions_obtained":[{"floor":5,"key":"LiquidBronze"},{"floor":8,"key":"champ:OpenerPotion"},{"floor":11,"key":"champ:TechniquePotion"}],"is_trial":false,"path_per_floor":["R","M","M","$","M","R","T","E","?","R","E","?","R","E"],"character_chosen":"THE_CHAMP","items_purchased":[],"campfire_rested":0,"item_purchase_floors":[],"current_hp_per_floor":[90,89,83,83,83,83,83,63,63,63,59,46,46,0,0,0],"gold":118,"neow_bonus":"ONE_RANDOM_RARE_CARD","is_daily":false,"chose_seed":false,"campfire_upgraded":3,"win_rate":0.0,"timestamp":1611779044,"path_taken":["R","M","M","$","M","R","T","E","?","R","E","?","R","E"],"items_purchased_type":[],"build_version":"2020-12-22","purchased_purges":0,"victory":false,"max_hp_per_floor":[90,90,90,90,90,90,90,90,90,90,90,90,90,90,90,90],"card_choices":[{"not_picked":["champ:Backstep","champ:Circumvent"],"picked":"champ:BerserkersShout","floor":2},{"not_picked":["champ:BringItOn","champ:SteelEdge"],"picked":"champ:DefensiveShout","floor":3},{"not_picked":["champ:FocusedBerserking","champ:FaceSlap"],"picked":"champ:AdrenalArmor","floor":4},{"not_picked":["champ:Shatter","champ:BringItOn"],"picked":"champ:ArenaPreparation","floor":5},{"not_picked":["champ:ShieldWall","champ:HeavySlash"],"picked":"champ:CrookedStrike","floor":8},{"not_picked":["champ:PerfectedStrike","champ:BringItOn"],"picked":"champ:Endure","floor":11},{"not_picked":["champ:RapidStrikes","champ:BerserkersShout"],"picked":"champ:DeathBlow","floor":12}],"player_experience":1009405,"relics_obtained":[{"floor":8,"key":"Sundial"},{"floor":11,"key":"Letter Opener"},{"floor":12,"key":"Odd Mushroom"}],"event_choices":[{"cards_removed":["champ:Strike"],"damage_healed":0,"gold_gain":0,"player_choice":"Card Removal","damage_taken":0,"max_hp_gain":0,"max_hp_loss":0,"event_name":"The Cleric","floor":9,"gold_loss":0},{"damage_healed":0,"gold_gain":0,"player_choice":"Fought Mushrooms","damage_taken":0,"max_hp_gain":0,"max_hp_loss":0,"event_name":"Mushrooms","floor":12,"gold_loss":0}],"is_beta":false,"boss_relics":[],"items_purged_floors":[],"is_endless":false,"potions_floor_spawned":[5,8,11],"killed_by":"Lagavulin","ascension_level":1}}