{"host":"l84l8xigz5v5foa2","time":1611717134,"event":{"mods":["2.2 Compatiblity","AchievementEnabler","BaseMod","Better Note","Better Vampires","Card Filter","Colored Map","DeckTracker","Downfall","Gremlin Skip","Highlight Path","Keyboard Shortcuts","Minty Spire (QoL Compilation)","Permanent Neow","Quick Restart","Relic Filter","Relic Stats","StSLib","SuperFastMode","Transform Curses","Unknown Chances"],"gold_per_floor":[116,127,142,142,142,142,177,191,191,191,191,191,191,191,191,265,265,279,32,46,46,61,73,73,99,172,172,205,224,224,149,149,224,224,240,254,271,24,44,71,71,71,71,30,62,62,62,97,97,97,97,97,97,14,41,41,41,41],"floor_reached":56,"language":"ENG","playtime":2685,"items_purged":["hexamod:Defend"],"score":2031,"play_id":"5001a5e7-291c-48aa-a66f-0557191197d8","local_time":"20210127121214","is_ascension_mode":true,"campfire_choices":[{"data":"hexamod:Float","floor":6.0,"key":"SMITH"},{"data":"hexamod:RainOfEmbers","floor":10.0,"key":"SMITH"},{"data":"hexamod:ThermalTransfer","floor":13.0,"key":"SMITH"},{"floor":15.0,"key":"DIG"},{"floor":24.0,"key":"REST"},{"floor":27.0,"key":"DIG"},{"floor":32.0,"key":"DIG"},{"floor":41.0,"key":"RECALL"},{"data":"hexamod:Incineration","floor":49.0,"key":"SMITH"},{"floor":53.0,"key":"DIG"}],"circlet_count":0,"master_deck":["AscendersBane","hexamod:Strike+1","hexamod:Defend+1","hexamod:Defend+1","hexamod:Defend+1","hexamod:Sear+1","hexamod:Float+1","hexamod:SuperheatedStrike+1","hexamod:RainOfEmbers+1","hexamod:ThermalTransfer+1","hexamod:ShieldOfDarkness+1","hexamod:ExtraCrispy+1","hexamod:HexaLevel+1","hexamod:GhostOfSpirePast+1","hexamod:GhostOfSpirePast+1","hexamod:HeatMetal+1","hexamod:FourthSeal","hexamod:InspiringFlames+1","hexamod:SixthSeal","hexamod:EmpoweredFlame+1","hexamod:FastForward+1","hexamod:SearingWound+1","hexamod:HeatMetal+1","hexamod:AdvancingGuard+1","hexamod:HeatCrush+1","hexamod:ShieldOfDarkness+1","hexamod:RetreatToShadows+1","hexamod:RadiantFlame+1","hexamod:Incineration+1","hexamod:GhostflameBarrier+1"],"relics":["hexamod:SpiritBrand","Juzu Bracelet","Pear","Frozen Egg 2","Shovel","Strawberry","Philosopher\u0027s Stone","Happy Flower","hexamod:TheBrokenSeal","Mummified Hand","Bag of Marbles","MealTicket","Enchiridion","hexamod:BolsterEngine","hexamod:IceCube","Oddly Smooth Stone","CaptainsWheel","Blood Vial","Art of War","Singing Bowl","Sundial","Bottled Flame"],"acts_visited":["Exordium","TheCity","TheBeyond","TheEnding"],"potions_floor_usage":[56,56],"damage_taken":[{"damage":1.0,"enemies":"Cultist","floor":1.0,"turns":4.0},{"damage":1.0,"enemies":"2 Louse","floor":2.0,"turns":3.0},{"damage":1.0,"enemies":"Small Slimes","floor":3.0,"turns":3.0},{"damage":3.0,"enemies":"Lagavulin","floor":7.0,"turns":4.0},{"damage":6.0,"enemies":"Exordium Thugs","floor":8.0,"turns":4.0},{"damage":17.0,"enemies":"The Guardian","floor":16.0,"turns":10.0},{"damage":27.0,"enemies":"Shell Parasite","floor":18.0,"turns":6.0},{"damage":13.0,"enemies":"Spheric Guardian","floor":20.0,"turns":6.0},{"damage":0.0,"enemies":"Snecko","floor":22.0,"turns":5.0},{"damage":0.0,"enemies":"Snake Plant","floor":23.0,"turns":3.0},{"damage":72.0,"enemies":"Cultist and Chosen","floor":25.0,"turns":9.0},{"damage":0.0,"enemies":"Gremlin Leader","floor":28.0,"turns":6.0},{"damage":0.0,"enemies":"Chosen and Byrds","floor":29.0,"turns":3.0},{"damage":33.0,"enemies":"Collector","floor":33.0,"turns":9.0},{"damage":0.0,"enemies":"Orb Walker","floor":35.0,"turns":2.0},{"damage":0.0,"enemies":"3 Darklings","floor":36.0,"turns":5.0},{"damage":0.0,"enemies":"Transient","floor":37.0,"turns":6.0},{"damage":0.0,"enemies":"4 Shapes","floor":39.0,"turns":5.0},{"damage":21.0,"enemies":"Nemesis","floor":40.0,"turns":7.0},{"damage":0.0,"enemies":"Giant Head","floor":45.0,"turns":5.0},{"damage":33.0,"enemies":"Reptomancer","floor":48.0,"turns":5.0},{"damage":33.0,"enemies":"Time Eater","floor":50.0,"turns":8.0},{"damage":18.0,"enemies":"Donu and Deca","floor":51.0,"turns":8.0},{"damage":74.0,"enemies":"Shield and Spear","floor":55.0,"turns":8.0},{"damage":37,"enemies":"The Heart","floor":56,"turns":2}],"seed_played":"-7305324816041368393","potions_obtained":[{"floor":1.0,"key":"Weak Potion"},{"floor":1.0,"key":"Regen Potion"},{"floor":2.0,"key":"SteroidPotion"},{"floor":3.0,"key":"EssenceOfSteel"},{"floor":7.0,"key":"EssenceOfSteel"},{"floor":8.0,"key":"BlessingOfTheForge"},{"floor":16.0,"key":"SkillPotion"},{"floor":18.0,"key":"BlessingOfTheForge"},{"floor":20.0,"key":"EssenceOfSteel"},{"floor":22.0,"key":"Block Potion"},{"floor":23.0,"key":"hexamod:DoubleChargePotion"},{"floor":23.0,"key":"EssenceOfSteel"},{"floor":25.0,"key":"SpeedPotion"},{"floor":28.0,"key":"hexamod:DoubleChargePotion"},{"floor":29.0,"key":"AttackPotion"},{"floor":33.0,"key":"BlessingOfTheForge"},{"floor":35.0,"key":"AttackPotion"},{"floor":36.0,"key":"hexamod:DoubleChargePotion"},{"floor":37.0,"key":"Regen Potion"},{"floor":40.0,"key":"SkillPotion"},{"floor":45.0,"key":"Strength Potion"},{"floor":45.0,"key":"SkillPotion"},{"floor":48.0,"key":"hexamod:DoubleChargePotion"},{"floor":48.0,"key":"FearPotion"},{"floor":55,"key":"LiquidMemories"},{"floor":55,"key":"SteroidPotion"}],"is_trial":false,"path_per_floor":["M","M","M","?","?","R","E","M","T","R","?","?","R","?","R","B",null,"M","$","M","?","M","M","R","M","T","R","E","M","?","?","R","B",null,"M","M","M","$","M","E","R","?","T","$","E","?","T","E","R","B","B",null,"R","$","E","B"],"character_chosen":"THE_SPIRIT","items_purchased":["hexamod:GhostOfSpirePast+1","Happy Flower","Oddly Smooth Stone","hexamod:RadiantFlame+1","LiquidMemories"],"campfire_rested":1,"item_purchase_floors":[19,19,38,44,54],"current_hp_per_floor":[56,62,61,50,31,31,38,32,32,32,25,25,25,25,32,22,66,46,46,33,10,10,10,35,63,63,63,63,63,42,42,42,9,74,74,74,74,89,89,83,83,83,83,95,95,90,90,59,59,28,12,74,74,89,17,0,0,0],"gold":41,"neow_bonus":"TRANSFORM_CARD","is_daily":false,"chose_seed":false,"campfire_upgraded":4,"win_rate":0.0,"timestamp":1611717134,"path_taken":["M","M","?","?","?","R","E","M","T","R","?","?","R","?","R","BOSS","M","$","M","?","M","M","R","M","T","R","E","M","?","?","R","BOSS","M","M","M","$","M","E","R","?","T","$","E","?","?","E","R","BOSS","BOSS","R","$","E","BOSS"],"items_purchased_type":["Card","Relic","Relic","Card","Potion"],"build_version":"2020-12-22","purchased_purges":1,"victory":false,"max_hp_per_floor":[63,63,63,63,63,63,73,73,73,73,73,73,73,73,80,80,80,80,80,80,85,85,85,85,95,95,95,95,95,95,95,95,95,95,95,95,95,95,95,95,95,95,95,95,95,95,95,95,95,95,95,95,95,95,95,95,95,95],"relic_stats":{"Blood Vial":10,"Shovel":4,"Happy Flower":[34],"Singing Bowl":0,"counters":[25,136],"Mummified Hand":[97],"Sundial":[0],"MealTicket":42,"Juzu Bracelet":2,"Art of War":[5],"obtain_stats":[{"Pear":7,"Happy Flower":19,"Singing Bowl":48,"hexamod:TheBrokenSeal":25,"Enchiridion":30,"Oddly Smooth Stone":38,"Juzu Bracelet":4,"Frozen Egg 2":9,"Blood Vial":45,"CaptainsWheel":40,"Bottled Flame":55,"Shovel":14,"Mummified Hand":26,"Sundial":53,"Strawberry":15,"Philosopher\u0027s Stone":17,"MealTicket":28,"Bag of Marbles":27,"Art of War":47,"hexamod:BolsterEngine":32,"hexamod:SpiritBrand":0,"hexamod:IceCube":34},{"Pear":4,"Happy Flower":7,"Singing Bowl":21,"hexamod:TheBrokenSeal":11,"Enchiridion":13,"Oddly Smooth Stone":17,"Juzu Bracelet":3,"Frozen Egg 2":5,"Blood Vial":20,"CaptainsWheel":19,"Bottled Flame":24,"Shovel":5,"Mummified Hand":11,"Sundial":23,"Strawberry":5,"Philosopher\u0027s Stone":6,"MealTicket":12,"Bag of Marbles":11,"Art of War":20,"hexamod:BolsterEngine":13,"hexamod:SpiritBrand":0,"hexamod:IceCube":14},{"Pear":14,"Happy Flower":34,"Singing Bowl":110,"hexamod:TheBrokenSeal":52,"Enchiridion":66,"Oddly Smooth Stone":88,"Juzu Bracelet":10,"Frozen Egg 2":18,"Blood Vial":105,"CaptainsWheel":100,"Bottled Flame":134,"Shovel":18,"Mummified Hand":57,"Sundial":126,"Strawberry":18,"Philosopher\u0027s Stone":28,"MealTicket":63,"Bag of Marbles":57,"Art of War":105,"hexamod:BolsterEngine":66,"hexamod:SpiritBrand":0,"hexamod:IceCube":75}]},"card_choices":[{"not_picked":["hexamod:PowerFromBeyond","hexamod:HeatShield"],"picked":"hexamod:SuperheatedStrike","floor":1.0},{"not_picked":["hexamod:GhostLash","hexamod:RetreatToShadows"],"picked":"hexamod:RainOfEmbers","floor":2.0},{"not_picked":["hexamod:RadiantFlame","hexamod:BurningTouch"],"picked":"hexamod:ThermalTransfer","floor":3.0},{"not_picked":["hexamod:EtherealExpedition","hexamod:HeatMetal"],"picked":"hexamod:ShieldOfDarkness","floor":7.0},{"not_picked":["hexamod:SwordOfDarkness","hexamod:RecurringNightmare"],"picked":"hexamod:HauntingEcho","floor":8.0},{"not_picked":["hexamod:Toasty","hexamod:GhostOfSpirePresent+1"],"picked":"hexamod:HexaLevel+1","floor":16.0},{"not_picked":["hexamod:WildfireWeapon+1","hexamod:GiftsFromTheDead+1"],"picked":"hexamod:FifthSeal","floor":16.0},{"not_picked":["hexamod:SpectralSpark","hexamod:SecondSeal"],"picked":"hexamod:GhostOfSpirePast+1","floor":18.0},{"not_picked":["hexamod:ThirdSeal","hexamod:FirstSeal"],"picked":"hexamod:SixthSeal","floor":18.0},{"not_picked":["hexamod:ThirdSeal","hexamod:SixthSeal"],"picked":"hexamod:SecondSeal","floor":20.0},{"not_picked":["hexamod:Again+1","hexamod:CatchUp"],"picked":"hexamod:HeatMetal","floor":20.0},{"not_picked":["hexamod:SoulSteal","hexamod:HauntingEcho","hexamod:CatchUp"],"picked":"SKIP","floor":20.0},{"not_picked":["hexamod:FirstSeal","hexamod:SecondSeal"],"picked":"hexamod:FourthSeal","floor":22.0},{"not_picked":["hexamod:DynamicBlow","hexamod:BurningTouch","hexamod:NecessarySacrifice"],"picked":"SKIP","floor":22.0},{"not_picked":["hexamod:GhostLash","hexamod:RecurringNightmare","hexamod:FastForward"],"picked":"SKIP","floor":22.0},{"not_picked":["hexamod:Haunt","hexamod:HeatCrush"],"picked":"hexamod:InspiringFlames","floor":23.0},{"not_picked":["hexamod:NightmareGuise","hexamod:BurningTouch"],"picked":"hexamod:SixthSeal","floor":25.0},{"not_picked":["hexamod:RainOfEmbers+1","hexamod:FlamesFromBeyond+1"],"picked":"hexamod:EmpoweredFlame+1","floor":28.0},{"not_picked":["hexamod:BurningTouch","hexamod:InspiringFlames"],"picked":"hexamod:FastForward","floor":29.0},{"not_picked":["hexamod:ApocalypseNow","hexamod:GhostflameInferno"],"picked":"hexamod:SearingWound","floor":33.0},{"not_picked":["hexamod:ThermalTransfer","hexamod:SpectersWail"],"picked":"hexamod:HeatMetal+1","floor":35.0},{"not_picked":["hexamod:Hexaguard","hexamod:DynamicBlow"],"picked":"hexamod:AdvancingGuard+1","floor":36.0},{"not_picked":["hexamod:SpectralSpark","hexamod:ThermalTransfer"],"picked":"hexamod:HeatCrush","floor":37.0},{"not_picked":["hexamod:InspiringFlames","hexamod:FastForward+1"],"picked":"hexamod:ShieldOfDarkness","floor":39.0},{"not_picked":["hexamod:SecondSeal","hexamod:Haunt+1"],"picked":"hexamod:RetreatToShadows","floor":40.0},{"not_picked":["hexamod:ShieldOfDarkness","hexamod:SpectralSpark","hexamod:BacktrackSmack"],"picked":"SKIP","floor":45.0},{"not_picked":["hexamod:StepThrough","hexamod:PhantomFireball"],"picked":"hexamod:Incineration","floor":48.0},{"not_picked":["hexamod:FastForward","hexamod:HeatMetal"],"picked":"hexamod:GhostflameBarrier+1","floor":55}],"player_experience":3436288,"relics_obtained":[{"floor":7.0,"key":"Pear"},{"floor":9.0,"key":"Frozen Egg 2"},{"floor":14.0,"key":"Shovel"},{"floor":15.0,"key":"Strawberry"},{"floor":26.0,"key":"Mummified Hand"},{"floor":27.0,"key":"Bag of Marbles"},{"floor":28.0,"key":"MealTicket"},{"floor":30.0,"key":"Enchiridion"},{"floor":32.0,"key":"hexamod:BolsterEngine"},{"floor":40.0,"key":"CaptainsWheel"},{"floor":45.0,"key":"Blood Vial"},{"floor":47.0,"key":"Art of War"},{"floor":48.0,"key":"Singing Bowl"},{"floor":53.0,"key":"Sundial"},{"floor":55,"key":"Bottled Flame"}],"event_choices":[{"damage_healed":0.0,"max_hp_gain":0.0,"max_hp_loss":0.0,"gold_gain":0.0,"event_name":"Scrap Ooze","player_choice":"Success","floor":4.0,"gold_loss":0.0,"damage_taken":11.0,"relics_obtained":["Juzu Bracelet"]},{"damage_healed":0.0,"max_hp_gain":0.0,"max_hp_loss":0.0,"gold_gain":0.0,"event_name":"Shining Light","player_choice":"Entered Light","floor":5.0,"gold_loss":0.0,"damage_taken":19.0,"cards_upgraded":["hexamod:Strike","hexamod:SuperheatedStrike"]},{"damage_healed":0.0,"max_hp_gain":0.0,"max_hp_loss":0.0,"gold_gain":0.0,"cards_transformed":["hexamod:Strike"],"event_name":"Transmorgrifier","player_choice":"Transformed","floor":12.0,"gold_loss":0.0,"damage_taken":0.0,"cards_obtained":["hexamod:ExtraCrispy"]},{"damage_healed":0.0,"max_hp_gain":0.0,"max_hp_loss":0.0,"gold_gain":0.0,"event_name":"Wheel of Change","player_choice":"Relic","floor":14.0,"gold_loss":0.0,"damage_taken":0.0},{"damage_healed":0.0,"max_hp_gain":5.0,"max_hp_loss":0.0,"gold_gain":0.0,"event_name":"Forgotten Altar","player_choice":"Shed Blood","floor":21.0,"gold_loss":0.0,"damage_taken":28.0},{"damage_healed":0.0,"max_hp_gain":0.0,"max_hp_loss":0.0,"gold_gain":0.0,"event_name":"Cursed Tome","player_choice":"Obtained Book","floor":30.0,"gold_loss":0.0,"damage_taken":21.0},{"cards_removed":["hexamod:Strike"],"damage_healed":0.0,"max_hp_gain":0.0,"max_hp_loss":0.0,"gold_gain":0.0,"event_name":"Beggar","player_choice":"Gave Gold","floor":31.0,"gold_loss":75.0,"damage_taken":0.0},{"damage_healed":0.0,"max_hp_gain":0.0,"max_hp_loss":0.0,"gold_gain":0.0,"event_name":"Upgrade Shrine","player_choice":"Upgraded","floor":42.0,"gold_loss":0.0,"damage_taken":0.0,"cards_upgraded":["hexamod:RetreatToShadows"]},{"damage_healed":0.0,"max_hp_gain":0.0,"max_hp_loss":0.0,"gold_gain":0.0,"event_name":"The Woman in Blue","player_choice":"Bought 0 Potions","floor":46.0,"gold_loss":0.0,"damage_taken":0.0}],"is_beta":false,"boss_relics":[{"not_picked":["expansioncontent:StudyCardRelic","Astrolabe"],"picked":"Philosopher\u0027s Stone"},{"not_picked":["Busted Crown","Cursed Key"],"picked":"hexamod:IceCube"}],"items_purged_floors":[38],"is_endless":false,"potions_floor_spawned":[1,3,23,29,35,36,39,45,48,55],"killed_by":"The Heart","ascension_level":20}}