{"host":"lq2h7q9ca6uwu60x","time":1611726172,"event":{"mods":["Act Like it!","BaseMod","Gensokyo","Koishi","Marisa£®ÏF”Í°°ƒß¿Ì…≥£©","Minty Spire (QoL Compilation)","Remilia£®¿Ÿ√◊¿Ú—«£©","StSLib","Youmu£®ªÍ∆«—˝√Œ£©"],"gold_per_floor":[117,117,136,136,236,236,269,269,269,223,223,148,148,175,175,175,175],"floor_reached":16,"language":"ZHS","playtime":366,"items_purged":["Strike_YM"],"score":188,"play_id":"2260bc12-3fc5-43f6-8083-592db80f3bc8","local_time":"20210127134252","is_ascension_mode":true,"campfire_choices":[{"data":"TenKingsRetributionOnThePreta","floor":6.0,"key":"SMITH"},{"floor":8.0,"key":"REST"},{"floor":13.0,"key":"RECALL"},{"data":"TenKingsRetributionOnThePreta","floor":15.0,"key":"SMITH"}],"circlet_count":0,"master_deck":["AscendersBane","Strike_YM","Strike_YM","Strike_YM","Defend_YM","Defend_YM","Defend_YM","Defend_YM","SlashOfPresentWorld","WheelOfPainOfLivingAndDead","TenKingsRetributionOnThePreta+1","Clumsy","Pain","TenKingsRetributionOnThePreta+1"],"relics":["SacredBark","Gensokyo:NagashiBinaDoll","Strawberry","Potion Belt","Gensokyo:LunaticRedEyes","Girya"],"acts_visited":[],"potions_floor_usage":[],"damage_taken":[{"damage":12.0,"enemies":"Gensokyo:Gryphon","floor":1.0,"turns":4.0},{"damage":5.0,"enemies":"Gensokyo:3_Fairies","floor":3.0,"turns":7.0},{"damage":8.0,"enemies":"Gensokyo:Mamizou","floor":7.0,"turns":10.0},{"damage":25.0,"enemies":"Gensokyo:Aya","floor":14.0,"turns":6.0},{"damage":0,"enemies":"Gensokyo:Kokoro","floor":16,"turns":1}],"seed_played":"-7856296035651448255","potions_obtained":[{"floor":1.0,"key":"FearPotion"}],"is_trial":false,"path_per_floor":["M","?","M","?","?","R","E","R","T","?","?","$","R","E","R","B"],"character_chosen":"YOUMU","items_purchased":[],"campfire_rested":1,"item_purchase_floors":[],"current_hp_per_floor":[51,51,46,39,39,39,31,54,54,77,77,77,77,52,52,52,52],"gold":175,"neow_bonus":"BOSS_RELIC","is_daily":false,"chose_seed":false,"campfire_upgraded":2,"win_rate":0.0,"timestamp":1611726172,"path_taken":["M","?","?","?","?","R","E","R","T","?","?","$","R","E","R","BOSS"],"items_purchased_type":[],"build_version":"2020-12-22","purchased_purges":1,"victory":false,"max_hp_per_floor":[70,70,70,77,77,77,77,77,77,77,77,77,77,77,77,77,77],"card_choices":[{"not_picked":["GhostSword","ThreeKonsSevenHakus"],"picked":"TenKingsRetributionOnThePreta","floor":1.0},{"not_picked":["LowerRealmReflectionSlash","SpiritCuttingSword","SlashOfMeditation"],"picked":"SKIP","floor":3.0},{"not_picked":["ThoughtCuttingSword","SanzenSekai","SlashOfMeditation"],"picked":"SKIP","floor":7.0},{"not_picked":["ObsessionSword","HumanKnowledgeSword"],"picked":"TenKingsRetributionOnThePreta","floor":14.0}],"player_experience":1054822,"relics_obtained":[{"floor":7.0,"key":"Potion Belt"},{"floor":14.0,"key":"Girya"}],"event_choices":[],"is_beta":false,"boss_relics":[],"items_purged_floors":[12],"is_endless":false,"potions_floor_spawned":[1],"killed_by":"Gensokyo:Kokoro","ascension_level":20}}