{"host":"gqcohn9v5baj3dmw","time":1611763093,"event":{"mods":["BaseMod","Better Note","Better Sensory Stone","Better Skull","Colored Map","Downfall","Marked Mod","Minty Spire (QoL Compilation)","Rare Cards Sparkle","Relic Stats","StSLib"],"gold_per_floor":[99,110,110,129,129,129,129,129,33,183,198,198,223,223,235,235,235,235],"floor_reached":16,"language":"ENG","playtime":603,"items_purged":[],"score":127,"play_id":"63d78c16-dc4d-46ea-8f2e-f33acb9b8855","local_time":"20210127165813","is_ascension_mode":true,"campfire_choices":[{"data":"Guardian:TwinSlam","floor":1.0,"key":"SMITH"},{"data":"Guardian:CurlUp","floor":8.0,"key":"SMITH"},{"floor":12,"key":"REST"}],"circlet_count":0,"master_deck":["Guardian:Strike_Guardian","Guardian:Strike_Guardian","Guardian:Strike_Guardian+1","Guardian:Defend_Guardian+1","Guardian:Defend_Guardian","Guardian:Defend_Guardian+1","Guardian:CurlUp+1","Guardian:TwinSlam+1","Guardian:Gem_Cyan","Guardian:SentryBeam","Guardian:Gem_Orange"],"relics":["Guardian:ModeShifter","Mercury Hourglass","Ancient Tea Set","Darkstone Periapt"],"acts_visited":["Exordium"],"potions_floor_usage":[],"damage_taken":[{"damage":0.0,"enemies":"2 Louse","floor":2.0,"turns":3.0},{"damage":7.0,"enemies":"Jaw Worm","floor":4.0,"turns":4.0},{"damage":5.0,"enemies":"downfall:FleeingMerchant","floor":9.0,"turns":4.0},{"damage":4.0,"enemies":"Small Slimes","floor":11.0,"turns":3.0},{"damage":16,"enemies":"Gremlin Nob","floor":13,"turns":4},{"damage":0,"enemies":"2 Fungi Beasts","floor":15,"turns":4},{"damage":48,"enemies":"WA_ARCHETYPE_RETAIN","floor":16,"turns":12}],"seed_played":"4708060759084738573","potions_obtained":[{"floor":2.0,"key":"SteroidPotion"},{"floor":13,"key":"SteroidPotion"},{"floor":15,"key":"Energy Potion"}],"is_trial":false,"path_per_floor":["R","M","?","M","T","?","T","R","$","?","M","R","E","?","M","B"],"character_chosen":"GUARDIAN","items_purchased":["Guardian:Gem_White"],"campfire_rested":1,"item_purchase_floors":[9],"current_hp_per_floor":[51,51,51,44,44,44,44,44,39,39,35,59,43,43,43,0,0,0],"gold":235,"neow_bonus":"REMOVE_TWO","is_daily":false,"chose_seed":false,"campfire_upgraded":2,"win_rate":0.0,"timestamp":1611763093,"path_taken":["R","M","?","M","?","?","T","R","$","?","M","R","E","?","M","BOSS"],"items_purchased_type":["Card"],"build_version":"2020-12-22","purchased_purges":0,"victory":false,"max_hp_per_floor":[80,80,80,80,80,80,80,80,80,80,80,80,80,80,80,80,80,80],"relic_stats":{"Darkstone Periapt":0,"counters":[7,33],"obtain_stats":[{"Darkstone Periapt":13,"Guardian:ModeShifter":0,"Ancient Tea Set":7,"Mercury Hourglass":5},{"Darkstone Periapt":5,"Guardian:ModeShifter":0,"Ancient Tea Set":2,"Mercury Hourglass":2},{"Darkstone Periapt":18,"Guardian:ModeShifter":0,"Ancient Tea Set":7,"Mercury Hourglass":7}],"Mercury Hourglass":[51]},"card_choices":[{"not_picked":["Guardian:BodySlam","Guardian:Reroute","Guardian:BronzeArmor"],"picked":"SKIP","floor":2.0},{"not_picked":["Guardian:TimeBomb","Guardian:CrystalBeam"],"picked":"Guardian:Gem_Lightblue","floor":4.0},{"not_picked":["Guardian:TimeCapacitor","Guardian:Gem_Crimson"],"picked":"Guardian:Gem_Cyan","floor":9.0},{"not_picked":["Guardian:TemporalStrike","Guardian:Reroute","Guardian:VentSteam"],"picked":"SKIP","floor":11.0},{"not_picked":["Guardian:TemporalStrike","Guardian:Reroute","Guardian:VentSteam"],"picked":"SKIP","floor":11.0},{"not_picked":["Guardian:DonusPower","Guardian:CrystalBeam"],"picked":"Guardian:SentryBeam","floor":13},{"not_picked":["Guardian:Planning","Guardian:ArmoredProtocol"],"picked":"Guardian:Gem_Orange","floor":15}],"player_experience":536188,"relics_obtained":[{"floor":5.0,"key":"Mercury Hourglass"},{"floor":7.0,"key":"Ancient Tea Set"},{"floor":13,"key":"Darkstone Periapt"}],"event_choices":[{"cards_removed":["downfall:Malfunctioning"],"damage_healed":0.0,"max_hp_gain":0.0,"max_hp_loss":0.0,"gold_gain":0.0,"event_name":"The Cleric","player_choice":"Card Removal","floor":6.0,"gold_loss":0.0,"damage_taken":0.0},{"cards_removed":["downfall:Icky"],"damage_healed":0,"gold_gain":0,"player_choice":"Forget","damage_taken":0,"max_hp_gain":0,"max_hp_loss":0,"event_name":"Living Wall","floor":14,"gold_loss":0}],"is_beta":false,"boss_relics":[],"items_purged_floors":[],"is_endless":false,"potions_floor_spawned":[2,13,15],"killed_by":"WA_ARCHETYPE_RETAIN","ascension_level":6}}