{"host":"w2kjv12xyhtt0cv2","time":1611767386,"event":{"mods":["Act Like it!","BaseMod","Colored Map","Friendly Minions","Gensokyo","GifTheSpireLib","Highlight Path","Hubris","Kiyohime（清姬）","Marisa（F雨　魔理沙）","Minty Spire (QoL Compilation)","Quick Restart","Reimu（博丽灵梦）","Relic Stats","Replay The Spire","RumiaBox-露米娅的神秘盒子","Shop Mod","Spicy Shops","StSLib","The Cursed","The Servant 0.9.4","UnlockEverythingMod","Waifu the Spire","[功能]功能增强和修复MOD","vexMod","【功能Mod】Neow奖励","【遗物卡牌】REMEMod","没有小屋子和绿帽子啦"],"gold_per_floor":[114,114,114,130,130,130,175,175],"floor_reached":7,"language":"ZHS","playtime":301,"items_purged":[],"score":57,"play_id":"a272d6c8-76d8-4574-93e6-5c5076d92a1d","local_time":"20210128010946","is_ascension_mode":true,"campfire_choices":[{"data":"TheCursedMod:CursedWand","floor":6.0,"key":"SMITH"}],"circlet_count":0,"master_deck":["TheCursedMod:Strike_TheCursed","TheCursedMod:Strike_TheCursed","TheCursedMod:Strike_TheCursed","TheCursedMod:Strike_TheCursed","TheCursedMod:Defend_TheCursed","TheCursedMod:Defend_TheCursed","TheCursedMod:Defend_TheCursed","TheCursedMod:Defend_TheCursed","TheCursedMod:CursedWand+1","TheCursedMod:CleanUpWorkshop","TheCursedMod:Dregs","Limit Break","Spreading Infection"],"relics":["REME_ComplimentaryCards","TheCursedMod:OminousMark","hubris:Towel","Golden Idol","Ring of Hypnosis","ReplayTheSpireMod:Ring of Challenge"],"acts_visited":["Exordium"],"potions_floor_usage":[7],"damage_taken":[{"damage":0.0,"enemies":"Small Slimes","floor":1.0,"turns":5.0},{"damage":1.0,"enemies":"2 Louse","floor":4.0,"turns":3.0},{"damage":75,"enemies":"3 Sentries","floor":7,"turns":9}],"seed_played":"-7451773280422522532","potions_obtained":[{"floor":1.0,"key":"BlessingOfTheForge"}],"is_trial":false,"path_per_floor":["M","?","?","M","?","R","E"],"character_chosen":"THE_CURSED","items_purchased":[],"campfire_rested":0,"item_purchase_floors":[],"current_hp_per_floor":[68,68,68,67,67,67,0,0],"gold":175,"neow_bonus":"BOSS_RELIC","is_daily":false,"chose_seed":false,"campfire_upgraded":1,"win_rate":0.0,"timestamp":1611767386,"path_taken":["M","?","?","M","?","R","E"],"items_purchased_type":[],"build_version":"2020-12-22","purchased_purges":0,"victory":false,"max_hp_per_floor":[75,75,69,69,69,69,69,69],"relic_stats":{"counters":[3,17],"Golden Idol":3,"obtain_stats":[{"TheCursedMod:BlackMagic101":0,"TheCursedMod:OminousMark":0,"Ring of Hypnosis":5,"Golden Idol":3,"hubris:Towel":2,"ReplayTheSpireMod:Ring of Challenge":5,"REME_ComplimentaryCards":0},{"TheCursedMod:BlackMagic101":0,"TheCursedMod:OminousMark":0,"Ring of Hypnosis":2,"Golden Idol":1,"hubris:Towel":1,"ReplayTheSpireMod:Ring of Challenge":2,"REME_ComplimentaryCards":0},{"TheCursedMod:BlackMagic101":0,"TheCursedMod:OminousMark":0,"Ring of Hypnosis":8,"Golden Idol":5,"hubris:Towel":5,"ReplayTheSpireMod:Ring of Challenge":8,"REME_ComplimentaryCards":0}]},"card_choices":[{"not_picked":["TheCursedMod:CursedArmor","TheCursedMod:Torture","TheCursedMod:SmokeScreen"],"picked":"SKIP","floor":1.0},{"not_picked":["TheCursedMod:FleshFromBone","TheCursedMod:CursedMace","TheCursedMod:Wield"],"picked":"SKIP","floor":4.0}],"player_experience":225365,"relics_obtained":[{"floor":5.0,"key":"Ring of Hypnosis"},{"floor":5.0,"key":"ReplayTheSpireMod:Ring of Challenge"}],"event_choices":[{"damage_healed":0.0,"max_hp_gain":0.0,"max_hp_loss":6.0,"gold_gain":0.0,"event_name":"Golden Idol","player_choice":"Lose Max HP","floor":3.0,"gold_loss":0.0,"damage_taken":0.0,"relics_obtained":["Golden Idol"]}],"is_beta":false,"boss_relics":[],"items_purged_floors":[],"is_endless":false,"potions_floor_spawned":[1],"killed_by":"3 Sentries","ascension_level":9}}