{"host":"9h2qrz5zr7xpdj63","time":1611784901,"event":{"mods":["2.2 Compatiblity","AchievementEnabler","BaseMod","Bestiary","Colored Map","Colored Powertips","Highlight Path","Keyboard Shortcuts","Minty Spire (QoL Compilation)","Quick Restart","Relic Stats","StSLib"],"gold_per_floor":[113,130,144,158,169,201,201,228,228,228,246,246,246,260,260,359,359,379,379,391,61,76,76,107,107,131,150,150,166,181,207,207,207,207],"floor_reached":33,"language":"ENG","playtime":2285,"items_purged":[],"score":375,"play_id":"799bfee3-721e-4c7e-a1d1-495e45a6cd87","local_time":"20210127220141","is_ascension_mode":true,"campfire_choices":[{"floor":7,"key":"REST"},{"floor":13,"key":"REST"},{"data":"True Grit","floor":15,"key":"SMITH"},{"floor":23,"key":"REST"},{"data":"Fire Breathing","floor":25,"key":"SMITH"},{"data":"Cleave","floor":28,"key":"SMITH"},{"data":"Blood for Blood","floor":32,"key":"SMITH"}],"circlet_count":0,"master_deck":["Strike_R","Strike_R","Defend_R","Defend_R","Defend_R","Defend_R","Bash","True Grit+1","Sentinel","Armaments","Feel No Pain","Disarm","Flame Barrier","Cleave+1","Shrug It Off","Power Through","Offering","Flame Barrier","Blood for Blood+1","Fire Breathing+1","Burning Pact","Twin Strike","Thunderclap+1","Iron Wave","Iron Wave","Feed"],"relics":["Mark of Pain","Mercury Hourglass","Ginger","Vajra","Bag of Preparation","SlaversCollar","Pantograph","Bottled Flame","Ancient Tea Set","Blue Candle"],"acts_visited":["Exordium","TheCity"],"potions_floor_usage":[6,8,24,27,33,33],"damage_taken":[{"damage":4,"enemies":"Small Slimes","floor":1,"turns":3},{"damage":0,"enemies":"2 Louse","floor":2,"turns":2},{"damage":7,"enemies":"Jaw Worm","floor":3,"turns":3},{"damage":11,"enemies":"Blue Slaver","floor":4,"turns":4},{"damage":2,"enemies":"Exordium Wildlife","floor":5,"turns":4},{"damage":45,"enemies":"Lagavulin","floor":6,"turns":12},{"damage":10,"enemies":"3 Sentries","floor":8,"turns":9},{"damage":8,"enemies":"Red Slaver","floor":11,"turns":5},{"damage":0,"enemies":"Blue Slaver","floor":14,"turns":5},{"damage":15,"enemies":"The Guardian","floor":16,"turns":16},{"damage":6,"enemies":"Chosen","floor":18,"turns":6},{"damage":12,"enemies":"2 Thieves","floor":20,"turns":5},{"damage":36,"enemies":"Centurion and Healer","floor":22,"turns":11},{"damage":6,"enemies":"Book of Stabbing","floor":24,"turns":7},{"damage":0,"enemies":"Shelled Parasite and Fungi","floor":27,"turns":6},{"damage":0,"enemies":"3 Cultists","floor":29,"turns":3},{"damage":0,"enemies":"Chosen and Byrds","floor":30,"turns":5},{"damage":10,"enemies":"Gremlin Leader","floor":31,"turns":4},{"damage":69,"enemies":"Collector","floor":33,"turns":7}],"seed_played":"-8579432198746355330","potions_obtained":[{"floor":2,"key":"Dexterity Potion"},{"floor":6,"key":"DuplicationPotion"},{"floor":11,"key":"Block Potion"},{"floor":14,"key":"ElixirPotion"},{"floor":18,"key":"Dexterity Potion"},{"floor":22,"key":"Fire Potion"},{"floor":27,"key":"Strength Potion"}],"is_trial":false,"path_per_floor":["M","M","M","M","M","E","R","E","T","?","M","?","R","M","R","B",null,"M","?","M","$","M","R","E","R","T","M","R","M","M","E","R","B"],"character_chosen":"IRONCLAD","items_purchased":["Burning Pact","Pantograph"],"campfire_rested":3,"item_purchase_floors":[21,21],"current_hp_per_floor":[76,76,69,58,56,11,35,25,25,18,10,7,31,31,31,16,80,74,74,62,62,26,50,44,44,44,44,44,44,44,34,34,0,0],"gold":207,"neow_bonus":"BOSS_RELIC","is_daily":false,"chose_seed":false,"campfire_upgraded":4,"win_rate":0.0,"timestamp":1611784901,"path_taken":["M","M","M","M","M","E","R","E","T","?","M","?","R","M","R","BOSS","M","?","M","$","M","R","E","R","T","M","R","M","M","E","R","BOSS"],"items_purchased_type":["Card","Relic"],"build_version":"2020-12-22","purchased_purges":0,"victory":false,"max_hp_per_floor":[80,80,80,80,80,80,80,80,80,80,80,80,80,80,80,80,80,80,80,80,80,80,80,80,80,80,80,80,80,80,80,80,80,80],"relic_stats":{"counters":[19,114],"Pantograph":25,"Blue Candle":[0],"Bag of Preparation":[22],"Ginger":[11],"obtain_stats":[{"SlaversCollar":17,"Bottled Flame":24,"Pantograph":21,"Blue Candle":31,"Vajra":9,"Mark of Pain":0,"Bag of Preparation":12,"Ginger":8,"Ancient Tea Set":26,"Burning Blood":0,"Mercury Hourglass":6},{"SlaversCollar":10,"Bottled Flame":14,"Pantograph":12,"Blue Candle":18,"Vajra":7,"Mark of Pain":0,"Bag of Preparation":8,"Ginger":7,"Ancient Tea Set":14,"Burning Blood":0,"Mercury Hourglass":6},{"SlaversCollar":61,"Bottled Flame":89,"Pantograph":71,"Blue Candle":107,"Vajra":37,"Mark of Pain":0,"Bag of Preparation":41,"Ginger":37,"Ancient Tea Set":89,"Burning Blood":0,"Mercury Hourglass":28}],"Mercury Hourglass":[339]},"card_choices":[{"not_picked":["Headbutt","Perfected Strike"],"picked":"True Grit","floor":1},{"not_picked":["Wild Strike","Clothesline"],"picked":"Sentinel","floor":2},{"not_picked":["Warcry","Wild Strike"],"picked":"Armaments","floor":3},{"not_picked":["Ghostly Armor","Clash"],"picked":"Feel No Pain","floor":4},{"not_picked":["Uppercut","Headbutt"],"picked":"Disarm","floor":5},{"not_picked":["Wild Strike","Heavy Blade"],"picked":"Flame Barrier","floor":6},{"not_picked":["Wild Strike","Havoc"],"picked":"Cleave","floor":8},{"not_picked":["Headbutt","Heavy Blade"],"picked":"Shrug It Off","floor":11},{"not_picked":["Thunderclap","Cleave"],"picked":"Power Through","floor":14},{"not_picked":["Corruption","Demon Form"],"picked":"Offering","floor":16},{"not_picked":["Anger","Armaments"],"picked":"Flame Barrier","floor":18},{"not_picked":["Heavy Blade","Flex","Cleave"],"picked":"SKIP","floor":20},{"not_picked":["Dual Wield","Berserk"],"picked":"Twin Strike","floor":22},{"not_picked":["Shockwave","Cleave+1"],"picked":"Thunderclap+1","floor":24},{"not_picked":["Entrench","Perfected Strike"],"picked":"Iron Wave","floor":27},{"not_picked":["True Grit","Body Slam+1"],"picked":"Iron Wave","floor":29},{"not_picked":["Searing Blow+1","Anger","Sword Boomerang"],"picked":"SKIP","floor":30},{"not_picked":["Flex","Wild Strike"],"picked":"Feed","floor":31}],"player_experience":229513,"relics_obtained":[{"floor":6,"key":"Mercury Hourglass"},{"floor":8,"key":"Ginger"},{"floor":9,"key":"Vajra"},{"floor":24,"key":"Bottled Flame"},{"floor":26,"key":"Ancient Tea Set"},{"floor":31,"key":"Blue Candle"}],"event_choices":[{"cards_removed":["Strike_R"],"damage_healed":0,"gold_gain":0,"player_choice":"Card Removal","damage_taken":7,"max_hp_gain":0,"max_hp_loss":0,"event_name":"Golden Wing","floor":10,"gold_loss":0},{"damage_healed":0,"gold_gain":0,"player_choice":"Success","damage_taken":3,"relics_obtained":["Bag of Preparation"],"max_hp_gain":0,"max_hp_loss":0,"event_name":"Scrap Ooze","floor":12,"gold_loss":0},{"damage_healed":0,"gold_gain":0,"cards_transformed":["Strike_R","Strike_R"],"player_choice":"Became Test Subject","damage_taken":0,"max_hp_gain":0,"max_hp_loss":0,"event_name":"Drug Dealer","floor":19,"gold_loss":0,"cards_obtained":["Blood for Blood","Fire Breathing"]}],"is_beta":false,"boss_relics":[{"not_picked":["Runic Dome","Runic Pyramid"],"picked":"SlaversCollar"}],"items_purged_floors":[],"is_endless":false,"potions_floor_spawned":[2,6,11,14,18,22,27],"killed_by":"Collector","ascension_level":3}}