{"host":"meib18gsulage5jw","time":1611720019,"event":{"mods":["Aspiration","BaseMod","BetterRewards","CCEM2","Colored Map","Conspire","Defuse TimeMaze Blight","Energized Spire","Hubris","Infinite Spire","Minty Spire (QoL Compilation)","Relic Sorter","Reliquary","Replay The Spire","Spikes Relics","StSLib","The Blue Laboratory","Uncapped"],"gold_per_floor":[114,114,127,142,156,188,188,188,188,188,188,27,38,48,48,148,148,162,77,77,77,89,89,89],"floor_reached":23,"language":"ENG","playtime":1164,"items_purged":["Overencumbered"],"score":241,"play_id":"f8ec098d-3377-4a1b-9f9f-eea8ea5936f3","local_time":"20210127140019","is_ascension_mode":false,"campfire_choices":[{"data":"theextravagant:WhiffOfMagic","floor":7,"key":"SMITH"},{"data":"theextravagant:Pushthrough","floor":10,"key":"SMITH"},{"floor":15,"key":"REST"}],"circlet_count":0,"master_deck":["theextravagant:SlyStrike","theextravagant:SlyStrike","theextravagant:SlyStrike","theextravagant:SlyStrike","theextravagant:Fence","theextravagant:Fence","theextravagant:Fence","theextravagant:Fence","theextravagant:QuickAttack","theextravagant:Triumph","theextravagant:Riot+1","theextravagant:Pushthrough+1","theextravagant:Clairvoyance","theextravagant:SpontaneousStrike","theextravagant:WhiffOfMagic+1","theextravagant:PuffUp+1","theextravagant:SpontaneousStrike","ReplayTheSpireMod:The Works","Headbutt","ReplayTheSpireMod:Necrogeddon","Forethought","Stack"],"relics":["CCEMRelics:DarkMatter","hubris:Icosahedron","BicycleWheel","aspiration:SeaSaltIceCream","PrismaticShard","conspire:RoyalGoblet","hubris:CuriousFeather"],"acts_visited":["Exordium","TheCity"],"potions_floor_usage":[6,16,23],"damage_taken":[{"damage":0,"enemies":"Jaw Worm","floor":1,"turns":4},{"damage":4,"enemies":"infinitespire:Voidling","floor":3,"turns":3},{"damage":1,"enemies":"2 Louse","floor":4,"turns":2},{"damage":12,"enemies":"Large Slime","floor":5,"turns":6},{"damage":6,"enemies":"3 Sentries","floor":6,"turns":3},{"damage":8,"enemies":"3 Louse","floor":13,"turns":3},{"damage":8,"enemies":"Red Slaver","floor":14,"turns":3},{"damage":0,"enemies":"The Guardian","floor":16,"turns":6},{"damage":12,"enemies":"conspire:FuzzyDice","floor":18,"turns":6},{"damage":21,"enemies":"Spheric Guardian","floor":22,"turns":5},{"damage":49,"enemies":"Nightmare","floor":23,"turns":11}],"seed_played":"7936426837781240629","potions_obtained":[{"floor":5,"key":"blueLaboratory:NullPotion"},{"floor":14,"key":"blueLaboratory:NullPotion"},{"floor":16,"key":"Block Potion"}],"is_trial":false,"path_per_floor":["M","?","M","M","M","E","R","?","T","R","?","$","M","M","R","B",null,"M","?","?","?","M","NM"],"character_chosen":"THE_EXTRAVAGANT","items_purchased":["theextravagant:PuffUp+1","theextravagant:SpontaneousStrike"],"campfire_rested":1,"item_purchase_floors":[12,12],"current_hp_per_floor":[75,75,75,74,62,56,56,56,56,56,56,56,48,40,62,62,75,63,63,63,63,42,0,0],"gold":89,"neow_bonus":"BOSS_RELIC","is_daily":false,"chose_seed":false,"campfire_upgraded":2,"win_rate":0.0,"timestamp":1611720019,"path_taken":["M","?","M","?","?","E","R","?","T","R","?","$","M","M","R","BOSS","M","?","?","?","M","NM"],"items_purchased_type":["Card","Card"],"build_version":"2020-12-22","purchased_purges":1,"victory":false,"max_hp_per_floor":[75,75,75,75,75,75,75,75,75,75,75,75,75,75,75,75,75,75,75,75,75,75,75,75],"card_choices":[{"not_picked":["theextravagant:StepBack","theextravagant:PuffUp"],"picked":"theextravagant:Riot","floor":1},{"not_picked":["theextravagant:Riot","theextravagant:GarbageCannon"],"picked":"theextravagant:Pushthrough","floor":3},{"not_picked":["theextravagant:PerfectTheBasics","theextravagant:SkillfullDodge"],"picked":"theextravagant:Clairvoyance","floor":4},{"not_picked":["theextravagant:Swirl","theextravagant:Defy"],"picked":"theextravagant:SpontaneousStrike","floor":5},{"not_picked":["theextravagant:Radiance","theextravagant:ShootingStar"],"picked":"theextravagant:WhiffOfMagic","floor":6},{"not_picked":["Life Link","Jack Of All Trades"],"picked":"ReplayTheSpireMod:The Works","floor":13},{"not_picked":["Leap","Swivel"],"picked":"Headbutt","floor":14},{"not_picked":["ReplayTheSpireMod:Brewmster","theextravagant:RisingPhoenix"],"picked":"ReplayTheSpireMod:Necrogeddon","floor":16},{"not_picked":["Footwork","Slice+1"],"picked":"Forethought","floor":18},{"not_picked":["Sweeping Beam","theextravagant:Tension"],"picked":"Stack","floor":22}],"player_experience":328714,"relics_obtained":[{"floor":6,"key":"aspiration:SeaSaltIceCream"}],"event_choices":[{"damage_healed":0,"gold_gain":0,"player_choice":"Upgraded","damage_taken":0,"max_hp_gain":0,"max_hp_loss":0,"event_name":"Upgrade Shrine","floor":2,"gold_loss":0,"cards_upgraded":["theextravagant:Riot"]},{"damage_healed":0,"gold_gain":0,"player_choice":"Ignored","damage_taken":0,"max_hp_gain":0,"max_hp_loss":0,"event_name":"Liars Game","floor":8,"gold_loss":0},{"damage_healed":0,"gold_gain":0,"player_choice":"Obtained Relic","damage_taken":0,"relics_obtained":["hubris:CuriousFeather"],"max_hp_gain":0,"max_hp_loss":0,"event_name":"Addict","floor":19,"gold_loss":85},{"damage_healed":0,"gold_gain":0,"player_choice":"Leave","damage_taken":0,"max_hp_gain":0,"max_hp_loss":0,"event_name":"conspire:Investor","floor":21,"gold_loss":0}],"is_beta":false,"boss_relics":[{"not_picked":["aspiration:RunicSpoon","theextravagant:TrustyOvercoat"],"picked":"conspire:RoyalGoblet"}],"items_purged_floors":[12],"is_endless":false,"potions_floor_spawned":[5,14,16],"killed_by":"Nightmare","ascension_level":0}}