{"host":"gobyjzz6xbwq9f9i","time":1611732859,"event":{"mods":["AchievementEnabler","BaseMod","Bestiary","Colored Map","Minty Spire (QoL Compilation)"],"gold_per_floor":[136,175,189,34,34,34,73,153,222,68,111,173,202,244,244,349,349,364,403,258,273,273,301,346,346,370,295,18,60,120,195,195,291,291,328,364,1363,1373,1046,1046,1075,1075,1129,1129,1158,1168,1168,1168],"floor_reached":47,"language":"ENG","playtime":2723,"items_purged":["Rip and Tear","Normality"],"score":881,"play_id":"7374607e-523a-4f9d-b4d0-da14a44a72fc","local_time":"20210126233419","is_ascension_mode":true,"campfire_choices":[{"data":"HandOfGreed","floor":6,"key":"SMITH"},{"data":"Beam Cell","floor":15,"key":"SMITH"},{"floor":25,"key":"REST"},{"data":"Defragment","floor":32,"key":"SMITH"},{"data":"Creative AI","floor":40,"key":"SMITH"},{"data":"Reinforced Body","floor":42,"key":"SMITH"}],"circlet_count":0,"master_deck":["AscendersBane","Zap","Dualcast","HandOfGreed+1","Go for the Eyes","Ball Lightning","Beam Cell+1","Good Instincts","Barrage","Leap","Melter","Ball Lightning","Glacier","Cold Snap","Coolheaded","Electrodynamics","Static Discharge","Sweeping Beam","Defragment+1","Creative AI+1","Force Field","Reinforced Body+1","Tempest","Storm","Consume","Static Discharge","Chill+1","Core Surge","Glacier","Normality","Loop","Hologram","Steam Power+1","Storm+1","Steam+1"],"relics":["Cracked Core","PreservedInsect","TungstenRod","Meat on the Bone","Orichalcum","Pen Nib","Pandora\u0027s Box","Tiny Chest","Boot","Membership Card","InkBottle","MealTicket","Ornamental Fan","Coffee Dripper","Happy Flower","Chemical X","Centennial Puzzle","Letter Opener","Vajra","Potion Belt","Blood Vial"],"acts_visited":["Exordium","TheCity","TheBeyond"],"potions_floor_usage":[13,23,30,45,47],"damage_taken":[{"damage":3.0,"enemies":"2 Louse","floor":1.0,"turns":3.0},{"damage":11.0,"enemies":"Cultist","floor":2.0,"turns":5.0},{"damage":4,"enemies":"Jaw Worm","floor":3,"turns":2},{"damage":5,"enemies":"Exordium Thugs","floor":7,"turns":4},{"damage":20,"enemies":"3 Sentries","floor":8,"turns":7},{"damage":0,"enemies":"Looter","floor":11,"turns":4},{"damage":8,"enemies":"Lots of Slimes","floor":12,"turns":5},{"damage":5,"enemies":"Gremlin Nob","floor":13,"turns":3},{"damage":2,"enemies":"2 Fungi Beasts","floor":14,"turns":2},{"damage":6,"enemies":"Hexaghost","floor":16,"turns":9},{"damage":1,"enemies":"3 Byrds","floor":18,"turns":3},{"damage":0,"enemies":"Spheric Guardian","floor":19,"turns":2},{"damage":17,"enemies":"Chosen and Byrds","floor":21,"turns":7},{"damage":24,"enemies":"Book of Stabbing","floor":23,"turns":4},{"damage":6,"enemies":"Centurion and Healer","floor":24,"turns":8},{"damage":5,"enemies":"3 Cultists","floor":29,"turns":5},{"damage":2,"enemies":"Slavers","floor":30,"turns":7},{"damage":25,"enemies":"Champ","floor":33,"turns":13},{"damage":0,"enemies":"3 Shapes","floor":35,"turns":8},{"damage":4,"enemies":"3 Darklings","floor":36,"turns":3},{"damage":18,"enemies":"Writhing Mass","floor":38,"turns":9},{"damage":89,"enemies":"Giant Head","floor":41,"turns":10},{"damage":14,"enemies":"Reptomancer","floor":45,"turns":6},{"damage":12,"enemies":"Transient","floor":46,"turns":5},{"damage":39,"enemies":"Giant Head","floor":47,"turns":6}],"seed_played":"-4389108888576709896","potions_obtained":[{"floor":3,"key":"Energy Potion"},{"floor":8,"key":"Weak Potion"},{"floor":11,"key":"ColorlessPotion"},{"floor":13,"key":"Strength Potion"},{"floor":16,"key":"Fire Potion"},{"floor":21,"key":"Swift Potion"},{"floor":24,"key":"Swift Potion"},{"floor":38,"key":"FairyPotion"},{"floor":46,"key":"Swift Potion"}],"is_trial":false,"path_per_floor":["M","M","M","$","?","R","M","E","T","$","M","M","E","M","R","B",null,"M","M","$","M","?","E","M","R","T","?","$","M","E","T","R","B",null,"M","M","?","M","$","R","E","R","T","T","E","M","E"],"character_chosen":"DEFECT","items_purchased":["PreservedInsect","Orichalcum","Storm","Membership Card","InkBottle","Happy Flower","Chemical X","Centennial Puzzle","Loop","Hologram"],"campfire_rested":1,"item_purchase_floors":[4,10,20,28,28,39,39,39,39,39],"current_hp_per_floor":[65,54,50,50,50,50,45,25,25,25,37,41,36,46,46,40,61,60,60,60,43,32,20,26,47,47,47,47,42,40,40,40,27,62,62,58,58,40,55,55,27,27,27,27,25,27,0,0],"gold":1168,"neow_bonus":"RANDOM_COLORLESS_2","is_daily":false,"chose_seed":false,"campfire_upgraded":5,"win_rate":0.0,"timestamp":1611732859,"path_taken":["M","M","M","$","?","R","M","E","T","?","M","M","E","M","R","BOSS","M","M","$","M","?","E","M","R","T","?","$","M","E","?","R","BOSS","M","M","?","M","$","R","E","R","T","?","E","M","E"],"items_purchased_type":["Relic","Relic","Card","Relic","Relic","Relic","Relic","Relic","Card","Card"],"build_version":"2020-12-22","purchased_purges":2,"victory":false,"max_hp_per_floor":[68,68,68,68,68,68,68,68,68,68,68,68,68,68,68,68,68,68,68,68,68,73,73,73,73,73,73,73,73,73,73,73,73,73,73,73,73,73,73,73,73,73,73,73,73,73,73,73],"card_choices":[{"not_picked":["Mayhem","Thinking Ahead"],"picked":"HandOfGreed","floor":0.0},{"not_picked":["Steam","Redo"],"picked":"Go for the Eyes","floor":1.0},{"not_picked":["Leap","Steam Power"],"picked":"Ball Lightning","floor":2.0},{"not_picked":["Reprogram","Compile Driver"],"picked":"Beam Cell","floor":3},{"not_picked":["Beam Cell","Multi-Cast"],"picked":"Leap","floor":7},{"not_picked":["Double Energy","Gash"],"picked":"Melter","floor":8},{"not_picked":["White Noise","Streamline"],"picked":"Ball Lightning","floor":11},{"not_picked":["Auto Shields","Sweeping Beam"],"picked":"Glacier","floor":12},{"not_picked":["Beam Cell","Undo"],"picked":"Cold Snap","floor":13},{"not_picked":["Streamline","Ball Lightning"],"picked":"Coolheaded","floor":14},{"not_picked":["Echo Form","Thunder Strike"],"picked":"Electrodynamics","floor":16},{"not_picked":["Reinforced Body","Stack","Conserve Battery"],"picked":"SKIP","floor":18},{"not_picked":["Undo","Compile Driver"],"picked":"Tempest","floor":19},{"not_picked":["Rebound+1","Undo+1"],"picked":"Consume","floor":21},{"not_picked":["Rebound","Streamline","Beam Cell"],"picked":"SKIP","floor":23},{"not_picked":["Gash","Rebound"],"picked":"Static Discharge","floor":24},{"not_picked":["Chaos","Steam+1"],"picked":"Chill+1","floor":29},{"not_picked":["Beam Cell","Leap+1","Go for the Eyes"],"picked":"SKIP","floor":30},{"not_picked":["Machine Learning","Electrodynamics"],"picked":"Core Surge","floor":33},{"not_picked":["Sweeping Beam+1","Steam+1"],"picked":"Glacier","floor":35},{"not_picked":["Ball Lightning","Fusion","Steam Power"],"picked":"SKIP","floor":36},{"not_picked":["Go for the Eyes","Melter","Stack+1"],"picked":"SKIP","floor":38},{"not_picked":["Stack+1","Aggregate"],"picked":"Steam Power+1","floor":41},{"not_picked":["Sweeping Beam+1","Hologram"],"picked":"Storm+1","floor":45},{"not_picked":["Storm","Reprogram"],"picked":"Steam+1","floor":46}],"player_experience":1179562,"relics_obtained":[{"floor":8,"key":"TungstenRod"},{"floor":9,"key":"Meat on the Bone"},{"floor":13,"key":"Pen Nib"},{"floor":23,"key":"Tiny Chest"},{"floor":26,"key":"Boot"},{"floor":30,"key":"MealTicket"},{"floor":31,"key":"Ornamental Fan"},{"floor":41,"key":"Letter Opener"},{"floor":43,"key":"Vajra"},{"floor":44,"key":"Potion Belt"},{"floor":45,"key":"Blood Vial"}],"event_choices":[{"damage_healed":0,"gold_gain":0,"player_choice":"2 cards matched","damage_taken":0,"max_hp_gain":0,"max_hp_loss":0,"event_name":"Match and Keep!","floor":5,"gold_loss":0,"cards_obtained":["Good Instincts","Barrage"]},{"damage_healed":0,"gold_gain":0,"player_choice":"Shed Blood","damage_taken":17,"max_hp_gain":5,"max_hp_loss":0,"event_name":"Forgotten Altar","floor":22,"gold_loss":0},{"cards_removed":["Beam Cell"],"damage_healed":0,"gold_gain":0,"player_choice":"Gave Gold","damage_taken":0,"max_hp_gain":0,"max_hp_loss":0,"event_name":"Beggar","floor":27,"gold_loss":75},{"damage_healed":0,"gold_gain":999,"player_choice":"Gold","damage_taken":0,"max_hp_gain":0,"max_hp_loss":0,"event_name":"MindBloom","floor":37,"gold_loss":0,"cards_obtained":["Normality","Normality"]}],"is_beta":false,"boss_relics":[{"not_picked":["Runic Pyramid","Inserter"],"picked":"Pandora\u0027s Box"},{"not_picked":["Tiny House","Runic Dome"],"picked":"Coffee Dripper"}],"items_purged_floors":[20,39],"is_endless":false,"potions_floor_spawned":[3,8,11,13,16,19,21,24,29,38,46],"killed_by":"Giant Head","ascension_level":10}}