{"host":"9slw7l0ws16384qq","time":1611777003,"event":{"mods":["A Penny For Your Troubles","BaseMod","Clockwork Mod","Colored Map","Evolution","Fiend Mod","Hermit","Hubris","Minty Spire (QoL Compilation)","Railgun Mod","Replay The Spire","Shedinja","StS++","StSLib"],"gold_per_floor":[117,117,117,42,53,53,69,69,69,69,69,104,4,29,29,125,125,140,140,140,157,175,175,175,175],"floor_reached":24,"language":"FRA","playtime":1108,"items_purged":["hermit:Defend_Hermit","Shame"],"score":283,"play_id":"29f3eac7-e6e8-4ba7-8cbf-df1f45d261f9","local_time":"20210127205003","is_ascension_mode":true,"campfire_choices":[{"data":"hermit:Snapshot","floor":6,"key":"SMITH"},{"data":"hermit:Strike_Hermit","floor":8,"key":"SMITH"},{"data":"hermit:Strike_Hermit","floor":10,"key":"SMITH"},{"floor":15,"key":"REST"},{"floor":23,"key":"REST"}],"circlet_count":0,"master_deck":["hermit:Strike_Hermit+1","hermit:Strike_Hermit+1","hermit:Strike_Hermit","hermit:Strike_Hermit","hermit:Defend_Hermit","hermit:Defend_Hermit","hermit:Defend_Hermit","hermit:Snapshot+1","hermit:Covet","hermit:GoldenBullet+1","hermit:TakeAim","Shedinja:PhantomForce"],"relics":["hermit:Momento","EVO:Axolotl","ReplayTheSpireMod:Ring of Exchange","Ring of Searing","hubris:DisguiseKit","Replay:Wax Seal","Replay:Bottled Snecko","Ring of Chaos"],"acts_visited":["Exordium","TheCity"],"potions_floor_usage":[16,21,24],"damage_taken":[{"damage":2,"enemies":"Jaw Worm","floor":1,"turns":3},{"damage":12,"enemies":"2 Louse","floor":5,"turns":3},{"damage":0,"enemies":"Small Slimes","floor":7,"turns":2},{"damage":13,"enemies":"Gremlin Nob","floor":12,"turns":3},{"damage":30,"enemies":"Lagavulin","floor":14,"turns":4},{"damage":38,"enemies":"Hexaghost","floor":16,"turns":8},{"damage":20,"enemies":"Shell Parasite","floor":18,"turns":6},{"damage":30,"enemies":"3 Byrds","floor":21,"turns":6},{"damage":0,"enemies":"Snecko","floor":22,"turns":4},{"damage":37,"enemies":"Slavers","floor":24,"turns":3}],"seed_played":"-8630510243720381115","potions_obtained":[{"floor":7,"key":"Swift Potion"},{"floor":12,"key":"Dexterity Potion"},{"floor":18,"key":"SkillPotion"},{"floor":22,"key":"Explosive Potion"}],"is_trial":false,"path_per_floor":["M","?","?","$","M","R","M","R","T","R","?","E","$","E","R","B",null,"M","?","?","M","M","R","E"],"character_chosen":"HERMIT","items_purchased":[],"campfire_rested":2,"item_purchase_floors":[],"current_hp_per_floor":[73,73,73,73,61,61,61,61,61,61,61,48,48,18,42,4,63,43,43,43,13,13,37,0,0],"gold":175,"neow_bonus":"TEN_PERCENT_HP_BONUS","is_daily":false,"chose_seed":false,"campfire_upgraded":3,"win_rate":0.0,"timestamp":1611777003,"path_taken":["M","?","?","$","?","R","M","R","T","R","?","E","$","E","R","BOSS","M","?","?","M","?","R","E"],"items_purchased_type":[],"build_version":"2020-12-22","purchased_purges":2,"victory":false,"max_hp_per_floor":[82,82,82,82,82,82,82,82,82,82,82,82,82,82,82,82,82,82,82,82,82,82,82,82,82],"card_choices":[{"not_picked":["hermit:Misfire","hermit:WideOpen"],"picked":"hermit:GoldenBullet","floor":1},{"not_picked":["hermit:BigShot","hermit:Manifest","hermit:Spite"],"picked":"SKIP","floor":5},{"not_picked":["hermit:Vantage","hermit:HighCaliber","hermit:Glare"],"picked":"SKIP","floor":7},{"not_picked":["hermit:Misfire","hermit:Spite","hermit:Dive","Shedinja:ShadowBall"],"picked":"SKIP","floor":12},{"not_picked":["hermit:ItchyTrigger","hermit:FullyLoaded","Shedinja:WillOWisp"],"picked":"hermit:TakeAim","floor":14},{"not_picked":["hermit:Dissolve","hermit:Roughhouse","hermit:OverwhelmingPower"],"picked":"Shedinja:PhantomForce","floor":16},{"not_picked":["hermit:Headshot","hermit:Dive","hermit:Desperado+1","Shedinja:ShadowClaw"],"picked":"SKIP","floor":18},{"not_picked":["hermit:HoleUp+1","hermit:Misfire","hermit:Desperado","Shedinja:Elixir"],"picked":"SKIP","floor":21},{"not_picked":["hermit:TrackingShot","hermit:HoleUp","hermit:WideOpen","Shedinja:FurySwipes"],"picked":"SKIP","floor":22}],"player_experience":1943056,"relics_obtained":[{"floor":2,"key":"ReplayTheSpireMod:Ring of Exchange"},{"floor":2,"key":"Ring of Searing"},{"floor":12,"key":"Replay:Wax Seal"},{"floor":14,"key":"Replay:Bottled Snecko"}],"event_choices":[{"damage_healed":0,"gold_gain":0,"player_choice":"Ignored","damage_taken":0,"max_hp_gain":0,"max_hp_loss":0,"event_name":"Transmorgrifier","floor":20,"gold_loss":0}],"is_beta":false,"boss_relics":[{"not_picked":["hubris:BlackHole","ChewingGum"],"picked":"Ring of Chaos"}],"items_purged_floors":[4,13],"is_endless":false,"potions_floor_spawned":[7,12,18,22],"killed_by":"Slavers","ascension_level":8}}