{"host":"dx8mnueonnkh60qu","time":1611738300,"event":{"mods":["AchievementEnabler","Act Like it!","Aspiration","BaseMod","Better Silent Start","Better Third Choice","CCEM2","Conspire","Defuse TimeMaze Blight","Dota2Spire","Downfall","Evolution","Hubris","Infinite Spire","Marked Mod","Minty Spire (QoL Compilation)","Quarter Circle Forward PUNCH!","Rare Cards Sparkle","Relic Stats","Reliquary","Robot Space Explorer","Spicy Shops","Spikes Relics","StSLib","SuperFastMode","The Blue Laboratory","The Caster"],"gold_per_floor":[99,118,118,132,232,232,232,244,255,255,275,291,291,391,405,507,507,507,521,621,637,656,686,711,740,740,640,740,359,374,386,405,504,504,404,404,423,434,445,457,457,457,469,481,514,514,514,547,447,447,447,482,21,21,21,21],"floor_reached":57,"language":"ENG","playtime":2584,"items_purged":["Normality","BowlingBash"],"score":1473,"play_id":"8bd117fa-7842-46d7-9aec-f4b97251f783","local_time":"20210127040500","daily_mods":["Draft","Vintage","Allstar","Diverse","Heirloom"],"is_ascension_mode":false,"campfire_choices":[{"data":"bronze:InfiniteBeams","floor":1,"key":"SMITH"},{"data":"theextravagant:ShootingStar","floor":6,"key":"SMITH"},{"data":"Madness","floor":10,"key":"SMITH"},{"data":"RobotSpaceExplorer:Blitz","floor":13,"key":"SMITH"},{"data":"theextravagant:Redemption","floor":18,"key":"SMITH"},{"floor":27,"key":"RECALL"},{"data":"RobotSpaceExplorer:ShockMissile","floor":35,"key":"SMITH"},{"data":"hexamod:GhostOfSpirePresent","floor":42,"key":"SMITH"},{"data":"Slimebound:Prepare","floor":47,"key":"SMITH"},{"data":"Finisher","floor":49,"key":"SMITH"},{"floor":54,"key":"REST"}],"circlet_count":0,"master_deck":["RobotSpaceExplorer:DoubleFind+1","bronze:InfiniteBeams+1","hexamod:RetreatToShadows","bronze:Overheat","Slimebound:SlimeSpikes","Guardian:PiercingHide","theextravagant:Repell","RobotSpaceExplorer:Calculate","Guardian:FloatingOrbs","Thunderclap","champ:EnGarde","sneckomod:QuickBite","Clothesline","hexamod:AdvancingGuard","bronze:Goto","theextravagant:ShootingStar+1","Accuracy","hexamod:SearingWound","Madness+1","RobotSpaceExplorer:Blitz+1","theextravagant:Redemption+1","bronze:DonuBeam","bronze:DecaBeam","Finisher+1","hexamod:GhostOfSpirePresent+1","Slimebound:Prepare+1","J.A.X.","Backstab","bronze:InfiniteBeams+1","RobotSpaceExplorer:ShockMissile+1","RobotSpaceExplorer:StarDust+1","MarkedMod:PinPointDefense"],"relics":["bronze:BronzeCore","EVO:Axolotl","hubris:GlazedTorus","hubris:FunFungus","conspire:Flyswatter","downfall:GremlinSack","CCEMRelics:JestersCrown","qcfpunch:Wrestler\u0027s_Cloak","CCEMRelics:SoftDrink","aspiration:HatOfInfinitePower","downfall:GremlinWheel","Darkstone Periapt","Snecko Eye","SnailShell","MealTicket","aspiration:Lifesprig","qcfpunch:Green_Leotard","qcfpunch:Red_Headband","downfall:RedIOU","downfall:HeartBlessingBlue","MutagenicStrength","DollysMirror","hexamod:BolsterEngine","hubris:AstralHammer","CCEMRelics:BundleOfDynamite","reliquary:Boomerang","SacredBark","downfall:HeartBlessingRed","bronze:ProtectiveGoggles","CCEMRelics:HeirloomTomato","qcfpunch:Spiky_Bracers","qcfpunch:White_Boots","CCEMRelics:D6","Smiling Mask","Dota2Spire:BladeMail","CherryCoatedStake","bronze:BronzeIdol","Strawberry","downfall:HeartBlessingGreen","BrokenLever","hexamod:Sixitude"],"acts_visited":["Exordium","TheCity","TheBeyond","TheEnding"],"potions_floor_usage":[],"damage_taken":[{"damage":6,"enemies":"Small Slimes","floor":2,"turns":3},{"damage":0,"enemies":"Cultist","floor":4,"turns":2},{"damage":6,"enemies":"Cultist","floor":5,"turns":3},{"damage":4,"enemies":"conspire:RoseBush","floor":8,"turns":2},{"damage":8,"enemies":"Exordium Thugs","floor":9,"turns":2},{"damage":7,"enemies":"Blue Slaver","floor":11,"turns":4},{"damage":0,"enemies":"Gremlin Gang","floor":12,"turns":4},{"damage":9,"enemies":"Gremlin Gang","floor":14,"turns":4},{"damage":0,"enemies":"Exordium Wildlife","floor":15,"turns":2},{"damage":17,"enemies":"WA_ARCHETYPE_RETAIN","floor":16,"turns":7},{"damage":5,"enemies":"3 Byrds","floor":19,"turns":3},{"damage":24,"enemies":"3 Byrds","floor":20,"turns":6},{"damage":0,"enemies":"Chosen","floor":21,"turns":4},{"damage":0,"enemies":"3 Cultists","floor":22,"turns":4},{"damage":0,"enemies":"Gremlin Leader","floor":23,"turns":4},{"damage":0,"enemies":"conspire:SneckoGhost","floor":25,"turns":4},{"damage":0,"enemies":"downfall:Augmenter","floor":28,"turns":4},{"damage":3,"enemies":"downfall:FleeingMerchant","floor":29,"turns":4},{"damage":0,"enemies":"Snake Plant","floor":30,"turns":3},{"damage":0,"enemies":"Shelled Parasite and Fungi","floor":31,"turns":4},{"damage":3,"enemies":"Centurion and Healer","floor":32,"turns":3},{"damage":12,"enemies":"SI_MIRROR_ARCHETYPE","floor":33,"turns":7},{"damage":0,"enemies":"Orb Walker","floor":37,"turns":2},{"damage":0,"enemies":"3 Shapes","floor":38,"turns":3},{"damage":10,"enemies":"Transient","floor":39,"turns":5},{"damage":0,"enemies":"Maw","floor":40,"turns":6},{"damage":0,"enemies":"Sphere and 2 Shapes","floor":43,"turns":2},{"damage":27,"enemies":"4 Shapes","floor":44,"turns":4},{"damage":0,"enemies":"Giant Head","floor":45,"turns":7},{"damage":21,"enemies":"Reptomancer","floor":48,"turns":5},{"damage":88,"enemies":"IC_BLOCK_ARCHETYPE","floor":50,"turns":6},{"damage":76,"enemies":"downfall:CharBossMerchant","floor":52,"turns":9},{"damage":24,"enemies":"downfall:NeowBoss","floor":55,"turns":15},{"damage":4,"enemies":"downfall:NeowBossFinal","floor":56,"turns":8}],"seed_played":"-5116326619906593700","potions_obtained":[{"floor":4,"key":"Dota2Spire:Clarity"},{"floor":9,"key":"blueLaboratory:BottledHope"},{"floor":11,"key":"blueLaboratory:RememoryPotion"}],"is_trial":true,"path_per_floor":["R","M","?","M","?","R","T","M","M","R","M","M","R","?","M","B",null,"R","M","?","M","M","E","T","E","?","R","?","$","M","M","M","B",null,"R","?","M","M","M","M","T","R","M","M","E","?","R","E","R","B",null,"E","$","R","B","B",null],"character_chosen":"THE_AUTOMATON","items_purchased":["DollysMirror","hexamod:BolsterEngine","hexamod:Sixitude","MarkedMod:PinPointDefense"],"campfire_rested":1,"item_purchase_floors":[29,29,53,53],"current_hp_per_floor":[85,79,79,79,74,74,74,70,62,62,56,57,57,50,50,33,85,85,81,61,63,65,66,66,70,70,80,93,104,105,107,104,96,107,107,107,112,112,105,111,111,111,112,92,101,112,112,108,108,25,119,50,65,100,105,107],"gold":21,"neow_bonus":"","is_daily":false,"chose_seed":false,"campfire_upgraded":9,"win_rate":0.0,"timestamp":1611738300,"path_taken":["R","M","?","M","?","R","T","M","M","R","?","?","R","?","M","BOSS","R","M","?","M","M","E","T","E","?","R","?","$","M","M","M","BOSS","R","?","M","M","?","M","T","R","?","M","E","?","R","E","R","BOSS","E","$","R","BOSS","BOSS"],"items_purchased_type":["Relic","Relic","Relic","Card"],"build_version":"2020-12-22","purchased_purges":2,"victory":true,"max_hp_per_floor":[85,85,85,85,85,85,85,85,85,85,85,85,85,85,85,85,85,85,85,85,85,85,85,85,85,85,95,107,107,107,107,107,107,107,107,107,112,112,112,112,112,112,112,112,112,112,112,119,119,119,119,119,119,119,119,119],"relic_stats":{"Darkstone Periapt":12,"counters":[34,155],"Snecko Eye":[237,205,204,217],"MealTicket":29,"Smiling Mask":50,"obtain_stats":[{"Darkstone Periapt":15,"qcfpunch:Spiky_Bracers":38,"SnailShell":19,"aspiration:Lifesprig":22,"bronze:BronzeCore":0,"reliquary:Boomerang":32,"SacredBark":34,"CCEMRelics:SoftDrink":11,"downfall:HeartBlessingGreen":49,"BrokenLever":52,"EVO:Axolotl":0,"Smiling Mask":41,"downfall:GremlinWheel":14,"qcfpunch:Green_Leotard":23,"downfall:HeartBlessingBlue":27,"DollysMirror":29,"hubris:AstralHammer":30,"Strawberry":48,"Dota2Spire:BladeMail":43,"MealTicket":21,"CCEMRelics:D6":40,"hubris:FunFungus":2,"qcfpunch:Wrestler\u0027s_Cloak":8,"downfall:RedIOU":26,"CCEMRelics:HeirloomTomato":37,"CCEMRelics:JestersCrown":7,"hubris:GlazedTorus":0,"downfall:HeartBlessingRed":35,"CherryCoatedStake":44,"CCEMRelics:BundleOfDynamite":31,"hexamod:Sixitude":53,"qcfpunch:White_Boots":39,"bronze:BronzeIdol":45,"Anchor":9,"downfall:GremlinSack":5,"bronze:ProtectiveGoggles":36,"MutagenicStrength":28,"Snecko Eye":17,"qcfpunch:Red_Headband":25,"hexamod:BolsterEngine":29,"aspiration:HatOfInfinitePower":12,"conspire:Flyswatter":4},{"Darkstone Periapt":9,"qcfpunch:Spiky_Bracers":24,"SnailShell":11,"aspiration:Lifesprig":14,"bronze:BronzeCore":0,"reliquary:Boomerang":21,"SacredBark":22,"CCEMRelics:SoftDrink":6,"downfall:HeartBlessingGreen":30,"BrokenLever":32,"EVO:Axolotl":0,"Smiling Mask":26,"downfall:GremlinWheel":8,"qcfpunch:Green_Leotard":15,"downfall:HeartBlessingBlue":16,"DollysMirror":18,"hubris:AstralHammer":19,"Strawberry":30,"Dota2Spire:BladeMail":27,"MealTicket":13,"CCEMRelics:D6":26,"hubris:FunFungus":1,"qcfpunch:Wrestler\u0027s_Cloak":4,"downfall:RedIOU":16,"CCEMRelics:HeirloomTomato":23,"CCEMRelics:JestersCrown":3,"hubris:GlazedTorus":0,"downfall:HeartBlessingRed":22,"CherryCoatedStake":28,"CCEMRelics:BundleOfDynamite":20,"hexamod:Sixitude":32,"qcfpunch:White_Boots":25,"bronze:BronzeIdol":29,"Anchor":5,"downfall:GremlinSack":3,"bronze:ProtectiveGoggles":22,"MutagenicStrength":17,"Snecko Eye":10,"qcfpunch:Red_Headband":16,"hexamod:BolsterEngine":18,"aspiration:HatOfInfinitePower":7,"conspire:Flyswatter":2},{"Darkstone Periapt":26,"qcfpunch:Spiky_Bracers":88,"SnailShell":36,"aspiration:Lifesprig":50,"bronze:BronzeCore":0,"reliquary:Boomerang":76,"SacredBark":83,"CCEMRelics:SoftDrink":16,"downfall:HeartBlessingGreen":117,"BrokenLever":132,"EVO:Axolotl":0,"Smiling Mask":99,"downfall:GremlinWheel":24,"qcfpunch:Green_Leotard":54,"downfall:HeartBlessingBlue":58,"DollysMirror":66,"hubris:AstralHammer":69,"Strawberry":117,"Dota2Spire:BladeMail":101,"MealTicket":46,"CCEMRelics:D6":99,"hubris:FunFungus":3,"qcfpunch:Wrestler\u0027s_Cloak":10,"downfall:RedIOU":58,"CCEMRelics:HeirloomTomato":85,"CCEMRelics:JestersCrown":8,"hubris:GlazedTorus":0,"downfall:HeartBlessingRed":83,"CherryCoatedStake":105,"CCEMRelics:BundleOfDynamite":73,"hexamod:Sixitude":132,"qcfpunch:White_Boots":93,"bronze:BronzeIdol":112,"Anchor":12,"downfall:GremlinSack":8,"bronze:ProtectiveGoggles":83,"MutagenicStrength":62,"Snecko Eye":33,"qcfpunch:Red_Headband":58,"hexamod:BolsterEngine":66,"aspiration:HatOfInfinitePower":20,"conspire:Flyswatter":5}]},"card_choices":[{"not_picked":["conspire:Rain","RobotSpaceExplorer:Fix"],"picked":"RobotSpaceExplorer:DoubleFind","floor":0},{"not_picked":["Guardian:TemporalStrike","Slice"],"picked":"BowlingBash","floor":0},{"not_picked":["BarbarianYell","hexamod:HeatMetal"],"picked":"bronze:InfiniteBeams","floor":0},{"not_picked":["MarkedMod:Acupuncture","sneckomod:UnknownClassSYNTHESIST_COLOR"],"picked":"hexamod:RetreatToShadows","floor":0},{"not_picked":["champ:PerfectedStrike","Compile Driver"],"picked":"bronze:Overheat","floor":0},{"not_picked":["champ:ShieldSigil","Invigoration"],"picked":"Slimebound:SlimeSpikes","floor":0},{"not_picked":["Slimebound:LeechEnergy","hexamod:BacktrackSmack"],"picked":"Guardian:PiercingHide","floor":0},{"not_picked":["Perfected Strike","Caltrops"],"picked":"theextravagant:Repell","floor":0},{"not_picked":["MarkedMod:FirstStrike","hubris:ReadiedAction"],"picked":"RobotSpaceExplorer:Calculate","floor":0},{"not_picked":["RobotSpaceExplorer:Counterblock","FearNoEvil"],"picked":"Guardian:FloatingOrbs","floor":0},{"not_picked":["caster:QuickCast","caster:Surge"],"picked":"Thunderclap","floor":0},{"not_picked":["theextravagant:GarbageCannon","RobotSpaceExplorer:ScrapShield"],"picked":"champ:EnGarde","floor":0},{"not_picked":["bronze:ChildClass","caster:Illusion"],"picked":"sneckomod:QuickBite","floor":0},{"not_picked":["bronze:Frontload","bronze:Turbo"],"picked":"Clothesline","floor":0},{"not_picked":["theextravagant:Twitch","Heavy Blade"],"picked":"hexamod:AdvancingGuard","floor":0},{"not_picked":["champ:DefensiveShout","Streamline"],"picked":"RobotSpaceExplorer:Blitz","floor":5},{"not_picked":["DeusExMachina","bronze:InfiniteLoop"],"picked":"theextravagant:Redemption","floor":16},{"not_picked":[],"picked":"bronze:DonuBeam","floor":20},{"not_picked":[],"picked":"bronze:DecaBeam","floor":20},{"not_picked":["Gash","Hemokinesis"],"picked":"Finisher","floor":20},{"not_picked":["Slimebound:SplitBruiser","Force Field"],"picked":"hexamod:GhostOfSpirePresent","floor":23},{"not_picked":["hexamod:NightmareGuise","sneckomod:UnendingSupply+1"],"picked":"Slimebound:Prepare","floor":25},{"not_picked":[],"picked":"J.A.X.","floor":28},{"not_picked":["sneckomod:IronFang","Venomology"],"picked":"Backstab","floor":28},{"not_picked":["champ:DefensiveShout","hexamod:FastForward","hexamod:ThermalTransfer"],"picked":"SKIP","floor":29},{"not_picked":["Guardian:HyperBeam_Guardian","RobotSpaceExplorer:ChargingLaser"],"picked":"RobotSpaceExplorer:ShockMissile","floor":33},{"not_picked":["caster:BloodRitual+1","champ:SwordSigil","caster:Barbroot"],"picked":"SKIP","floor":45},{"not_picked":["theextravagant:Riot","Rampage","champ:RageSigil"],"picked":"SKIP","floor":48},{"not_picked":["sneckomod:UnknownClassPURPLE+1","hexamod:Hexaguard+1"],"picked":"RobotSpaceExplorer:StarDust+1","floor":52}],"player_experience":613701,"relics_obtained":[{"floor":2,"key":"hubris:FunFungus"},{"floor":4,"key":"conspire:Flyswatter"},{"floor":5,"key":"downfall:GremlinSack"},{"floor":7,"key":"CCEMRelics:JestersCrown"},{"floor":8,"key":"qcfpunch:Wrestler\u0027s_Cloak"},{"floor":9,"key":"Anchor"},{"floor":11,"key":"CCEMRelics:SoftDrink"},{"floor":12,"key":"aspiration:HatOfInfinitePower"},{"floor":14,"key":"downfall:GremlinWheel"},{"floor":15,"key":"Darkstone Periapt"},{"floor":19,"key":"SnailShell"},{"floor":21,"key":"MealTicket"},{"floor":22,"key":"aspiration:Lifesprig"},{"floor":23,"key":"qcfpunch:Green_Leotard"},{"floor":25,"key":"qcfpunch:Red_Headband"},{"floor":28,"key":"MutagenicStrength"},{"floor":30,"key":"hubris:AstralHammer"},{"floor":31,"key":"CCEMRelics:BundleOfDynamite"},{"floor":32,"key":"reliquary:Boomerang"},{"floor":36,"key":"bronze:ProtectiveGoggles"},{"floor":37,"key":"CCEMRelics:HeirloomTomato"},{"floor":38,"key":"qcfpunch:Spiky_Bracers"},{"floor":39,"key":"qcfpunch:White_Boots"},{"floor":40,"key":"CCEMRelics:D6"},{"floor":41,"key":"Smiling Mask"},{"floor":43,"key":"Dota2Spire:BladeMail"},{"floor":44,"key":"CherryCoatedStake"},{"floor":45,"key":"bronze:BronzeIdol"},{"floor":48,"key":"Strawberry"},{"floor":52,"key":"BrokenLever"}],"event_choices":[{"damage_healed":0,"gold_gain":0,"player_choice":"Relic","damage_taken":0,"max_hp_gain":0,"max_hp_loss":0,"event_name":"Wheel of Change","floor":36,"gold_loss":0}],"is_beta":false,"boss_relics":[{"not_picked":["conspire:RunicOctahedron","CCEMRelics:GreenEgg"],"picked":"Snecko Eye"},{"not_picked":["hubris:HollowSoul","CCEMRelics:DefectiveTurbocharger"],"picked":"SacredBark"}],"items_purged_floors":[29,53],"is_endless":false,"potions_floor_spawned":[4,9,11,12,14,21,23,30,31,32,33,40,43],"ascension_level":0}}