{"host":"5nrsd95zehlinljn","time":1611707189,"event":{"mods":["2.2 Compatiblity","BaseMod","Beaked The Cultist","Better Note","Friendly Minions","GifTheSpireLib","Minty Spire (QoL Compilation)","StS++","StSLib","everything is the same but u backflip on backflip","thorton"],"gold_per_floor":[109,134,145,145,45,74,87,36,59,86,99,99,99,111,111,206,206,219,25,25,25,38,38,63,63,90,116,133,133,143,158,158,262,262,277,277,277,277,277],"floor_reached":38,"language":"ENG","playtime":3381,"items_purged":["beaked:Strike_Y","beaked:Strike_Y"],"score":442,"play_id":"2118ef6c-fa2f-415d-af79-583ab4aa0620","local_time":"20210127002629","is_ascension_mode":false,"campfire_choices":[{"data":"beaked:Ceremony","floor":12.0,"key":"SMITH"},{"data":"beaked:Ceremony","floor":15.0,"key":"SMITH"},{"data":"beaked:Ceremony","floor":23.0,"key":"SMITH"},{"floor":25,"key":"REST"},{"floor":29,"key":"REST"},{"data":"beaked:KnowThyFoe","floor":32,"key":"SMITH"}],"circlet_count":3,"master_deck":["beaked:Strike_Y","beaked:Strike_Y","beaked:Strike_Y","beaked:Defend_Y","beaked:Defend_Y","beaked:Defend_Y","beaked:Defend_Y","beaked:Ceremony+1","beaked:Ceremony+1","beaked:Ceremony+1","beaked:Windmill","beaked:Insight","beaked:KnowThyFoe+1","beaked:CrazyRituals","beaked:Insight","beaked:BraceForImpact","beaked:ScreechingChant","beaked:KnowThyFoe","Finesse","beaked:Ceremony+1","beaked:BraceForImpact","beaked:BraceForImpact","beaked:Insight","beaked:Insight+1","beaked:WarriorSpirit+1","beaked:ScreechingChant","CurseOfTheBell","beaked:MimicMachine+1","Secret Weapon","Flash of Steel","Bandage Up"],"relics":["beaked:MendingPlumage","NeowsBlessing","Happy Flower","Akabeko","Bag of Preparation","Odd Mushroom","Dream Catcher","beaked:SacrificeDoll","Circlet","Oddly Smooth Stone","Nunchaku","Smiling Mask","Calling Bell","beaked:ShinyBauble","MealTicket"],"acts_visited":["Exordium","TheCity","TheBeyond"],"potions_floor_usage":[30,33,35,38],"damage_taken":[{"damage":0.0,"enemies":"Cultist","floor":1.0,"turns":1.0},{"damage":0.0,"enemies":"Jaw Worm","floor":3.0,"turns":1.0},{"damage":0.0,"enemies":"Lagavulin","floor":6.0,"turns":4.0},{"damage":0.0,"enemies":"2 Louse","floor":7.0,"turns":2.0},{"damage":25.0,"enemies":"The Mushroom Lair","floor":10.0,"turns":5.0},{"damage":17.0,"enemies":"Looter","floor":11.0,"turns":5.0},{"damage":19.0,"enemies":"Blue Slaver","floor":14.0,"turns":4.0},{"damage":42.0,"enemies":"Hexaghost","floor":16.0,"turns":10.0},{"damage":53.0,"enemies":"3 Byrds","floor":18.0,"turns":6.0},{"damage":0.0,"enemies":"Chosen","floor":22.0,"turns":5.0},{"damage":51,"enemies":"Book of Stabbing","floor":24,"turns":6},{"damage":38,"enemies":"Snake Plant","floor":28,"turns":6},{"damage":24,"enemies":"Centurion and Healer","floor":30,"turns":8},{"damage":43,"enemies":"Shelled Parasite and Fungi","floor":31,"turns":7},{"damage":76,"enemies":"Collector","floor":33,"turns":10},{"damage":44,"enemies":"Orb Walker","floor":35,"turns":6},{"damage":58,"enemies":"3 Darklings","floor":38,"turns":4}],"seed_played":"3515021174612810298","potions_obtained":[{"floor":3.0,"key":"Energy Potion"},{"floor":7.0,"key":"ColorlessPotion"},{"floor":14.0,"key":"BlessingOfTheForge"},{"floor":24,"key":"Explosive Potion"},{"floor":28,"key":"Ancient Potion"},{"floor":33,"key":"Block Potion"},{"floor":35,"key":"SkillPotion"}],"is_trial":false,"path_per_floor":["M","T","M","?","$","E","M","$","T","?","M","R","T","M","R","B",null,"M","$","?","?","M","R","E","R","T","T","M","R","M","M","R","B",null,"M","?","?","M"],"character_chosen":"BEAKED_THE_CULTIST","items_purchased":["beaked:Insight","beaked:Insight","Finesse"],"campfire_rested":2,"item_purchase_floors":[5,8,19],"current_hp_per_floor":[50,50,50,55,55,55,55,55,55,48,45,45,45,41,41,40,55,23,23,17,17,37,37,17,33,33,33,23,39,55,41,41,27,55,37,27,27,0,0],"gold":277,"neow_bonus":"THREE_ENEMY_KILL","is_daily":false,"chose_seed":false,"campfire_upgraded":4,"win_rate":0.0,"timestamp":1611707189,"path_taken":["M","?","M","?","$","E","M","?","T","?","M","R","?","M","R","BOSS","M","$","?","?","M","R","E","R","T","?","M","R","M","M","R","BOSS","M","?","?","?"],"items_purchased_type":["Card","Card","Card"],"build_version":"2020-12-22","purchased_purges":2,"victory":false,"max_hp_per_floor":[50,50,50,55,55,55,55,55,55,55,55,55,55,55,55,55,55,55,55,55,55,55,55,55,55,55,55,55,55,55,55,55,55,55,55,55,55,55,55],"card_choices":[{"not_picked":["beaked:WindBringer","beaked:StickSmack"],"picked":"beaked:Windmill","floor":1.0},{"not_picked":["beaked:Daydream","beaked:WarriorEssence","beaked:Overpower"],"picked":"SKIP","floor":3.0},{"not_picked":["beaked:RuinSticks","beaked:CursingBlood"],"picked":"beaked:KnowThyFoe","floor":6.0},{"not_picked":["beaked:ShadowFade","beaked:Devastation"],"picked":"beaked:CrazyRituals","floor":7.0},{"not_picked":["beaked:CursingBlood","beaked:DigDeeper","beaked:Flinch"],"picked":"SKIP","floor":11.0},{"not_picked":["beaked:Windmill","beaked:SurvivalInstinct"],"picked":"beaked:BraceForImpact","floor":14.0},{"not_picked":["beaked:Caw","beaked:ShadowFade"],"picked":"beaked:ScreechingChant","floor":16.0},{"not_picked":["beaked:TuckingFeathers","beaked:Redirect"],"picked":"beaked:KnowThyFoe","floor":18.0},{"not_picked":["beaked:Tweet","beaked:CursingBlood","beaked:Resilience+1"],"picked":"SKIP","floor":22.0},{"not_picked":["beaked:MimicHuntress","beaked:KnowThyFoe"],"picked":"beaked:BraceForImpact","floor":24},{"not_picked":["beaked:Insight","beaked:Evade+1"],"picked":"beaked:BraceForImpact","floor":25},{"not_picked":["beaked:Redirect+1","beaked:Resilience"],"picked":"beaked:Insight","floor":28},{"not_picked":["beaked:Evade","beaked:CrazyRituals"],"picked":"beaked:Insight+1","floor":30},{"not_picked":["beaked:Insight","beaked:Struggle"],"picked":"beaked:WarriorSpirit+1","floor":31},{"not_picked":["beaked:LiftOff","beaked:WildInstinct"],"picked":"beaked:ScreechingChant","floor":33},{"not_picked":["beaked:Tradeoff","beaked:Hexing"],"picked":"beaked:MimicMachine+1","floor":35},{"not_picked":["StSpp:Cataclysm","Sadistic Nature"],"picked":"Secret Weapon","floor":36},{"not_picked":["Mayhem","Impatience"],"picked":"Flash of Steel","floor":36},{"not_picked":["StSpp:Panic","Transmutation"],"picked":"Bandage Up","floor":36}],"player_experience":2632956,"relics_obtained":[{"floor":2.0,"key":"Happy Flower"},{"floor":6.0,"key":"Akabeko"},{"floor":9.0,"key":"Bag of Preparation"},{"floor":10.0,"key":"Odd Mushroom"},{"floor":13.0,"key":"Dream Catcher"},{"floor":24,"key":"Oddly Smooth Stone"},{"floor":26,"key":"Nunchaku"},{"floor":27,"key":"Smiling Mask"},{"floor":34,"key":"Circlet"},{"floor":34,"key":"beaked:ShinyBauble"},{"floor":34,"key":"MealTicket"}],"event_choices":[{"damage_healed":0.0,"max_hp_gain":5.0,"max_hp_loss":0.0,"gold_gain":0.0,"event_name":"Big Fish","player_choice":"Donut","floor":4.0,"gold_loss":0.0,"damage_taken":0.0},{"damage_healed":0.0,"max_hp_gain":0.0,"max_hp_loss":0.0,"gold_gain":0.0,"event_name":"Mushrooms","player_choice":"Fought Mushrooms","floor":10.0,"gold_loss":0.0,"damage_taken":0.0},{"damage_healed":0.0,"max_hp_gain":0.0,"max_hp_loss":0.0,"gold_gain":0.0,"event_name":"Knowing Skull","player_choice":"","floor":20.0,"potions_obtained":[],"gold_loss":0.0,"damage_taken":6.0,"cards_obtained":[]},{"damage_healed":0.0,"max_hp_gain":0.0,"max_hp_loss":0.0,"gold_gain":0.0,"event_name":"Duplicator","player_choice":"Copied","floor":21.0,"gold_loss":0.0,"damage_taken":0.0,"cards_obtained":["beaked:Ceremony"]},{"damage_healed":0,"gold_gain":0,"player_choice":"Memory 3","damage_taken":10,"max_hp_gain":0,"max_hp_loss":0,"event_name":"SensoryStone","floor":36,"gold_loss":0},{"cards_removed":["beaked:Strike_Y"],"damage_healed":0,"gold_gain":0,"player_choice":"Removed Attack","damage_taken":0,"max_hp_gain":0,"max_hp_loss":0,"event_name":"Falling","floor":37,"gold_loss":0}],"is_beta":false,"boss_relics":[{"not_picked":["Snecko Eye","DemoMod:RiddleOfLead"],"picked":"beaked:SacrificeDoll"},{"not_picked":["Cursed Key","Tiny House"],"picked":"Calling Bell"}],"items_purged_floors":[5,19],"is_endless":false,"potions_floor_spawned":[3,7,14,24,28,33,35],"killed_by":"3 Darklings","ascension_level":0}}