{"host":"avq773cl9g5msfol","time":1611745089,"event":{"mods":["100% Spire Juice","AchievementEnabler","Act Like it!","Ascension Unlocker","Aspiration","Astrologer","Bard","Bartender","BaseMod","Better Altar","Better Third Choice","BetterRewards","CapriCore","ChefMod","Colored Map","Colored Powertips","Conspire","Dio Mod","Downfall","Elementarium","Energized Spire","Gensokyo","GifTheSpireLib","GungeonMod","Hallownest","Hermit","Highlight Path","Hubris","Humility","Infinite Spire","Jorbs\u0027s Wanderer Trilogy","Koishi","Magitek Elite","Marisa????????","Marked Mod","Menagerie","Minty Spire (QoL Compilation)","Pale of the Ancients","Potionbrewer","Quarter Circle Forward PUNCH!","Rare Cards Sparkle","Reimu??????","Relic Stats","Reliquary","Remilia??????","Replay The Spire","SacredBarkPlus","Shade Mod","Somnambulant","Spicy Shops","Spire Arcade","StSLib","The Administrix","The Blue Laboratory","The Bug Knight","The Construct","The Cursed","The Disciple","The Dragon Tamer","The Exalted","The Hayseed","The Hierophant","The Immortal","The Marked","The Mystic","The Problem Sleuth","The Runesmith","The Senshi","The Vixen","The Wild Card","TheFirefly","Wandering Minibosses","Yakumo Yukari mod","vexMod"],"gold_per_floor":[260,190,190,190,33,180,367,542,542,542,728,917,917,917,917,1048,1048,1117,1250,1250,1250,1370,1491,1648,1648,1694,1805,1957,2129,2129,1873,1873,2032,2032,2115,2115,1930,1840,1660],"floor_reached":40,"language":"ENG","playtime":3319,"items_purged":["hierophant:CursedGold+1","hierophant:Remorse+1","hierophant:Glossolalia+1"],"score":2700,"play_id":"4e20762f-15b9-4929-ac55-f956fd282748","local_time":"20210127175809","is_ascension_mode":true,"campfire_choices":[{"data":"hierophant:SolarFlare","floor":13,"key":"SMITH"},{"floor":15,"key":"REST"},{"data":"hierophant:Flagellation","floor":25,"key":"SMITH"},{"data":"hierophant:PristineSoul","floor":32,"key":"SMITH"}],"circlet_count":0,"master_deck":["AscendersBane","hierophant:Punish+1","hierophant:ChurchCoffers+1","hierophant:CursedGold+1","hierophant:FaithHealing+1","hierophant:OrnateJavelin+1","hierophant:DivineIntervention+1","hierophant:DisplayOfPower+1","hierophant:Invocation+1","hierophant:Doubloon+1","hierophant:Doubloon+1","hierophant:RustyCrate+1","hierophant:Doubloon+1","hierophant:Doubloon+1","hierophant:Remorse+1","hierophant:Doubloon+1","hierophant:Doubloon+1","hierophant:MorningPrayer+1","hierophant:Encroach+1","hierophant:OrnateBuckler+1","hierophant:OrnateJavelin+1","hierophant:Exaltation+1","hierophant:Kindle+1","hierophant:FlamingChariot+1","hierophant:RustyCrate+1","hierophant:Doubloon+1","hierophant:Doubloon+1","hierophant:Generosity+1","hierophant:Doubloon+1","hierophant:CursedGold+1","hierophant:Doubloon+1","hierophant:ConvertCurrency+1","hierophant:Doubloon+1","hierophant:Refuge+1","hierophant:Doubloon+1","hierophant:Charity+1","hierophant:Doubloon+1","hierophant:Batter+1","hierophant:ThreeLashes+1","hierophant:ThreeLashes+1","hierophant:Glossolalia+1","hierophant:Bribe+1","Hallucinations","hierophant:PristineSoul+1","Injury","hierophant:FieryStrike","hierophant:SolarFlare+1","hierophant:Determination+1","hierophant:Flagellation+1","infinitespire:NeuralNetwork+1","hierophant:WrathOfGod+1","hierophant:MorningPrayer+1","hierophant:PassingBell+1","Clumsy","hierophant:Levitation+1","hierophant:OrnateBuckler+1"],"relics":["hierophant:PropheticMaskRelic","Quantum Egg","Golden Egg","Sling","construct:RocketBooster","hexamod:BolsterEngine","Guardian:GemstoneGun","hubris:SlimyHat","ClockworkSouvenir","aspiration:HatOfInfinitePower","PureWhite:ReiMu","hexamod:CandleOfCauterizing","aspiration:FetidBarrel","reliquary:WeakTea","Membership Card","Cleaning_Rag","conspire:Dentures","DemoMod:GlassGuonStoneRelic","ReplayTheSpireMod:Ring of Challenge","Ring of Peace","HollowMod:JonisBlessing","DemoMod:PartiallyEatenCheese","sneckomod:SneckoTalon","Gremlin Horn","DemoMod:Metronome","Bromod:ArcaneGuardian","wanderingMiniBosses:AbyssPearl","Singing Bowl","Strange Spoon","Ancient Tea Set","construct:FoamFinger","expansioncontent:StudyCardRelic","ScarletDevilRocket","Lee\u0027s Waffle"],"acts_visited":["Gensokyo:Gensokyo","Elementarium:Elementarium","TheBeyond"],"potions_floor_usage":[27,27,27,27,27,27,27,27,27,27,27,28,29,29,33,38,39,39,39],"damage_taken":[{"damage":2,"enemies":"Gensokyo:Gryphon","floor":1,"turns":2},{"damage":0,"enemies":"Gensokyo:Cirno","floor":6,"turns":4},{"damage":0,"enemies":"Gensokyo:3_Fairies","floor":7,"turns":2},{"damage":0,"enemies":"Gensokyo:Aya","floor":8,"turns":4},{"damage":0,"enemies":"Gensokyo:Python","floor":11,"turns":2},{"damage":0,"enemies":"Gensokyo:3_Kodama","floor":12,"turns":3},{"damage":0,"enemies":"Gensokyo:Yukari","floor":16,"turns":4},{"damage":0,"enemies":"Elementarium:Cyclone","floor":18,"turns":2},{"damage":0,"enemies":"Elementarium:VoidCorruption","floor":19,"turns":3},{"damage":0,"enemies":"Elementarium:3_ELEMENTALS","floor":22,"turns":1},{"damage":0,"enemies":"Elementarium:ElementalPortal","floor":23,"turns":4},{"damage":0,"enemies":"Elementarium:RubyGolem","floor":24,"turns":3},{"damage":0,"enemies":"Hallownest:eliteSoulWarrior","floor":27,"turns":4},{"damage":2,"enemies":"Elementarium:CYCLONE_AND_ORB_OF_FIRE","floor":28,"turns":1},{"damage":0,"enemies":"Elementarium:FIRE_NOBILITY","floor":29,"turns":3},{"damage":0,"enemies":"Elementarium:GolemEmperor","floor":33,"turns":7},{"damage":0,"enemies":"Orb Walker","floor":35,"turns":2},{"damage":0,"enemies":"Jotaro","floor":38,"turns":6},{"damage":0,"enemies":"Time Eater","floor":39,"turns":7}],"seed_played":"8666555089065285383","potions_obtained":[{"floor":30,"key":"blueLaboratory:CorrosionFlask"}],"is_trial":false,"path_per_floor":["M","?","?","?","COS","E","M","E","T","?","M","M","R","?","R","B",null,"M","M","AVR","?","M","E","M","R","T","?","M","E","?","$","R_BF","B",null,"M","?","$","B","B",null],"character_chosen":"HIEROPHANT","items_purchased":["Sling","Adrenaline Potion","hierophant:RustyCrate","hierophant:Remorse","blueLaboratory:FruitPunch","potionbrewer:EndurancePotion","construct:RocketBooster","hierophant:MorningPrayer","hexamod:BolsterEngine","Guardian:GemstoneGun","hubris:SlimyHat","ClockworkSouvenir","hierophant:Encroach","hierophant:OrnateBuckler","aspiration:HatOfInfinitePower","PureWhite:ReiMu","hexamod:CandleOfCauterizing","aspiration:FetidBarrel","hierophant:OrnateJavelin","hierophant:Exaltation","reliquary:WeakTea","hierophant:Kindle","hierophant:FlamingChariot","hierophant:RustyCrate","hierophant:Generosity","hierophant:CursedGold","Membership Card","Cleaning_Rag","hierophant:ConvertCurrency","hierophant:Refuge","hierophant:Charity","hierophant:Batter","hierophant:ThreeLashes","hierophant:Glossolalia","conspire:Dentures","Strange Spoon","Ancient Tea Set","construct:FoamFinger","hierophant:OrnateBuckler","Lee\u0027s Waffle","Fruit Juice"],"campfire_rested":1,"item_purchase_floors":[0,0,0,0,0,0,0,0,0,0,0,0,0,0,0,0,0,0,0,0,0,0,0,0,0,0,0,0,0,0,0,0,0,0,0,31,31,31,37,37,37],"current_hp_per_floor":[66,66,66,66,66,66,66,66,66,66,66,66,66,62,75,75,75,75,75,75,75,75,75,75,75,75,75,73,75,75,75,75,75,77,79,79,86,86,86],"gold":1660,"neow_bonus":"","is_daily":false,"chose_seed":false,"campfire_upgraded":3,"win_rate":0.0,"timestamp":1611745089,"path_taken":["M","?","?","?","COS","E","M","E","T","?","M","?","R","?","R","BOSS","M","M","AVR","?","M","E","M","R","T","?","M","E","?","?","R_BF","BOSS","M","?","?","BOSS","BOSS"],"items_purchased_type":["Relic","Potion","Card","Card","Potion","Potion","Relic","Card","Relic","Relic","Relic","Relic","Card","Card","Relic","Relic","Relic","Relic","Card","Card","Relic","Card","Card","Card","Card","Card","Relic","Relic","Card","Card","Card","Card","Card","Card","Relic","Relic","Relic","Relic","Card","Relic","Potion"],"build_version":"2020-12-22","purchased_purges":3,"victory":true,"max_hp_per_floor":[75,75,75,75,75,75,75,75,75,75,75,75,75,75,75,75,75,75,75,75,75,75,75,75,75,75,75,75,77,77,77,77,77,77,79,79,86,91,91],"relic_stats":{"Strange Spoon":[99],"Lee\u0027s Waffle":7,"Gremlin Horn":[11,12],"Singing Bowl":4,"counters":[109,354],"obtain_stats":[{"Golden Egg":1,"sneckomod:SneckoCommon":0,"construct:FoamFinger":31,"ScarletDevilRocket":34,"Bromod:ArcaneNullifier":0,"downfall:HeartBlessingGreen":27,"infinitespire:Cubic Diamond":3,"wanderingMiniBosses:OtherGremlinHorn":2,"Sling":0,"construct:RocketBooster":0,"HollowMod:JonisBlessing":5,"reliquary:WeakTea":0,"Akabeko":0,"qcfpunch:Broken_Tusk":41,"Elementarium:ElementariumTrophy":33,"Snecko Eye":47,"Pandora\u0027s Box":10,"aspiration:SilentSkillbook":34,"infinitespire:PuzzleCube":52,"Elementarium:HuntersElixir":20,"Regal Pillow":29,"Singing Bowl":29,"hierophant:PropheticMaskRelic":0,"wanderingMiniBosses:AbyssPearl":27,"hubris:EmptyBottle":12,"Power_Wrist":29,"Ancient Tea Set":31,"hubris:EvacipatedBox":1,"Cleaning_Rag":41,"Ring of Peace":4,"reliquary:Buckler":12,"hubris:CuriousFeather":0,"Potion Belt":10,"construct:ClawGrip":34,"Lee\u0027s Waffle":37,"downfall:HeartBlessingRed":27,"qcfpunch:Black_Training_Shirt":8,"Guardian:GemstoneGun":0,"Thread and Needle":39,"DemoMod:PartiallyEatenCheese":10,"The Courier":26,"hubris:Towel":46,"Replay:Arrowhead":10,"Bromod:ArcaneMomentum":8,"PureWhite:ReiMu":0,"Ornamental Fan":53,"stsjorbsmod:BookOfTrialsRelic":3,"Bromod:ArcaneBarrier":34,"potionbrewer:BottledElixir":25,"hexamod:BolsterEngine":0,"ReplayTheSpireMod:Ring of Challenge":4,"ReplayTheSpireMod:Lightbulb":53,"Toy Ornithopter":28,"Bromod:ArcaneUltimatum":41,"Ice Cream":0,"Bromod:ArcanePulse":0,"Gremlin Horn":21,"potionbrewer:SalesContract":0,"DemoMod:GlassGuonStoneRelic":8,"theSenshi:FeatherClipsRelic":14,"sneckomod:SneckoSoul":0,"HornCleat":0,"DemoMod:MonsterBlood":47,"DemoMod:Metronome":26,"Strawberry":0,"Prayer Wheel":1,"potionbrewer:DrinkingBird":22,"qcfpunch:Chain_With_Nametags":27,"conspire:Dentures":0,"DemoMod:Orange":47,"Dead Branch":3,"Replay:Kaleidoscope":52,"War Paint":15,"Question Card":1,"sneckomod:SneckoTalon":17,"OrangePellets":53,"wanderingMiniBosses:Blackblade":4,"Onion Ring":24,"Slimebound:PreparedRelic":13,"infinitespire:EmpoweringShard":23,"hubris:ToyBattleship":31,"aspiration:HatOfInfinitePower":0,"Juzu Bracelet":0,"Hallownest:DreamNailRelic":5,"hubris:SlimyHat":0,"expansioncontent:StudyCardRelic":34,"conspire:TopHat":6,"ClockworkSouvenir":0,"DemoMod:SevenLeafClover":12,"Frozen Eye":8,"Mummified Hand":21,"downfall:HeartBlessingBlue":27,"Gambling Chip":24,"sneckomod:RareBoosterPack":0,"TheVixenMod:UmbreonRelic":42,"Bromod:ArcaneGuardian":27,"hexamod:CandleOfCauterizing":0,"Replay:Towering Pillar of Hats":43,"aspiration:FetidBarrel":44,"Quantum Egg":1,"hubris:MedicalManual":0,"vexMod:FocusSash":21,"Orichalcum":48,"Medical Kit":0,"Mercury Hourglass":6,"Strange Spoon":0,"CaptainsWheel":0,"Anchor":0,"vexMod:HeadHunter":0,"Runesmith:UraniumAnvil":17,"infinitespire:Satchel":45,"ChewingGum":17,"reliquary:Stiletto":23,"Bag of Marbles":38,"Membership Card":0,"Gem_Box":22,"DemoMod:RingOfEthereal":42,"hubris:Potato":0,"TungstenRod":0,"DemoMod:VorpalBullet":32,"RuthlessExorcism:ReiMu":0},{"Golden Egg":0,"sneckomod:SneckoCommon":30,"construct:FoamFinger":105,"ScarletDevilRocket":106,"Bromod:ArcaneNullifier":30,"downfall:HeartBlessingGreen":15,"infinitespire:Cubic Diamond":68,"wanderingMiniBosses:OtherGremlinHorn":1,"Sling":90,"construct:RocketBooster":30,"HollowMod:JonisBlessing":91,"reliquary:WeakTea":90,"Akabeko":66,"qcfpunch:Broken_Tusk":57,"Elementarium:ElementariumTrophy":82,"Snecko Eye":60,"Pandora\u0027s Box":5,"aspiration:SilentSkillbook":20,"infinitespire:PuzzleCube":64,"Elementarium:HuntersElixir":76,"Regal Pillow":17,"Singing Bowl":105,"hierophant:PropheticMaskRelic":90,"wanderingMiniBosses:AbyssPearl":103,"hubris:EmptyBottle":7,"Power_Wrist":17,"Ancient Tea Set":105,"hubris:EvacipatedBox":0,"Cleaning_Rag":23,"Ring of Peace":91,"reliquary:Buckler":73,"hubris:CuriousFeather":30,"Potion Belt":5,"construct:ClawGrip":82,"Lee\u0027s Waffle":107,"downfall:HeartBlessingRed":15,"qcfpunch:Black_Training_Shirt":4,"Guardian:GemstoneGun":90,"Thread and Needle":56,"DemoMod:PartiallyEatenCheese":94,"The Courier":78,"hubris:Towel":25,"Replay:Arrowhead":5,"Bromod:ArcaneMomentum":34,"PureWhite:ReiMu":90,"Ornamental Fan":64,"stsjorbsmod:BookOfTrialsRelic":68,"Bromod:ArcaneBarrier":53,"potionbrewer:BottledElixir":15,"hexamod:BolsterEngine":90,"ReplayTheSpireMod:Ring of Challenge":91,"ReplayTheSpireMod:Lightbulb":64,"Toy Ornithopter":16,"Bromod:ArcaneUltimatum":57,"Ice Cream":66,"Bromod:ArcanePulse":30,"Gremlin Horn":99,"potionbrewer:SalesContract":30,"DemoMod:GlassGuonStoneRelic":4,"theSenshi:FeatherClipsRelic":38,"sneckomod:SneckoSoul":0,"HornCleat":66,"DemoMod:MonsterBlood":25,"DemoMod:Metronome":102,"Strawberry":66,"Prayer Wheel":0,"potionbrewer:DrinkingBird":43,"qcfpunch:Chain_With_Nametags":79,"conspire:Dentures":90,"DemoMod:Orange":60,"Dead Branch":2,"Replay:Kaleidoscope":29,"War Paint":9,"Question Card":0,"sneckomod:SneckoTalon":97,"OrangePellets":29,"wanderingMiniBosses:Blackblade":32,"Onion Ring":14,"Slimebound:PreparedRelic":73,"infinitespire:EmpoweringShard":14,"hubris:ToyBattleship":51,"aspiration:HatOfInfinitePower":90,"Juzu Bracelet":30,"Hallownest:DreamNailRelic":32,"hubris:SlimyHat":90,"expansioncontent:StudyCardRelic":106,"conspire:TopHat":70,"ClockworkSouvenir":66,"DemoMod:SevenLeafClover":36,"Frozen Eye":4,"Mummified Hand":12,"downfall:HeartBlessingBlue":15,"Gambling Chip":44,"sneckomod:RareBoosterPack":66,"TheVixenMod:UmbreonRelic":23,"Bromod:ArcaneGuardian":103,"hexamod:CandleOfCauterizing":90,"Replay:Towering Pillar of Hats":24,"aspiration:FetidBarrel":87,"Quantum Egg":0,"hubris:MedicalManual":30,"vexMod:FocusSash":12,"Orichalcum":26,"Medical Kit":30,"Mercury Hourglass":33,"Strange Spoon":66,"CaptainsWheel":66,"Anchor":66,"vexMod:HeadHunter":30,"Runesmith:UraniumAnvil":40,"infinitespire:Satchel":60,"ChewingGum":10,"reliquary:Stiletto":77,"Bag of Marbles":22,"Membership Card":30,"Gem_Box":43,"DemoMod:RingOfEthereal":58,"hubris:Potato":30,"TungstenRod":30,"DemoMod:VorpalBullet":52,"RuthlessExorcism:ReiMu":66},{"Golden Egg":0,"sneckomod:SneckoCommon":112,"construct:FoamFinger":332,"ScarletDevilRocket":339,"Bromod:ArcaneNullifier":112,"downfall:HeartBlessingGreen":39,"infinitespire:Cubic Diamond":224,"wanderingMiniBosses:OtherGremlinHorn":2,"Sling":290,"construct:RocketBooster":112,"HollowMod:JonisBlessing":292,"reliquary:WeakTea":290,"Akabeko":222,"qcfpunch:Broken_Tusk":196,"Elementarium:ElementariumTrophy":269,"Snecko Eye":202,"Pandora\u0027s Box":12,"aspiration:SilentSkillbook":72,"infinitespire:PuzzleCube":212,"Elementarium:HuntersElixir":250,"Regal Pillow":43,"Singing Bowl":332,"hierophant:PropheticMaskRelic":290,"wanderingMiniBosses:AbyssPearl":328,"hubris:EmptyBottle":19,"Power_Wrist":43,"Ancient Tea Set":332,"hubris:EvacipatedBox":0,"Cleaning_Rag":76,"Ring of Peace":292,"reliquary:Buckler":239,"hubris:CuriousFeather":112,"Potion Belt":12,"construct:ClawGrip":269,"Lee\u0027s Waffle":341,"downfall:HeartBlessingRed":39,"qcfpunch:Black_Training_Shirt":8,"Guardian:GemstoneGun":290,"Thread and Needle":192,"DemoMod:PartiallyEatenCheese":302,"The Courier":256,"hubris:Towel":81,"Replay:Arrowhead":12,"Bromod:ArcaneMomentum":126,"PureWhite:ReiMu":290,"Ornamental Fan":212,"stsjorbsmod:BookOfTrialsRelic":224,"Bromod:ArcaneBarrier":185,"potionbrewer:BottledElixir":39,"hexamod:BolsterEngine":290,"ReplayTheSpireMod:Ring of Challenge":292,"ReplayTheSpireMod:Lightbulb":212,"Toy Ornithopter":42,"Bromod:ArcaneUltimatum":196,"Ice Cream":222,"Bromod:ArcanePulse":112,"Gremlin Horn":316,"potionbrewer:SalesContract":112,"DemoMod:GlassGuonStoneRelic":8,"theSenshi:FeatherClipsRelic":138,"sneckomod:SneckoSoul":0,"HornCleat":222,"DemoMod:MonsterBlood":81,"DemoMod:Metronome":324,"Strawberry":222,"Prayer Wheel":0,"potionbrewer:DrinkingBird":153,"qcfpunch:Chain_With_Nametags":258,"conspire:Dentures":290,"DemoMod:Orange":202,"Dead Branch":3,"Replay:Kaleidoscope":99,"War Paint":24,"Question Card":0,"sneckomod:SneckoTalon":311,"OrangePellets":99,"wanderingMiniBosses:Blackblade":120,"Onion Ring":37,"Slimebound:PreparedRelic":239,"infinitespire:EmpoweringShard":37,"hubris:ToyBattleship":179,"aspiration:HatOfInfinitePower":290,"Juzu Bracelet":112,"Hallownest:DreamNailRelic":120,"hubris:SlimyHat":290,"expansioncontent:StudyCardRelic":339,"conspire:TopHat":232,"ClockworkSouvenir":222,"DemoMod:SevenLeafClover":133,"Frozen Eye":7,"Mummified Hand":32,"downfall:HeartBlessingBlue":39,"Gambling Chip":158,"sneckomod:RareBoosterPack":222,"TheVixenMod:UmbreonRelic":76,"Bromod:ArcaneGuardian":328,"hexamod:CandleOfCauterizing":290,"Replay:Towering Pillar of Hats":78,"aspiration:FetidBarrel":284,"Quantum Egg":0,"hubris:MedicalManual":112,"vexMod:FocusSash":32,"Orichalcum":87,"Medical Kit":112,"Mercury Hourglass":123,"Strange Spoon":222,"CaptainsWheel":222,"Anchor":222,"vexMod:HeadHunter":112,"Runesmith:UraniumAnvil":145,"infinitespire:Satchel":202,"ChewingGum":26,"reliquary:Stiletto":251,"Bag of Marbles":74,"Membership Card":112,"Gem_Box":153,"DemoMod:RingOfEthereal":199,"hubris:Potato":112,"TungstenRod":112,"DemoMod:VorpalBullet":182,"RuthlessExorcism:ReiMu":222}]},"card_choices":[{"not_picked":["hierophant:SolarFlare","hierophant:FlamingChariot"],"picked":"hierophant:Bribe","floor":1},{"not_picked":["hierophant:EyeForCoin","hierophant:MirrorShield","hierophant:SolarFlare"],"picked":"SKIP","floor":6},{"not_picked":["hierophant:ThreeLashes","hierophant:RustyCrate","hierophant:Charity"],"picked":"SKIP","floor":7},{"not_picked":["hierophant:Racketeering","hierophant:SealAway"],"picked":"hierophant:PristineSoul","floor":8},{"not_picked":["hierophant:CoinFling","hierophant:PassingBell"],"picked":"hierophant:FieryStrike","floor":11},{"not_picked":["hierophant:Doubloon","hierophant:Purify"],"picked":"hierophant:SolarFlare","floor":12},{"not_picked":["hierophant:Invocation","hierophant:Anathema"],"picked":"hierophant:Determination","floor":16},{"not_picked":["hierophant:MorningPrayer","hierophant:FieryStrike","hierophant:ThreeLashes"],"picked":"SKIP","floor":18},{"not_picked":["hierophant:Encroach","hierophant:HolyVerse"],"picked":"hierophant:Flagellation","floor":19},{"not_picked":["hierophant:FieryStrike","hierophant:ConvertCurrency"],"picked":"hierophant:WrathOfGod","floor":22},{"not_picked":["hierophant:SealAway","hierophant:HammerAndAnvil+1"],"picked":"hierophant:MorningPrayer","floor":23},{"not_picked":["hierophant:MorningPrayer","hierophant:MintersHammer","hierophant:ThreeLashes"],"picked":"SKIP","floor":24},{"not_picked":["hierophant:Invocation","hierophant:Bribe"],"picked":"hierophant:PassingBell","floor":27},{"not_picked":["hierophant:Racketeering","hierophant:RustyCrate","hierophant:Doomsaying"],"picked":"SKIP","floor":28},{"not_picked":["hierophant:Encroach","hierophant:OrnateBuckler+1","hierophant:Mercenaries"],"picked":"Singing Bowl","floor":29},{"not_picked":["hierophant:Determination","hierophant:WrathOfGod"],"picked":"hierophant:Levitation","floor":33},{"not_picked":["hierophant:ThreeLashes","hierophant:DisplayOfPower","hierophant:Purify"],"picked":"Singing Bowl","floor":35}],"player_experience":1387068,"relics_obtained":[{"floor":4,"key":"ReplayTheSpireMod:Ring of Challenge"},{"floor":4,"key":"Ring of Peace"},{"floor":26,"key":"DemoMod:Metronome"},{"floor":27,"key":"Bromod:ArcaneGuardian"},{"floor":27,"key":"wanderingMiniBosses:AbyssPearl"},{"floor":29,"key":"Singing Bowl"}],"event_choices":[{"damage_healed":0,"gold_gain":0,"player_choice":"Leave","damage_taken":0,"max_hp_gain":0,"max_hp_loss":0,"event_name":"conspire:Investor","floor":14,"gold_loss":0},{"damage_healed":0,"gold_gain":0,"player_choice":"Open","damage_taken":0,"relics_obtained":["Gremlin Horn"],"max_hp_gain":0,"max_hp_loss":0,"event_name":"Elementarium:TarCoveredCasket","floor":21,"gold_loss":0,"cards_obtained":["Elementarium:StickyTar","Elementarium:StickyTar"]},{"damage_healed":0,"gold_gain":0,"player_choice":"Enter","damage_taken":0,"max_hp_gain":0,"max_hp_loss":0,"event_name":"Elementarium:OtherworldlyPassage","floor":27,"gold_loss":0},{"damage_healed":0,"gold_gain":0,"player_choice":"Ignored","damage_taken":0,"max_hp_gain":0,"max_hp_loss":0,"event_name":"Purifier","floor":36,"gold_loss":0}],"is_beta":false,"boss_relics":[{"not_picked":["qcfpunch:Crimson_Sash","aspiration:MobileForge"],"picked":"sneckomod:SneckoTalon"},{"not_picked":["vexMod:DeviousBotling","Runic Pyramid"],"picked":"expansioncontent:StudyCardRelic"}],"items_purged_floors":[0,0,20],"is_endless":false,"potions_floor_spawned":[6,11,12,16,18,22,23,29],"ascension_level":20,"is_humility":true}}