{"host":"rolltorest","time":1611715770,"event":{"mods":["BaseMod","Jorbs\u0027s Wanderer Trilogy","Koishi","Minty Spire (QoL Compilation)","Relic Stats","Robot Space Explorer","Slay the Relics Exporter","StSLib","The Servant 0.9.4"],"gold_per_floor":[114,128,128,140,159,192,192,192,192],"floor_reached":8,"language":"ENG","playtime":320,"items_purged":[],"score":116,"play_id":"ce1ed5b3-47fb-46a3-bd80-7707a2d67890","local_time":"20210126184930","is_ascension_mode":true,"campfire_choices":[{"data":"Hightail","floor":7,"key":"SMITH"}],"circlet_count":0,"master_deck":["AscendersBane","Strike_S","Strike_S","Strike_S","Strike_S","Defend_S+1","Defend_S","Defend_S","Defend_S","KidneyShot+1","Exchange+1","Defy","ShatteredReality","TimeWarp","Barrier","Hightail+1"],"relics":["Uniform","War Paint","White Beast Statue"],"acts_visited":["Exordium"],"potions_floor_usage":[6],"damage_taken":[{"damage":0,"enemies":"Cultist","floor":1,"turns":4},{"damage":7,"enemies":"Small Slimes","floor":2,"turns":4},{"damage":0,"enemies":"Jaw Worm","floor":4,"turns":5},{"damage":3,"enemies":"3 Louse","floor":5,"turns":4},{"damage":10,"enemies":"Gremlin Nob","floor":6,"turns":5},{"damage":0,"enemies":"Lagavulin","floor":8,"turns":12}],"seed_played":"3437651744087746928","potions_obtained":[{"floor":5,"key":"Regen Potion"}],"is_trial":false,"path_per_floor":["M","M","?","M","M","E","R","E"],"character_chosen":"THE_SERVANT","items_purchased":[],"campfire_rested":0,"item_purchase_floors":[],"current_hp_per_floor":[54,47,29,29,26,30,30,30,30],"gold":192,"neow_bonus":"UPGRADE_CARD","is_daily":false,"chose_seed":false,"campfire_upgraded":1,"win_rate":0.0,"timestamp":1611715770,"path_taken":["M","?","?","M","M","E","R","E"],"items_purchased_type":[],"build_version":"2020-12-18","purchased_purges":0,"victory":false,"max_hp_per_floor":[60,60,60,60,60,60,60,60,60],"relic_stats":{"counters":[6,34],"War Paint":["Exchange","Defend_S"],"obtain_stats":[{"Uniform":0,"War Paint":3,"White Beast Statue":6},{"Uniform":0,"War Paint":2,"White Beast Statue":5},{"Uniform":0,"War Paint":8,"White Beast Statue":22}]},"card_choices":[{"not_picked":["Rewind","Ricochet"],"picked":"Defy","floor":1},{"not_picked":["Rearm","Starlight"],"picked":"ShatteredReality","floor":2},{"not_picked":["Revamp","Rewind"],"picked":"TimeWarp","floor":4},{"not_picked":["Replace","TrueSight"],"picked":"Barrier","floor":5},{"not_picked":["Replace","Potential"],"picked":"Hightail","floor":6}],"player_experience":2242173,"relics_obtained":[{"floor":6,"key":"White Beast Statue"}],"event_choices":[{"damage_healed":0,"gold_gain":0,"player_choice":"Success","damage_taken":18,"relics_obtained":["War Paint"],"max_hp_gain":0,"max_hp_loss":0,"event_name":"Scrap Ooze","floor":3,"gold_loss":0}],"is_beta":true,"boss_relics":[],"items_purged_floors":[],"is_endless":false,"potions_floor_spawned":[5],"killed_by":"Lagavulin","ascension_level":20}}