{"host":"kiehjq3lc4w5t4uc","time":1611747130,"event":{"mods":["AchievementEnabler","BaseMod","BetterRewards","Colored Map","Colored Powertips","DeckTracker","Good Game Mod","Minty Spire (QoL Compilation)","Quick Restart","Rare Cards Sparkle","Relic Stats","Shop Mod","StSLib","SuperFastMode"],"gold_per_floor":[117,117,130,130,130,169,344,365,365,190,190,208,232,266,266,390,390,408,408,423,441,456,495,515,549,575,326,339,382,382,382,382,506,506,531,589,589,689,705,743,743,787,839,839,902,935,44,60,60,60,60,60,41,81,81],"floor_reached":56,"language":"KOR","playtime":4678,"items_purged":["Strike_R","Strike_R"],"score":2191,"play_id":"ff9d7423-6843-4773-9820-660d2727c086","local_time":"20210127203210","is_ascension_mode":true,"campfire_choices":[{"data":"Inflame","floor":11.0,"key":"SMITH"},{"data":"Master of Strategy","floor":15.0,"key":"SMITH"},{"floor":32.0,"key":"RECALL"},{"floor":41.0,"key":"REST"},{"data":"1","floor":49,"key":"LIFT"},{"data":"2","floor":52,"key":"LIFT"}],"circlet_count":0,"master_deck":["Strike_R+1","Strike_R+1","Strike_R+1","Defend_R+1","Defend_R+1","Defend_R+1","Defend_R+1","Bash","Finesse","Bloodletting","Body Slam","Body Slam","Pommel Strike+1","Master of Strategy+1","Armaments+1","Injury","Core Surge","Demon Form","Doubt","Inflame+1","Apotheosis+1","Thunderclap","Feed","RitualDagger+1","Spot Weakness+1","Limit Break+1","Trip+1","Seeing Red+1","Master of Strategy+1","Master of Strategy+1","Bloodletting+1"],"relics":["Burning Blood","REME:ComplimentaryCards","Vajra","Du-Vu Doll","HandDrill","Chemical X","Singing Bowl","Blood Vial","CaptainsWheel","Nunchaku","Calipers","Unceasing Top","Orrery","Membership Card","Gambling Chip","Ice Cream","Golden Idol","The Courier","Red Skull","Toxic Egg 2","ClockworkSouvenir","Meat on the Bone","SlaversCollar","Frozen Egg 2","Bottled Lightning","Juzu Bracelet","Pantograph","Kunai","Toy Ornithopter","MutagenicStrength","Fusion Hammer","Strawberry","Oddly Smooth Stone","Girya","Whetstone","DollysMirror","Sundial","Paper Frog","Mummified Hand","Centennial Puzzle","Mercury Hourglass","Boot","Bag of Preparation","Orichalcum","Blue Candle","StoneCalendar"],"acts_visited":["Exordium","TheCity","TheBeyond","TheEnding"],"potions_floor_usage":[55,55,55],"damage_taken":[{"damage":1.0,"enemies":"2 Louse","floor":1.0,"turns":2.0},{"damage":3.0,"enemies":"Jaw Worm","floor":3.0,"turns":2.0},{"damage":3.0,"enemies":"Lagavulin","floor":6.0,"turns":2.0},{"damage":0.0,"enemies":"Small Slimes","floor":8.0,"turns":2.0},{"damage":13.0,"enemies":"3 Louse","floor":12.0,"turns":3.0},{"damage":11.0,"enemies":"Blue Slaver","floor":13.0,"turns":3.0},{"damage":0.0,"enemies":"Gremlin Nob","floor":14.0,"turns":2.0},{"damage":3.0,"enemies":"Slime Boss","floor":16.0,"turns":6.0},{"damage":13.0,"enemies":"Chosen","floor":18.0,"turns":3.0},{"damage":22.0,"enemies":"Shell Parasite","floor":20.0,"turns":3.0},{"damage":17.0,"enemies":"3 Cultists","floor":21.0,"turns":5.0},{"damage":17.0,"enemies":"Snake Plant","floor":22.0,"turns":2.0},{"damage":22.0,"enemies":"Slavers","floor":23.0,"turns":2.0},{"damage":25.0,"enemies":"Centurion and Healer","floor":24.0,"turns":5.0},{"damage":17.0,"enemies":"Gremlin Leader","floor":25.0,"turns":4.0},{"damage":8.0,"enemies":"Cultist and Chosen","floor":28.0,"turns":4.0},{"damage":34.0,"enemies":"Slavers","floor":29.0,"turns":4.0},{"damage":24.0,"enemies":"Champ","floor":33.0,"turns":7.0},{"damage":27.0,"enemies":"3 Shapes","floor":35.0,"turns":3.0},{"damage":32.0,"enemies":"2 Orb Walkers","floor":36.0,"turns":3.0},{"damage":5.0,"enemies":"3 Darklings","floor":39.0,"turns":3.0},{"damage":7.0,"enemies":"Giant Head","floor":40.0,"turns":2.0},{"damage":9.0,"enemies":"Nemesis","floor":42.0,"turns":3.0},{"damage":70,"enemies":"Mind Bloom Boss Battle","floor":45,"turns":4},{"damage":36,"enemies":"Reptomancer","floor":46,"turns":3},{"damage":4,"enemies":"Transient","floor":48,"turns":4},{"damage":8,"enemies":"Awakened One","floor":50,"turns":3},{"damage":3,"enemies":"Shield and Spear","floor":54,"turns":2},{"damage":70,"enemies":"The Heart","floor":55,"turns":5}],"seed_played":"212776870760443731","potions_obtained":[{"floor":1.0,"key":"Weak Potion"},{"floor":6.0,"key":"PowerPotion"},{"floor":16.0,"key":"LiquidBronze"},{"floor":20.0,"key":"DuplicationPotion"},{"floor":39.0,"key":"Fire Potion"}],"is_trial":false,"path_per_floor":["M","?","M","?","T","E","?","M","T","$","R","M","M","E","R","B",null,"M","?","M","M","M","E","M","E","T","$","M","E","?","?","R","B",null,"M","?","?","?","M","E","R","E","T","?","?","E","$","M","R","B",null,"R","$","E","B",null],"character_chosen":"IRONCLAD","items_purchased":["Vajra","Finesse","HandDrill","Chemical X","Singing Bowl","Blood Vial","Nunchaku","Bloodletting","Orrery","Membership Card","Ice Cream","Master of Strategy","ClockworkSouvenir","Apotheosis+1","Pantograph","Kunai","Master of Strategy+1","DollysMirror","Sundial","Paper Frog","Mummified Hand","Centennial Puzzle","Mercury Hourglass","Boot","Bag of Preparation","Orichalcum","Blue Candle","BloodPotion"],"campfire_rested":1,"item_purchase_floors":[0,0,0,0,0,0,0,0,0,0,0,0,10,10,27,27,47,47,47,47,47,47,47,47,47,47,47,53],"current_hp_per_floor":[84,84,84,84,84,86,86,86,86,86,86,81,78,88,88,90,90,85,79,67,60,68,72,73,68,68,68,74,62,62,62,62,71,112,100,78,78,78,81,91,132,133,133,140,82,68,68,88,88,117,146,146,146,157,142],"gold":81,"neow_bonus":"","is_daily":false,"chose_seed":false,"campfire_upgraded":2,"win_rate":0.0,"timestamp":1611747130,"path_taken":["M","?","M","?","?","E","?","M","T","$","R","M","M","E","R","BOSS","M","?","M","M","M","E","M","E","T","$","M","E","?","?","R","BOSS","M","?","?","?","M","E","R","E","T","?","?","E","$","M","R","BOSS","R","$","E","BOSS"],"items_purchased_type":["Relic","Card","Relic","Relic","Relic","Relic","Relic","Card","Relic","Relic","Relic","Card","Relic","Card","Relic","Relic","Card","Relic","Relic","Relic","Relic","Relic","Relic","Relic","Relic","Relic","Relic","Potion"],"build_version":"2020-12-22","purchased_purges":2,"victory":true,"max_hp_per_floor":[84,84,84,84,84,86,86,86,86,86,86,88,88,90,90,90,90,92,92,94,96,101,107,113,117,117,117,123,125,125,125,125,125,125,127,129,129,129,129,138,138,140,140,140,146,148,148,152,152,156,156,156,156,162,162],"relic_stats":{"Singing Bowl":56,"StoneCalendar":[0],"Juzu Bracelet":2,"Bag of Preparation":[42],"Whetstone":["Dramatic Entrance","Strike_R","Pommel Strike","RitualDagger"],"Boot":[6],"Burning Blood":273,"Blood Vial":42,"Nunchaku":[28],"Centennial Puzzle":[24],"Sundial":[12],"Mummified Hand":[25],"Gambling Chip":[91],"Pantograph":80,"HandDrill":[22],"Chemical X":[1],"Kunai":[88],"counters":[61,193],"Golden Idol":486,"Blue Candle":[12],"Orichalcum":[24],"Mercury Hourglass":[290],"obtain_stats":[{"Ice Cream":0,"Calipers":0,"Gremlin Horn":36,"Vajra":24,"Whetstone":8,"Boot":5,"Sozu":17,"Blood Vial":42,"Lizard Tail":45,"Centennial Puzzle":46,"Sundial":3,"DollysMirror":47,"Strawberry":55,"Prayer Wheel":4,"MealTicket":13,"Fusion Hammer":34,"HandDrill":0,"Kunai":7,"Toxic Egg 2":9,"Girya":45,"Pear":13,"Happy Flower":47,"Blue Candle":9,"Oddly Smooth Stone":30,"Eternal Feather":41,"Pen Nib":7,"Letter Opener":10,"War Paint":29,"Question Card":45,"Du-Vu Doll":22,"SlaversCollar":17,"Bottled Flame":27,"Shuriken":54,"Bird Faced Urn":44,"Bronze Scales":55,"MutagenicStrength":31,"Molten Egg 2":25,"Black Star":0,"StrikeDummy":20,"Unceasing Top":0,"Meat on the Bone":30,"Darkstone Periapt":44,"Lantern":35,"Torii":41,"Singing Bowl":0,"StoneCalendar":54,"Bag of Preparation":25,"Juzu Bracelet":26,"Smiling Mask":23,"Burning Blood":0,"ClockworkSouvenir":10,"Nunchaku":47,"Matryoshka":31,"Mummified Hand":39,"Pantograph":13,"Gambling Chip":0,"Tiny Chest":1,"Chemical X":0,"Red Skull":23,"InkBottle":43,"Paper Frog":10,"Golden Idol":0,"The Courier":0,"Omamori":38,"Orichalcum":54,"Frozen Egg 2":23,"MawBank":46,"White Beast Statue":14,"Mercury Hourglass":12,"Peace Pipe":8,"Anchor":44,"CaptainsWheel":48,"REME:ComplimentaryCards":0,"Ornamental Fan":14,"Orrery":0,"Coffee Dripper":34,"Bag of Marbles":43,"Membership Card":0,"Bottled Lightning":6,"FossilizedHelix":6,"Toy Ornithopter":18},{"Ice Cream":0,"Calipers":32,"Gremlin Horn":22,"Vajra":14,"Whetstone":7,"Boot":4,"Sozu":10,"Blood Vial":24,"Lizard Tail":25,"Centennial Puzzle":26,"Sundial":2,"DollysMirror":57,"Strawberry":31,"Prayer Wheel":3,"MealTicket":8,"Fusion Hammer":50,"HandDrill":32,"Kunai":6,"Toxic Egg 2":36,"Girya":56,"Pear":8,"Happy Flower":27,"Blue Candle":7,"Oddly Smooth Stone":18,"Eternal Feather":24,"Pen Nib":6,"Letter Opener":8,"War Paint":17,"Question Card":25,"Du-Vu Doll":12,"SlaversCollar":40,"Bottled Flame":16,"Shuriken":30,"Bird Faced Urn":24,"Bronze Scales":31,"MutagenicStrength":49,"Molten Egg 2":15,"Black Star":0,"StrikeDummy":12,"Unceasing Top":32,"Meat on the Bone":18,"Darkstone Periapt":24,"Lantern":21,"Torii":24,"Singing Bowl":32,"StoneCalendar":60,"Bag of Preparation":15,"Juzu Bracelet":47,"Smiling Mask":13,"Burning Blood":0,"ClockworkSouvenir":36,"Nunchaku":27,"Matryoshka":19,"Mummified Hand":23,"Pantograph":8,"Gambling Chip":32,"Tiny Chest":1,"Chemical X":32,"Red Skull":13,"InkBottle":24,"Paper Frog":8,"Golden Idol":0,"The Courier":0,"Omamori":22,"Orichalcum":30,"Frozen Egg 2":45,"MawBank":26,"White Beast Statue":9,"Mercury Hourglass":8,"Peace Pipe":7,"Anchor":24,"CaptainsWheel":28,"REME:ComplimentaryCards":0,"Ornamental Fan":9,"Orrery":32,"Coffee Dripper":20,"Bag of Marbles":24,"Membership Card":0,"Bottled Lightning":5,"FossilizedHelix":5,"Toy Ornithopter":11},{"Ice Cream":0,"Calipers":97,"Gremlin Horn":69,"Vajra":49,"Whetstone":26,"Boot":10,"Sozu":39,"Blood Vial":75,"Lizard Tail":77,"Centennial Puzzle":78,"Sundial":5,"DollysMirror":179,"Strawberry":92,"Prayer Wheel":7,"MealTicket":30,"Fusion Hammer":158,"HandDrill":97,"Kunai":21,"Toxic Egg 2":105,"Girya":176,"Pear":30,"Happy Flower":81,"Blue Candle":26,"Oddly Smooth Stone":60,"Eternal Feather":75,"Pen Nib":21,"Letter Opener":30,"War Paint":56,"Question Card":77,"Du-Vu Doll":45,"SlaversCollar":119,"Bottled Flame":53,"Shuriken":90,"Bird Faced Urn":75,"Bronze Scales":92,"MutagenicStrength":151,"Molten Egg 2":51,"Black Star":0,"StrikeDummy":45,"Unceasing Top":97,"Meat on the Bone":60,"Darkstone Periapt":75,"Lantern":68,"Torii":75,"Singing Bowl":97,"StoneCalendar":188,"Bag of Preparation":51,"Juzu Bracelet":143,"Smiling Mask":47,"Burning Blood":0,"ClockworkSouvenir":105,"Nunchaku":81,"Matryoshka":62,"Mummified Hand":71,"Pantograph":30,"Gambling Chip":97,"Tiny Chest":2,"Chemical X":97,"Red Skull":47,"InkBottle":75,"Paper Frog":30,"Golden Idol":0,"The Courier":0,"Omamori":69,"Orichalcum":90,"Frozen Egg 2":134,"MawBank":78,"White Beast Statue":33,"Mercury Hourglass":30,"Peace Pipe":26,"Anchor":75,"CaptainsWheel":82,"REME:ComplimentaryCards":0,"Ornamental Fan":33,"Orrery":97,"Coffee Dripper":67,"Bag of Marbles":75,"Membership Card":0,"Bottled Lightning":16,"FossilizedHelix":16,"Toy Ornithopter":41}],"Unceasing Top":[27],"Toy Ornithopter":17,"Meat on the Bone":84},"card_choices":[{"not_picked":["Bludgeon","Flex","Infernal Blade"],"picked":"Singing Bowl","floor":0.0},{"not_picked":["Searing Blow","Sword Boomerang"],"picked":"Body Slam","floor":0.0},{"not_picked":["Cleave","Clash","Anger"],"picked":"Singing Bowl","floor":0.0},{"not_picked":["Fiend Fire","Rampage"],"picked":"Body Slam","floor":0.0},{"not_picked":["Sword Boomerang","Twin Strike"],"picked":"Pommel Strike","floor":0.0},{"not_picked":["Twin Strike","Reckless Charge"],"picked":"Armaments","floor":1.0},{"not_picked":["Wild Strike","Iron Wave"],"picked":"Demon Form","floor":3.0},{"not_picked":["Pommel Strike","Warcry","Twin Strike"],"picked":"Singing Bowl","floor":6.0},{"not_picked":["Burning Pact","Dual Wield"],"picked":"Inflame","floor":8.0},{"not_picked":["Iron Wave","Perfected Strike","Searing Blow"],"picked":"Singing Bowl","floor":12.0},{"not_picked":["Dual Wield+1","Clash"],"picked":"Thunderclap","floor":13.0},{"not_picked":["Clothesline","Sword Boomerang","Warcry+1"],"picked":"Singing Bowl","floor":14.0},{"not_picked":["Reaper","Barricade"],"picked":"Feed","floor":16.0},{"not_picked":["Havoc+1","Thunderclap","Fire Breathing"],"picked":"Singing Bowl","floor":18.0},{"not_picked":["Perfected Strike","Cleave","Rampage"],"picked":"Singing Bowl","floor":20.0},{"not_picked":["Rampage","Anger","Wild Strike+1"],"picked":"Singing Bowl","floor":21.0},{"not_picked":["Clothesline","Flame Barrier+1","Wild Strike"],"picked":"Singing Bowl","floor":22.0},{"not_picked":["Uppercut","Infernal Blade+1","Rampage"],"picked":"Singing Bowl","floor":23.0},{"not_picked":["Perfected Strike","Flex+1","Sever Soul"],"picked":"Singing Bowl","floor":24.0},{"not_picked":["Metallicize+1","Twin Strike+1"],"picked":"Spot Weakness+1","floor":25.0},{"not_picked":["Iron Wave","Armaments+1","Sever Soul"],"picked":"Singing Bowl","floor":28.0},{"not_picked":["Shockwave+1","Pummel+1","Rage+1"],"picked":"Singing Bowl","floor":29.0},{"not_picked":["Double Tap+1","Exhume+1"],"picked":"Limit Break+1","floor":33.0},{"not_picked":["Warcry+1","Wild Strike","Sword Boomerang+1"],"picked":"Singing Bowl","floor":35.0},{"not_picked":["Pommel Strike","Twin Strike+1","True Grit+1"],"picked":"Singing Bowl","floor":36.0},{"not_picked":["Dramatic Entrance","Panache+1"],"picked":"Trip+1","floor":37.0},{"not_picked":["Pummel+1","Headbutt"],"picked":"Seeing Red+1","floor":39.0},{"not_picked":["Headbutt","Cleave","Evolve+1"],"picked":"Singing Bowl","floor":40.0},{"not_picked":["Havoc+1","Perfected Strike+1","Rage+1"],"picked":"Singing Bowl","floor":42.0},{"not_picked":["Twin Strike+1","Warcry+1","Cleave"],"picked":"Singing Bowl","floor":45},{"not_picked":["Twin Strike","Evolve+1","Heavy Blade+1"],"picked":"Singing Bowl","floor":46},{"not_picked":["Hemokinesis","Clothesline"],"picked":"Bloodletting+1","floor":48},{"not_picked":["Combust+1","Headbutt+1","Flex+1"],"picked":"Singing Bowl","floor":54}],"player_experience":98583,"relics_obtained":[{"floor":5.0,"key":"The Courier"},{"floor":6.0,"key":"Red Skull"},{"floor":9.0,"key":"Toxic Egg 2"},{"floor":14.0,"key":"Meat on the Bone"},{"floor":23.0,"key":"Frozen Egg 2"},{"floor":25.0,"key":"Bottled Lightning"},{"floor":26.0,"key":"Juzu Bracelet"},{"floor":29.0,"key":"Toy Ornithopter"},{"floor":40.0,"key":"Strawberry"},{"floor":42.0,"key":"Oddly Smooth Stone"},{"floor":45,"key":"Girya"},{"floor":46,"key":"Whetstone"},{"floor":54,"key":"StoneCalendar"}],"event_choices":[{"damage_healed":0.0,"max_hp_gain":0.0,"max_hp_loss":0.0,"gold_gain":0.0,"event_name":"Golden Idol","player_choice":"Take Wound","floor":2.0,"gold_loss":0.0,"damage_taken":0.0,"relics_obtained":["Golden Idol"],"cards_obtained":["Injury"]},{"damage_healed":0.0,"max_hp_gain":0.0,"max_hp_loss":0.0,"gold_gain":0.0,"event_name":"Living Wall","player_choice":"Grow","floor":4.0,"gold_loss":0.0,"damage_taken":0.0,"cards_upgraded":["Armaments"]},{"damage_healed":0.0,"max_hp_gain":0.0,"max_hp_loss":0.0,"gold_gain":175.0,"event_name":"Liars Game","player_choice":"AGREE","floor":7.0,"gold_loss":0.0,"damage_taken":0.0,"cards_obtained":["Doubt"]},{"damage_healed":0.0,"max_hp_gain":0.0,"max_hp_loss":0.0,"gold_gain":0.0,"event_name":"Nest","player_choice":"Joined the Cult","floor":19.0,"gold_loss":0.0,"damage_taken":6.0,"cards_obtained":["RitualDagger"]},{"damage_healed":0.0,"max_hp_gain":0.0,"max_hp_loss":0.0,"gold_gain":0.0,"event_name":"Back to Basics","player_choice":"Simplicity","floor":30.0,"gold_loss":0.0,"damage_taken":0.0,"cards_upgraded":["Strike_R","Strike_R","Strike_R","Defend_R","Defend_R","Defend_R","Defend_R"]},{"damage_healed":0.0,"max_hp_gain":0.0,"max_hp_loss":0.0,"gold_gain":0.0,"event_name":"Drug Dealer","player_choice":"Inject Mutagens","floor":31.0,"gold_loss":0.0,"damage_taken":0.0,"relics_obtained":["MutagenicStrength"]},{"damage_healed":0.0,"max_hp_gain":0.0,"max_hp_loss":0.0,"gold_gain":0.0,"event_name":"Mysterious Sphere","player_choice":"Fight","floor":36.0,"gold_loss":0.0,"damage_taken":0.0},{"damage_healed":0.0,"max_hp_gain":0.0,"max_hp_loss":0.0,"gold_gain":0.0,"event_name":"SensoryStone","player_choice":"Memory 1","floor":37.0,"gold_loss":0.0,"damage_taken":0.0},{"damage_healed":0.0,"max_hp_gain":0.0,"max_hp_loss":0.0,"gold_gain":100.0,"event_name":"Golden Shrine","player_choice":"Pray","floor":38.0,"gold_loss":0.0,"damage_taken":0.0},{"damage_healed":7,"gold_gain":0,"player_choice":"Full Heal","damage_taken":0,"max_hp_gain":0,"max_hp_loss":0,"event_name":"Wheel of Change","floor":44,"gold_loss":0},{"damage_healed":0,"gold_gain":0,"player_choice":"Fight","damage_taken":0,"max_hp_gain":0,"max_hp_loss":0,"event_name":"MindBloom","floor":45,"gold_loss":0}],"is_beta":false,"boss_relics":[{"not_picked":["Pandora\u0027s Box","Astrolabe"],"picked":"SlaversCollar"},{"not_picked":["Runic Dome","Empty Cage"],"picked":"Fusion Hammer"}],"items_purged_floors":[10,27],"is_endless":false,"potions_floor_spawned":[1,6,16,20,21,24,28,29,33,39,40,42,46,54],"ascension_level":5}}