{"host":"farxtl2u8hmkbdo2","time":1611789626,"event":{"mods":["A Magickal Journey","BaseMod","Better Altar","Better Note","Better Sensory Stone","Better Skull","Better Third Choice","Challenge The Spire","Colored Map","Colored Powertips","Current Relic Mod","Energized Spire","Fox Events","Gremlin Mod","Hermit","Hubris","Mimic Mod","Minty Spire (QoL Compilation)","Quick Restart","READ ME - Guardian Mod","READ ME - Snecko Mod","Rare Cards Sparkle","StSLib","The Bladedancer","The Bug Knight","The Cursed","The Disciple","The Elementalist","The Hierophant","The Marked","The Necromancer","The Runesmith","Transform Curses"],"gold_per_floor":[116,133,152,164,214,224,224,241,266,269,269,269,283,306,306,402,352,353,377,380,392,17,53,53,53,130,156,156,205,205,258,258,397,397,487,487,487,17,108,288,288,388,414,414,414,414,414,508,508,484],"floor_reached":51,"language":"SPA","playtime":2707,"items_purged":["hierophant:Strike_Hierophant"],"score":830,"play_id":"3125f741-78e5-4c74-985e-1eae5634fcfb","local_time":"20210127202026","is_ascension_mode":false,"campfire_choices":[{"data":"hierophant:ChurchCoffers","floor":7,"key":"SMITH"},{"floor":15,"key":"REST"},{"data":"hierophant:Determination","floor":24,"key":"SMITH"},{"data":"hierophant:Punish","floor":30,"key":"SMITH"},{"data":"hierophant:Repentance","floor":32,"key":"SMITH"},{"data":"hierophant:Flagellation","floor":41,"key":"SMITH"},{"data":"hierophant:Repentance","floor":45,"key":"SMITH"},{"data":"hierophant:MorningPrayer","floor":49,"key":"SMITH"}],"circlet_count":0,"master_deck":["hierophant:Strike_Hierophant","hierophant:Strike_Hierophant","hierophant:Punish+1","hierophant:Defend_Hierophant","hierophant:Defend_Hierophant","hierophant:Defend_Hierophant","hierophant:ChurchCoffers+1","hierophant:Smite","hierophant:Smite","hierophant:OrnateBuckler","hierophant:Flagellation+1","hierophant:Smite","hierophant:Repentance+1","hierophant:RepressedViolence","hierophant:OrnateJavelin","hierophant:Zeal","hierophant:Determination+1","hierophant:Strike_Hierophant","hierophant:Alms","hierophant:Repentance+1","hierophant:Patience+1","hierophant:Repentance+1","hierophant:OrnateBuckler+1","hierophant:MorningPrayer+1","hierophant:Doubloon","hierophant:BulkyChest","hierophant:DivineIntervention+1","CurseOfTheBell","hierophant:Smite","hierophant:OrnateBuckler+1","hierophant:Invocation+1","hierophant:Endure+1"],"relics":["hierophant:PropheticMaskRelic","Boot","Oddly Smooth Stone","MealTicket","energizedSpire:HugeHouse","ClockworkSouvenir","Juzu Bracelet","HollowMod:PaleOreRelic","hubris:CrystalStatue","Pen Nib","Kunai","Calling Bell","Anchor","Toxic Egg 2","Gambling Chip","hubris:Icosahedron","Pantograph","Bag of Marbles","Girya","Centennial Puzzle","hierophant:DonationBoxRelic"],"acts_visited":["Exordium","TheCity","TheBeyond"],"potions_floor_usage":[8,12,13,16,21,29,29,33,33,50],"damage_taken":[{"damage":1,"enemies":"2 Louse","floor":1,"turns":2},{"damage":1,"enemies":"Jaw Worm","floor":2,"turns":4},{"damage":0,"enemies":"Small Slimes","floor":3,"turns":1},{"damage":0,"enemies":"Blue Slaver","floor":4,"turns":1},{"damage":36,"enemies":"Lagavulin","floor":6,"turns":8},{"damage":24,"enemies":"Gremlin Nob","floor":8,"turns":4},{"damage":0,"enemies":"Large Slime","floor":10,"turns":3},{"damage":5,"enemies":"Exordium Wildlife","floor":12,"turns":2},{"damage":0,"enemies":"Blue Slaver","floor":13,"turns":1},{"damage":1,"enemies":"Looter","floor":14,"turns":2},{"damage":16,"enemies":"Slime Boss","floor":16,"turns":5},{"damage":12,"enemies":"Shell Parasite","floor":18,"turns":4},{"damage":10,"enemies":"Chosen","floor":19,"turns":3},{"damage":8,"enemies":"Snecko","floor":20,"turns":5},{"damage":7,"enemies":"Cultist and Chosen","floor":21,"turns":3},{"damage":12,"enemies":"Gremlin Leader","floor":23,"turns":4},{"damage":0,"enemies":"Shelled Parasite and Fungi","floor":27,"turns":3},{"damage":17,"enemies":"Book of Stabbing","floor":29,"turns":4},{"damage":2,"enemies":"Snake Plant","floor":31,"turns":4},{"damage":68,"enemies":"hubris:MusketHawk","floor":33,"turns":7},{"damage":6,"enemies":"3 Darklings","floor":35,"turns":3},{"damage":0,"enemies":"Orb Walker","floor":39,"turns":2},{"damage":54,"enemies":"Nemesis","floor":40,"turns":5},{"damage":0,"enemies":"Reptomancer","floor":48,"turns":2},{"damage":67,"enemies":"hubris:GrandSnecko","floor":50,"turns":10}],"seed_played":"1632575555059874255","potions_obtained":[{"floor":6,"key":"ColorlessPotion"},{"floor":8,"key":"SteroidPotion"},{"floor":10,"key":"SpeedPotion"},{"floor":12,"key":"LiquidMemories"},{"floor":13,"key":"FearPotion"},{"floor":19,"key":"DuplicationPotion"},{"floor":21,"key":"Ancient Potion"},{"floor":23,"key":"CultistPotion"},{"floor":27,"key":"Dexterity Potion"},{"floor":28,"key":"ColorlessPotion"},{"floor":28,"key":"LiquidBronze"},{"floor":29,"key":"FearPotion"},{"floor":40,"key":"DuplicationPotion"},{"floor":48,"key":"GamblersBrew"}],"is_trial":false,"path_per_floor":["M","M","M","M","?","E","R","E","T","M","?","M","M","M","R","B",null,"M","M","M","M","$","E","R","?","T","M","?","E","R","MIM","R","B",null,"M","?","?","$","M","E","R","?","T","?","R","?","?","E","R","B",null],"character_chosen":"HIEROPHANT","items_purchased":["ClockworkSouvenir","Juzu Bracelet","Pantograph","Bag of Marbles","hierophant:Smite","hierophant:OrnateBuckler+1"],"campfire_rested":1,"item_purchase_floors":[22,22,38,38,38,38],"current_hp_per_floor":[81,80,80,80,80,44,44,20,20,20,13,8,8,7,31,15,77,77,71,77,77,77,77,77,77,77,77,77,77,77,75,75,54,77,77,77,77,77,77,55,55,55,55,55,55,55,55,77,77,76],"gold":484,"neow_bonus":"TEN_PERCENT_HP_BONUS","is_daily":false,"chose_seed":false,"campfire_upgraded":7,"win_rate":0.0,"timestamp":1611789626,"path_taken":["M","M","M","M","?","E","R","E","T","M","?","M","M","M","R","BOSS","M","M","M","M","$","E","R","?","T","M","?","E","R","?","R","BOSS","M","?","?","$","M","E","R","?","T","?","R","?","?","E","R","BOSS"],"items_purchased_type":["Relic","Relic","Relic","Relic","Card","Card"],"build_version":"2020-12-22","purchased_purges":1,"victory":true,"max_hp_per_floor":[82,82,82,82,82,82,82,82,82,82,82,82,82,82,82,82,77,77,77,77,77,77,77,77,77,77,77,77,77,77,77,77,77,77,77,77,77,77,77,77,77,77,77,77,77,77,77,77,77,77],"card_choices":[{"not_picked":["hierophant:Shelter","hierophant:Doubloon"],"picked":"hierophant:Smite","floor":1},{"not_picked":["hierophant:SecretStash","hierophant:RustyCrate"],"picked":"hierophant:Smite","floor":2},{"not_picked":["hierophant:Doubloon","hierophant:FieryStrike"],"picked":"hierophant:PassingBell","floor":3},{"not_picked":["hierophant:OrnateJavelin","hierophant:HammerAndAnvil"],"picked":"hierophant:OrnateBuckler","floor":4},{"not_picked":["hierophant:Mercenaries","hierophant:Empathy"],"picked":"hierophant:Flagellation","floor":6},{"not_picked":["hierophant:FieryStrike","hierophant:RustyCrate"],"picked":"hierophant:Smite","floor":8},{"not_picked":["hierophant:Doubloon","hierophant:FieryStrike"],"picked":"hierophant:Repentance","floor":10},{"not_picked":["hierophant:FieryStrike","hierophant:Alms"],"picked":"hierophant:RepressedViolence","floor":12},{"not_picked":["hierophant:Shelter","hierophant:Martyrdom"],"picked":"hierophant:OrnateJavelin","floor":13},{"not_picked":["hierophant:RepressedViolence","hierophant:SealAway"],"picked":"hierophant:Zeal","floor":14},{"not_picked":["hierophant:Generosity","hierophant:Anathema"],"picked":"hierophant:Determination","floor":16},{"not_picked":["hierophant:Sermon","hierophant:RustyCrate"],"picked":"hierophant:Alms","floor":18},{"not_picked":["hierophant:MintersHammer","hierophant:Martyrdom+1"],"picked":"hierophant:Repentance+1","floor":19},{"not_picked":["hierophant:AuricShield","hierophant:FlamingChariot+1"],"picked":"hierophant:Patience+1","floor":20},{"not_picked":["hierophant:Racketeering","hierophant:FaithHealing"],"picked":"hierophant:Repentance","floor":21},{"not_picked":["hierophant:ThreeLashes+1","hierophant:Generosity"],"picked":"hierophant:OrnateBuckler+1","floor":23},{"not_picked":["hierophant:Encroach+1","hierophant:HammerAndAnvil"],"picked":"hierophant:MorningPrayer","floor":27},{"not_picked":["hierophant:Remorse+1","hierophant:Purify"],"picked":"hierophant:Doubloon","floor":29},{"not_picked":["hierophant:SealAway","hierophant:Chorus"],"picked":"hierophant:BulkyChest","floor":31},{"not_picked":["hierophant:Batter","hierophant:BulkyChest"],"picked":"hierophant:DivineIntervention","floor":33},{"not_picked":["hierophant:FlamingChariot","hierophant:Embezzle+1","hierophant:Mercenaries"],"picked":"SKIP","floor":35},{"not_picked":["hierophant:CoinFling","hierophant:RepressedViolence","hierophant:SolarFlare+1"],"picked":"SKIP","floor":39},{"not_picked":["hierophant:RepressedViolence+1","hierophant:OrnateJavelin"],"picked":"hierophant:Invocation+1","floor":40},{"not_picked":["hierophant:SealAway+1","hierophant:Embezzle+1"],"picked":"hierophant:Endure+1","floor":48}],"player_experience":1908469,"relics_obtained":[{"floor":6,"key":"Boot"},{"floor":8,"key":"Oddly Smooth Stone"},{"floor":9,"key":"MealTicket"},{"floor":23,"key":"HollowMod:PaleOreRelic"},{"floor":26,"key":"hubris:CrystalStatue"},{"floor":29,"key":"Pen Nib"},{"floor":31,"key":"Kunai"},{"floor":34,"key":"Anchor"},{"floor":34,"key":"Toxic Egg 2"},{"floor":34,"key":"Gambling Chip"},{"floor":40,"key":"Girya"},{"floor":43,"key":"Centennial Puzzle"},{"floor":48,"key":"hierophant:DonationBoxRelic"}],"event_choices":[{"cards_removed":["hierophant:Defend_Hierophant"],"damage_healed":0,"gold_gain":0,"player_choice":"Card Removal","damage_taken":7,"max_hp_gain":0,"max_hp_loss":0,"event_name":"Golden Wing","floor":11,"gold_loss":0},{"cards_removed":["hierophant:Strike_Hierophant"],"damage_healed":0,"gold_gain":0,"player_choice":"Purged","damage_taken":0,"max_hp_gain":0,"max_hp_loss":0,"event_name":"Purifier","floor":25,"gold_loss":0},{"damage_healed":0,"gold_gain":0,"player_choice":"Got Potions","damage_taken":0,"max_hp_gain":0,"max_hp_loss":0,"event_name":"Lab","floor":28,"gold_loss":0},{"damage_healed":0,"gold_gain":100,"player_choice":"Pray","damage_taken":0,"max_hp_gain":0,"max_hp_loss":0,"event_name":"Golden Shrine","floor":42,"gold_loss":0},{"cards_removed":["hierophant:OrnateBuckler"],"damage_healed":0,"gold_gain":0,"player_choice":"Removed Skill","damage_taken":0,"max_hp_gain":0,"max_hp_loss":0,"event_name":"Falling","floor":46,"gold_loss":0}],"is_beta":false,"boss_relics":[{"not_picked":["hubris:CrackedHourglass","Ectoplasm"],"picked":"energizedSpire:HugeHouse"},{"not_picked":["energizedSpire:StickyHand","Runesmith:UraniumAnvil"],"picked":"Calling Bell"}],"items_purged_floors":[22],"is_endless":false,"potions_floor_spawned":[6,8,10,12,13,19,21,23,27,29,40,48],"ascension_level":0}}