{"host":"069ovbzinfpenk8v","time":1611736369,"event":{"mods":["2.2 Compatiblity","AchievementEnabler","Act Like it!","BaseMod","Colored Map","Colored Powertips","DeckTracker","Downfall","Highlight Path","Minty Spire (QoL Compilation)","Quick Restart","Random Character Button","Rare Cards Sparkle","Relic Stats","Replay The Spire","StSLib","SuperFastMode","Transform Curses"],"gold_per_floor":[99,99,99,99,99,115,115,115,115,115,15,35,35,20,37,142,142,210,226,226,244,261,272,272,290,290,307,307,307,307,323,340,436,436,436,450,765,779,779,789,789,789,806,817,828,840,860,880,894,894],"floor_reached":51,"language":"ENG","playtime":5091,"items_purged":[],"score":647,"play_id":"3bdaab6f-b65f-44db-9643-fb9d2f5cf091","local_time":"20210127023249","is_ascension_mode":false,"campfire_choices":[{"floor":1.0,"key":"RECALL"},{"data":"Guardian:Incinerate","floor":11.0,"key":"SMITH"},{"data":"Guardian:WalkerClaw","floor":13.0,"key":"SMITH"},{"floor":28.0,"key":"REST"},{"floor":30.0,"key":"REST"},{"data":"Guardian:Suspension","floor":35.0,"key":"SMITH"}],"circlet_count":0,"master_deck":["Guardian:Strike_Guardian","Guardian:Strike_Guardian","Guardian:Strike_Guardian","Guardian:Strike_Guardian","Guardian:Defend_Guardian","Guardian:Defend_Guardian+1","Guardian:Defend_Guardian","Guardian:Defend_Guardian","Guardian:TwinSlam","Guardian:VentSteam","Guardian:Incinerate+1","Replay:GuardianBash","Demon Form","Guardian:ShieldCharger+1","ReplayTheSpireMod:Splinters","Guardian:WalkerClaw+1","Guardian:TemporalShield","Guardian:Suspension+1","Guardian:ExploitGems","Guardian:Preprogram","Guardian:ShieldCharger","Guardian:WalkerClaw","Guardian:TemporalShield+1","RitualDagger","Guardian:ShieldCharger","Guardian:BronzeOrb","Guardian:StasisField","CurseOfTheBell","Guardian:FloatingOrbs+1","Guardian:PolyBeam+1","Guardian:Recover+1","Guardian:TimeBomb+1","Spot Weakness+1","Guardian:BodySlam+1","Guardian:WalkerClaw","Guardian:Incinerate+1","Guardian:DecasProtection+1","Guardian:Gem_Purple"],"relics":["downfall:HeartsMalice","m_GuardianBlood","Guardian:PickAxe","Ring of Searing","Ring of Misfortune","downfall:HeartBlessingRed","Painkiller Herb","downfall:RedIOU","Nunchaku","Onion Ring","Calling Bell","Bronze Scales","Toxic Egg 2","CaptainsWheel"],"acts_visited":["Exordium","TheCity","TheBeyond"],"potions_floor_usage":[43,46,46],"damage_taken":[{"damage":0.0,"enemies":"Cultist","floor":2.0,"turns":1.0},{"damage":0.0,"enemies":"2 Louse","floor":3.0,"turns":1.0},{"damage":0.0,"enemies":"Jaw Worm","floor":5.0,"turns":1.0},{"damage":12.0,"enemies":"3 Louse","floor":6.0,"turns":5.0},{"damage":18.0,"enemies":"3 Louse","floor":8.0,"turns":4.0},{"damage":5.0,"enemies":"2 Fungi Beasts","floor":12.0,"turns":2.0},{"damage":4.0,"enemies":"downfall:FleeingMerchant","floor":14.0,"turns":4.0},{"damage":21.0,"enemies":"Large Slime","floor":15.0,"turns":3.0},{"damage":3.0,"enemies":"IC_STATUS_ARCHETYPE","floor":16.0,"turns":7.0},{"damage":20.0,"enemies":"Spheric Guardian","floor":19.0,"turns":5.0},{"damage":9.0,"enemies":"Chosen and Byrds","floor":21.0,"turns":5.0},{"damage":16.0,"enemies":"Sentry and Sphere","floor":22.0,"turns":7.0},{"damage":22.0,"enemies":"Shelled Parasite and Fungi","floor":23.0,"turns":5.0},{"damage":13.0,"enemies":"Snake Plant","floor":25.0,"turns":4.0},{"damage":11.0,"enemies":"Centurion and Healer","floor":27.0,"turns":6.0},{"damage":27.0,"enemies":"Chosen and Byrds","floor":31.0,"turns":5.0},{"damage":0.0,"enemies":"Shelled Parasite and Fungi","floor":32.0,"turns":2.0},{"damage":15.0,"enemies":"SI_MIRROR_ARCHETYPE","floor":33.0,"turns":7.0},{"damage":6.0,"enemies":"3 Shapes","floor":36.0,"turns":4.0},{"damage":3.0,"enemies":"downfall:FleeingMerchant","floor":37.0,"turns":4.0},{"damage":8.0,"enemies":"Orb Walker","floor":38.0,"turns":3.0},{"damage":16,"enemies":"Maw","floor":40,"turns":6},{"damage":7,"enemies":"3 Darklings","floor":43,"turns":3},{"damage":25,"enemies":"Jaw Worm Horde","floor":44,"turns":3},{"damage":0,"enemies":"Transient","floor":45,"turns":5},{"damage":27,"enemies":"Writhing Mass","floor":46,"turns":3},{"damage":9,"enemies":"Jaw Worm Horde","floor":47,"turns":3},{"damage":0,"enemies":"Maw","floor":48,"turns":4},{"damage":18,"enemies":"Transient","floor":49,"turns":5},{"damage":13,"enemies":"DF_ARCHETYPE_ORBS","floor":50,"turns":4}],"seed_played":"-3735871337712875281","potions_obtained":[{"floor":6.0,"key":"GamblersBrew"},{"floor":15.0,"key":"hexamod:SoulburnPotion"},{"floor":21.0,"key":"AttackPotion"},{"floor":22.0,"key":"Ancient Potion"},{"floor":23.0,"key":"Guardian:AcceleratePotion"},{"floor":27.0,"key":"Fire Potion"},{"floor":38.0,"key":"BlessingOfTheForge"},{"floor":43,"key":"Toxic Potion"},{"floor":46,"key":"bronze:BurnAndBuffPotion"},{"floor":48,"key":"hexamod:SoulburnPotion"}],"is_trial":false,"path_per_floor":["R","M","M","?","M","M","T","?","?","?","R","M","R","$","M","B",null,"T","?","?","?","?","?","T","?","?","?","T","?","T","?","?","B",null,"T","?","T","?","?","?","T","?","?","?","?","?","?","?","?","B",null],"character_chosen":"GUARDIAN","items_purchased":[],"campfire_rested":2,"item_purchase_floors":[],"current_hp_per_floor":[80,80,80,80,80,74,74,62,62,62,62,63,63,65,50,53,80,80,66,66,63,53,37,37,30,24,19,43,43,67,46,52,43,80,80,80,80,78,78,68,68,68,67,48,54,33,30,36,24,17],"gold":894,"neow_bonus":"THREE_ENEMY_KILL","is_daily":false,"chose_seed":false,"campfire_upgraded":3,"win_rate":0.0,"timestamp":1611736369,"path_taken":["R","M","M","?","M","M","T","?","?","?","R","M","R","$","M","BOSS","T","?","?","?","?","?","T","?","?","?","T","?","T","?","?","BOSS","T","?","T","?","?","?","T","?","?","?","?","?","?","?","?","BOSS"],"items_purchased_type":[],"build_version":"2020-12-22","purchased_purges":0,"victory":true,"max_hp_per_floor":[80,80,80,80,80,80,80,80,80,80,80,80,80,80,80,80,80,80,80,80,80,80,80,80,80,80,80,80,80,80,80,80,80,80,80,80,80,80,80,80,80,80,80,80,80,80,80,80,80,80],"relic_stats":{"Nunchaku":[15],"counters":[30,118],"Bronze Scales":[111],"obtain_stats":[{"downfall:HeartBlessingRed":11,"Guardian:ModeShifter":0,"downfall:HeartsMalice":0,"Painkiller Herb":17,"War Paint":7,"m_GuardianBlood":4,"Ring of Searing":10,"Guardian:PickAxe":8,"Calling Bell":34,"Nunchaku":24,"CaptainsWheel":34,"Ring of Misfortune":10,"Bronze Scales":34,"Onion Ring":29,"downfall:RedIOU":20,"Toxic Egg 2":34},{"downfall:HeartBlessingRed":5,"Guardian:ModeShifter":0,"downfall:HeartsMalice":0,"Painkiller Herb":9,"War Paint":4,"m_GuardianBlood":2,"Ring of Searing":5,"Guardian:PickAxe":5,"Calling Bell":18,"Nunchaku":13,"CaptainsWheel":18,"Ring of Misfortune":5,"Bronze Scales":18,"Onion Ring":15,"downfall:RedIOU":10,"Toxic Egg 2":18},{"downfall:HeartBlessingRed":9,"Guardian:ModeShifter":0,"downfall:HeartsMalice":0,"Painkiller Herb":25,"War Paint":5,"m_GuardianBlood":0,"Ring of Searing":9,"Guardian:PickAxe":9,"Calling Bell":71,"Nunchaku":47,"CaptainsWheel":71,"Ring of Misfortune":9,"Bronze Scales":71,"Onion Ring":57,"downfall:RedIOU":30,"Toxic Egg 2":71}]},"card_choices":[{"not_picked":["Guardian:Gem_Green","Guardian:Gem_Cyan"],"picked":"Guardian:VentSteam","floor":2.0},{"not_picked":["Guardian:Emergency","Guardian:Gem_Cyan"],"picked":"Guardian:Incinerate","floor":3.0},{"not_picked":["ReplayTheSpireMod:Muscle Training","Guardian:Gem_Red"],"picked":"Demon Form","floor":5.0},{"not_picked":["Guardian:SpikerProtocol","Guardian:ArmoredProtocol"],"picked":"Guardian:ShieldCharger","floor":6.0},{"not_picked":["Flex","Guardian:GuardianWhirl"],"picked":"Guardian:WalkerClaw","floor":12.0},{"not_picked":["Guardian:PiercingHide","Thunderclap"],"picked":"Guardian:TemporalShield","floor":14.0},{"not_picked":["Flex","Guardian:WalkerClaw"],"picked":"Guardian:Suspension","floor":15.0},{"not_picked":["Double Tap","Guardian:WeakpointTargeting"],"picked":"Guardian:ExploitGems","floor":16.0},{"not_picked":["Guardian:ShieldCharger","Guardian:RollAttack"],"picked":"Guardian:Preprogram","floor":19.0},{"not_picked":["Guardian:Gem_Red","Guardian:EvasiveProtocol"],"picked":"Guardian:Gem_Crimson","floor":21.0},{"not_picked":["Guardian:GuardianWhirl","Guardian:Gem_Lightblue"],"picked":"Guardian:ShieldCharger","floor":22.0},{"not_picked":["Guardian:ShieldSpikes","Guardian:Suspension"],"picked":"Guardian:WalkerClaw","floor":23.0},{"not_picked":["Guardian:VentSteam","Guardian:Gem_Fragmented"],"picked":"Guardian:TemporalShield+1","floor":25.0},{"not_picked":["Guardian:Harden","Guardian:WalkerClaw"],"picked":"Guardian:ShieldCharger","floor":27.0},{"not_picked":["Guardian:PrimingBeam","Guardian:ArmoredProtocol"],"picked":"Guardian:BronzeOrb","floor":31.0},{"not_picked":["Guardian:ShieldCharger","Guardian:CrystalBeam+1"],"picked":"Guardian:Gem_White","floor":32.0},{"not_picked":["Guardian:StasisStrike","Guardian:SphericShield"],"picked":"Guardian:StasisField","floor":33.0},{"not_picked":["Guardian:SpikerProtocol+1","Guardian:Reroute+1"],"picked":"Guardian:FloatingOrbs+1","floor":36.0},{"not_picked":["Guardian:BaubleBeam","Guardian:RefractedBeam"],"picked":"Guardian:PolyBeam+1","floor":37.0},{"not_picked":["Guardian:Reroute+1","Guardian:ChargeCore+1"],"picked":"Guardian:Recover+1","floor":38.0},{"not_picked":["Massacre","Guardian:ShieldSpikes+1"],"picked":"Guardian:TimeBomb+1","floor":40},{"not_picked":["Guardian:Reroute","Guardian:Gem_Red"],"picked":"Spot Weakness+1","floor":43},{"not_picked":["Guardian:Gem_Lightblue","Body Slam+1"],"picked":"Guardian:BodySlam+1","floor":44},{"not_picked":["Guardian:Suspension+1","Guardian:Gem_Cyan"],"picked":"Guardian:WalkerClaw","floor":45},{"not_picked":["Thunderclap","Guardian:Reroute+1"],"picked":"Guardian:Incinerate+1","floor":46},{"not_picked":["Guardian:WeakpointTargeting+1","Guardian:PrismaticBarrier+1"],"picked":"Guardian:DecasProtection+1","floor":47},{"not_picked":["Guardian:EvasiveProtocol+1","Guardian:PolyBeam","Guardian:ArmoredProtocol"],"picked":"SKIP","floor":48},{"not_picked":["Guardian:Gem_Green","Guardian:Gem_Lightblue"],"picked":"Guardian:Gem_Purple","floor":49}],"player_experience":564222,"relics_obtained":[{"floor":7.0,"key":"War Paint"},{"floor":10.0,"key":"Ring of Searing"},{"floor":10.0,"key":"Ring of Misfortune"},{"floor":24.0,"key":"Nunchaku"},{"floor":34.0,"key":"Bronze Scales"},{"floor":34.0,"key":"Toxic Egg 2"},{"floor":34.0,"key":"CaptainsWheel"}],"event_choices":[{"damage_healed":0.0,"max_hp_gain":0.0,"max_hp_loss":0.0,"gold_gain":0.0,"event_name":"Addict","player_choice":"Stole Relic","floor":29.0,"gold_loss":0.0,"damage_taken":0.0,"relics_obtained":["Onion Ring"],"cards_obtained":["Pride"]},{"damage_healed":0,"gold_gain":0,"player_choice":"Ignored","damage_taken":0,"max_hp_gain":0,"max_hp_loss":0,"event_name":"Mysterious Sphere","floor":42,"gold_loss":0}],"is_beta":false,"boss_relics":[{"not_picked":["Busted Crown","Replay:Wanted Poster"],"picked":"Painkiller Herb"},{"not_picked":["Velvet Choker","Pandora\u0027s Box"],"picked":"Calling Bell"}],"items_purged_floors":[],"is_endless":false,"potions_floor_spawned":[6,8,15,21,22,23,27,36,38,43,46,48,49],"ascension_level":0}}