{"host":"1ekl8hlbnopmdapi","time":1611774492,"event":{"mods":["AchievementEnabler","BaseMod","Colored Map","Colored Powertips","DeckTracker","Googly Eyes","Highlight Path","Minty Spire (QoL Compilation)","Relic Sorter","StSLib","Synergy Search"],"gold_per_floor":[112,127,127,90,106,106,117,135,135,135,135,165,22,48,48,48,48],"floor_reached":16,"language":"ENG","playtime":1419,"items_purged":[],"score":138,"play_id":"f6c81661-d08e-4a7c-a93d-06b3f8a154ae","local_time":"20210127140812","is_ascension_mode":true,"campfire_choices":[{"floor":6,"key":"RECALL"},{"floor":11,"key":"REST"},{"floor":15,"key":"REST"}],"circlet_count":0,"master_deck":["Strike_G","Strike_G","Strike_G","Strike_G","Strike_G","Defend_G","Defend_G","Defend_G","Defend_G","Defend_G","Survivor","Neutralize","CurseOfTheBell","Dagger Spray","Finisher","Caltrops","Quick Slash","Dagger Throw","Quick Slash","Quick Slash"],"relics":["Calling Bell","Anchor","Mummified Hand","Turnip","Torii","Singing Bowl","MealTicket","Art of War"],"acts_visited":["Exordium"],"potions_floor_usage":[7,14,14],"damage_taken":[{"damage":0,"enemies":"Jaw Worm","floor":1,"turns":4},{"damage":0,"enemies":"Cultist","floor":2,"turns":5},{"damage":0,"enemies":"Small Slimes","floor":5,"turns":3},{"damage":1,"enemies":"Red Slaver","floor":7,"turns":2},{"damage":9,"enemies":"3 Louse","floor":8,"turns":3},{"damage":12,"enemies":"3 Sentries","floor":12,"turns":6},{"damage":24,"enemies":"Gremlin Nob","floor":14,"turns":4},{"damage":68,"enemies":"The Guardian","floor":16,"turns":14}],"seed_played":"-8140064142159375511","potions_obtained":[{"floor":2,"key":"ColorlessPotion"},{"floor":5,"key":"SkillPotion"},{"floor":8,"key":"PowerPotion"},{"floor":12,"key":"Poison Potion"},{"floor":14,"key":"LiquidBronze"}],"is_trial":false,"path_per_floor":["M","M","?","$","M","R","M","M","T","?","R","E","$","E","R","B"],"character_chosen":"THE_SILENT","items_purchased":["Caltrops","MealTicket"],"campfire_rested":2,"item_purchase_floors":[4,13],"current_hp_per_floor":[70,70,58,58,58,58,57,48,48,53,75,65,65,41,64,0,0],"gold":48,"neow_bonus":"BOSS_RELIC","is_daily":false,"chose_seed":false,"campfire_upgraded":0,"win_rate":0.0,"timestamp":1611774492,"path_taken":["M","M","?","?","M","R","?","M","T","?","R","E","$","E","R","BOSS"],"items_purchased_type":["Card","Relic"],"build_version":"2020-12-22","purchased_purges":0,"victory":false,"max_hp_per_floor":[70,70,70,70,70,70,70,70,70,75,75,77,77,77,77,77,77],"card_choices":[{"not_picked":["Bouncing Flask","Underhanded Strike"],"picked":"Dagger Spray","floor":1},{"not_picked":["Deflect","Backflip"],"picked":"Finisher","floor":2},{"not_picked":["Skewer","Dagger Spray"],"picked":"Quick Slash","floor":5},{"not_picked":["Setup","Bane"],"picked":"Dagger Throw","floor":7},{"not_picked":["Flechettes","Endless Agony"],"picked":"Quick Slash","floor":8},{"not_picked":["Slice","PiercingWail","Acrobatics"],"picked":"Singing Bowl","floor":12},{"not_picked":["Bouncing Flask","Malaise"],"picked":"Quick Slash","floor":14}],"player_experience":502378,"relics_obtained":[{"floor":0,"key":"Anchor"},{"floor":0,"key":"Mummified Hand"},{"floor":0,"key":"Turnip"},{"floor":12,"key":"Singing Bowl"},{"floor":14,"key":"Art of War"}],"event_choices":[{"damage_healed":0,"gold_gain":0,"player_choice":"Success","damage_taken":12,"relics_obtained":["Torii"],"max_hp_gain":0,"max_hp_loss":0,"event_name":"Scrap Ooze","floor":3,"gold_loss":0},{"damage_healed":0,"gold_gain":0,"player_choice":"Donut","damage_taken":0,"max_hp_gain":5,"max_hp_loss":0,"event_name":"Big Fish","floor":10,"gold_loss":0}],"is_beta":false,"boss_relics":[],"items_purged_floors":[],"is_endless":false,"potions_floor_spawned":[2,5,8,12,14],"killed_by":"The Guardian","ascension_level":5}}