{"host":"e1pm3b7xpcm97e5w","time":1611775767,"event":{"mods":["BaseMod","Better Skull","Googly Eyes","Minty Spire (QoL Compilation)","Relic Stats","Shop Mod","Spicy Shops","StSLib"],"gold_per_floor":[116,126,71,82,82,82,109,109,109,121,158,213,239,251,263,368,380,405,431,443,479,506,518,518],"floor_reached":23,"language":"ENG","playtime":707,"items_purged":[],"score":386,"play_id":"047fff59-47f0-49d3-a3b2-56d43b91501e","local_time":"20210127142927","is_ascension_mode":true,"campfire_choices":[{"data":"Noxious Fumes","floor":6,"key":"SMITH"},{"data":"Crippling Poison","floor":8,"key":"SMITH"},{"floor":15,"key":"REST"}],"circlet_count":0,"master_deck":["AscendersBane","Strike_G","Strike_G","Strike_G","Strike_G","Strike_G","Defend_G","Defend_G","Defend_G","Defend_G","Defend_G","Survivor","Neutralize","Skewer","Dodge and Roll","Noxious Fumes+1","Crippling Poison+1","Caltrops+1","Bouncing Flask","PiercingWail","Venomology","PiercingWail","Footwork","Decay","Catalyst"],"relics":["Ring of the Snake","NeowsBlessing","Pear","MawBank","Golden Idol","Ancient Tea Set","Velvet Choker"],"acts_visited":["Exordium","TheCity"],"potions_floor_usage":[16,16,21,22,22,22,22,23],"damage_taken":[{"damage":0.0,"enemies":"Cultist","floor":1.0,"turns":1.0},{"damage":0.0,"enemies":"Jaw Worm","floor":2.0,"turns":1.0},{"damage":0,"enemies":"2 Louse","floor":4,"turns":1},{"damage":22,"enemies":"3 Sentries","floor":7,"turns":7},{"damage":3,"enemies":"Exordium Thugs","floor":11,"turns":4},{"damage":29,"enemies":"Gremlin Nob","floor":12,"turns":4},{"damage":0,"enemies":"Blue Slaver","floor":13,"turns":4},{"damage":16,"enemies":"The Guardian","floor":16,"turns":9},{"damage":24,"enemies":"2 Thieves","floor":18,"turns":4},{"damage":0,"enemies":"3 Byrds","floor":19,"turns":3},{"damage":24,"enemies":"Snake Plant","floor":21,"turns":5},{"damage":9,"enemies":"Centurion and Healer","floor":22,"turns":5},{"damage":5,"enemies":"Book of Stabbing","floor":23,"turns":3}],"seed_played":"-8437882899581254923","potions_obtained":[{"floor":1.0,"key":"EssenceOfSteel"},{"floor":4,"key":"Swift Potion"},{"floor":13,"key":"Regen Potion"}],"is_trial":false,"path_per_floor":["M","M","$","M","?","R","E","R","T","?","M","E","M","?","R","B",null,"M","M","?","M","M","E"],"character_chosen":"THE_SILENT","items_purchased":["Noxious Fumes"],"campfire_rested":1,"item_purchase_floors":[3],"current_hp_per_floor":[59,59,59,59,66,66,54,54,54,54,51,22,22,22,42,41,62,38,38,38,14,5,0,0],"gold":518,"neow_bonus":"THREE_ENEMY_KILL","is_daily":false,"chose_seed":false,"campfire_upgraded":2,"win_rate":0.0,"timestamp":1611775767,"path_taken":["M","?","$","M","?","R","E","R","T","?","?","E","M","?","R","BOSS","M","M","?","?","M","E"],"items_purchased_type":["Card"],"build_version":"2020-12-22","purchased_purges":0,"victory":false,"max_hp_per_floor":[66,66,66,66,66,66,76,76,76,69,69,69,69,69,69,69,69,69,69,69,69,69,69,69],"relic_stats":{"counters":[13,51],"Golden Idol":50,"MawBank":168,"obtain_stats":[{"Pear":7,"NeowsBlessing":0,"Golden Idol":10,"Velvet Choker":17,"MawBank":9,"Ancient Tea Set":12,"Ring of the Snake":0},{"Pear":4,"NeowsBlessing":0,"Golden Idol":4,"Velvet Choker":8,"MawBank":4,"Ancient Tea Set":6,"Ring of the Snake":0},{"Pear":10,"NeowsBlessing":0,"Golden Idol":10,"Velvet Choker":31,"MawBank":10,"Ancient Tea Set":18,"Ring of the Snake":0}],"Ring of the Snake":[26]},"card_choices":[{"not_picked":["Prepared","Tactician"],"picked":"Skewer","floor":1.0},{"not_picked":["Backstab","Sucker Punch"],"picked":"Dodge and Roll","floor":2.0},{"not_picked":["Outmaneuver","Blur"],"picked":"Crippling Poison","floor":4},{"not_picked":["Prepared","Dash"],"picked":"Caltrops","floor":7},{"not_picked":["Infinite Blades","Dagger Throw"],"picked":"Bouncing Flask","floor":11},{"not_picked":["Bouncing Flask","Reflex"],"picked":"PiercingWail","floor":12},{"not_picked":["Underhanded Strike","Dash","Outmaneuver"],"picked":"SKIP","floor":13},{"not_picked":["Phantasmal Killer","Storm of Steel"],"picked":"Venomology","floor":16},{"not_picked":["Dagger Spray","All Out Attack"],"picked":"PiercingWail","floor":18},{"not_picked":["Predator","Bouncing Flask"],"picked":"Footwork","floor":19},{"not_picked":["Dagger Spray","Reflex+1"],"picked":"Catalyst","floor":21},{"not_picked":["Heel Hook","Outmaneuver","Blade Dance"],"picked":"SKIP","floor":22}],"player_experience":598308,"relics_obtained":[{"floor":7,"key":"Pear"},{"floor":9,"key":"MawBank"},{"floor":12,"key":"Ancient Tea Set"}],"event_choices":[{"damage_healed":22,"gold_gain":0,"player_choice":"Banana","damage_taken":0,"max_hp_gain":0,"max_hp_loss":0,"event_name":"Big Fish","floor":5,"gold_loss":0},{"damage_healed":0,"gold_gain":0,"player_choice":"Lose Max HP","damage_taken":0,"relics_obtained":["Golden Idol"],"max_hp_gain":0,"max_hp_loss":7,"event_name":"Golden Idol","floor":10,"gold_loss":0},{"damage_healed":0,"gold_gain":0,"player_choice":"Upgraded","damage_taken":0,"max_hp_gain":0,"max_hp_loss":0,"event_name":"Upgrade Shrine","floor":14,"gold_loss":0,"cards_upgraded":["Caltrops"]},{"damage_healed":0,"gold_gain":0,"player_choice":"Cursed","damage_taken":0,"max_hp_gain":0,"max_hp_loss":0,"event_name":"Wheel of Change","floor":20,"gold_loss":0,"cards_obtained":["Decay"]}],"is_beta":false,"boss_relics":[{"not_picked":["WristBlade","Empty Cage"],"picked":"Velvet Choker"}],"items_purged_floors":[],"is_endless":false,"potions_floor_spawned":[1,4,13,19,21],"killed_by":"Book of Stabbing","ascension_level":18}}