{"host":"uld0x1f6or5rl385","time":1611768760,"event":{"mods":["BaseMod","Minty Spire (QoL Compilation)","Quick Restart","StSLib","Unceasing Turn Reminder"],"gold_per_floor":[217,217,231,1,1,32,51,51,51,67,88,88,104,29,29,29,29],"floor_reached":16,"language":"ZHS","playtime":490,"items_purged":[],"score":125,"play_id":"2333f0a1-72d1-42b0-b625-e4c9a02daa61","local_time":"20210128013240","is_ascension_mode":false,"campfire_choices":[{"floor":15,"key":"REST"}],"circlet_count":0,"master_deck":["Strike_G","Strike_G","Strike_G","Strike_G","Strike_G","Defend_G","Defend_G","Defend_G","Defend_G","Survivor","Neutralize","Quick Slash","Bouncing Flask+1","Backstab","Cloak And Dagger","Bane","Noxious Fumes"],"relics":["Ring of the Snake","Turnip","Lantern","Potion Belt","Pear","Odd Mushroom"],"acts_visited":["Exordium"],"potions_floor_usage":[3,16],"damage_taken":[{"damage":0,"enemies":"Small Slimes","floor":1,"turns":6},{"damage":0,"enemies":"Jaw Worm","floor":3,"turns":4},{"damage":39,"enemies":"3 Sentries","floor":6,"turns":13},{"damage":0,"enemies":"2 Louse","floor":7,"turns":2},{"damage":3,"enemies":"Red Slaver","floor":10,"turns":2},{"damage":8,"enemies":"The Mushroom Lair","floor":11,"turns":5},{"damage":0,"enemies":"2 Fungi Beasts","floor":13,"turns":2},{"damage":43,"enemies":"Slime Boss","floor":16,"turns":8}],"seed_played":"7700213482974199525","potions_obtained":[{"floor":3,"key":"Fruit Juice"},{"floor":6,"key":"Swift Potion"}],"is_trial":false,"path_per_floor":["M","?","M","$","?","E","M","?","T","M","?","?","M","$","R","B"],"character_chosen":"THE_SILENT","items_purchased":["Lantern","Backstab","Noxious Fumes"],"campfire_rested":1,"item_purchase_floors":[4,4,14],"current_hp_per_floor":[70,52,57,57,62,23,23,23,33,30,22,22,22,22,49,6,6],"gold":29,"neow_bonus":"HUNDRED_GOLD","is_daily":false,"chose_seed":false,"campfire_upgraded":0,"win_rate":0.0,"timestamp":1611768760,"path_taken":["M","?","M","$","?","E","M","?","T","?","?","?","?","$","R","BOSS"],"items_purchased_type":["Relic","Card","Card"],"build_version":"2020-12-22","purchased_purges":0,"victory":false,"max_hp_per_floor":[70,70,75,75,80,80,80,80,90,90,90,90,90,90,90,90,90],"card_choices":[{"not_picked":["Dagger Throw","Sucker Punch"],"picked":"Quick Slash","floor":1},{"not_picked":["Reflex","Bouncing Flask","Bane"],"picked":"SKIP","floor":3},{"not_picked":["Reflex","Bane"],"picked":"Bouncing Flask","floor":3},{"not_picked":["Masterful Stab","Calculated Gamble","Riddle With Holes"],"picked":"SKIP","floor":6},{"not_picked":["All Out Attack","Prepared"],"picked":"Cloak And Dagger","floor":7},{"not_picked":["Prepared","Poisoned Stab","Sucker Punch"],"picked":"SKIP","floor":10},{"not_picked":["Sucker Punch","Dagger Throw","Poisoned Stab"],"picked":"SKIP","floor":13}],"player_experience":345823,"relics_obtained":[{"floor":6,"key":"Potion Belt"},{"floor":9,"key":"Pear"},{"floor":11,"key":"Odd Mushroom"}],"event_choices":[{"damage_healed":0,"gold_gain":0,"player_choice":"Success","damage_taken":18,"relics_obtained":["Turnip"],"max_hp_gain":0,"max_hp_loss":0,"event_name":"Scrap Ooze","floor":2,"gold_loss":0},{"damage_healed":0,"gold_gain":0,"player_choice":"Donut","damage_taken":0,"max_hp_gain":5,"max_hp_loss":0,"event_name":"Big Fish","floor":5,"gold_loss":0},{"damage_healed":0,"gold_gain":0,"player_choice":"Upgraded","damage_taken":0,"max_hp_gain":0,"max_hp_loss":0,"event_name":"Upgrade Shrine","floor":8,"gold_loss":0,"cards_upgraded":["Bouncing Flask"]},{"damage_healed":0,"gold_gain":0,"player_choice":"Fought Mushrooms","damage_taken":0,"max_hp_gain":0,"max_hp_loss":0,"event_name":"Mushrooms","floor":11,"gold_loss":0},{"damage_healed":0,"gold_gain":0,"cards_transformed":["Defend_G"],"player_choice":"Transformed","damage_taken":0,"max_hp_gain":0,"max_hp_loss":0,"event_name":"Transmorgrifier","floor":12,"gold_loss":0,"cards_obtained":["Bane"]}],"is_beta":false,"boss_relics":[],"items_purged_floors":[],"is_endless":false,"potions_floor_spawned":[3,6],"killed_by":"Slime Boss","ascension_level":0}}