{"host":"89iuq2p5kwriuwfq","time":1611759447,"event":{"mods":["BaseMod","Curses Come First","Minty Spire (QoL Compilation)","Permanent Neow","StSLib"],"gold_per_floor":[111,111,125,135,153,180,180,214,214,249,41,41,41,56,56,156,156,172,182,198,198,215,248,248,274,326,339,339,339,353,384,384,384,384],"floor_reached":33,"language":"ENG","playtime":2309,"items_purged":[],"score":499,"play_id":"05cc8143-ff50-4cdf-aeae-3ca25ffc15d3","local_time":"20210127145727","is_ascension_mode":true,"campfire_choices":[{"data":"Envenom","floor":7.0,"key":"SMITH"},{"data":"Noxious Fumes","floor":13.0,"key":"SMITH"},{"data":"Poisoned Stab","floor":15.0,"key":"SMITH"},{"floor":24.0,"key":"REST"},{"floor":28.0,"key":"REST"},{"data":"Malaise","floor":32.0,"key":"SMITH"}],"circlet_count":0,"master_deck":["Strike_G","Strike_G","Strike_G","Defend_G","Defend_G","Defend_G+1","Defend_G","Survivor+1","Neutralize","Deadly Poison","Envenom+1","Dagger Spray","Dagger Spray","Flying Knee","Leg Sweep","Noxious Fumes+1","Poisoned Stab+1","Poisoned Stab","Dodge and Roll+1","Crippling Poison","Malaise+1","PiercingWail","Poisoned Stab"],"relics":["Ring of the Snake","Lizard Tail","Smiling Mask","The Courier","Singing Bowl","Gambling Chip","Oddly Smooth Stone","Empty Cage","Enchiridion","Akabeko","Incense Burner","MealTicket","War Paint"],"acts_visited":["Exordium","TheCity"],"potions_floor_usage":[],"damage_taken":[{"damage":0.0,"enemies":"Jaw Worm","floor":1.0,"turns":5.0},{"damage":0.0,"enemies":"Small Slimes","floor":3.0,"turns":5.0},{"damage":4.0,"enemies":"Cultist","floor":4.0,"turns":4.0},{"damage":2.0,"enemies":"Blue Slaver","floor":5.0,"turns":5.0},{"damage":12.0,"enemies":"3 Sentries","floor":6.0,"turns":7.0},{"damage":47.0,"enemies":"Gremlin Nob","floor":8.0,"turns":5.0},{"damage":12.0,"enemies":"Lagavulin","floor":10.0,"turns":8.0},{"damage":15.0,"enemies":"Gremlin Gang","floor":14.0,"turns":3.0},{"damage":4.0,"enemies":"The Guardian","floor":16.0,"turns":8.0},{"damage":0.0,"enemies":"3 Byrds","floor":18.0,"turns":5.0},{"damage":3.0,"enemies":"Shell Parasite","floor":19.0,"turns":5.0},{"damage":21.0,"enemies":"3 Cultists","floor":20.0,"turns":4.0},{"damage":7.0,"enemies":"Shelled Parasite and Fungi","floor":22.0,"turns":7.0},{"damage":23.0,"enemies":"Gremlin Leader","floor":23.0,"turns":7.0},{"damage":26.0,"enemies":"Slavers","floor":25.0,"turns":3.0},{"damage":0.0,"enemies":"Snake Plant","floor":27.0,"turns":8.0},{"damage":5.0,"enemies":"3 Cultists","floor":30.0,"turns":3.0},{"damage":4.0,"enemies":"Book of Stabbing","floor":31.0,"turns":9.0},{"damage":24,"enemies":"Collector","floor":33,"turns":5}],"seed_played":"-4723424230659063372","potions_obtained":[{"floor":3.0,"key":"Swift Potion"},{"floor":6.0,"key":"Fruit Juice"},{"floor":20.0,"key":"Block Potion"},{"floor":23.0,"key":"ColorlessPotion"},{"floor":25.0,"key":"SkillPotion"},{"floor":27.0,"key":"SteroidPotion"}],"is_trial":false,"path_per_floor":["M","?","M","M","M","E","R","E","T","E","$","?","R","M","R","B",null,"M","M","M","?","M","E","R","E","T","M","R","?","M","E","R","B"],"character_chosen":"THE_SILENT","items_purchased":["Oddly Smooth Stone","Noxious Fumes","Poisoned Stab"],"campfire_rested":2,"item_purchase_floors":[11,11,11],"current_hp_per_floor":[45,45,45,41,39,27,32,37,37,27,27,32,32,17,17,15,67,67,64,45,29,24,3,30,4,4,6,33,27,22,18,18,0,0],"gold":384,"neow_bonus":"ONE_RARE_RELIC","is_daily":false,"chose_seed":false,"campfire_upgraded":4,"win_rate":0.0,"timestamp":1611759447,"path_taken":["M","?","M","M","M","E","R","E","T","E","$","?","R","M","R","BOSS","M","M","M","?","M","E","R","E","T","M","R","?","?","E","R","BOSS"],"items_purchased_type":["Relic","Card","Card"],"build_version":"2020-12-22","purchased_purges":0,"victory":false,"max_hp_per_floor":[70,70,70,70,70,70,75,75,75,77,77,82,82,82,82,84,84,84,84,86,86,88,90,90,90,90,92,92,92,92,92,92,92,92],"card_choices":[{"not_picked":["Distraction","Backflip"],"picked":"Deadly Poison","floor":1.0},{"not_picked":["Outmaneuver","Setup"],"picked":"Dagger Spray","floor":3.0},{"not_picked":["Acrobatics","Heel Hook","Dagger Throw"],"picked":"SKIP","floor":4.0},{"not_picked":["Underhanded Strike","All Out Attack"],"picked":"Dagger Spray","floor":5.0},{"not_picked":["Underhanded Strike","Masterful Stab"],"picked":"Flying Knee","floor":6.0},{"not_picked":["Acrobatics","Terror"],"picked":"Leg Sweep","floor":8.0},{"not_picked":["Night Terror","Outmaneuver","Accuracy"],"picked":"Singing Bowl","floor":10.0},{"not_picked":["Flying Knee","Underhanded Strike"],"picked":"Poisoned Stab","floor":14.0},{"not_picked":["Night Terror","Grand Finale","A Thousand Cuts"],"picked":"Singing Bowl","floor":16.0},{"not_picked":["Choke+1","Deflect"],"picked":"Dodge and Roll+1","floor":18.0},{"not_picked":["Tactician","Caltrops"],"picked":"Crippling Poison","floor":19.0},{"not_picked":["Backstab","Caltrops+1","Terror"],"picked":"Singing Bowl","floor":20.0},{"not_picked":["Dagger Spray","Deflect","Crippling Poison"],"picked":"Singing Bowl","floor":22.0},{"not_picked":["Choke","Bane","Slice+1"],"picked":"Singing Bowl","floor":23.0},{"not_picked":["Quick Slash","Outmaneuver+1"],"picked":"Malaise","floor":25.0},{"not_picked":["Blade Dance","Quick Slash","Crippling Poison"],"picked":"Singing Bowl","floor":27.0},{"not_picked":["Slice","Reflex"],"picked":"PiercingWail","floor":30.0},{"not_picked":["Skewer","Endless Agony+1"],"picked":"Poisoned Stab","floor":31.0}],"player_experience":583940,"relics_obtained":[{"floor":6.0,"key":"Smiling Mask"},{"floor":8.0,"key":"The Courier"},{"floor":9.0,"key":"Singing Bowl"},{"floor":10.0,"key":"Gambling Chip"},{"floor":21.0,"key":"Enchiridion"},{"floor":23.0,"key":"Akabeko"},{"floor":25.0,"key":"Incense Burner"},{"floor":26.0,"key":"MealTicket"},{"floor":31.0,"key":"War Paint"}],"event_choices":[{"damage_healed":0.0,"max_hp_gain":0.0,"max_hp_loss":0.0,"gold_gain":0.0,"cards_transformed":["Strike_G"],"event_name":"Living Wall","player_choice":"Change","floor":2.0,"gold_loss":0.0,"damage_taken":0.0,"cards_obtained":["Envenom"]},{"damage_healed":0.0,"max_hp_gain":5.0,"max_hp_loss":0.0,"gold_gain":0.0,"event_name":"Big Fish","player_choice":"Donut","floor":12.0,"gold_loss":0.0,"damage_taken":0.0},{"damage_healed":0.0,"max_hp_gain":0.0,"max_hp_loss":0.0,"gold_gain":0.0,"event_name":"Cursed Tome","player_choice":"Obtained Book","floor":21.0,"gold_loss":0.0,"damage_taken":16.0},{"damage_healed":0.0,"max_hp_gain":0.0,"max_hp_loss":0.0,"gold_gain":0.0,"event_name":"Knowing Skull","player_choice":"","floor":29.0,"potions_obtained":[],"gold_loss":0.0,"damage_taken":6.0,"cards_obtained":[]}],"is_beta":false,"boss_relics":[{"not_picked":["Snecko Eye","HoveringKite"],"picked":"Empty Cage"}],"items_purged_floors":[],"is_endless":false,"potions_floor_spawned":[3,6,20,23,25,27],"killed_by":"Collector","ascension_level":9}}