{"host":"cgwysqtmt736mr58","time":1611740768,"event":{"mods":["2.2 Compatiblity","Aspiration","BaseMod","Beaked The Cultist","BetterRewards","Colored Map","Colored Powertips","Downfall","Duelist Mod","GifTheSpireLib","Googly Eyes","Halation","Hermit","Hubris","Infinite Spire","Lobotomy","LobotomyExtend","Marisa????????","Minty Spire (QoL Compilation)","Relic Stats","Replay The Spire","Shade Mod","StSLib","The Bug Knight","The Construct","The Cursed","The Disciple","The Exalted","The Jungle","The Necromancer","The Runesmith","The Servant 0.9.4","The Wild Card","Waifu the Spire","Yuri Mod"],"gold_per_floor":[0,14,31,48,60,60,83,83,17,52,37,37,37,37,48,147,147,147,147,159,65,82,99,99,99,109,135,149,199,99,115,125,223,223,223,240,252,269,269,152,152,152,152,170,184,201,57,86,86,86,86],"floor_reached":52,"language":"ENG","playtime":2074,"items_purged":[],"score":922,"play_id":"07e765f1-e27c-4aa5-8106-ce5d8fe373a0","local_time":"20210127204608","is_ascension_mode":true,"campfire_choices":[{"floor":1,"key":"DIG"},{"floor":6,"key":"REST"},{"data":"bronze:ChosenStrike","floor":8,"key":"SMITH"},{"floor":18,"key":"RECALL"},{"floor":30,"key":"REST"},{"data":"bronze:AlphaBuild","floor":35,"key":"SMITH"},{"floor":49,"key":"REST"}],"circlet_count":0,"master_deck":["bronze:Strike+1","bronze:Strike","bronze:Strike","bronze:Strike","bronze:Defend","bronze:Defend","bronze:Defend","bronze:Defend","bronze:Replicate","bronze:Goto","Panache","bronze:Iterate","bronze:ChosenStrike+1","bronze:InfiniteBeams","bronze:DelayedSlice","bronze:Iterate","bronze:Iterate","bronze:InfiniteBeams","bronze:Library+1","CurseOfTheBell","bronze:Separator","bronze:FineTuning","bronze:InfiniteBeams","bronze:WhirlingStrike","bronze:DelayedSlice","bronze:WhirlingStrike+1","bronze:BronzeOrb","bronze:Backtrace","bronze:Repair","bronze:Optimize","bronze:AlphaBuild+1","bronze:Separator+1","bronze:DelayedSlice","infinitespire:Execution","bronze:ItsAFeature+1"],"relics":["bronze:BronzeCore","halation:PrussianBluePaint","LetterFromLob","Bromod:ArcaneMomentum","Snack Pack","halation:PinkSoulGem","Calling Bell","Dream Catcher","HornCleat","halation:VictoryRuler","StoneCalendar","Bromod:ArcaneNullifier","Tiny House","aspiration:AnachronicSnailShell","downfall:HeartBlessingRed","PreservedInsect","Omamori","Cauldron","halation:StarCompass","hubris:ScarierMask","Peace Pipe","Sling","Onion Ring"],"acts_visited":["Exordium","TheCity","TheBeyond"],"potions_floor_usage":[5,16,22,23,26,32,33,38,38,45,46,46,48,50,50],"damage_taken":[{"damage":12,"enemies":"Small Slimes","floor":2,"turns":4},{"damage":9,"enemies":"2 Louse","floor":3,"turns":3},{"damage":1,"enemies":"Cultist","floor":4,"turns":3},{"damage":2,"enemies":"Exordium Wildlife","floor":5,"turns":3},{"damage":0,"enemies":"downfall:FleeingMerchant","floor":9,"turns":4},{"damage":25,"enemies":"Lagavulin","floor":10,"turns":5},{"damage":10,"enemies":"downfall:FleeingMerchant","floor":11,"turns":4},{"damage":9,"enemies":"Red Slaver","floor":15,"turns":2},{"damage":48,"enemies":"DF_ARCHETYPE_STREAMLINE","floor":16,"turns":7},{"damage":16,"enemies":"Shell Parasite","floor":20,"turns":4},{"damage":1,"enemies":"downfall:FleeingMerchant","floor":21,"turns":4},{"damage":0,"enemies":"Spheric Guardian","floor":22,"turns":3},{"damage":24,"enemies":"Snake Plant","floor":23,"turns":3},{"damage":43,"enemies":"Shelled Parasite and Fungi","floor":26,"turns":5},{"damage":0,"enemies":"Slavers","floor":27,"turns":1},{"damage":0,"enemies":"3 Cultists","floor":28,"turns":3},{"damage":3,"enemies":"Cultist and Chosen","floor":31,"turns":3},{"damage":4,"enemies":"Snake Plant","floor":32,"turns":3},{"damage":26,"enemies":"WA_ARCHETYPE_CALM","floor":33,"turns":7},{"damage":7,"enemies":"3 Darklings","floor":36,"turns":5},{"damage":3,"enemies":"Orb Walker","floor":37,"turns":2},{"damage":28,"enemies":"Transient","floor":38,"turns":5},{"damage":4,"enemies":"downfall:FleeingMerchant","floor":40,"turns":3},{"damage":0,"enemies":"Jaw Worm Horde","floor":44,"turns":2},{"damage":23,"enemies":"Writhing Mass","floor":45,"turns":5},{"damage":7,"enemies":"3 Darklings","floor":46,"turns":4},{"damage":10,"enemies":"Nightmare","floor":48,"turns":4},{"damage":39,"enemies":"SI_POISON_ARCHETYPE","floor":50,"turns":7}],"seed_played":"420655612122237511","potions_obtained":[{"floor":4,"key":"Block Potion"},{"floor":5,"key":"Swift Potion"},{"floor":10,"key":"BlessingOfTheForge"},{"floor":16,"key":"LiquidBronze"},{"floor":22,"key":"Dexterity Potion"},{"floor":26,"key":"ColorlessPotion"},{"floor":27,"key":"Elixir"},{"floor":29,"key":"EssenceOfSteel"},{"floor":33,"key":"Fire Potion"},{"floor":37,"key":"SteroidPotion"},{"floor":38,"key":"Ancient Potion"},{"floor":40,"key":"LifebloodPotion"},{"floor":40,"key":"Guardian:BlockOnCardUsePotion"},{"floor":40,"key":"EntropicBrew"},{"floor":46,"key":"PowerPotion"},{"floor":48,"key":"Energy Potion"}],"is_trial":false,"path_per_floor":["R_BF","M","M","M","M","R","T","R","$","E","$","?","?","?","M","B",null,"R","?","M","$","M","M","T","?","M","E","M","AVR","R","M","M","B",null,"R","M","M","M","M","$","T","?","AVR","M","M","M","$","NM","R","B",null,null],"character_chosen":"THE_AUTOMATON","items_purchased":["bronze:DelayedSlice","bronze:InfiniteBeams","PreservedInsect","Omamori","Cauldron","Sling"],"campfire_rested":3,"item_purchase_floors":[9,21,40,40,40,47],"current_hp_per_floor":[70,58,49,48,46,67,67,67,67,42,40,40,40,61,54,18,70,70,62,54,61,65,47,47,47,8,8,12,17,39,38,38,37,75,75,72,75,51,51,53,53,53,53,57,38,35,35,43,65,41,41],"gold":86,"neow_bonus":"RANDOM_COLORLESS_2","is_daily":false,"chose_seed":false,"campfire_upgraded":2,"win_rate":0.0,"timestamp":1611740768,"path_taken":["R_BF","M","M","M","M","R","T","R","$","E","$","?","?","?","M","BOSS","R","?","M","$","?","M","T","?","?","E","M","AVR","R","M","M","BOSS","R","M","M","M","?","$","T","?","AVR","M","M","M","$","NM","R","BOSS"],"items_purchased_type":["Card","Card","Relic","Relic","Relic","Relic"],"build_version":"2020-12-22","purchased_purges":0,"victory":true,"max_hp_per_floor":[70,70,70,70,70,70,70,70,70,70,70,70,70,70,70,70,70,70,70,70,70,70,70,70,70,70,70,70,75,75,75,75,75,75,75,75,75,75,75,75,75,75,75,75,75,75,75,75,75,75,75],"relic_stats":{"Peace Pipe":0,"Dream Catcher":2,"counters":[28,108],"StoneCalendar":[2],"PreservedInsect":110,"obtain_stats":[{"bronze:BronzeCore":0,"Tiny House":29,"Bromod:ArcaneNullifier":27,"downfall:HeartBlessingRed":30,"StoneCalendar":24,"PreservedInsect":40,"Omamori":40,"halation:StarCompass":42,"Sling":47,"Bromod:ArcaneMomentum":7,"Calling Bell":17,"Peace Pipe":43,"Cauldron":40,"Dream Catcher":17,"HornCleat":17,"halation:PrussianBluePaint":1,"aspiration:AnachronicSnailShell":29,"halation:VictoryRuler":17,"hubris:ScarierMask":43,"Onion Ring":48,"LetterFromLob":2,"Snack Pack":10,"halation:PinkSoulGem":13},{"bronze:BronzeCore":0,"Tiny House":16,"Bromod:ArcaneNullifier":15,"downfall:HeartBlessingRed":16,"StoneCalendar":13,"PreservedInsect":23,"Omamori":23,"halation:StarCompass":23,"Sling":26,"Bromod:ArcaneMomentum":4,"Calling Bell":9,"Peace Pipe":23,"Cauldron":23,"Dream Catcher":9,"HornCleat":9,"halation:PrussianBluePaint":0,"aspiration:AnachronicSnailShell":16,"halation:VictoryRuler":9,"hubris:ScarierMask":23,"Onion Ring":27,"LetterFromLob":1,"Snack Pack":6,"halation:PinkSoulGem":7},{"bronze:BronzeCore":0,"Tiny House":58,"Bromod:ArcaneNullifier":55,"downfall:HeartBlessingRed":58,"StoneCalendar":49,"PreservedInsect":86,"Omamori":86,"halation:StarCompass":86,"Sling":97,"Bromod:ArcaneMomentum":13,"Calling Bell":35,"Peace Pipe":86,"Cauldron":86,"Dream Catcher":35,"HornCleat":35,"halation:PrussianBluePaint":0,"aspiration:AnachronicSnailShell":58,"halation:VictoryRuler":35,"hubris:ScarierMask":86,"Onion Ring":101,"LetterFromLob":4,"Snack Pack":22,"halation:PinkSoulGem":26}]},"card_choices":[{"not_picked":["ReplayTheSpireMod:Brewmster","Poisoned Strike"],"picked":"Panache","floor":0},{"not_picked":["bronze:BitShift","bronze:Philosophize","bronze:DarkDash"],"picked":"SKIP","floor":2},{"not_picked":["bronze:Refactor","bronze:GetLatest"],"picked":"bronze:Iterate","floor":3},{"not_picked":["bronze:BugBarrage","bronze:GetLatest"],"picked":"bronze:ChosenStrike","floor":4},{"not_picked":["bronze:Virus","bronze:Deprecate","bronze:Turbo"],"picked":"SKIP","floor":5},{"not_picked":["bronze:DelayedGuard","bronze:Fortify"],"picked":"bronze:InfiniteBeams","floor":9},{"not_picked":["bronze:TinkerersToolbox","bronze:ClassDefault"],"picked":"bronze:Iterate","floor":10},{"not_picked":["bronze:Frontload","bronze:Constructor"],"picked":"bronze:Iterate","floor":11},{"not_picked":["bronze:DelayedSlice","bronze:DarkDash"],"picked":"bronze:InfiniteBeams","floor":15},{"not_picked":["bronze:BurnOut","bronze:HyperBeam"],"picked":"bronze:Library","floor":16},{"not_picked":["bronze:OilSpill","bronze:InfiniteLoop"],"picked":"bronze:Separator","floor":20},{"not_picked":["bronze:Overheat+1","bronze:Separator"],"picked":"bronze:FineTuning","floor":21},{"not_picked":["bronze:Safeguard","bronze:Separator","bronze:Invalidate"],"picked":"SKIP","floor":22},{"not_picked":["bronze:Turbo+1","bronze:GetLatest"],"picked":"bronze:WhirlingStrike","floor":23},{"not_picked":["bronze:BugBarrage","bronze:Shield+1"],"picked":"bronze:DelayedSlice","floor":26},{"not_picked":["bronze:NullPointer","bronze:BurnOut"],"picked":"bronze:WhirlingStrike+1","floor":27},{"not_picked":["bronze:Constructor","bronze:BugBarrage"],"picked":"bronze:BronzeOrb","floor":28},{"not_picked":["bronze:ChosenStrike+1","bronze:Overheat+1"],"picked":"bronze:Backtrace","floor":30},{"not_picked":["bronze:Shield","bronze:DelayedSlice"],"picked":"bronze:Repair","floor":31},{"not_picked":["bronze:Invalidate+1","bronze:ItsAFeature+1"],"picked":"bronze:Optimize","floor":32},{"not_picked":["bronze:Break","bronze:InfiniteLoop"],"picked":"bronze:AlphaBuild","floor":33},{"not_picked":["bronze:WhirlingStrike+1","bronze:Frontload","bronze:BuggyMess+1"],"picked":"SKIP","floor":36},{"not_picked":["bronze:BuggyMess","bronze:WhirlingStrike"],"picked":"bronze:Separator+1","floor":37},{"not_picked":["bronze:FollowUp+1","bronze:Shell+1"],"picked":"bronze:DelayedSlice","floor":38},{"not_picked":["bronze:InfiniteBeams","bronze:Deprecate","bronze:ClassDefault+1"],"picked":"SKIP","floor":40},{"not_picked":["bronze:WildBeam","bronze:OilSpill+1","bronze:Library"],"picked":"SKIP","floor":44},{"not_picked":["bronze:GetLatest","bronze:DelayedSlice","bronze:Allocate"],"picked":"SKIP","floor":45},{"not_picked":["bronze:Frontload","bronze:Shield","bronze:OilSpill"],"picked":"SKIP","floor":46},{"not_picked":["bronze:Terminator+1","bronze:Hardcode"],"picked":"bronze:ItsAFeature+1","floor":48}],"player_experience":1069654,"relics_obtained":[{"floor":1,"key":"halation:PrussianBluePaint"},{"floor":2,"key":"LetterFromLob"},{"floor":7,"key":"Bromod:ArcaneMomentum"},{"floor":10,"key":"Snack Pack"},{"floor":17,"key":"Dream Catcher"},{"floor":17,"key":"HornCleat"},{"floor":17,"key":"halation:VictoryRuler"},{"floor":24,"key":"StoneCalendar"},{"floor":27,"key":"Bromod:ArcaneNullifier"},{"floor":48,"key":"Onion Ring"}],"event_choices":[{"damage_healed":0,"gold_gain":0,"player_choice":"Fled","damage_taken":0,"max_hp_gain":0,"max_hp_loss":0,"event_name":"Scrap Ooze","floor":12,"gold_loss":0}],"is_beta":false,"boss_relics":[{"not_picked":["hubris:CrackedHourglass","aspiration:RunesmithSkillbook"],"picked":"Calling Bell"},{"not_picked":["Busted Crown","hubris:VirtuousBlindfold","Runic Dome"]}],"items_purged_floors":[],"is_endless":false,"potions_floor_spawned":[4,5,10,16,22,26,27,31,33,37,38,46,48],"ascension_level":4}}