{"host":"yx5rao87132cy5xq","time":1611721267,"event":{"mods":["2.2 Compatiblity","AchievementEnabler","BaseMod","Bestiary","Colored Map","Colored Powertips","Minty Spire (QoL Compilation)","Quick Restart","Relic Stats","Slay-I","SuperFastMode"],"gold_per_floor":[116,63,28,38,53,53,85,85,85,102,102,117,145,163,163,262,262,281,22,121,121,140,167,167,195,195,214,214,234,234,250,250,351,351,369,369,385,401,401,434,434,265,265,294,294,294,294,47,47,47],"floor_reached":51,"language":"POL","playtime":4001,"items_purged":["Strike_R","Strike_R"],"score":1105,"play_id":"0b129163-1a3e-4055-b9a3-d1d991b1a9db","local_time":"20210127052107","is_ascension_mode":true,"campfire_choices":[{"data":"Uppercut","floor":6.0,"key":"SMITH"},{"floor":8.0,"key":"DIG"},{"floor":11.0,"key":"DIG"},{"data":"True Grit","floor":15.0,"key":"SMITH"},{"floor":24.0,"key":"REST"},{"floor":28.0,"key":"DIG"},{"floor":30.0,"key":"DIG"},{"data":"Power Through","floor":32.0,"key":"SMITH"},{"data":"Flame Barrier","floor":41.0,"key":"SMITH"},{"data":"Bludgeon","floor":45.0,"key":"SMITH"},{"data":"Shrug It Off","floor":47.0,"key":"SMITH"},{"floor":49.0,"key":"DIG"}],"circlet_count":0,"master_deck":["AscendersBane","Strike_R","Strike_R","Strike_R","Defend_R","Defend_R","Defend_R","Defend_R+1","Bash+1","Uppercut+1","Shrug It Off+1","Spot Weakness+1","Metallicize","Wild Strike","Shrug It Off","True Grit+1","Flex","Metallicize","Reaper","Clothesline+1","Feel No Pain","Shockwave","Shrug It Off","PanicButton","Fiend Fire","Headbutt","Shrug It Off","Bludgeon+1","Flame Barrier+1","Power Through+1","Entrench+1","Master of Strategy","Infernal Blade","Burning Pact","Shrug It Off","Clumsy"],"relics":["Burning Blood","Shovel","Regal Pillow","Torii","War Paint","Lizard Tail","Velvet Choker","Orichalcum","Eternal Feather","Blue Candle","Pocketwatch","Incense Burner","Cursed Key","StoneCalendar","Ancient Tea Set","Vajra","Bronze Scales","Calipers"],"acts_visited":["Exordium","TheCity","TheBeyond"],"potions_floor_usage":[50,50],"damage_taken":[{"damage":9.0,"enemies":"Small Slimes","floor":1.0,"turns":4.0},{"damage":1.0,"enemies":"Cultist","floor":4.0,"turns":4.0},{"damage":0.0,"enemies":"2 Louse","floor":5.0,"turns":4.0},{"damage":18.0,"enemies":"Gremlin Nob","floor":7.0,"turns":4.0},{"damage":8.0,"enemies":"Gremlin Gang","floor":10.0,"turns":5.0},{"damage":1.0,"enemies":"Exordium Wildlife","floor":12.0,"turns":6.0},{"damage":17.0,"enemies":"3 Sentries","floor":13.0,"turns":9.0},{"damage":1.0,"enemies":"Blue Slaver","floor":14.0,"turns":5.0},{"damage":25.0,"enemies":"The Guardian","floor":16.0,"turns":14.0},{"damage":34.0,"enemies":"2 Thieves","floor":18.0,"turns":5.0},{"damage":26.0,"enemies":"3 Byrds","floor":22.0,"turns":7.0},{"damage":27.0,"enemies":"Book of Stabbing","floor":23.0,"turns":7.0},{"damage":62.0,"enemies":"Slavers","floor":25.0,"turns":8.0},{"damage":13.0,"enemies":"Snake Plant","floor":27.0,"turns":5.0},{"damage":6.0,"enemies":"Cultist and Chosen","floor":29.0,"turns":5.0},{"damage":11.0,"enemies":"Sentry and Sphere","floor":31.0,"turns":5.0},{"damage":38.0,"enemies":"Collector","floor":33.0,"turns":13.0},{"damage":10.0,"enemies":"Orb Walker","floor":35.0,"turns":4.0},{"damage":6.0,"enemies":"3 Shapes","floor":37.0,"turns":6.0},{"damage":27.0,"enemies":"Writhing Mass","floor":38.0,"turns":8.0},{"damage":8.0,"enemies":"Nemesis","floor":40.0,"turns":13.0},{"damage":68.0,"enemies":"Giant Head","floor":44.0,"turns":11.0},{"damage":55,"enemies":"Time Eater","floor":50,"turns":15}],"seed_played":"-8284494621467897150","potions_obtained":[{"floor":1.0,"key":"DistilledChaos"},{"floor":5.0,"key":"SpeedPotion"},{"floor":7.0,"key":"AttackPotion"},{"floor":14.0,"key":"ColorlessPotion"},{"floor":16.0,"key":"AttackPotion"},{"floor":22.0,"key":"BloodPotion"},{"floor":23.0,"key":"Strength Potion"},{"floor":31.0,"key":"SkillPotion"},{"floor":33.0,"key":"BloodPotion"},{"floor":35.0,"key":"LiquidBronze"},{"floor":44.0,"key":"SteroidPotion"}],"is_trial":false,"path_per_floor":["M","$","?","M","M","R","E","R","T","M","R","M","E","M","R","B",null,"M","$","?","?","M","E","R","E","T","M","R","M","R","M","R","B",null,"M","?","M","M","?","E","R","$","T","E","R","?","R","$","R","B",null],"character_chosen":"IRONCLAD","items_purchased":["Shrug It Off","Feel No Pain","Shockwave","Shrug It Off","ColorlessPotion","Burning Pact","Shrug It Off","Bronze Scales"],"campfire_rested":1,"item_purchase_floors":[2,19,19,19,19,42,42,48],"current_hp_per_floor":[69,69,80,80,80,80,68,68,68,66,66,71,60,65,65,46,72,52,52,52,52,44,39,78,46,46,39,57,72,80,75,80,74,79,75,90,90,77,77,87,90,90,90,28,49,49,70,70,90,56],"gold":47,"neow_bonus":"UPGRADE_CARD","is_daily":false,"chose_seed":false,"campfire_upgraded":6,"win_rate":0.0,"timestamp":1611721267,"path_taken":["M","$","?","M","M","R","E","R","T","M","R","M","E","M","R","BOSS","M","$","?","?","M","E","R","E","T","M","R","M","R","?","R","BOSS","M","?","?","M","?","E","R","$","T","E","R","?","R","$","R","BOSS"],"items_purchased_type":["Card","Card","Card","Card","Potion","Card","Card","Relic"],"build_version":"2020-12-22","purchased_purges":2,"victory":true,"max_hp_per_floor":[80,80,80,80,80,80,80,80,80,80,80,80,80,80,80,80,80,80,80,80,80,80,80,80,80,80,80,80,80,80,80,80,80,80,80,90,90,90,90,90,90,90,90,90,90,90,90,90,90,90],"relic_stats":{"Regal Pillow":15,"Torii":44,"counters":[23,167],"Blue Candle":[0],"Eternal Feather":96,"StoneCalendar":[100],"War Paint":["Defend_R","Spot Weakness"],"Orichalcum":[126],"Cursed Key":1,"Burning Blood":127,"Lizard Tail":0,"Shovel":5,"Bronze Scales":[54],"obtain_stats":[{"Regal Pillow":8,"Calipers":49,"Torii":9,"Blue Candle":26,"Velvet Choker":17,"Vajra":44,"Eternal Feather":25,"StoneCalendar":40,"Incense Burner":30,"War Paint":11,"Orichalcum":23,"Cursed Key":34,"Ancient Tea Set":43,"Burning Blood":0,"Lizard Tail":13,"Shovel":7,"Bronze Scales":48,"Pocketwatch":28},{"Regal Pillow":4,"Calipers":22,"Torii":4,"Blue Candle":13,"Velvet Choker":9,"Vajra":22,"Eternal Feather":13,"StoneCalendar":21,"Incense Burner":15,"War Paint":5,"Orichalcum":12,"Cursed Key":17,"Ancient Tea Set":21,"Burning Blood":0,"Lizard Tail":7,"Shovel":4,"Bronze Scales":22,"Pocketwatch":14},{"Regal Pillow":16,"Calipers":152,"Torii":16,"Blue Candle":82,"Velvet Choker":55,"Vajra":152,"Eternal Feather":82,"StoneCalendar":141,"Incense Burner":92,"War Paint":21,"Orichalcum":74,"Cursed Key":110,"Ancient Tea Set":141,"Burning Blood":0,"Lizard Tail":36,"Shovel":16,"Bronze Scales":152,"Pocketwatch":87}],"Pocketwatch":[183]},"card_choices":[{"not_picked":["Twin Strike","Havoc"],"picked":"Uppercut","floor":1.0},{"not_picked":["Searing Blow","Body Slam"],"picked":"Spot Weakness","floor":4.0},{"not_picked":["Entrench","Havoc"],"picked":"Metallicize","floor":5.0},{"not_picked":["Perfected Strike","Heavy Blade"],"picked":"Wild Strike","floor":7.0},{"not_picked":["Warcry","Anger"],"picked":"Shrug It Off","floor":10.0},{"not_picked":["Anger","Clothesline"],"picked":"True Grit","floor":12.0},{"not_picked":["Searing Blow","Juggernaut"],"picked":"Flex","floor":13.0},{"not_picked":["Twin Strike","Headbutt"],"picked":"Metallicize","floor":14.0},{"not_picked":["Berserk","Corruption"],"picked":"Reaper","floor":16.0},{"not_picked":["Thunderclap","Anger"],"picked":"Clothesline+1","floor":18.0},{"not_picked":["Havoc","Pommel Strike"],"picked":"Shrug It Off","floor":22.0},{"not_picked":["Warcry","Havoc","Blood for Blood"],"picked":"SKIP","floor":23.0},{"not_picked":["Anger","Clothesline"],"picked":"Bludgeon","floor":25.0},{"not_picked":["Sword Boomerang+1","Sever Soul"],"picked":"Flame Barrier","floor":27.0},{"not_picked":["Bloodletting","Pommel Strike","Dual Wield"],"picked":"SKIP","floor":29.0},{"not_picked":["Flex","Sword Boomerang"],"picked":"Power Through","floor":31.0},{"not_picked":["Brutality","Demon Form"],"picked":"Corruption","floor":33.0},{"not_picked":["Headbutt+1","Sword Boomerang+1","Dual Wield"],"picked":"SKIP","floor":35.0},{"not_picked":["Twin Strike","Pommel Strike"],"picked":"Entrench+1","floor":37.0},{"not_picked":["Twin Strike","Anger","Rage"],"picked":"SKIP","floor":38.0},{"not_picked":["Thinking Ahead","Deep Breath"],"picked":"Master of Strategy","floor":39.0},{"not_picked":["Clothesline","Spot Weakness"],"picked":"Infernal Blade","floor":40.0},{"not_picked":["Metallicize","Entrench","Dual Wield+1"],"picked":"SKIP","floor":44.0}],"player_experience":846993,"relics_obtained":[{"floor":7.0,"key":"Shovel"},{"floor":8.0,"key":"Regal Pillow"},{"floor":9.0,"key":"Torii"},{"floor":11.0,"key":"War Paint"},{"floor":13.0,"key":"Lizard Tail"},{"floor":23.0,"key":"Orichalcum"},{"floor":25.0,"key":"Eternal Feather"},{"floor":26.0,"key":"Blue Candle"},{"floor":28.0,"key":"Pocketwatch"},{"floor":30.0,"key":"Incense Burner"},{"floor":40.0,"key":"StoneCalendar"},{"floor":43.0,"key":"Ancient Tea Set"},{"floor":44.0,"key":"Vajra"},{"floor":49.0,"key":"Calipers"}],"event_choices":[{"damage_healed":20.0,"max_hp_gain":0.0,"max_hp_loss":0.0,"gold_gain":0.0,"event_name":"The Cleric","player_choice":"Healed","floor":3.0,"gold_loss":35.0,"damage_taken":0.0},{"damage_healed":0.0,"max_hp_gain":0.0,"max_hp_loss":0.0,"gold_gain":99.0,"event_name":"Nest","player_choice":"Stole From Cult","floor":20.0,"gold_loss":0.0,"damage_taken":0.0},{"damage_healed":0.0,"max_hp_gain":0.0,"max_hp_loss":0.0,"gold_gain":0.0,"event_name":"Match and Keep!","player_choice":"3 cards matched","floor":21.0,"gold_loss":0.0,"damage_taken":0.0,"cards_obtained":["PanicButton","Fiend Fire","Headbutt"]},{"damage_healed":0.0,"max_hp_gain":0.0,"max_hp_loss":0.0,"gold_gain":0.0,"event_name":"Match and Keep!","player_choice":"3 cards matched","floor":21.0,"gold_loss":0.0,"damage_taken":0.0,"cards_obtained":["PanicButton","Fiend Fire","Headbutt"]},{"cards_removed":["Corruption"],"damage_healed":5.0,"max_hp_gain":10.0,"max_hp_loss":0.0,"gold_gain":0.0,"event_name":"Bonfire Elementals","player_choice":"Offered Rare","floor":36.0,"gold_loss":0.0,"damage_taken":0.0},{"damage_healed":0.0,"max_hp_gain":0.0,"max_hp_loss":0.0,"gold_gain":0.0,"event_name":"SensoryStone","player_choice":"Memory 1","floor":39.0,"gold_loss":0.0,"damage_taken":0.0},{"damage_healed":0.0,"max_hp_gain":0.0,"max_hp_loss":0.0,"gold_gain":0.0,"event_name":"Tomb of Lord Red Mask","player_choice":"Ignored","floor":46.0,"gold_loss":0.0,"damage_taken":0.0}],"is_beta":false,"boss_relics":[{"not_picked":["Philosopher\u0027s Stone","Fusion Hammer"],"picked":"Velvet Choker"},{"not_picked":["Pandora\u0027s Box","Sozu"],"picked":"Cursed Key"}],"items_purged_floors":[42,48],"is_endless":false,"potions_floor_spawned":[1,5,7,14,16,22,23,31,33,35,44],"ascension_level":10}}