{"host":"k5wd0jv1m6dz3iwi","time":1611722610,"event":{"mods":["BaseMod","Better Vampires","Challenge The Spire","Custom Start","Downfall","Highlight Path","Minty Spire (QoL Compilation)","Rare Cards Sparkle","Relic Stats","Slay the Relics Exporter","StSLib","everything is the same but u backflip on backflip"],"gold_per_floor":[99,116,136,154,169,194,194,219,219,219,219,669,669,24,38,38,38,38],"floor_reached":16,"language":"ENG","playtime":1485,"items_purged":["downfall:Icky"],"score":110,"play_id":"c89959d6-8dad-46e2-960b-36e3a6d85d69","local_time":"20210127044330","is_ascension_mode":false,"campfire_choices":[{"data":"champ:Execute","floor":1.0,"key":"SMITH"},{"data":"champ:PerfectedStrike","floor":9.0,"key":"SMITH"},{"data":"champ:MurderStrike","floor":13.0,"key":"SMITH"}],"circlet_count":0,"master_deck":["champ:Strike","champ:Strike","champ:Strike","champ:Strike","champ:Defend","champ:Defend","champ:Defend","champ:Execute+1","champ:Taunt","champ:PerfectedStrike+1","champ:TornadoPunch","champ:SetATrap","champ:StanceDance","champ:CalledShot","champ:HeartStrike","champ:MurderStrike+1","Regret","downfall:Icky","downfall:Icky","champ:BerserkersShout","expansioncontent:DashGenerateEvil","expansioncontent:AwakenDeath","champ:EnGarde","champ:FocusedBerserking"],"relics":["champ:ChampionCrown","Letter Opener","Blue Candle","Anchor","Juzu Bracelet","Mercury Hourglass"],"acts_visited":["Exordium"],"potions_floor_usage":[],"damage_taken":[{"damage":16.0,"enemies":"2 Louse","floor":2.0,"turns":3.0},{"damage":0.0,"enemies":"Small Slimes","floor":3.0,"turns":2.0},{"damage":10.0,"enemies":"Cultist","floor":4.0,"turns":2.0},{"damage":4.0,"enemies":"Blue Slaver","floor":5.0,"turns":3.0},{"damage":41.0,"enemies":"Gremlin Nob","floor":6.0,"turns":4.0},{"damage":24.0,"enemies":"Lagavulin","floor":8.0,"turns":6.0},{"damage":9.0,"enemies":"downfall:FleeingMerchant","floor":14.0,"turns":4.0},{"damage":1,"enemies":"Exordium Thugs","floor":15,"turns":2},{"damage":80,"enemies":"WA_ARCHETYPE_RETAIN","floor":16,"turns":6}],"seed_played":"3460353369899973886","potions_obtained":[{"floor":5.0,"key":"LiquidBronze"},{"floor":15,"key":"Slimebound:ThreeZeroPotion"}],"is_trial":false,"path_per_floor":["R","M","M","M","M","E","T","E","R","?","?","?","R","$","M","B"],"character_chosen":"THE_CHAMP","items_purchased":["expansioncontent:DashGenerateEvil","expansioncontent:AwakenDeath","Mercury Hourglass","champ:EnGarde"],"campfire_rested":0,"item_purchase_floors":[14,14,14,14],"current_hp_per_floor":[99,93,93,93,89,68,68,59,59,59,59,59,59,50,49,0,0,0],"gold":38,"neow_bonus":"TEN_PERCENT_HP_BONUS","is_daily":false,"chose_seed":false,"campfire_upgraded":3,"win_rate":0.0,"timestamp":1611722610,"path_taken":["R","M","M","M","M","E","T","E","R","?","?","?","R","$","M","BOSS"],"items_purchased_type":["Card","Card","Relic","Card"],"build_version":"2020-12-22","purchased_purges":1,"victory":false,"max_hp_per_floor":[99,99,99,99,99,99,99,99,99,99,99,99,99,99,99,99,99,99],"relic_stats":{"counters":[9,32],"Blue Candle":[7],"Juzu Bracelet":0,"Letter Opener":[10],"obtain_stats":[{"Anchor":8,"Blue Candle":7,"champ:ChampionCrown":0,"Juzu Bracelet":11,"Letter Opener":6,"Mercury Hourglass":14},{"Anchor":6,"Blue Candle":5,"champ:ChampionCrown":0,"Juzu Bracelet":6,"Letter Opener":5,"Mercury Hourglass":7},{"Anchor":20,"Blue Candle":14,"champ:ChampionCrown":0,"Juzu Bracelet":20,"Letter Opener":14,"Mercury Hourglass":24}],"Mercury Hourglass":[13]},"card_choices":[{"not_picked":["champ:Circumvent","champ:Haymaker"],"picked":"champ:PerfectedStrike","floor":2.0},{"not_picked":["champ:FanOfKnives","champ:CrownThrow"],"picked":"champ:TornadoPunch","floor":3.0},{"not_picked":["champ:FancyFootwork","champ:DeathBlow"],"picked":"champ:SetATrap","floor":4.0},{"not_picked":["champ:Circumvent","champ:AdrenalArmor"],"picked":"champ:StanceDance","floor":5.0},{"not_picked":["champ:IgnorePain","champ:PerfectedStrike"],"picked":"champ:CalledShot","floor":6.0},{"not_picked":["champ:Shatter","champ:BladeFlurry"],"picked":"champ:HeartStrike","floor":8.0},{"not_picked":["champ:GutPunch","champ:DeathBlow"],"picked":"champ:BerserkersShout","floor":14},{"not_picked":["champ:Encircle","champ:FanOfKnives"],"picked":"champ:FocusedBerserking","floor":15}],"player_experience":1317692,"relics_obtained":[{"floor":6.0,"key":"Letter Opener"},{"floor":7.0,"key":"Blue Candle"},{"floor":8.0,"key":"Anchor"}],"event_choices":[{"damage_healed":0.0,"max_hp_gain":0.0,"max_hp_loss":0.0,"gold_gain":0.0,"cards_transformed":["champ:Defend"],"event_name":"Living Wall","player_choice":"Change","floor":10.0,"gold_loss":0.0,"damage_taken":0.0,"cards_obtained":["champ:MurderStrike"]},{"damage_healed":0.0,"max_hp_gain":0.0,"max_hp_loss":0.0,"gold_gain":0.0,"event_name":"Big Fish","player_choice":"Box","floor":11.0,"gold_loss":0.0,"damage_taken":0.0,"relics_obtained":["Juzu Bracelet"],"cards_obtained":["Regret"]}],"is_beta":false,"boss_relics":[],"items_purged_floors":[14],"is_endless":false,"potions_floor_spawned":[5,15],"killed_by":"WA_ARCHETYPE_RETAIN","ascension_level":0}}