{"host":"cm56dopeulr50jn0","time":1611783830,"event":{"mods":["BaseMod","Bestiary","Better Match","Better Third Choice","Downfall","Minty Spire (QoL Compilation)","Relic Stats","StSLib"],"gold_per_floor":[115,115,132,148,148,158,158,193,193,156,156,172,172,207,207,302,302,318,10,20,34,68,68,68,101,170,499,518,518,534,567,567,669,669,680,696,746,1745,1190,1190,1205,1216,1216,1438,827,827,855,869,869,869,869,869,209,236,236],"floor_reached":56,"language":"ENG","playtime":5467,"items_purged":["Normality","Normality","downfall:Haunted"],"score":1420,"play_id":"d66328ba-cd25-427c-b17f-0a49845b622e","local_time":"20210127134350","is_ascension_mode":true,"campfire_choices":[{"data":"bronze:ItsAFeature","floor":7.0,"key":"SMITH"},{"data":"bronze:Goto","floor":11.0,"key":"SMITH"},{"floor":13.0,"key":"REST"},{"floor":15.0,"key":"REST"},{"data":"bronze:Repulsor","floor":24.0,"key":"SMITH"},{"data":"bronze:CloningBeam","floor":29.0,"key":"SMITH"},{"data":"bronze:ForLoop","floor":32.0,"key":"SMITH"},{"floor":40.0,"key":"RECALL"},{"floor":46.0,"key":"DIG"},{"data":"bronze:Verify","floor":49.0,"key":"SMITH"},{"floor":52.0,"key":"DIG"}],"circlet_count":0,"master_deck":["bronze:Strike","bronze:Strike","bronze:Defend","bronze:Defend","bronze:Defend","bronze:Defend","bronze:Replicate","bronze:Goto+1","bronze:MaxOutput","bronze:Iterate","bronze:ItsAFeature+1","bronze:Deprecate","bronze:CloningBeam+1","bronze:ChosenStrike","bronze:Repulsor+1","bronze:Boost","bronze:ItsAFeature","bronze:ShipIt","bronze:Shield+1","bronze:Separator+1","bronze:ClassDefault","bronze:BugBarrage","bronze:Verify+1","bronze:Frontload+1","bronze:ForLoop+1","bronze:Repulsor+1","bronze:Library","bronze:Optimize","bronze:Shield","bronze:ChildClass+1","bronze:InfiniteBeams","bronze:CutThrough+1","bronze:ItsAFeature+1","bronze:Verify+1","bronze:Shield","bronze:CutThrough+1"],"relics":["bronze:ElectromagneticCoil","bronze:DecasWashers","Gremlin Horn","Ornamental Fan","Cursed Key","Thread and Needle","Red Mask","bronze:ProtectiveGoggles","Orichalcum","White Beast Statue","Old Coin","hexamod:CandleOfCauterizing","Empty Cage","Shovel","PreservedInsect","champ:DuelingGlove","Lee\u0027s Waffle","Bronze Scales","Nunchaku","Dream Catcher","bronze:Mallet","Slimebound:PreparedRelic","Bag of Preparation","DollysMirror","Anchor","Oddly Smooth Stone"],"acts_visited":["Exordium","TheCity","TheBeyond","TheEnding"],"potions_floor_usage":[55,55,55],"damage_taken":[{"damage":5.0,"enemies":"Small Slimes","floor":1.0,"turns":6.0},{"damage":1.0,"enemies":"2 Louse","floor":3.0,"turns":4.0},{"damage":1.0,"enemies":"Jaw Worm","floor":4.0,"turns":3.0},{"damage":12.0,"enemies":"2 Fungi Beasts","floor":6.0,"turns":5.0},{"damage":12.0,"enemies":"Gremlin Nob","floor":8.0,"turns":5.0},{"damage":7.0,"enemies":"Blue Slaver","floor":12.0,"turns":5.0},{"damage":13.0,"enemies":"Lagavulin","floor":14.0,"turns":7.0},{"damage":15.0,"enemies":"Slime Boss","floor":16.0,"turns":7.0},{"damage":11.0,"enemies":"2 Thieves","floor":18.0,"turns":3.0},{"damage":0.0,"enemies":"Chosen","floor":20.0,"turns":6.0},{"damage":0.0,"enemies":"Centurion and Healer","floor":21.0,"turns":7.0},{"damage":0.0,"enemies":"Masked Bandits","floor":22.0,"turns":3.0},{"damage":0.0,"enemies":"Slavers","floor":25.0,"turns":6.0},{"damage":0.0,"enemies":"Gremlin Leader","floor":27.0,"turns":4.0},{"damage":12.0,"enemies":"Shelled Parasite and Fungi","floor":28.0,"turns":5.0},{"damage":0.0,"enemies":"Chosen and Byrds","floor":30.0,"turns":5.0},{"damage":8.0,"enemies":"Book of Stabbing","floor":31.0,"turns":6.0},{"damage":28.0,"enemies":"Automaton","floor":33.0,"turns":10.0},{"damage":7.0,"enemies":"3 Darklings","floor":35.0,"turns":7.0},{"damage":1.0,"enemies":"3 Shapes","floor":36.0,"turns":5.0},{"damage":24.0,"enemies":"2 Orb Walkers","floor":37.0,"turns":5.0},{"damage":16.0,"enemies":"Spire Growth","floor":41.0,"turns":4.0},{"damage":5.0,"enemies":"3 Darklings","floor":42.0,"turns":8.0},{"damage":0.0,"enemies":"Nemesis","floor":47.0,"turns":7.0},{"damage":0.0,"enemies":"Sphere and 2 Shapes","floor":48.0,"turns":9.0},{"damage":74.0,"enemies":"Awakened One","floor":50.0,"turns":15.0},{"damage":28.0,"enemies":"Shield and Spear","floor":54.0,"turns":6.0},{"damage":43,"enemies":"The Heart","floor":55,"turns":9}],"seed_played":"-2514317056667776810","potions_obtained":[{"floor":4.0,"key":"DuplicationPotion"},{"floor":6.0,"key":"Block Potion"},{"floor":14.0,"key":"champ:CounterPotion"},{"floor":16.0,"key":"SpeedPotion"},{"floor":20.0,"key":"bronze:CleanCodePotion"},{"floor":21.0,"key":"DistilledChaos"},{"floor":25.0,"key":"Explosive Potion"},{"floor":27.0,"key":"sneckomod:MuddlingPotion"},{"floor":28.0,"key":"Fruit Juice"},{"floor":30.0,"key":"LiquidMemories"},{"floor":31.0,"key":"SteroidPotion"},{"floor":36.0,"key":"bronze:FreeFunctionsPotion"},{"floor":37.0,"key":"Regen Potion"},{"floor":41.0,"key":"Fire Potion"},{"floor":42.0,"key":"bronze:CleanCodePotion"},{"floor":47.0,"key":"ColorlessPotion"},{"floor":54.0,"key":"SkillPotion"}],"is_trial":false,"path_per_floor":["M","?","M","M","?","M","R","E","T","$","R","M","R","E","R","B",null,"M","$","M","M","?","?","R","E","T","E","M","R","M","E","R","B",null,"M","M","?","?","$","R","M","M","T","?","$","R","E","M","R","B",null,"R","$","E","B",null],"character_chosen":"THE_AUTOMATON","items_purchased":["bronze:Repulsor","Thread and Needle","PreservedInsect","champ:DuelingGlove","bronze:Optimize","Lee\u0027s Waffle","Bronze Scales","Nunchaku","bronze:InfiniteBeams","Bag of Preparation","DollysMirror","bronze:Shield","Anchor","Block Potion"],"campfire_rested":2,"item_purchase_floors":[10,19,39,39,39,45,45,45,45,53,53,53,53,53],"current_hp_per_floor":[65,58,57,56,56,44,44,32,32,32,32,25,46,33,54,39,70,59,59,59,59,59,59,59,59,59,59,47,47,52,44,44,16,75,68,67,43,43,43,43,36,31,31,31,82,82,82,82,82,8,82,82,82,54,11],"gold":236,"neow_bonus":"BOSS_RELIC","is_daily":false,"chose_seed":false,"campfire_upgraded":6,"win_rate":0.0,"timestamp":1611783830,"path_taken":["M","?","M","M","?","M","R","E","T","?","R","M","R","E","R","BOSS","M","$","M","M","?","?","R","E","T","E","M","R","M","E","R","BOSS","M","M","?","?","$","R","M","M","T","?","$","R","E","M","R","BOSS","R","$","E","BOSS"],"items_purchased_type":["Card","Relic","Relic","Relic","Card","Relic","Relic","Relic","Card","Relic","Relic","Card","Relic","Potion"],"build_version":"2020-12-22","purchased_purges":3,"victory":true,"max_hp_per_floor":[70,70,70,70,70,70,70,70,70,70,70,70,70,70,70,70,70,70,70,70,70,70,70,70,70,70,70,70,70,75,75,75,75,75,75,75,75,75,75,75,75,75,75,75,82,82,82,82,82,82,82,82,82,82,82],"relic_stats":{"Lee\u0027s Waffle":51,"Gremlin Horn":[28,32],"counters":[28,172],"PreservedInsect":115,"Bag of Preparation":[4],"Orichalcum":[120],"Cursed Key":2,"Nunchaku":[7],"Dream Catcher":0,"Shovel":2,"Ornamental Fan":[136],"Bronze Scales":[236],"obtain_stats":[{"champ:DuelingGlove":39,"bronze:ElectromagneticCoil":0,"bronze:BronzeCore":0,"Gremlin Horn":9,"Bag of Preparation":53,"bronze:Mallet":47,"Cursed Key":17,"Empty Cage":34,"Old Coin":27,"Nunchaku":45,"Dream Catcher":46,"Shovel":37,"DollysMirror":53,"Red Mask":22,"hexamod:CandleOfCauterizing":31,"Lee\u0027s Waffle":45,"bronze:DecasWashers":8,"Oddly Smooth Stone":54,"Thread and Needle":19,"PreservedInsect":39,"Orichalcum":25,"White Beast Statue":26,"Anchor":53,"bronze:ProtectiveGoggles":23,"Ornamental Fan":14,"Bronze Scales":45,"Slimebound:PreparedRelic":52},{"champ:DuelingGlove":21,"bronze:ElectromagneticCoil":0,"bronze:BronzeCore":0,"Gremlin Horn":5,"Bag of Preparation":26,"bronze:Mallet":24,"Cursed Key":8,"Empty Cage":18,"Old Coin":14,"Nunchaku":23,"Dream Catcher":23,"Shovel":21,"DollysMirror":26,"Red Mask":12,"hexamod:CandleOfCauterizing":17,"Lee\u0027s Waffle":23,"bronze:DecasWashers":5,"Oddly Smooth Stone":27,"Thread and Needle":9,"PreservedInsect":21,"Orichalcum":13,"White Beast Statue":13,"Anchor":26,"bronze:ProtectiveGoggles":12,"Ornamental Fan":7,"Bronze Scales":23,"Slimebound:PreparedRelic":26},{"champ:DuelingGlove":114,"bronze:ElectromagneticCoil":0,"bronze:BronzeCore":0,"Gremlin Horn":23,"Bag of Preparation":157,"bronze:Mallet":133,"Cursed Key":42,"Empty Cage":97,"Old Coin":71,"Nunchaku":126,"Dream Catcher":126,"Shovel":114,"DollysMirror":157,"Red Mask":61,"hexamod:CandleOfCauterizing":87,"Lee\u0027s Waffle":126,"bronze:DecasWashers":23,"Oddly Smooth Stone":163,"Thread and Needle":45,"PreservedInsect":114,"Orichalcum":67,"White Beast Statue":67,"Anchor":157,"bronze:ProtectiveGoggles":61,"Ornamental Fan":35,"Bronze Scales":126,"Slimebound:PreparedRelic":157}]},"card_choices":[{"not_picked":["bronze:Turbo","bronze:Frontload"],"picked":"bronze:MaxOutput","floor":1.0},{"not_picked":["bronze:ThunderWave","bronze:FineTuning"],"picked":"bronze:Iterate","floor":3.0},{"not_picked":["bronze:Branch","bronze:DelayedGuard"],"picked":"bronze:ItsAFeature","floor":4.0},{"not_picked":["bronze:Iterate","bronze:Overload"],"picked":"bronze:CloningBeam","floor":6.0},{"not_picked":["bronze:BitShift","bronze:Refactor"],"picked":"bronze:ChosenStrike","floor":8.0},{"not_picked":["bronze:BronzeArmor","bronze:Shell"],"picked":"bronze:Boost","floor":12.0},{"not_picked":["bronze:Repair","bronze:ForLoop"],"picked":"bronze:ItsAFeature","floor":14.0},{"not_picked":["bronze:FindAndReplace","bronze:Virus"],"picked":"bronze:ShipIt","floor":16.0},{"not_picked":["bronze:CutThrough","bronze:WildBeam"],"picked":"bronze:Shield+1","floor":18.0},{"not_picked":["bronze:ChosenStrike","bronze:BitShift"],"picked":"bronze:Separator+1","floor":20.0},{"not_picked":["bronze:ForLoop","bronze:OilSpill"],"picked":"bronze:ClassDefault","floor":21.0},{"not_picked":["bronze:GetLatest","bronze:FollowUp+1"],"picked":"bronze:BugBarrage","floor":25.0},{"not_picked":["bronze:ItsAFeature","bronze:InfiniteBeams"],"picked":"bronze:Verify","floor":27.0},{"not_picked":["bronze:Iterate","bronze:Deprecate"],"picked":"bronze:Frontload+1","floor":28.0},{"not_picked":["bronze:Overheat","bronze:Separator"],"picked":"bronze:ForLoop","floor":30.0},{"not_picked":["bronze:Constructor","bronze:BugBarrage","bronze:Turbo"],"picked":"SKIP","floor":31.0},{"not_picked":["bronze:Invalidate+1","bronze:Separator"],"picked":"bronze:Repulsor+1","floor":35.0},{"not_picked":["bronze:Deprecate","bronze:Separator","bronze:BugBarrage+1"],"picked":"SKIP","floor":36.0},{"not_picked":["bronze:OilSpill","bronze:FollowUp+1"],"picked":"bronze:Library","floor":37.0},{"not_picked":["bronze:Backtrace","bronze:Turbo+1"],"picked":"bronze:Shield","floor":41.0},{"not_picked":["bronze:ForceShield","bronze:BugBarrage+1"],"picked":"bronze:ChildClass+1","floor":42.0},{"not_picked":["bronze:OilSpill","bronze:Format"],"picked":"bronze:CutThrough+1","floor":47.0},{"not_picked":["bronze:Frontload","bronze:GetLatest+1"],"picked":"bronze:ItsAFeature+1","floor":48.0},{"not_picked":["bronze:Deprecate+1","bronze:Frontload"],"picked":"bronze:CutThrough+1","floor":54.0}],"player_experience":1439202,"relics_obtained":[{"floor":8.0,"key":"bronze:DecasWashers"},{"floor":9.0,"key":"Gremlin Horn"},{"floor":14.0,"key":"Ornamental Fan"},{"floor":22.0,"key":"Red Mask"},{"floor":25.0,"key":"Orichalcum"},{"floor":26.0,"key":"White Beast Statue"},{"floor":27.0,"key":"Old Coin"},{"floor":31.0,"key":"hexamod:CandleOfCauterizing"},{"floor":37.0,"key":"Shovel"},{"floor":46.0,"key":"Dream Catcher"},{"floor":47.0,"key":"bronze:Mallet"},{"floor":52.0,"key":"Slimebound:PreparedRelic"},{"floor":54.0,"key":"Oddly Smooth Stone"}],"event_choices":[{"cards_removed":["bronze:Strike"],"damage_healed":0.0,"max_hp_gain":0.0,"max_hp_loss":0.0,"gold_gain":0.0,"event_name":"Golden Wing","player_choice":"Card Removal","floor":2.0,"gold_loss":0.0,"damage_taken":7.0},{"damage_healed":0.0,"max_hp_gain":0.0,"max_hp_loss":0.0,"gold_gain":0.0,"event_name":"Masked Bandits","player_choice":"Fought Bandits","floor":22.0,"gold_loss":0.0,"damage_taken":0.0},{"damage_healed":0.0,"max_hp_gain":0.0,"max_hp_loss":0.0,"gold_gain":0.0,"event_name":"Addict","player_choice":"Stole Relic","floor":23.0,"gold_loss":0.0,"damage_taken":0.0,"relics_obtained":["bronze:ProtectiveGoggles"],"cards_obtained":["Shame"]},{"damage_healed":0.0,"max_hp_gain":0.0,"max_hp_loss":0.0,"gold_gain":0.0,"event_name":"Mysterious Sphere","player_choice":"Fight","floor":37.0,"gold_loss":0.0,"damage_taken":0.0},{"damage_healed":0.0,"max_hp_gain":0.0,"max_hp_loss":0.0,"gold_gain":999.0,"event_name":"MindBloom","player_choice":"Gold","floor":38.0,"gold_loss":0.0,"damage_taken":0.0,"cards_obtained":["Normality","Normality"]},{"damage_healed":0.0,"max_hp_gain":0.0,"max_hp_loss":0.0,"gold_gain":222.0,"event_name":"Tomb of Lord Red Mask","player_choice":"Wore Mask","floor":44.0,"gold_loss":0.0,"damage_taken":0.0}],"is_beta":false,"boss_relics":[{"not_picked":["Astrolabe","Velvet Choker"],"picked":"Cursed Key"},{"not_picked":["Calling Bell","Fusion Hammer"],"picked":"Empty Cage"}],"items_purged_floors":[39,45,53],"is_endless":false,"potions_floor_spawned":[4,6,14,16,20,21,25,27,28,30,31,33,35,36,37,41,42,47,48,54],"ascension_level":1}}