{"host":"xoyp8vl9zpezjqzb","time":1611773449,"event":{"mods":["AchievementEnabler","BaseMod","Colored Map","Minty Spire (QoL Compilation)","Permanent Neow","Quick Restart"],"gold_per_floor":[12,112,129,304,304,304,51,51,104,104,104,120,135,135,135,261,261,282,24,38,38,53,89,89,89,112,17,17,17,37,37,37,37,37],"floor_reached":33,"language":"ENG","playtime":2156,"items_purged":[],"score":276,"play_id":"0ac08364-cd57-4275-9c47-79e359849f7f","local_time":"20210127135049","is_ascension_mode":false,"campfire_choices":[{"data":"After Image","floor":6,"key":"SMITH"},{"data":"Dagger Spray","floor":8,"key":"SMITH"},{"data":"Noxious Fumes","floor":10,"key":"SMITH"},{"floor":15,"key":"REST"},{"data":"Cloak And Dagger","floor":32,"key":"SMITH"}],"circlet_count":0,"master_deck":["Defend_G","Defend_G","Defend_G","Defend_G","Defend_G+1","Survivor","Neutralize","After Image+1","Noxious Fumes+1","Backstab+1","Doubt","Dagger Spray+1","Outmaneuver","Cloak And Dagger+1","Accuracy","Unload","Poisoned Stab+1","Deflect+1","Infinite Blades+1","Mind Blast","Terror","Dodge and Roll","Bite","Bite","Bite","Bite","Bite","Caltrops+1","Poisoned Stab","Slice+1"],"relics":["Ring of the Snake","Golden Idol","TwistedFunnel","PreservedInsect","Frozen Egg 2","Sozu","Mercury Hourglass","Regal Pillow","Vajra","Molten Egg 2"],"acts_visited":["Exordium","TheCity"],"potions_floor_usage":[],"damage_taken":[{"damage":0,"enemies":"2 Louse","floor":1,"turns":3},{"damage":1,"enemies":"Cultist","floor":3,"turns":4},{"damage":0,"enemies":"Small Slimes","floor":12,"turns":1},{"damage":1,"enemies":"2 Fungi Beasts","floor":13,"turns":2},{"damage":12,"enemies":"The Guardian","floor":16,"turns":11},{"damage":2,"enemies":"Shell Parasite","floor":18,"turns":7},{"damage":0,"enemies":"Spheric Guardian","floor":20,"turns":3},{"damage":12,"enemies":"Snake Plant","floor":22,"turns":4},{"damage":16,"enemies":"Gremlin Leader","floor":23,"turns":4},{"damage":4,"enemies":"3 Cultists","floor":30,"turns":4},{"damage":59,"enemies":"Champ","floor":33,"turns":7}],"seed_played":"3676683139683028343","potions_obtained":[{"floor":1,"key":"ColorlessPotion"},{"floor":12,"key":"Explosive Potion"}],"is_trial":false,"path_per_floor":["M","?","M","?","?","R","$","R","T","R","?","M","M","T","R","B",null,"M","$","M","?","M","E","$","?","T","$","T","$","M","?","R","B"],"character_chosen":"THE_SILENT","items_purchased":["TwistedFunnel","Dagger Spray","Outmaneuver","Mercury Hourglass","Caltrops+1","Poisoned Stab"],"campfire_rested":1,"item_purchase_floors":[7,7,7,19,27,27],"current_hp_per_floor":[70,70,69,69,52,52,52,52,52,52,38,38,37,37,58,46,70,68,68,68,68,56,40,40,40,40,40,40,40,40,40,40,0,0],"gold":37,"neow_bonus":"THREE_RARE_CARDS","is_daily":false,"chose_seed":false,"campfire_upgraded":4,"win_rate":0.0,"timestamp":1611773449,"path_taken":["M","?","?","?","?","R","$","R","T","R","?","M","M","?","R","BOSS","M","$","M","?","M","E","?","?","T","?","?","$","?","?","R","BOSS"],"items_purchased_type":["Relic","Card","Card","Relic","Card","Card"],"build_version":"2020-12-22","purchased_purges":0,"victory":false,"max_hp_per_floor":[70,70,70,70,70,70,70,70,70,70,70,70,70,70,70,70,70,70,70,70,70,70,70,70,49,49,49,49,49,49,49,49,49,49],"card_choices":[{"not_picked":["Bullet Time","Wraith Form v2"],"picked":"After Image","floor":0},{"not_picked":["Bane","Cloak And Dagger"],"picked":"Noxious Fumes","floor":1},{"not_picked":["Flechettes","Caltrops"],"picked":"Backstab","floor":3},{"not_picked":["Sucker Punch","Dagger Throw"],"picked":"Cloak And Dagger","floor":12},{"not_picked":["Cloak And Dagger","Distraction"],"picked":"Accuracy","floor":13},{"not_picked":["Wraith Form v2+1","Malaise"],"picked":"Unload","floor":16},{"not_picked":["PiercingWail","Deadly Poison"],"picked":"Poisoned Stab+1","floor":18},{"not_picked":["Backflip","Outmaneuver"],"picked":"Deflect+1","floor":20},{"not_picked":["Backflip","Predator"],"picked":"Terror","floor":22},{"not_picked":["Underhanded Strike","Doppelganger"],"picked":"Dodge and Roll","floor":23},{"not_picked":["Dodge and Roll","Cloak And Dagger"],"picked":"Slice+1","floor":30}],"player_experience":264173,"relics_obtained":[{"floor":9,"key":"PreservedInsect"},{"floor":14,"key":"Frozen Egg 2"},{"floor":23,"key":"Regal Pillow"},{"floor":26,"key":"Vajra"},{"floor":28,"key":"Molten Egg 2"}],"event_choices":[{"damage_healed":0,"gold_gain":100,"player_choice":"Pray","damage_taken":0,"max_hp_gain":0,"max_hp_loss":0,"event_name":"Golden Shrine","floor":2,"gold_loss":0},{"damage_healed":0,"gold_gain":175,"player_choice":"AGREE","damage_taken":0,"max_hp_gain":0,"max_hp_loss":0,"event_name":"Liars Game","floor":4,"gold_loss":0,"cards_obtained":["Doubt"]},{"damage_healed":0,"gold_gain":0,"player_choice":"Take Damage","damage_taken":17,"relics_obtained":["Golden Idol"],"max_hp_gain":0,"max_hp_loss":0,"event_name":"Golden Idol","floor":5,"gold_loss":0},{"damage_healed":0,"gold_gain":0,"player_choice":"Entered Light","damage_taken":14,"max_hp_gain":0,"max_hp_loss":0,"event_name":"Shining Light","floor":11,"gold_loss":0,"cards_upgraded":["Backstab","Defend_G"]},{"damage_healed":0,"gold_gain":0,"player_choice":"2 cards matched","damage_taken":0,"max_hp_gain":0,"max_hp_loss":0,"event_name":"Match and Keep!","floor":21,"gold_loss":0,"cards_obtained":["Infinite Blades","Mind Blast"]},{"damage_healed":0,"gold_gain":0,"player_choice":"Became a vampire","damage_taken":0,"max_hp_gain":0,"max_hp_loss":21,"event_name":"Vampires","floor":25,"gold_loss":0,"cards_obtained":["Bite","Bite","Bite","Bite","Bite"]},{"damage_healed":0,"gold_gain":0,"player_choice":"Ignored","damage_taken":0,"max_hp_gain":0,"max_hp_loss":0,"event_name":"Ghosts","floor":31,"gold_loss":0}],"is_beta":false,"boss_relics":[{"not_picked":["Astrolabe","Calling Bell"],"picked":"Sozu"}],"items_purged_floors":[],"is_endless":false,"potions_floor_spawned":[1,12,22,23,30],"killed_by":"Champ","ascension_level":0}}