{"host":"rzjc4nrqz5d54r3r","time":1611744670,"event":{"mods":["BaseMod","Colored Map","Keyboard Shortcuts","Minty Spire (QoL Compilation)","Quick Restart","StSLib","SuperFastMode","everything is the same but u backflip on backflip"],"gold_per_floor":[119,119,136,154,226,252,252,283,333,376,376,32,32,67,67,67,67],"floor_reached":16,"language":"KOR","playtime":294,"items_purged":[],"score":132,"play_id":"42768e6b-2ae2-4996-9662-64ab5b8c0b99","local_time":"20210127195110","is_ascension_mode":true,"campfire_choices":[{"data":"Adrenaline","floor":11.0,"key":"SMITH"},{"data":"Strike_G","floor":13.0,"key":"PURGE"},{"data":"Strike_G","floor":15.0,"key":"PURGE"}],"circlet_count":0,"master_deck":["Strike_G","Strike_G","Strike_G","Defend_G","Defend_G","Defend_G","Defend_G","Defend_G","Survivor","Neutralize","Skewer+1","Adrenaline+1","Deflect","Corpse Explosion","Terror","Blur"],"relics":["Ring of the Snake","NeowsBlessing","Singing Bowl","Pantograph","Golden Idol","Dream Catcher","Regal Pillow","Sundial","Membership Card","Peace Pipe","Ninja Scroll"],"acts_visited":["Exordium"],"potions_floor_usage":[],"damage_taken":[{"damage":0.0,"enemies":"Jaw Worm","floor":1.0,"turns":1.0},{"damage":0.0,"enemies":"Cultist","floor":3.0,"turns":1.0},{"damage":0.0,"enemies":"2 Louse","floor":4.0,"turns":1.0},{"damage":10.0,"enemies":"3 Sentries","floor":6.0,"turns":8.0},{"damage":30.0,"enemies":"Gremlin Nob","floor":8.0,"turns":5.0},{"damage":8.0,"enemies":"Lagavulin","floor":10.0,"turns":6.0},{"damage":6.0,"enemies":"3 Sentries","floor":14.0,"turns":6.0},{"damage":0,"enemies":"Hexaghost","floor":16,"turns":1}],"seed_played":"-3709099099613912182","potions_obtained":[{"floor":1.0,"key":"Regen Potion"},{"floor":8.0,"key":"Block Potion"},{"floor":10.0,"key":"SpeedPotion"}],"is_trial":false,"path_per_floor":["M","?","M","M","T","E","?","E","T","E","R","$","R","E","R","B"],"character_chosen":"THE_SILENT","items_purchased":["Membership Card","Peace Pipe","Blur"],"campfire_rested":0,"item_purchase_floors":[12,12,12],"current_hp_per_floor":[70,70,70,70,70,60,43,13,13,22,22,22,22,18,18,43,43],"gold":67,"neow_bonus":"THREE_ENEMY_KILL","is_daily":false,"chose_seed":false,"campfire_upgraded":1,"win_rate":0.0,"timestamp":1611744670,"path_taken":["M","?","?","M","?","E","?","E","T","E","R","$","R","E","R","BOSS"],"items_purchased_type":["Relic","Relic","Card"],"build_version":"2020-12-22","purchased_purges":0,"victory":false,"max_hp_per_floor":[70,70,70,70,70,70,70,70,70,72,72,72,72,74,74,74,74],"card_choices":[{"not_picked":["Underhanded Strike","Flying Knee"],"picked":"Skewer","floor":1.0},{"not_picked":["Footwork","Dagger Throw"],"picked":"Adrenaline","floor":3.0},{"not_picked":["Sucker Punch","Blade Dance"],"picked":"Deflect","floor":4.0},{"not_picked":["Expertise","Acrobatics"],"picked":"Corpse Explosion","floor":6.0},{"not_picked":["Choke","Skewer"],"picked":"Terror","floor":8.0},{"not_picked":["Backflip","Riddle With Holes","Dagger Spray"],"picked":"Singing Bowl","floor":10.0},{"not_picked":["Crippling Poison","Flechettes","Blur"],"picked":"Singing Bowl","floor":14.0}],"player_experience":18256,"relics_obtained":[{"floor":5.0,"key":"Singing Bowl"},{"floor":6.0,"key":"Pantograph"},{"floor":8.0,"key":"Dream Catcher"},{"floor":9.0,"key":"Regal Pillow"},{"floor":10.0,"key":"Sundial"},{"floor":14.0,"key":"Ninja Scroll"}],"event_choices":[{"damage_healed":0.0,"max_hp_gain":0.0,"max_hp_loss":0.0,"gold_gain":0.0,"event_name":"Upgrade Shrine","player_choice":"Upgraded","floor":2.0,"gold_loss":0.0,"damage_taken":0.0,"cards_upgraded":["Skewer"]},{"damage_healed":0.0,"max_hp_gain":0.0,"max_hp_loss":0.0,"gold_gain":0.0,"event_name":"Golden Idol","player_choice":"Take Damage","floor":7.0,"gold_loss":0.0,"damage_taken":17.0,"relics_obtained":["Golden Idol"]}],"is_beta":false,"boss_relics":[],"items_purged_floors":[],"is_endless":false,"potions_floor_spawned":[1,8,10],"killed_by":"Hexaghost","ascension_level":1}}