{"host":"oz0i1fpezyhy8r2h","time":1611750911,"event":{"mods":["ATMod(°¢èªMod)","Act Like it!","Arknights The Spire","BaseMod","KinomotoSakuraMod(Ä¾Ö®±¾Ó£)","Minty Spire (QoL Compilation)","StSLib","The Bug Knight","¡¾ÒÅÎï¿¨ÅÆ¡¿REMEMod"],"gold_per_floor":[18,18,38,57,78,114,133,133,133,19,63,86,147,181,181,306,306,330,351,251,266,141,141,184,29,53,121,189,189,189,249,249,404,404,548,548,881,585,630,732,732,791,841,880,880,1040,1182,1227,1227,1477,1477,1477,312,593,718],"floor_reached":56,"language":"ZHS","playtime":2838,"items_purged":["ClowCardTheSword","ClowCardTheShield","ClowCardTheSword","ClowCardTheShield","ClowCardTheShield"],"score":1875,"play_id":"2c6fc673-555f-4fc3-b8b4-4b5102f4c848","local_time":"20210127203511","is_ascension_mode":true,"campfire_choices":[{"floor":15.0,"key":"REST"},{"data":"ClowCardTheFly","floor":23.0,"key":"SMITH"},{"data":"ClowCardTheFly","floor":30.0,"key":"SMITH"},{"data":"ClowCardTheFloat","floor":32,"key":"SMITH"},{"data":"ClowCardTheLight","floor":41,"key":"SMITH"},{"floor":49,"key":"RECALL"},{"data":"ClowCardTheDash","floor":52,"key":"SMITH"}],"circlet_count":0,"master_deck":["SakuraCardTheLoop+","SakuraCardTheDash+","SakuraCardTheShadow+","ClowCardTheSword+1","ClowCardTheSword","ClowCardTheShield","SpellCardSeal","SpellCardRelease","ClowCardTheFloat+1","ClowCardThePower+1","ClowCardTheFly+1","ClowCardTheFly+1","ClowCardTheDash+1","ClowCardTheArrow+1","ClowCardTheLight+1","Purity+1","ClowCardTheFly+1","ClowCardTheWave","Dark Shackles","ClowCardTheBig+1"],"relics":["KSMOD_SealedBook","KSMOD_SealedWand","AT_ATBox","REME_ComplimentaryCards","Regal Pillow","Ginger","StoneCalendar","Letter Opener","Odd Mushroom","AT_TrinityForce","HollowMod:LifeEnderRelic","AT_BellDemon","AT_MibuBalloonWealth","Calipers","AT_SunfireAegis","REME_HandOfSuture","Nilry\u0027s Codex","Mummified Hand","Potion Belt","Orichalcum","REME_LowDesire","Ancient Tea Set","Boot","HollowMod:PaleOreRelic","REME_CardOfGreed","MealTicket","Lantern","Vajra","KSMOD_TaoistSuit","Pear","AT_TheCollector","Unceasing Top","AT_EbonyIvory","KSMOD_TeddyBear","KSMOD_YukitosBentoBox","Nunchaku","AT_LudenTempest","Gambling Chip","Medical Kit","Ornamental Fan","Blood Vial"],"acts_visited":["Exordium","TheCity","TheBeyond","TheEnding"],"potions_floor_usage":[40,44,55],"damage_taken":[{"damage":4.0,"enemies":"2 Louse","floor":1.0,"turns":4.0},{"damage":0.0,"enemies":"Small Slimes","floor":3.0,"turns":3.0},{"damage":1.0,"enemies":"Jaw Worm","floor":4.0,"turns":4.0},{"damage":2.0,"enemies":"2 Fungi Beasts","floor":5.0,"turns":6.0},{"damage":13.0,"enemies":"Lagavulin","floor":6.0,"turns":7.0},{"damage":2.0,"enemies":"Blue Slaver","floor":7.0,"turns":6.0},{"damage":7.0,"enemies":"HollowMod:MossKnight","floor":11.0,"turns":4.0},{"damage":12.0,"enemies":"Exordium Wildlife","floor":12.0,"turns":5.0},{"damage":0.0,"enemies":"Gremlin Nob","floor":13.0,"turns":2.0},{"damage":2.0,"enemies":"The Mushroom Lair","floor":14.0,"turns":3.0},{"damage":0.0,"enemies":"Slime Boss","floor":16.0,"turns":7.0},{"damage":0.0,"enemies":"Spheric Guardian","floor":18.0,"turns":1.0},{"damage":10.0,"enemies":"2 Thieves","floor":19.0,"turns":2.0},{"damage":0.0,"enemies":"Sentry and Sphere","floor":21.0,"turns":2.0},{"damage":0.0,"enemies":"Book of Stabbing","floor":24.0,"turns":2.0},{"damage":0.0,"enemies":"Centurion and Healer","floor":27.0,"turns":2.0},{"damage":0.0,"enemies":"REME_1_Revenger","floor":28.0,"turns":2.0},{"damage":0,"enemies":"Gremlin Leader","floor":31,"turns":1},{"damage":0,"enemies":"Champ","floor":33,"turns":3},{"damage":0,"enemies":"3 Darklings","floor":35,"turns":1},{"damage":0,"enemies":"Orb Walker","floor":39,"turns":1},{"damage":0,"enemies":"Reptomancer","floor":40,"turns":1},{"damage":0,"enemies":"Giant Head","floor":42,"turns":1},{"damage":0,"enemies":"Maw","floor":44,"turns":1},{"damage":0,"enemies":"HollowMod:StalkingDevout","floor":46,"turns":1},{"damage":0,"enemies":"3 Darklings","floor":47,"turns":1},{"damage":0,"enemies":"Spire Growth","floor":48,"turns":1},{"damage":0,"enemies":"Donu and Deca","floor":50,"turns":1},{"damage":0,"enemies":"Shield and Spear","floor":54,"turns":1},{"damage":4,"enemies":"The Heart","floor":55,"turns":3}],"seed_played":"-9045798969265243437","potions_obtained":[{"floor":3.0,"key":"KSMOD_MagickBottle"},{"floor":4.0,"key":"SteroidPotion"},{"floor":7.0,"key":"KSMOD_MagickBottle"},{"floor":13.0,"key":"Dexterity Potion"},{"floor":18.0,"key":"LiquidMemories"},{"floor":21.0,"key":"Strength Potion"},{"floor":33,"key":"AttackPotion"},{"floor":35,"key":"SteroidPotion"},{"floor":40,"key":"REME_GoldPotion"},{"floor":44,"key":"REME_GoldPotion"},{"floor":54,"key":"PowerPotion"}],"is_trial":false,"path_per_floor":["M","?","M","M","M","E","M","?","T","$","E","M","?","?","R","B",null,"M","M","$","M","$","R","E","$","T","M","E","?","R","E","R","B",null,"M","?","?","$","M","E","R","E","T","M","?","E","M","M","R","B",null,"R","$","E","B",null],"character_chosen":"KINOMOTOSAKURA","items_purchased":["ClowCardTheFly","AT_BellDemon","REME_CardOfGreed","AT_LudenTempest","Gambling Chip","Medical Kit","ClowCardTheWave","Regen Potion","Dark Shackles"],"campfire_rested":1,"item_purchase_floors":[10,25,38,53,53,53,53,53,53],"current_hp_per_floor":[80,59,59,58,56,43,41,24,24,24,17,5,5,3,43,43,84,84,74,74,74,74,74,74,74,74,74,74,58,58,58,58,58,84,84,84,84,84,84,84,84,94,94,94,94,94,94,94,94,94,94,94,94,94,90],"gold":718,"neow_bonus":"TWENTY_PERCENT_HP_BONUS","is_daily":false,"chose_seed":false,"campfire_upgraded":5,"win_rate":0.0,"timestamp":1611750911,"path_taken":["M","?","M","M","M","E","M","?","T","$","E","M","?","?","R","BOSS","M","M","$","M","$","R","E","$","T","M","E","?","R","E","R","BOSS","M","?","?","$","M","E","R","E","T","M","?","E","?","M","R","BOSS","R","$","E","BOSS"],"items_purchased_type":["Card","Relic","Relic","Relic","Relic","Relic","Card","Potion","Card"],"build_version":"2020-12-22","purchased_purges":5,"victory":true,"max_hp_per_floor":[84,84,84,84,84,84,84,84,84,84,84,84,84,84,84,84,84,84,84,84,84,84,84,84,84,84,84,84,84,84,84,84,84,84,84,84,84,84,84,84,84,94,94,94,94,94,94,94,94,94,94,94,94,94,94],"card_choices":[{"not_picked":["ClowCardTheIllusion","ClowCardTheSilent"],"picked":"ClowCardTheFloat","floor":1.0},{"not_picked":["ClowCardTheRain","ClowCardTheWood","ClowCardTheStorm"],"picked":"SKIP","floor":3.0},{"not_picked":["ClowCardTheEarthy","ClowCardTheSand"],"picked":"ClowCardTheShadow","floor":4.0},{"not_picked":["ClowCardTheShadow","ClowCardTheLibra","ClowCardTheMirror"],"picked":"SKIP","floor":5.0},{"not_picked":["ClowCardTheWave","ClowCardTheWood"],"picked":"ClowCardTheDash","floor":6.0},{"not_picked":["ClowCardTheLibra","ClowCardTheSleep"],"picked":"ClowCardThePower","floor":7.0},{"not_picked":["ClowCardTheJump","ClowCardTheWave"],"picked":"ClowCardTheFly","floor":11.0},{"not_picked":["ClowCardTheCloud","ClowCardTheShot","ClowCardTheGlow"],"picked":"SKIP","floor":12.0},{"not_picked":["ClowCardTheDark","ClowCardTheThunder"],"picked":"ClowCardTheDash","floor":16.0},{"not_picked":["ClowCardTheIllusion","ClowCardTheMist","ClowCardTheVoice+1"],"picked":"SKIP","floor":18.0},{"not_picked":["ClowCardTheSleep+1","ClowCardTheArrow","ClowCardTheMist"],"picked":"SKIP","floor":19.0},{"not_picked":["ClowCardTheIllusion","ClowCardThePower","ClowCardTheLock"],"picked":"SKIP","floor":21.0},{"not_picked":["ClowCardTheWood+1","ClowCardTheStorm","ClowCardThePower+1"],"picked":"SKIP","floor":24.0},{"not_picked":["ClowCardThePower","ClowCardTheErase","ClowCardTheTime"],"picked":"SKIP","floor":27.0},{"not_picked":["ClowCardTheStorm","ClowCardTheCloud","ClowCardTheWatery"],"picked":"SKIP","floor":28.0},{"not_picked":["ClowCardTheSand","ClowCardTheMist+1"],"picked":"ClowCardTheArrow+1","floor":31},{"not_picked":["ClowCardTheDark","ClowCardTheThunder"],"picked":"ClowCardTheLight","floor":33},{"not_picked":["ClowCardTheStorm+1","ClowCardTheDream+1","ClowCardTheCloud"],"picked":"Purity+1","floor":35},{"not_picked":["ClowCardTheDream+1","ClowCardTheWave","REME_EyeOfCthun"],"picked":"ClowCardTheCreate","floor":39},{"not_picked":["ClowCardTheArrow","ClowCardTheThrough","ClowCardTheSong","AT_FamilyPortrait"],"picked":"SKIP","floor":40},{"not_picked":["ClowCardTheWatery+1","ClowCardTheSnow","ClowCardTheRain+1","Blind"],"picked":"SKIP","floor":42},{"not_picked":["ClowCardTheLibra","ClowCardTheSleep","Mind Blast"],"picked":"ClowCardTheLoop","floor":44},{"not_picked":["ClowCardTheFloat+1","ClowCardTheWatery","ClowCardTheMaze+1","REME_TwoStrings"],"picked":"SKIP","floor":46},{"not_picked":["ClowCardTheGlow+1","ClowCardTheLock+1","ClowCardTheRain+1","Apotheosis"],"picked":"SKIP","floor":47},{"not_picked":["ClowCardTheFloat","ClowCardTheBubbles+1","REME_BattleFury"],"picked":"ClowCardTheFly+1","floor":48},{"not_picked":["ClowCardTheRain+1","ClowCardTheEarthy","PanicButton+1"],"picked":"ClowCardTheBig+1","floor":54}],"player_experience":90853,"relics_obtained":[{"floor":6.0,"key":"Regal Pillow"},{"floor":9.0,"key":"Ginger"},{"floor":11.0,"key":"StoneCalendar"},{"floor":14.0,"key":"Odd Mushroom"},{"floor":24.0,"key":"HollowMod:LifeEnderRelic"},{"floor":26.0,"key":"AT_MibuBalloonWealth"},{"floor":27.0,"key":"Calipers"},{"floor":28.0,"key":"AT_SunfireAegis"},{"floor":28.0,"key":"REME_HandOfSuture"},{"floor":29.0,"key":"Nilry\u0027s Codex"},{"floor":31,"key":"Mummified Hand"},{"floor":31,"key":"Potion Belt"},{"floor":33,"key":"Orichalcum"},{"floor":34,"key":"Ancient Tea Set"},{"floor":34,"key":"Boot"},{"floor":35,"key":"HollowMod:PaleOreRelic"},{"floor":39,"key":"MealTicket"},{"floor":40,"key":"Lantern"},{"floor":40,"key":"Vajra"},{"floor":42,"key":"KSMOD_TaoistSuit"},{"floor":42,"key":"Pear"},{"floor":44,"key":"AT_TheCollector"},{"floor":46,"key":"Unceasing Top"},{"floor":46,"key":"AT_EbonyIvory"},{"floor":46,"key":"KSMOD_TeddyBear"},{"floor":47,"key":"KSMOD_YukitosBentoBox"},{"floor":48,"key":"Nunchaku"},{"floor":54,"key":"Ornamental Fan"},{"floor":54,"key":"Blood Vial"}],"event_choices":[{"damage_healed":0.0,"max_hp_gain":0.0,"max_hp_loss":0.0,"gold_gain":0.0,"event_name":"Golden Idol","player_choice":"Take Damage","floor":2.0,"gold_loss":0.0,"damage_taken":21.0,"relics_obtained":["Golden Idol"]},{"damage_healed":0.0,"max_hp_gain":0.0,"max_hp_loss":0.0,"gold_gain":0.0,"event_name":"Shining Light","player_choice":"Entered Light","floor":8.0,"gold_loss":0.0,"damage_taken":17.0,"cards_upgraded":["ClowCardThePower","ClowCardTheSword"]},{"damage_healed":0.0,"max_hp_gain":0.0,"max_hp_loss":0.0,"gold_gain":30.0,"event_name":"Dead Adventurer","player_choice":"Searched \u00273\u0027 times","floor":13.0,"gold_loss":0.0,"damage_taken":0.0,"relics_obtained":["Letter Opener"]},{"damage_healed":0.0,"max_hp_gain":0.0,"max_hp_loss":0.0,"gold_gain":0.0,"event_name":"Mushrooms","player_choice":"Fought Mushrooms","floor":14.0,"gold_loss":0.0,"damage_taken":0.0},{"damage_healed":0.0,"max_hp_gain":0.0,"max_hp_loss":0.0,"gold_gain":0.0,"event_name":"Cursed Tome","player_choice":"Obtained Book","floor":29.0,"gold_loss":0.0,"damage_taken":16.0},{"damage_healed":0,"gold_gain":0,"player_choice":"Ignored","damage_taken":0,"max_hp_gain":0,"max_hp_loss":0,"event_name":"Tomb of Lord Red Mask","floor":36,"gold_loss":0},{"damage_healed":0,"gold_gain":333,"player_choice":"Gave Idol","damage_taken":0,"max_hp_gain":0,"max_hp_loss":0,"event_name":"The Moai Head","floor":37,"relics_lost":["Golden Idol"],"gold_loss":0},{"damage_healed":0,"gold_gain":0,"player_choice":"Memory 1","damage_taken":0,"max_hp_gain":0,"max_hp_loss":0,"event_name":"SensoryStone","floor":45,"gold_loss":0}],"is_beta":false,"boss_relics":[{"not_picked":["SlaversCollar","Busted Crown"],"picked":"AT_TrinityForce"},{"not_picked":["Velvet Choker","Astrolabe"],"picked":"REME_LowDesire"}],"items_purged_floors":[10,20,22,38,53],"is_endless":false,"potions_floor_spawned":[3,4,7,13,18,21,28,33,35,40,44,54],"ascension_level":1}}