{"host":"2wp95sdfrgw3k439","time":1611784114,"event":{"mods":["BaseMod","Better Altar","Better Skull","Better Third Choice","Curses Come First","Minty Spire (QoL Compilation)","Permanent Neow","Reliquary","StSLib"],"gold_per_floor":[112,112,132,147,147,182,182,182,182,182,217,236,236,246,246,345,345,358,85,85,105,105,132,180,208,232,34,52,81,31,131,131,131,131],"floor_reached":33,"language":"ENG","playtime":1322,"items_purged":["Strike_R","Defend_R"],"score":460,"play_id":"df8076f5-5c2f-4142-8730-1ce263e719ed","local_time":"20210127144834","is_ascension_mode":true,"campfire_choices":[{"floor":7,"key":"REST"},{"data":"Infernal Blade","floor":10,"key":"SMITH"},{"data":"Bludgeon","floor":13,"key":"SMITH"},{"floor":15,"key":"REST"},{"data":"Infernal Blade","floor":32,"key":"SMITH"}],"circlet_count":0,"master_deck":["Defend_R","Defend_R","Defend_R+1","Bash","Dropkick+1","Infernal Blade+1","Shrug It Off+1","Bludgeon+1","Spot Weakness","Thunderclap","Shrug It Off+1","Berserk","Whirlwind","Pommel Strike+1","Bite+1","Bite","Bite","Bite+1","Bite","Clothesline+1","Infernal Blade+1","Double Tap"],"relics":["Burning Blood","reliquary:RosewoodLute","Magic Flower","reliquary:TridentHead","reliquary:PartyBalloon","Velvet Choker","Membership Card","reliquary:Buckler","Enchiridion","Whetstone","Oddly Smooth Stone","Blood Vial","Regal Pillow","Gremlin Horn","Strange Spoon","Vajra","Du-Vu Doll","Kunai"],"acts_visited":["Exordium","TheCity"],"potions_floor_usage":[11,12,16,29,31,33],"damage_taken":[{"damage":2,"enemies":"2 Louse","floor":1,"turns":3},{"damage":0,"enemies":"Small Slimes","floor":3,"turns":2},{"damage":0,"enemies":"Cultist","floor":4,"turns":3},{"damage":34,"enemies":"3 Sentries","floor":6,"turns":14},{"damage":23,"enemies":"Lagavulin","floor":11,"turns":5},{"damage":0,"enemies":"Large Slime","floor":12,"turns":2},{"damage":0,"enemies":"Blue Slaver","floor":14,"turns":1},{"damage":62,"enemies":"Hexaghost","floor":16,"turns":8},{"damage":11,"enemies":"2 Thieves","floor":18,"turns":2},{"damage":5,"enemies":"Shell Parasite","floor":21,"turns":4},{"damage":37,"enemies":"Gremlin Leader","floor":23,"turns":4},{"damage":26,"enemies":"Book of Stabbing","floor":25,"turns":5},{"damage":7,"enemies":"Shelled Parasite and Fungi","floor":28,"turns":4},{"damage":34,"enemies":"Slavers","floor":29,"turns":2},{"damage":0,"enemies":"Colosseum Slavers","floor":31,"turns":1},{"damage":20,"enemies":"Colosseum Nobs","floor":31,"turns":3},{"damage":123,"enemies":"Champ","floor":33,"turns":9}],"seed_played":"-7016458210347146069","potions_obtained":[{"floor":6,"key":"SkillPotion"},{"floor":11,"key":"AttackPotion"},{"floor":14,"key":"ColorlessPotion"},{"floor":21,"key":"BlessingOfTheForge"},{"floor":25,"key":"LiquidBronze"},{"floor":31,"key":"BloodPotion"}],"is_trial":false,"path_per_floor":["M","?","M","M","?","E","R","?","T","R","E","M","R","M","R","B",null,"M","$","?","M","?","E","T","E","T","$","M","E","$","?","R","B"],"character_chosen":"IRONCLAD","items_purchased":["Membership Card","reliquary:Buckler","Gremlin Horn","Strange Spoon"],"campfire_rested":2,"item_purchase_floors":[19,19,27,27],"current_hp_per_floor":[76,60,66,72,65,37,61,61,61,61,47,56,56,65,80,27,67,65,65,49,53,53,46,46,51,51,51,56,40,40,53,53,0,0],"gold":131,"neow_bonus":"RANDOM_COMMON_RELIC","is_daily":false,"chose_seed":false,"campfire_upgraded":3,"win_rate":0.0,"timestamp":1611784114,"path_taken":["M","?","M","M","?","E","R","?","T","R","E","M","R","?","R","BOSS","M","$","?","M","?","E","?","E","T","$","M","E","?","?","R","BOSS"],"items_purchased_type":["Relic","Relic","Relic","Relic"],"build_version":"2020-12-22","purchased_purges":2,"victory":false,"max_hp_per_floor":[80,80,80,80,80,80,80,80,80,80,80,80,80,80,80,80,80,80,80,80,80,56,56,56,56,56,56,56,56,56,56,56,56,56],"card_choices":[{"not_picked":["Cleave","Flex"],"picked":"Dropkick","floor":1},{"not_picked":["Ghostly Armor","Sentinel"],"picked":"Infernal Blade","floor":3},{"not_picked":["Clash","Flex"],"picked":"Shrug It Off","floor":4},{"not_picked":["Metallicize","Evolve"],"picked":"Bludgeon","floor":6},{"not_picked":["Hemokinesis","Heavy Blade"],"picked":"Thunderclap","floor":11},{"not_picked":["Sentinel","Twin Strike","Headbutt"],"picked":"SKIP","floor":12},{"not_picked":["Burning Pact","Twin Strike"],"picked":"Shrug It Off","floor":14},{"not_picked":["Barricade","Fiend Fire"],"picked":"Berserk","floor":16},{"not_picked":["Disarm","Thunderclap"],"picked":"Whirlwind","floor":18},{"not_picked":["Thunderclap+1","Burning Pact"],"picked":"Pommel Strike+1","floor":21},{"not_picked":["Sever Soul+1","Rupture"],"picked":"Clothesline+1","floor":23},{"not_picked":["Second Wind","Warcry"],"picked":"Infernal Blade","floor":25},{"not_picked":["Havoc","Searing Blow","Iron Wave"],"picked":"SKIP","floor":28},{"not_picked":["Clash+1","Ghostly Armor+1"],"picked":"Double Tap","floor":29}],"player_experience":484435,"relics_obtained":[{"floor":6,"key":"Magic Flower"},{"floor":9,"key":"reliquary:TridentHead"},{"floor":11,"key":"reliquary:PartyBalloon"},{"floor":20,"key":"Enchiridion"},{"floor":23,"key":"Whetstone"},{"floor":24,"key":"Oddly Smooth Stone"},{"floor":25,"key":"Blood Vial"},{"floor":26,"key":"Regal Pillow"},{"floor":29,"key":"Vajra"},{"floor":31,"key":"Du-Vu Doll"},{"floor":31,"key":"Kunai"}],"event_choices":[{"damage_healed":76,"gold_gain":0,"player_choice":"Upgrade","damage_taken":16,"max_hp_gain":0,"max_hp_loss":80,"event_name":"betterThird:BetterShining","floor":2,"gold_loss":0,"cards_upgraded":["Dropkick","Defend_R"]},{"cards_removed":["Strike_R"],"damage_healed":0,"gold_gain":0,"player_choice":"Card Removal","damage_taken":7,"max_hp_gain":0,"max_hp_loss":0,"event_name":"Golden Wing","floor":5,"gold_loss":0},{"damage_healed":0,"gold_gain":0,"cards_transformed":["Strike_R"],"player_choice":"Transformed","damage_taken":0,"max_hp_gain":0,"max_hp_loss":0,"event_name":"Transmorgrifier","floor":8,"gold_loss":0,"cards_obtained":["Spot Weakness"]},{"damage_healed":0,"gold_gain":0,"player_choice":"Obtained Book","damage_taken":16,"max_hp_gain":0,"max_hp_loss":0,"event_name":"Cursed Tome","floor":20,"gold_loss":0},{"damage_healed":0,"gold_gain":0,"player_choice":"Became a vampire","damage_taken":0,"max_hp_gain":0,"max_hp_loss":24,"event_name":"Vampires","floor":22,"gold_loss":0,"cards_obtained":["Bite","Bite","Bite","Bite","Bite"]},{"damage_healed":0,"gold_gain":0,"player_choice":"Fight","damage_taken":0,"max_hp_gain":0,"max_hp_loss":0,"event_name":"Colosseum","floor":31,"gold_loss":0},{"damage_healed":0,"gold_gain":0,"player_choice":"Fought Nobs","damage_taken":0,"max_hp_gain":0,"max_hp_loss":0,"event_name":"Colosseum","floor":31,"gold_loss":0}],"is_beta":false,"boss_relics":[{"not_picked":["reliquary:WritOfMandamus","Cursed Key"],"picked":"Velvet Choker"}],"items_purged_floors":[19,30],"is_endless":false,"potions_floor_spawned":[6,11,14,21,25,31],"killed_by":"Champ","ascension_level":8}}