{"host":"uvmuduost5bzvojs","time":1611726807,"event":{"mods":["Aspiration","Bard","BaseMod","Better Match","Block Reminder","Conspire","Hermit","Highlight Path","Hubris","Infinite Spire","Jorbs\u0027s Wanderer Trilogy","Mad Scientist","Marisa????????","Mimic Mod","Minty Spire (QoL Compilation)","Potionbrewer","Replay The Spire","Robot Space Explorer","StSLib","The Blackbeard","The Construct","The Cursed","The Disciple","The Hayseed","The Hierophant","The Juggle","The Jungle","The Poker Player","The Runesmith","The Servant 0.9.4","The Spell Scribe","The Valiant","TheBandit"],"gold_per_floor":[90,109,129,86,86,86,36,35,59,59,82,80,80],"floor_reached":12,"language":"ENG","playtime":788,"items_purged":[],"score":101,"play_id":"a7f7664a-b396-48e4-9baa-82f01b3e7f6e","local_time":"20210127005327","is_ascension_mode":false,"campfire_choices":[{"data":"hierophant:Refuge","floor":6,"key":"SMITH"}],"circlet_count":0,"master_deck":["hierophant:Strike_Hierophant","hierophant:Strike_Hierophant+1","hierophant:Strike_Hierophant","hierophant:Strike_Hierophant","hierophant:Punish","hierophant:Defend_Hierophant+1","hierophant:Defend_Hierophant","hierophant:Defend_Hierophant","hierophant:Defend_Hierophant","hierophant:ChurchCoffers","hierophant:Doubloon","hierophant:Refuge+1","hierophant:Doubloon","hierophant:Charity","hierophant:Doubloon","hierophant:Charity","hierophant:Smite","conspire:SpireCoStock","hierophant:RustyCrate","hierophant:Doubloon","hierophant:Doubloon","Normality"],"relics":["hierophant:PropheticMaskRelic","Replay:Mystery Machine","Regal Pillow","Simple Rune","Ring of Fangs","Ring of Panic","Boot"],"acts_visited":["Exordium"],"potions_floor_usage":[4,12],"damage_taken":[{"damage":1,"enemies":"Cultist","floor":1,"turns":3},{"damage":0,"enemies":"Small Slimes","floor":2,"turns":3},{"damage":2,"enemies":"2 Louse","floor":3,"turns":3},{"damage":9,"enemies":"Looter","floor":4,"turns":5},{"damage":33,"enemies":"Gremlin Nob","floor":8,"turns":5},{"damage":39,"enemies":"3 Sentries","floor":12,"turns":4}],"seed_played":"7878533853818554712","potions_obtained":[{"floor":1,"key":"potionbrewer:ToxicPotion"},{"floor":3,"key":"potionbrewer:CleansingPotion"}],"is_trial":false,"path_per_floor":["M","M","M","M","?","R","?","E","T","?","T","E"],"character_chosen":"HIEROPHANT","items_purchased":[],"campfire_rested":0,"item_purchase_floors":[],"current_hp_per_floor":[81,81,79,70,70,70,70,37,37,37,37,0,0],"gold":80,"neow_bonus":"TEN_PERCENT_HP_BONUS","is_daily":false,"chose_seed":false,"campfire_upgraded":1,"win_rate":0.0,"timestamp":1611726807,"path_taken":["M","M","M","M","?","R","?","E","T","?","?","E"],"items_purchased_type":[],"build_version":"2020-12-22","purchased_purges":0,"victory":false,"max_hp_per_floor":[82,82,82,82,82,82,82,82,82,82,82,82,82],"card_choices":[{"not_picked":["hierophant:Dazzle","hierophant:Encroach"],"picked":"hierophant:Refuge","floor":1},{"not_picked":["hierophant:FieryStrike","hierophant:Empathy"],"picked":"hierophant:Charity","floor":2},{"not_picked":["hierophant:AuricBeam","hierophant:Encroach"],"picked":"hierophant:Charity","floor":3},{"not_picked":["hierophant:AuricShield","hierophant:FieryStrike"],"picked":"hierophant:Smite","floor":4},{"not_picked":["hierophant:EyeForCoin","hierophant:Repentance"],"picked":"hierophant:RustyCrate","floor":8}],"player_experience":1841430,"relics_obtained":[{"floor":5,"key":"Replay:Mystery Machine"},{"floor":8,"key":"Regal Pillow"},{"floor":9,"key":"Simple Rune"},{"floor":10,"key":"Ring of Fangs"},{"floor":10,"key":"Ring of Panic"},{"floor":11,"key":"Boot"}],"event_choices":[{"damage_healed":0,"gold_gain":0,"player_choice":"Invest 1","damage_taken":0,"max_hp_gain":0,"max_hp_loss":0,"event_name":"conspire:Investor","floor":7,"gold_loss":0}],"is_beta":false,"boss_relics":[],"items_purged_floors":[],"is_endless":false,"potions_floor_spawned":[1,3],"killed_by":"3 Sentries","ascension_level":0}}