{"host":"61r95uy0hn86b9iu","time":1611719588,"event":{"mods":["AchievementEnabler","BaseMod","Better Vampires","BetterRewards","Colored Powertips","Hubris","Minty Spire (QoL Compilation)","Shop Mod","StSLib"],"gold_per_floor":[113,113,113,129,73,73,87,99,99,111,111,126,45,75,75,146,146,166,4,22,22,22,40,0,0,0,18,18,18,37,49,49,49,49],"floor_reached":33,"language":"ENG","playtime":1447,"items_purged":["Strike_B"],"score":663,"play_id":"dd6f24d7-2bbf-4b9f-8602-85f1f2f7107f","local_time":"20210126215308","is_ascension_mode":true,"campfire_choices":[{"floor":6.0,"key":"REST"},{"floor":11.0,"key":"REST"},{"floor":15.0,"key":"REST"},{"floor":25,"key":"REST"},{"floor":28,"key":"REST"},{"floor":32,"key":"REST"}],"circlet_count":0,"master_deck":["AscendersBane","Strike_B+1","Strike_B+1","Strike_B+1","Defend_B+1","Defend_B+1","Defend_B+1","Defend_B+1","Zap","Dualcast","Capacitor","Tempest+1","Streamline","Conserve Battery","Echo Form","Leap","Defragment","Coolheaded","Defragment","Amplify","hubris:Ukulele","Double Energy","Fission"],"relics":["Cracked Core","Mummified Hand","Incense Burner","Bottled Lightning","Sozu"],"acts_visited":["Exordium","TheCity"],"potions_floor_usage":[],"damage_taken":[{"damage":2.0,"enemies":"Jaw Worm","floor":1.0,"turns":4.0},{"damage":11.0,"enemies":"Cultist","floor":4.0,"turns":4.0},{"damage":0.0,"enemies":"Small Slimes","floor":7.0,"turns":2.0},{"damage":17.0,"enemies":"Exordium Thugs","floor":8.0,"turns":3.0},{"damage":14.0,"enemies":"Gremlin Gang","floor":10.0,"turns":6.0},{"damage":22.0,"enemies":"Exordium Wildlife","floor":12.0,"turns":4.0},{"damage":4.0,"enemies":"Lagavulin","floor":14.0,"turns":5.0},{"damage":18.0,"enemies":"Slime Boss","floor":16.0,"turns":7.0},{"damage":10.0,"enemies":"Shell Parasite","floor":18.0,"turns":6.0},{"damage":17.0,"enemies":"3 Byrds","floor":20.0,"turns":5.0},{"damage":11.0,"enemies":"Snecko","floor":23.0,"turns":4.0},{"damage":28,"enemies":"Snake Plant","floor":27,"turns":4},{"damage":8,"enemies":"Shelled Parasite and Fungi","floor":30,"turns":3},{"damage":2,"enemies":"Centurion and Healer","floor":31,"turns":7},{"damage":46,"enemies":"hubris:MusketHawk","floor":33,"turns":7}],"seed_played":"7888896903304897894","potions_obtained":[{"floor":8.0,"key":"SteroidPotion"},{"floor":10.0,"key":"Strength Potion"},{"floor":14.0,"key":"SkillPotion"}],"is_trial":false,"path_per_floor":["M","?","$","M","$","R","M","M","T","M","R","M","$","E","R","B",null,"M","$","M","?","?","M","?","R","T","M","R","?","M","M","R","B"],"character_chosen":"DEFECT","items_purchased":["Mummified Hand","Capacitor","Tempest","Conserve Battery","Defragment","Defragment"],"campfire_rested":6,"item_purchase_floors":[0,0,0,5,13,19],"current_hp_per_floor":[43,43,43,32,32,53,53,36,36,22,43,21,21,17,38,20,58,48,48,31,31,31,20,20,41,41,13,34,34,26,24,45,0,0],"gold":49,"neow_bonus":"","is_daily":false,"chose_seed":false,"campfire_upgraded":0,"win_rate":0.0,"timestamp":1611719588,"path_taken":["M","?","$","M","?","R","?","M","T","M","R","?","$","E","R","BOSS","M","$","M","?","?","M","?","R","T","?","R","?","M","M","R","BOSS"],"items_purchased_type":["Relic","Card","Card","Card","Card","Card"],"build_version":"2020-12-22","purchased_purges":1,"victory":false,"max_hp_per_floor":[71,71,71,71,71,71,71,71,71,71,71,71,71,71,71,71,71,71,71,71,71,71,71,71,71,71,71,71,71,71,71,71,71,71],"card_choices":[{"not_picked":["Turbo","Barrage"],"picked":"Streamline","floor":1.0},{"not_picked":["Aggregate","Gash","Ball Lightning"],"picked":"SKIP","floor":4.0},{"not_picked":["Consume","Skim"],"picked":"Echo Form","floor":7.0},{"not_picked":["Sweeping Beam","Scrape"],"picked":"Leap","floor":8.0},{"not_picked":["Rebound","Sweeping Beam","Redo"],"picked":"SKIP","floor":10.0},{"not_picked":["Go for the Eyes","Conserve Battery","Blizzard"],"picked":"SKIP","floor":12.0},{"not_picked":["Go for the Eyes","Cold Snap","Reprogram"],"picked":"SKIP","floor":14.0},{"not_picked":["Reinforced Body","Rebound"],"picked":"Coolheaded","floor":18.0},{"not_picked":["Turbo","Stack"],"picked":"Amplify","floor":20.0},{"not_picked":["Coolheaded","Streamline"],"picked":"hubris:Ukulele","floor":23.0},{"not_picked":["Reprogram","Scrape+1"],"picked":"Double Energy","floor":27},{"not_picked":["Beam Cell","Reinforced Body","Barrage"],"picked":"SKIP","floor":30},{"not_picked":["Ball Lightning","Gash"],"picked":"Fission","floor":31}],"player_experience":3319002,"relics_obtained":[{"floor":9.0,"key":"Incense Burner"},{"floor":14.0,"key":"Bottled Lightning"}],"event_choices":[{"damage_healed":0.0,"max_hp_gain":0.0,"max_hp_loss":0.0,"gold_gain":0.0,"event_name":"Upgrade Shrine","player_choice":"Upgraded","floor":2.0,"gold_loss":0.0,"damage_taken":0.0,"cards_upgraded":["Tempest"]},{"damage_healed":0.0,"max_hp_gain":0.0,"max_hp_loss":0.0,"gold_gain":0.0,"event_name":"Cursed Tome","player_choice":"Ignored","floor":21.0,"gold_loss":0.0,"damage_taken":0.0},{"damage_healed":0.0,"max_hp_gain":0.0,"max_hp_loss":0.0,"gold_gain":0.0,"event_name":"The Mausoleum","player_choice":"Ignored","floor":22.0,"gold_loss":0.0,"damage_taken":0.0},{"damage_healed":0,"gold_gain":0,"player_choice":"Paid Fearfully","damage_taken":0,"max_hp_gain":0,"max_hp_loss":0,"event_name":"Masked Bandits","floor":24,"gold_loss":40},{"damage_healed":0,"gold_gain":0,"player_choice":"Simplicity","damage_taken":0,"max_hp_gain":0,"max_hp_loss":0,"event_name":"Back to Basics","floor":29,"gold_loss":0,"cards_upgraded":["Strike_B","Strike_B","Strike_B","Defend_B","Defend_B","Defend_B","Defend_B"]}],"is_beta":false,"boss_relics":[{"not_picked":["Runic Dome","Busted Crown"],"picked":"Sozu"}],"items_purged_floors":[19],"is_endless":false,"potions_floor_spawned":[8,10,14,20,27,30],"killed_by":"hubris:MusketHawk","ascension_level":18}}