{"host":"0ueeacaatm8t6jyh","time":1611769922,"event":{"mods":["AchievementEnabler","BaseMod","Colored Powertips","Minty Spire (QoL Compilation)","Quick Restart","Rare Cards Sparkle","Shop Mod","StSLib"],"gold_per_floor":[111,36,36,36,61,96,96,139,139,153,177,177,215,251,251,251,251],"floor_reached":16,"language":"ZHS","playtime":256,"items_purged":["Defend_P"],"score":240,"play_id":"d7495e9b-c432-4f1d-95ef-94a8da3f30b1","local_time":"20210128015202","is_ascension_mode":true,"campfire_choices":[{"data":"Eruption","floor":7.0,"key":"SMITH"},{"floor":15.0,"key":"REST"}],"circlet_count":0,"master_deck":["AscendersBane","Strike_P","Strike_P","Strike_P","Strike_P","Defend_P","Defend_P","Eruption+1","Vigilance","ClearTheMind","InnerPeace","ForeignInfluence","FollowUp","Crescendo"],"relics":["PureWater","NeowsBlessing","Golden Idol","Bag of Marbles","Pear","Mummified Hand","Juzu Bracelet","Odd Mushroom","Smiling Mask"],"acts_visited":["Exordium"],"potions_floor_usage":[16],"damage_taken":[{"damage":0.0,"enemies":"Cultist","floor":1.0,"turns":1.0},{"damage":0.0,"enemies":"Jaw Worm","floor":5.0,"turns":1.0},{"damage":0.0,"enemies":"Gremlin Nob","floor":6.0,"turns":1.0},{"damage":25.0,"enemies":"Lagavulin","floor":8.0,"turns":4.0},{"damage":0.0,"enemies":"Small Slimes","floor":10.0,"turns":2.0},{"damage":8.0,"enemies":"The Mushroom Lair","floor":13.0,"turns":3.0},{"damage":13.0,"enemies":"Gremlin Nob","floor":14.0,"turns":3.0},{"damage":21,"enemies":"Hexaghost","floor":16,"turns":4}],"seed_played":"-5414974216100376454","potions_obtained":[{"floor":5.0,"key":"BottledMiracle"},{"floor":13.0,"key":"Dexterity Potion"},{"floor":14.0,"key":"EssenceOfSteel"}],"is_trial":false,"path_per_floor":["M","$","?","?","M","E","R","E","T","M","T","?","?","E","R","B"],"character_chosen":"WATCHER","items_purchased":[],"campfire_rested":1,"item_purchase_floors":[],"current_hp_per_floor":[61,61,54,37,37,37,37,22,22,22,22,22,14,1,24,3,3],"gold":251,"neow_bonus":"THREE_ENEMY_KILL","is_daily":false,"chose_seed":false,"campfire_upgraded":1,"win_rate":0.0,"timestamp":1611769922,"path_taken":["M","$","?","?","M","E","R","E","T","M","?","?","?","E","R","BOSS"],"items_purchased_type":[],"build_version":"2020-12-22","purchased_purges":1,"victory":false,"max_hp_per_floor":[68,68,68,68,68,68,68,78,78,78,78,78,78,78,78,78,78],"card_choices":[{"not_picked":["FlurryOfBlows","Protect"],"picked":"ClearTheMind","floor":1.0},{"not_picked":["FlurryOfBlows","SandsOfTime","EmptyMind"],"picked":"SKIP","floor":5.0},{"not_picked":["ThirdEye","FlyingSleeves"],"picked":"InnerPeace","floor":6.0},{"not_picked":["LikeWater","PathToVictory"],"picked":"ForeignInfluence","floor":8.0},{"not_picked":["Sanctity","Vengeance"],"picked":"FollowUp","floor":10.0},{"not_picked":["Collect","LikeWater"],"picked":"Crescendo","floor":14.0}],"player_experience":477808,"relics_obtained":[{"floor":6.0,"key":"Bag of Marbles"},{"floor":8.0,"key":"Pear"},{"floor":9.0,"key":"Mummified Hand"},{"floor":11.0,"key":"Juzu Bracelet"},{"floor":13.0,"key":"Odd Mushroom"},{"floor":14.0,"key":"Smiling Mask"}],"event_choices":[{"cards_removed":["Defend_P"],"damage_healed":0.0,"max_hp_gain":0.0,"max_hp_loss":0.0,"gold_gain":0.0,"event_name":"Golden Wing","player_choice":"Card Removal","floor":3.0,"gold_loss":0.0,"damage_taken":7.0},{"damage_healed":0.0,"max_hp_gain":0.0,"max_hp_loss":0.0,"gold_gain":0.0,"event_name":"Golden Idol","player_choice":"Take Damage","floor":4.0,"gold_loss":0.0,"damage_taken":17.0,"relics_obtained":["Golden Idol"]},{"damage_healed":0.0,"max_hp_gain":0.0,"max_hp_loss":0.0,"gold_gain":0.0,"event_name":"Liars Game","player_choice":"Ignored","floor":12.0,"gold_loss":0.0,"damage_taken":0.0},{"damage_healed":0.0,"max_hp_gain":0.0,"max_hp_loss":0.0,"gold_gain":0.0,"event_name":"Mushrooms","player_choice":"Fought Mushrooms","floor":13.0,"gold_loss":0.0,"damage_taken":0.0}],"is_beta":false,"boss_relics":[],"items_purged_floors":[2],"is_endless":false,"potions_floor_spawned":[5,13,14],"killed_by":"Hexaghost","ascension_level":14}}