{"host":"xzk9bt2l7avnb6n5","time":1611722982,"event":{"mods":["Aspiration","BaseMod","Conspire","Downfall","Highlight Path","Infinite Spire","Minty Spire (QoL Compilation)","Shop Mod","StSLib","The Wild Card"],"gold_per_floor":[0,20,36,36,53,53,76,90,90,125,147,173,73,94,116,222,231,131,155,164,164,83,103,103,103,3,13,13,57,57,84,108,108,108,108],"floor_reached":33,"language":"ENG","playtime":1734,"items_purged":["Pain"],"score":271,"play_id":"5ddac80c-de6e-419e-bfe3-b6ad3ead87ad","local_time":"20210126214942","is_ascension_mode":false,"campfire_choices":[{"floor":1,"key":"RECALL"},{"floor":6,"key":"REST"},{"floor":13,"key":"REST"},{"data":"hexamod:GhostOfSpirePresent","floor":18,"key":"SMITH"},{"floor":26,"key":"REST"},{"floor":30,"key":"REST"}],"circlet_count":0,"master_deck":["hexamod:Strike","hexamod:Strike","hexamod:Strike","hexamod:Strike","hexamod:Defend","hexamod:Defend","hexamod:Defend","hexamod:Defend","hexamod:Sear","hexamod:Float","hexamod:WildfireWeapon+1","hexamod:RecurringNightmare","hexamod:SwordOfDarkness","hexamod:InspiringFlames","hexamod:HeatMetal","hexamod:TimeOfNeed+1","hexamod:Hexaguard","hexamod:InspiringFlames","hexamod:Hexaguard","hexamod:GhostLash","hexamod:GhostOfSpirePresent+1","CurseOfTheBell","hexamod:EmpoweredFlame","hexamod:FlamesFromBeyond","hexamod:SoulSteal+1","hexamod:InspiringFlames","hexamod:PowerFromBeyond","hexamod:EtherealExpedition","hexamod:PhantomCloak+1"],"relics":["hexamod:SpiritBrand","WarpedTongs","CeramicFish","downfall:HeartBlessingGreen","Calling Bell","Bag of Marbles","conspire:BottledYoYo","downfall:HeartBlessingBlue","Nloth\u0027s Gift","Ancient Tea Set","downfall:HeartBlessingRed","Girya","infinitespire:Satchel"],"acts_visited":["Exordium","TheCity"],"potions_floor_usage":[16,16,29,33,33],"damage_taken":[{"damage":3,"enemies":"Jaw Worm","floor":2,"turns":4},{"damage":0,"enemies":"Cultist","floor":3,"turns":3},{"damage":7,"enemies":"Small Slimes","floor":5,"turns":3},{"damage":2,"enemies":"Exordium Thugs","floor":8,"turns":4},{"damage":33,"enemies":"Gremlin Nob","floor":10,"turns":4},{"damage":6,"enemies":"Exordium Wildlife","floor":11,"turns":4},{"damage":25,"enemies":"Gremlin Gang","floor":12,"turns":6},{"damage":18,"enemies":"Blue Slaver","floor":14,"turns":4},{"damage":1,"enemies":"Exordium Wildlife","floor":15,"turns":6},{"damage":18,"enemies":"SI_SHIV_ARCHETYPE","floor":16,"turns":8},{"damage":0,"enemies":"Shell Parasite","floor":19,"turns":3},{"damage":0,"enemies":"downfall:FleeingMerchant","floor":22,"turns":4},{"damage":30,"enemies":"3 Byrds","floor":23,"turns":6},{"damage":0,"enemies":"Snake Plant","floor":27,"turns":3},{"damage":39,"enemies":"conspire:SneckoGhost","floor":29,"turns":9},{"damage":7,"enemies":"Centurion and Healer","floor":31,"turns":6},{"damage":3,"enemies":"conspire:HollyBat","floor":32,"turns":7},{"damage":59,"enemies":"IC_MUSHROOM_ARCHETYPE","floor":33,"turns":8}],"seed_played":"-4532993827567908109","potions_obtained":[{"floor":3,"key":"FairyPotion"},{"floor":5,"key":"Strength Potion"},{"floor":10,"key":"LiquidBronze"},{"floor":27,"key":"Dexterity Potion"},{"floor":31,"key":"LiquidBronze"},{"floor":32,"key":"Explosive Potion"}],"is_trial":false,"path_per_floor":["R","M","M","?","M","R","T","M","?","E","M","M","R","M","M","B",null,"R","M","?","?","$","M","T","?","R","M","?","E","R","M","M","B"],"character_chosen":"THE_SPIRIT","items_purchased":[],"campfire_rested":4,"item_purchase_floors":[],"current_hp_per_floor":[70,67,67,67,60,70,70,68,68,35,29,4,25,7,6,9,70,80,80,80,80,80,50,50,50,74,74,74,35,59,52,49,0,0,0],"gold":108,"neow_bonus":"ONE_RARE_RELIC","is_daily":false,"chose_seed":false,"campfire_upgraded":1,"win_rate":0.0,"timestamp":1611722982,"path_taken":["R","M","M","?","?","R","T","M","?","E","M","M","R","M","M","BOSS","R","M","?","?","$","?","T","?","R","?","?","E","R","M","M","BOSS"],"items_purchased_type":[],"build_version":"2020-12-22","purchased_purges":1,"victory":false,"max_hp_per_floor":[70,70,70,70,70,70,70,70,70,70,70,70,70,70,70,70,70,80,80,80,80,80,80,80,80,80,80,80,80,80,80,80,80,80,80],"card_choices":[{"not_picked":["hexamod:TimeWarp","hexamod:FifthSeal"],"picked":"hexamod:WildfireWeapon","floor":0},{"not_picked":["hexamod:PhantomFireball","hexamod:GhostShield"],"picked":"hexamod:RecurringNightmare","floor":2},{"not_picked":["hexamod:FastForward","hexamod:GhostOfSpirePast"],"picked":"hexamod:SwordOfDarkness","floor":3},{"not_picked":["hexamod:ThermalTransfer","hexamod:TurnItUp"],"picked":"hexamod:InspiringFlames","floor":5},{"not_picked":["hexamod:GhostShield","hexamod:AdvancingGuard"],"picked":"hexamod:HeatMetal","floor":8},{"not_picked":["hexamod:AdvancingGuard","hexamod:Firestarter"],"picked":"hexamod:TimeOfNeed","floor":10},{"not_picked":["hexamod:SpectralSpark","hexamod:EmpoweredFlame"],"picked":"hexamod:Hexaguard","floor":11},{"not_picked":["hexamod:SwordOfDarkness","hexamod:RecurringNightmare"],"picked":"hexamod:InspiringFlames","floor":12},{"not_picked":["hexamod:BurningTouch","hexamod:DynamicBlow"],"picked":"hexamod:Hexaguard","floor":14},{"not_picked":["hexamod:Incineration","hexamod:NecessarySacrifice"],"picked":"hexamod:GhostLash","floor":15},{"not_picked":["hexamod:GhostflameInferno","hexamod:ForkedFlame"],"picked":"hexamod:GhostOfSpirePresent","floor":16},{"not_picked":["hexamod:ShieldOfDarkness+1","hexamod:NightmareGuise"],"picked":"hexamod:EmpoweredFlame","floor":19},{"not_picked":["hexamod:HexaLevel","hexamod:PhantomFireball"],"picked":"hexamod:SoulSteal+1","floor":22},{"not_picked":["hexamod:HeatCrush","hexamod:Firestarter+1"],"picked":"hexamod:InspiringFlames","floor":23},{"not_picked":["hexamod:BacktrackSmack+1","hexamod:RainOfEmbers","hexamod:EmpoweredFlame"],"picked":"SKIP","floor":27},{"not_picked":["hexamod:AdvancingGuard+1","hexamod:TimeWarp"],"picked":"hexamod:PowerFromBeyond","floor":29},{"not_picked":["hexamod:BacktrackSmack+1","hexamod:ShieldOfDarkness+1"],"picked":"hexamod:EtherealExpedition","floor":31},{"not_picked":["hexamod:SuperheatedStrike","hexamod:BacktrackSmack+1"],"picked":"hexamod:PhantomCloak+1","floor":32}],"player_experience":487486,"relics_obtained":[{"floor":10,"key":"CeramicFish"},{"floor":17,"key":"Bag of Marbles"},{"floor":17,"key":"conspire:BottledYoYo"},{"floor":24,"key":"Ancient Tea Set"},{"floor":29,"key":"infinitespire:Satchel"}],"event_choices":[{"damage_healed":0,"gold_gain":0,"player_choice":"Rummage","damage_taken":0,"relics_obtained":["WarpedTongs"],"max_hp_gain":0,"max_hp_loss":0,"event_name":"Accursed Blacksmith","floor":9,"gold_loss":0,"cards_obtained":["Pain"]},{"damage_healed":0,"gold_gain":0,"player_choice":"Read","damage_taken":0,"max_hp_gain":0,"max_hp_loss":0,"event_name":"The Library","floor":20,"gold_loss":0,"cards_obtained":["hexamod:FlamesFromBeyond"]}],"is_beta":false,"boss_relics":[{"not_picked":["Fusion Hammer","infinitespire:Cupcake"],"picked":"Calling Bell"}],"items_purged_floors":[22],"is_endless":false,"potions_floor_spawned":[3,5,8,10,14,27,31,32],"killed_by":"IC_MUSHROOM_ARCHETYPE","ascension_level":0}}