{"host":"tx53bzy9yvi1me7u","time":1611729296,"event":{"mods":["BaseMod","CCEM2","Colored Map","Colored Powertips","Conspire","Highlight Path","Hubris","Mimic Mod","Minty Spire (QoL Compilation)","Permanent Neow","Quick Restart","Replay The Spire","Spicy Shops","StSLib","The Blue Laboratory","Wandering Minibosses"],"gold_per_floor":[111,36,55,67,67,67,79,95,134,134,34,52,66,82,82,181,181,197,272,17,55,66,66,66,98,134,151,165,165,165,177,177,273,273,287,304,304,315,315,341,351,369,403,417,433,460,57,57,57,67,67,67,67],"floor_reached":52,"language":"ENG","playtime":4174,"items_purged":["hubris:Compulsion","theextravagant:SlyStrike","theextravagant:SlyStrike","theextravagant:SlyStrike","theextravagant:Fence"],"score":632,"play_id":"efde8c83-a021-4bf7-aa26-d269dd8c68bc","local_time":"20210127013456","is_ascension_mode":false,"campfire_choices":[{"data":"Crow Ritual","floor":6.0,"key":"SMITH"},{"data":"Scrape","floor":10.0,"key":"SMITH"},{"data":"theextravagant:Tension","floor":15.0,"key":"SMITH"},{"data":"Burst","floor":23.0,"key":"SMITH"},{"data":"Acrobatics","floor":29.0,"key":"SMITH"},{"data":"theextravagant:GlyphOfChoice","floor":32.0,"key":"SMITH"},{"floor":51,"key":"RECALL"}],"circlet_count":0,"master_deck":["theextravagant:Fence","theextravagant:Fence","theextravagant:Fence","theextravagant:QuickAttack","theextravagant:Triumph","Crow Ritual+1","theextravagant:Tension+1","theextravagant:RustyBuckler","theextravagant:Comeback","Scrape+1","theextravagant:StepBack","Finesse+1","Burst+1","theextravagant:GlyphOfChoice+1","theextravagant:StepBack","hubris:Insight+1","Acrobatics+1","Escape Plan","Acrobatics+1","Flex+1","theextravagant:GarbageCannon+1","ReplayTheSpireMod:Splinters","Deflect","Deflect","theextravagant:Comeback"],"relics":["theextravagant:TranslucentFeather","PrismaticShard","Pen Nib","CCEMRelics:DarkMatter","CCEMRelics:TinyMinotavrHorn","hubris:Towel","Replay:Baseball","hubris:SphereOfDissonance","CCEMRelics:WhiteRose","Cursed Key","hubris:Icosahedron","CCEMRelics:GrindingGear","Replay:Kaleidoscope","FossilizedHelix","CCEMRelics:PorcelainBowl"],"acts_visited":["Exordium","TheCity","TheBeyond"],"potions_floor_usage":[],"damage_taken":[{"damage":5.0,"enemies":"Jaw Worm","floor":1.0,"turns":4.0},{"damage":0.0,"enemies":"2 Louse","floor":3.0,"turns":3.0},{"damage":0.0,"enemies":"Cultist","floor":4.0,"turns":4.0},{"damage":19.0,"enemies":"Exordium Thugs","floor":7.0,"turns":6.0},{"damage":13.0,"enemies":"Gremlin Gang","floor":8.0,"turns":5.0},{"damage":2.0,"enemies":"Blue Slaver","floor":9.0,"turns":5.0},{"damage":0.0,"enemies":"Blue Slaver","floor":12.0,"turns":3.0},{"damage":0.0,"enemies":"Large Slime","floor":13.0,"turns":3.0},{"damage":1.0,"enemies":"Exordium Wildlife","floor":14.0,"turns":4.0},{"damage":12.0,"enemies":"Hexaghost","floor":16.0,"turns":4.0},{"damage":1.0,"enemies":"Spheric Guardian","floor":18.0,"turns":4.0},{"damage":8.0,"enemies":"Chosen","floor":21.0,"turns":7.0},{"damage":27.0,"enemies":"Chosen","floor":22.0,"turns":6.0},{"damage":0.0,"enemies":"Gremlin Leader","floor":25.0,"turns":3.0},{"damage":0.0,"enemies":"3 Cultists","floor":26.0,"turns":4.0},{"damage":5.0,"enemies":"3 Cultists","floor":27.0,"turns":3.0},{"damage":12.0,"enemies":"Snake Plant","floor":28.0,"turns":3.0},{"damage":0.0,"enemies":"Chosen and Byrds","floor":31.0,"turns":2.0},{"damage":1.0,"enemies":"Champ","floor":33.0,"turns":2.0},{"damage":1.0,"enemies":"3 Darklings","floor":35.0,"turns":2.0},{"damage":9.0,"enemies":"3 Shapes","floor":36.0,"turns":3.0},{"damage":8.0,"enemies":"Jaw Worm Horde","floor":38.0,"turns":2.0},{"damage":39.0,"enemies":"Reptomancer","floor":40.0,"turns":3.0},{"damage":0.0,"enemies":"3 Darklings","floor":41.0,"turns":2.0},{"damage":3.0,"enemies":"Maw","floor":42.0,"turns":3.0},{"damage":0.0,"enemies":"4 Shapes","floor":43.0,"turns":2.0},{"damage":9.0,"enemies":"4 Shapes","floor":44.0,"turns":4.0},{"damage":0.0,"enemies":"Writhing Mass","floor":45.0,"turns":2.0},{"damage":0.0,"enemies":"R_Hoarder","floor":46.0,"turns":3.0},{"damage":0.0,"enemies":"3 Darklings","floor":50.0,"turns":2.0},{"damage":10,"enemies":"conspire:OrnateMirror","floor":52,"turns":1}],"seed_played":"-9066546554585289460","potions_obtained":[{"floor":1.0,"key":"DuplicationPotion"},{"floor":3.0,"key":"Swift Potion"},{"floor":13.0,"key":"BlessingOfTheForge"},{"floor":18.0,"key":"Strength Potion"},{"floor":40.0,"key":"blueLaboratory:BottleOfRum"},{"floor":42.0,"key":"Adrenaline Potion"},{"floor":44.0,"key":"DuplicationPotion"},{"floor":46.0,"key":"Elixir"}],"is_trial":false,"path_per_floor":["M","$","M","M","?","R","M","M","MIM","R","$","M","M","M","R","B",null,"M","?","$","MIM","M","R","?","E","MIM","M","M","R","?","M","R","B",null,"M","M","?","M","?","E","M","M","MIM","M","M","E","$","PTL","PTL","M","R","B"],"character_chosen":"THE_EXTRAVAGANT","items_purchased":["theextravagant:GlyphOfChoice","theextravagant:StepBack","theextravagant:Comeback"],"campfire_rested":0,"item_purchase_floors":[20,20,47],"current_hp_per_floor":[70,70,70,70,70,70,51,38,36,36,36,36,36,35,35,23,75,74,67,67,59,32,32,32,32,32,27,15,15,15,15,15,14,75,74,65,65,57,57,18,18,15,15,6,6,6,6,6,6,6,6,0,0],"gold":67,"neow_bonus":"RANDOM_COLORLESS_2","is_daily":false,"chose_seed":false,"campfire_upgraded":6,"win_rate":0.0,"timestamp":1611729296,"path_taken":["M","$","M","M","?","R","M","M","MIM","R","$","M","M","?","R","BOSS","M","?","$","?","M","R","?","E","MIM","M","?","R","?","?","R","BOSS","M","M","?","M","?","E","?","M","MIM","M","M","E","$","PTL","PTL","M","R","BOSS"],"items_purchased_type":["Card","Card","Card"],"build_version":"2020-12-22","purchased_purges":5,"victory":false,"max_hp_per_floor":[75,75,75,75,75,75,75,75,75,75,75,75,75,75,75,75,75,75,75,75,75,75,75,75,75,75,75,75,75,75,75,75,75,75,75,75,75,75,75,75,75,75,75,75,75,75,75,75,75,75,75,75,75],"card_choices":[{"not_picked":["ReplayUltimateDefense","Violence"],"picked":"Crow Ritual","floor":0.0},{"not_picked":["theextravagant:SharpTalons","theextravagant:Razor"],"picked":"theextravagant:Tension","floor":1.0},{"not_picked":["theextravagant:Glamour","theextravagant:Cutthroat"],"picked":"theextravagant:RustyBuckler","floor":3.0},{"not_picked":["theextravagant:HeavyBlows","theextravagant:PerfectTheBasics"],"picked":"theextravagant:Comeback","floor":4.0},{"not_picked":["Blizzard","FlyingSleeves"],"picked":"Scrape","floor":7.0},{"not_picked":["Warcry","JustLucky"],"picked":"theextravagant:StepBack","floor":8.0},{"not_picked":["Blizzard","FlyingSleeves"],"picked":"Finesse","floor":9.0},{"not_picked":["EmptyFist","conspire:ExplosiveBarrier","Quick Slash"],"picked":"SKIP","floor":12.0},{"not_picked":["theextravagant:Twitch","Grand Finale","CrushJoints"],"picked":"SKIP","floor":13.0},{"not_picked":["WheelKick","Conserve Battery","Flechettes"],"picked":"SKIP","floor":14.0},{"not_picked":["Storm of Steel","Phantasmal Killer"],"picked":"Burst","floor":16.0},{"not_picked":["theextravagant:Impulse","theextravagant:ShootingStar","Uppercut"],"picked":"SKIP","floor":18.0},{"not_picked":["Cold Snap+1","hubris:SlightOfHand"],"picked":"hubris:Insight+1","floor":21.0},{"not_picked":["Acrobatics","theextravagant:HeavyBlows","Replay:BluntJabs"],"picked":"SKIP","floor":22.0},{"not_picked":["theextravagant:HeavyBlows","Replay:BluntJabs"],"picked":"Acrobatics","floor":22.0},{"not_picked":["Consecrate","Replay:Undeath\u0027s Touch","Thunderclap"],"picked":"SKIP","floor":25.0},{"not_picked":["Dagger Throw","PathToVictory"],"picked":"Escape Plan","floor":26.0},{"not_picked":["Dodge and Roll","Compile Driver+1"],"picked":"Acrobatics+1","floor":27.0},{"not_picked":["theextravagant:Precaution+1","Establishment","theextravagant:SharpTalons"],"picked":"SKIP","floor":28.0},{"not_picked":["hubris:Ukulele","Spot Weakness","BasicCrystalCard"],"picked":"SKIP","floor":31.0},{"not_picked":["Study","PathToVictory+1","Barrage"],"picked":"SKIP","floor":35.0},{"not_picked":["ReplayTheSpireMod:Fabricate Wheel","Ghostly Armor+1","Predator"],"picked":"SKIP","floor":36.0},{"not_picked":["Wireheading+1","ReplayTheSpireMod:Uncanny Aura","Clothesline+1"],"picked":"SKIP","floor":38.0},{"not_picked":["ReplaySolidLightProjector+1","Headbutt"],"picked":"Flex+1","floor":40.0},{"not_picked":["Berserk","Steam","Reckless Charge+1"],"picked":"SKIP","floor":41.0},{"not_picked":["conspire:ExplosiveBarrier+1","BowlingBash+1"],"picked":"theextravagant:GarbageCannon+1","floor":42.0},{"not_picked":["ReplayTheSpireMod:GoodbyeWorld+1","theextravagant:Riot+1"],"picked":"Deflect","floor":43.0},{"not_picked":["Shrug It Off+1","Stack","theextravagant:Castle"],"picked":"SKIP","floor":44.0},{"not_picked":["hubris:SlightOfHand","ReplayTheSpireMod:Corrosion Curse"],"picked":"Deflect","floor":45.0},{"not_picked":["Battle Trance","Replay:Bootleg Shield Generator+1","Protect"],"picked":"SKIP","floor":46.0},{"not_picked":["Clash+1","Glacier+1","Replay:BluntJabs"],"picked":"SKIP","floor":50.0}],"player_experience":495484,"relics_obtained":[{"floor":9.0,"key":"Pen Nib"},{"floor":21.0,"key":"CCEMRelics:TinyMinotavrHorn"},{"floor":25.0,"key":"Replay:Baseball"},{"floor":26.0,"key":"hubris:SphereOfDissonance"},{"floor":26.0,"key":"CCEMRelics:WhiteRose"},{"floor":40.0,"key":"CCEMRelics:GrindingGear"},{"floor":43.0,"key":"Replay:Kaleidoscope"},{"floor":43.0,"key":"FossilizedHelix"},{"floor":46.0,"key":"CCEMRelics:PorcelainBowl"}],"event_choices":[{"damage_healed":0.0,"max_hp_gain":0.0,"max_hp_loss":0.0,"gold_gain":75.0,"event_name":"FaceTrader","player_choice":"Touch","floor":19.0,"gold_loss":0.0,"damage_taken":7.0},{"cards_removed":["theextravagant:SlyStrike"],"damage_healed":0.0,"max_hp_gain":0.0,"max_hp_loss":0.0,"gold_gain":0.0,"event_name":"Purifier","player_choice":"Purged","floor":30.0,"gold_loss":0.0,"damage_taken":0.0},{"damage_healed":0.0,"max_hp_gain":0.0,"max_hp_loss":0.0,"gold_gain":0.0,"event_name":"Upgrade Shrine","player_choice":"Upgraded","floor":39.0,"gold_loss":0.0,"damage_taken":0.0,"cards_upgraded":["Finesse"]}],"is_beta":false,"boss_relics":[{"not_picked":["hubris:RunicObelisk","Calling Bell"],"picked":"CCEMRelics:DarkMatter"},{"not_picked":["Replay:Ancient Bell","Snecko Eye"],"picked":"Cursed Key"}],"items_purged_floors":[2,11,20,47,47],"is_endless":false,"potions_floor_spawned":[1,3,13,18,25,27,40,42,44,46],"killed_by":"conspire:OrnateMirror","ascension_level":0}}