{"host":"nx6t4q2fc0vdue7l","time":1611782224,"event":{"mods":["2.2 Compatiblity","BaseMod","Minty Spire (QoL Compilation)"],"gold_per_floor":[113,125,125,125,136,155,167,195,222,254,155,168,168,168,168,270,270,280,293,293,293,293],"floor_reached":21,"language":"ENG","playtime":1921,"items_purged":["Defend_R"],"score":229,"play_id":"0040a359-fd12-40d9-a43a-69c9c05fb5ba","local_time":"20210127221704","is_ascension_mode":true,"campfire_choices":[{"data":"Seeing Red","floor":13,"key":"SMITH"},{"floor":15,"key":"REST"}],"circlet_count":0,"master_deck":["Strike_R","Strike_R","Strike_R","Defend_R","Defend_R","Defend_R","Bash","Shockwave","Twin Strike","Disarm","Pommel Strike","Twin Strike","Heavy Blade","Infernal Blade","Flex","Seeing Red+1","Shrug It Off","Double Tap","Metallicize","Iron Wave+1"],"relics":["Burning Blood","NeowsBlessing","Centennial Puzzle","Tiny Chest","Dream Catcher","Sozu"],"acts_visited":["Exordium","TheCity"],"potions_floor_usage":[10,10,16,16],"damage_taken":[{"damage":0,"enemies":"Small Slimes","floor":1,"turns":1},{"damage":0,"enemies":"2 Louse","floor":2,"turns":1},{"damage":0,"enemies":"Cultist","floor":5,"turns":1},{"damage":16,"enemies":"Exordium Wildlife","floor":6,"turns":5},{"damage":14,"enemies":"Blue Slaver","floor":7,"turns":4},{"damage":27,"enemies":"Gremlin Nob","floor":8,"turns":4},{"damage":23,"enemies":"Lagavulin","floor":10,"turns":7},{"damage":11,"enemies":"Looter","floor":12,"turns":2},{"damage":34,"enemies":"The Guardian","floor":16,"turns":9},{"damage":20,"enemies":"2 Thieves","floor":18,"turns":4},{"damage":30,"enemies":"Spheric Guardian","floor":19,"turns":4},{"damage":28,"enemies":"Snecko","floor":21,"turns":4}],"seed_played":"-7231663155291224715","potions_obtained":[{"floor":1,"key":"SneckoOil"},{"floor":2,"key":"PowerPotion"},{"floor":7,"key":"ElixirPotion"},{"floor":10,"key":"LiquidBronze"},{"floor":16,"key":"ColorlessPotion"}],"is_trial":false,"path_per_floor":["M","M","?","?","M","M","M","E","T","E","$","M","R","$","R","B",null,"M","M","?","M"],"character_chosen":"IRONCLAD","items_purchased":["Flex"],"campfire_rested":1,"item_purchase_floors":[11],"current_hp_per_floor":[80,80,80,80,80,70,62,41,41,24,24,19,19,19,43,15,80,66,42,27,0,0],"gold":293,"neow_bonus":"THREE_ENEMY_KILL","is_daily":false,"chose_seed":false,"campfire_upgraded":1,"win_rate":0.0,"timestamp":1611782224,"path_taken":["M","M","?","?","?","M","M","E","T","E","$","M","R","$","R","BOSS","M","M","?","M"],"items_purchased_type":["Card"],"build_version":"2020-12-22","purchased_purges":1,"victory":false,"max_hp_per_floor":[80,80,80,80,80,80,80,80,80,80,80,80,80,80,80,80,80,80,80,85,85,85],"card_choices":[{"not_picked":["Second Wind","Flame Barrier"],"picked":"Shockwave","floor":1},{"not_picked":["Fire Breathing","True Grit"],"picked":"Twin Strike","floor":2},{"not_picked":["Feel No Pain","Rampage"],"picked":"Disarm","floor":5},{"not_picked":["Clash","Havoc"],"picked":"Pommel Strike","floor":6},{"not_picked":["Rage","Clash"],"picked":"Twin Strike","floor":7},{"not_picked":["Ghostly Armor","Dark Embrace"],"picked":"Heavy Blade","floor":8},{"not_picked":["Hemokinesis","Headbutt"],"picked":"Infernal Blade","floor":10},{"not_picked":["Second Wind","Dark Embrace"],"picked":"Seeing Red","floor":12},{"not_picked":["Feel No Pain","Heavy Blade"],"picked":"Shrug It Off","floor":15},{"not_picked":["Immolate","Offering"],"picked":"Double Tap","floor":16},{"not_picked":["Twin Strike","Perfected Strike+1"],"picked":"Metallicize","floor":18},{"not_picked":["Combust","Evolve"],"picked":"Iron Wave+1","floor":19}],"player_experience":319245,"relics_obtained":[{"floor":8,"key":"Centennial Puzzle"},{"floor":9,"key":"Tiny Chest"},{"floor":10,"key":"Dream Catcher"}],"event_choices":[{"cards_removed":["Strike_R"],"damage_healed":0,"gold_gain":0,"player_choice":"Forget","damage_taken":0,"max_hp_gain":0,"max_hp_loss":0,"event_name":"Living Wall","floor":3,"gold_loss":0},{"cards_removed":["Strike_R"],"damage_healed":0,"gold_gain":0,"player_choice":"Purged","damage_taken":0,"max_hp_gain":0,"max_hp_loss":0,"event_name":"Purifier","floor":4,"gold_loss":0},{"damage_healed":0,"gold_gain":0,"player_choice":"Shed Blood","damage_taken":20,"max_hp_gain":5,"max_hp_loss":0,"event_name":"Forgotten Altar","floor":20,"gold_loss":0}],"is_beta":false,"boss_relics":[{"not_picked":["Runic Dome","Coffee Dripper"],"picked":"Sozu"}],"items_purged_floors":[11],"is_endless":false,"potions_floor_spawned":[1,2,7,8,10,16],"killed_by":"Snecko","ascension_level":4}}