{"host":"mydft8i2zzydgggw","time":1611784707,"event":{"mods":["AchievementEnabler","BaseMod","BetterRewards","Colored Map","Colored Powertips","DeckTracker","Keyboard Shortcuts","Minty Spire (QoL Compilation)","Rare Cards Sparkle","StSLib","SuperFastMode","everything is the same but u backflip on backflip"],"gold_per_floor":[112,112,124,124,124,124,124,142,190,190,209,227,250,250,250],"floor_reached":14,"language":"KOR","playtime":137,"items_purged":[],"score":127,"play_id":"4806a1d1-60db-4e95-9260-e30ebaf78f2c","local_time":"20210128065827","is_ascension_mode":true,"campfire_choices":[{"data":"Eruption","floor":6,"key":"SMITH"}],"circlet_count":0,"master_deck":["AscendersBane","Strike_P","Strike_P","Strike_P","Defend_P","Defend_P","Defend_P","Defend_P","Eruption+1","Vigilance","Adaptation","Adaptation","MentalFortress","FearNoEvil"],"relics":["PureWater","NeowsBlessing","Art of War","Golden Idol","Boot"],"acts_visited":["Exordium"],"potions_floor_usage":[12,14],"damage_taken":[{"damage":0,"enemies":"2 Louse","floor":1,"turns":1},{"damage":0,"enemies":"Cultist","floor":3,"turns":1},{"damage":0,"enemies":"Jaw Worm","floor":8,"turns":1},{"damage":29,"enemies":"3 Louse","floor":11,"turns":4},{"damage":12,"enemies":"Exordium Thugs","floor":12,"turns":5},{"damage":0,"enemies":"Large Slime","floor":13,"turns":5},{"damage":20,"enemies":"3 Sentries","floor":14,"turns":2}],"seed_played":"-7345291322921506378","potions_obtained":[{"floor":11,"key":"Energy Potion"},{"floor":13,"key":"LiquidBronze"}],"is_trial":false,"path_per_floor":["M","?","M","?","?","R","?","M","T","?","M","M","M","E"],"character_chosen":"WATCHER","items_purchased":[],"campfire_rested":0,"item_purchase_floors":[],"current_hp_per_floor":[65,65,65,65,65,65,65,65,65,58,29,17,17,0,0],"gold":250,"neow_bonus":"THREE_ENEMY_KILL","is_daily":false,"chose_seed":false,"campfire_upgraded":1,"win_rate":0.0,"timestamp":1611784707,"path_taken":["M","?","?","?","?","R","?","?","T","?","M","M","M","E"],"items_purchased_type":[],"build_version":"2020-12-22","purchased_purges":0,"victory":false,"max_hp_per_floor":[72,72,72,72,67,67,67,67,67,67,67,67,67,67,67],"card_choices":[{"not_picked":["FollowUp","Consecrate"],"picked":"Adaptation","floor":1},{"not_picked":["Prostrate","Crescendo"],"picked":"Adaptation","floor":3},{"not_picked":["Crescendo","SashWhip"],"picked":"MentalFortress","floor":8},{"not_picked":["ThirdEye","JustLucky","SandsOfTime"],"picked":"SKIP","floor":11},{"not_picked":["Vengeance","FlyingSleeves"],"picked":"FearNoEvil","floor":12},{"not_picked":["Judgement","CarveReality","FollowUp"],"picked":"SKIP","floor":13}],"player_experience":224061,"relics_obtained":[{"floor":2,"key":"Art of War"},{"floor":9,"key":"Boot"}],"event_choices":[{"damage_healed":0,"gold_gain":0,"player_choice":"Relic","damage_taken":0,"max_hp_gain":0,"max_hp_loss":0,"event_name":"Wheel of Change","floor":2,"gold_loss":0},{"damage_healed":0,"gold_gain":0,"player_choice":"Ignored","damage_taken":0,"max_hp_gain":0,"max_hp_loss":0,"event_name":"Shining Light","floor":4,"gold_loss":0},{"damage_healed":0,"gold_gain":0,"player_choice":"Lose Max HP","damage_taken":0,"relics_obtained":["Golden Idol"],"max_hp_gain":0,"max_hp_loss":5,"event_name":"Golden Idol","floor":5,"gold_loss":0},{"damage_healed":0,"gold_gain":0,"player_choice":"Ignored","damage_taken":0,"max_hp_gain":0,"max_hp_loss":0,"event_name":"Liars Game","floor":7,"gold_loss":0},{"cards_removed":["Strike_P"],"damage_healed":0,"gold_gain":0,"player_choice":"Card Removal","damage_taken":7,"max_hp_gain":0,"max_hp_loss":0,"event_name":"Golden Wing","floor":10,"gold_loss":0}],"is_beta":false,"boss_relics":[],"items_purged_floors":[],"is_endless":false,"potions_floor_spawned":[11,13],"killed_by":"3 Sentries","ascension_level":11}}