{"host":"e1pm3b7xpcm97e5w","time":1611769978,"event":{"mods":["BaseMod","Better Skull","Googly Eyes","Minty Spire (QoL Compilation)","Relic Stats","Shop Mod","Spicy Shops","StSLib"],"gold_per_floor":[109,125,14,14,26,26,53,53,53,53,53,63,63,76,76,76,76],"floor_reached":16,"language":"ENG","playtime":301,"items_purged":["Strike_G"],"score":190,"play_id":"ed74e50a-5526-4e04-8f21-700cb302f149","local_time":"20210127125258","is_ascension_mode":true,"campfire_choices":[{"data":"Footwork","floor":6.0,"key":"SMITH"},{"data":"Flechettes","floor":8.0,"key":"SMITH"},{"data":"Caltrops","floor":11.0,"key":"SMITH"},{"data":"Catalyst","floor":13.0,"key":"SMITH"},{"data":"Poisoned Stab","floor":15.0,"key":"SMITH"}],"circlet_count":0,"master_deck":["AscendersBane","Strike_G","Strike_G","Defend_G","Defend_G","Defend_G","Defend_G","Defend_G","Survivor","Neutralize","Caltrops+1","Catalyst+1","Footwork+1","Flechettes+1","Poisoned Stab+1","Cloak And Dagger"],"relics":["Ring of the Snake","NeowsBlessing","Bottled Flame","Bag of Marbles"],"acts_visited":["Exordium"],"potions_floor_usage":[16],"damage_taken":[{"damage":0.0,"enemies":"Cultist","floor":1.0,"turns":1.0},{"damage":0.0,"enemies":"Small Slimes","floor":2.0,"turns":2.0},{"damage":0.0,"enemies":"Jaw Worm","floor":5.0,"turns":1.0},{"damage":16.0,"enemies":"Lagavulin","floor":7.0,"turns":7.0},{"damage":0.0,"enemies":"Looter","floor":12.0,"turns":4.0},{"damage":0.0,"enemies":"Exordium Wildlife","floor":14.0,"turns":3.0},{"damage":46,"enemies":"Slime Boss","floor":16,"turns":7}],"seed_played":"3738559319626721116","potions_obtained":[{"floor":1.0,"key":"SkillPotion"},{"floor":12.0,"key":"AttackPotion"}],"is_trial":false,"path_per_floor":["M","M","$","?","M","R","E","R","T","?","R","M","R","M","R","B"],"character_chosen":"THE_SILENT","items_purchased":["Footwork"],"campfire_rested":0,"item_purchase_floors":[3],"current_hp_per_floor":[59,59,59,59,59,59,43,43,43,43,43,43,43,43,43,0,0],"gold":76,"neow_bonus":"THREE_ENEMY_KILL","is_daily":false,"chose_seed":false,"campfire_upgraded":5,"win_rate":0.0,"timestamp":1611769978,"path_taken":["M","M","?","?","?","R","E","R","T","?","R","M","R","M","R","BOSS"],"items_purchased_type":["Card"],"build_version":"2020-12-22","purchased_purges":1,"victory":false,"max_hp_per_floor":[66,66,66,66,66,66,66,66,66,66,66,66,66,66,66,66,66],"relic_stats":{"counters":[7,25],"obtain_stats":[{"Bottled Flame":7,"NeowsBlessing":0,"Bag of Marbles":9,"Ring of the Snake":0},{"Bottled Flame":4,"NeowsBlessing":0,"Bag of Marbles":4,"Ring of the Snake":0},{"Bottled Flame":11,"NeowsBlessing":0,"Bag of Marbles":11,"Ring of the Snake":0}],"Ring of the Snake":[14]},"card_choices":[{"not_picked":["Catalyst","Masterful Stab"],"picked":"Caltrops","floor":1.0},{"not_picked":["Eviscerate","Prepared"],"picked":"Catalyst","floor":2.0},{"not_picked":["Quick Slash","Dodge and Roll"],"picked":"Flechettes","floor":5.0},{"not_picked":["Concentrate","Sucker Punch"],"picked":"Poisoned Stab","floor":7.0},{"not_picked":["Dagger Spray","Sucker Punch","Flying Knee"],"picked":"SKIP","floor":12.0},{"not_picked":["Poisoned Stab","Storm of Steel"],"picked":"Cloak And Dagger","floor":14.0}],"player_experience":596962,"relics_obtained":[{"floor":7.0,"key":"Bottled Flame"},{"floor":9.0,"key":"Bag of Marbles"}],"event_choices":[{"cards_removed":["Strike_G"],"damage_healed":0.0,"max_hp_gain":0.0,"max_hp_loss":0.0,"gold_gain":0.0,"event_name":"Bonfire Elementals","player_choice":"Offered Basic","floor":4.0,"gold_loss":0.0,"damage_taken":0.0},{"cards_removed":["Strike_G"],"damage_healed":0.0,"max_hp_gain":0.0,"max_hp_loss":0.0,"gold_gain":0.0,"event_name":"Purifier","player_choice":"Purged","floor":10.0,"gold_loss":0.0,"damage_taken":0.0}],"is_beta":false,"boss_relics":[],"items_purged_floors":[3],"is_endless":false,"potions_floor_spawned":[1,12],"killed_by":"Slime Boss","ascension_level":18}}