{"host":"7nm0k1qxv8apt5wn","time":1611771396,"event":{"mods":["AchievementEnabler","BaseMod","Block Reminder","Colored Map","Colored Powertips","DeckTracker","Highlight Path","Minty Spire (QoL Compilation)","Quick Restart","Rare Cards Sparkle","SuperFastMode","Unceasing Turn Reminder","everything is the same but u backflip on backflip"],"gold_per_floor":[112,35,50,50,50,83,83,112,185,197,147,147,158,168,168,266,266,281,293,307,232,252,252,103,103,103,118,19,19,19,38,38,38,38],"floor_reached":33,"language":"ENG","playtime":2381,"items_purged":["Strike_P"],"score":282,"play_id":"fbaa1237-0473-43bd-8493-9b00fe9cb82b","local_time":"20210127131636","is_ascension_mode":false,"campfire_choices":[{"data":"Eruption","floor":7.0,"key":"SMITH"},{"data":"CutThroughFate","floor":15.0,"key":"SMITH"},{"floor":23.0,"key":"REST"},{"data":"ThirdEye","floor":25.0,"key":"SMITH"},{"data":"Defend_P","floor":29,"key":"SMITH"},{"floor":32,"key":"REST"}],"circlet_count":0,"master_deck":["Defend_P+1","Defend_P","Defend_P","Defend_P+1","Eruption+1","Vigilance","ThirdEye+1","DeusExMachina","Consecrate","CutThroughFate+1","Halt","CutThroughFate","DevaForm","SashWhip","FollowUp","BowlingBash","Sanctity+1","ThirdEye+1","Prostrate","Evaluate","EmptyBody"],"relics":["PureWater","NeowsBlessing","Mummified Hand","Ginger","Singing Bowl","SacredBark","Orrery","War Paint"],"acts_visited":["Exordium","TheCity"],"potions_floor_usage":[27,31],"damage_taken":[{"damage":0.0,"enemies":"Jaw Worm","floor":1.0,"turns":1.0},{"damage":0.0,"enemies":"Cultist","floor":3.0,"turns":1.0},{"damage":0.0,"enemies":"3 Sentries","floor":6.0,"turns":1.0},{"damage":13.0,"enemies":"Gremlin Nob","floor":8.0,"turns":4.0},{"damage":0.0,"enemies":"2 Louse","floor":10.0,"turns":1.0},{"damage":4.0,"enemies":"2 Fungi Beasts","floor":13.0,"turns":4.0},{"damage":0.0,"enemies":"Blue Slaver","floor":14.0,"turns":3.0},{"damage":48.0,"enemies":"Hexaghost","floor":16.0,"turns":13.0},{"damage":14.0,"enemies":"3 Byrds","floor":18.0,"turns":7.0},{"damage":15.0,"enemies":"2 Thieves","floor":19.0,"turns":5.0},{"damage":30.0,"enemies":"Chosen and Byrds","floor":20.0,"turns":7.0},{"damage":6.0,"enemies":"Centurion and Healer","floor":22.0,"turns":7.0},{"damage":4,"enemies":"3 Cultists","floor":27,"turns":5},{"damage":23,"enemies":"Sentry and Sphere","floor":31,"turns":6},{"damage":47,"enemies":"Collector","floor":33,"turns":5}],"seed_played":"-3940927340670310726","potions_obtained":[{"floor":6.0,"key":"Fire Potion"},{"floor":8.0,"key":"AttackPotion"},{"floor":13.0,"key":"BottledMiracle"},{"floor":16.0,"key":"SneckoOil"},{"floor":19.0,"key":"BottledMiracle"},{"floor":27,"key":"EssenceOfSteel"}],"is_trial":false,"path_per_floor":["M","$","M","?","T","E","R","E","T","M","?","?","M","M","R","B",null,"M","M","M","?","M","R","$","R","T","M","$","R","$","M","R","B"],"character_chosen":"WATCHER","items_purchased":["DeusExMachina","Orrery","Evaluate"],"campfire_rested":2,"item_purchase_floors":[2,24,28],"current_hp_per_floor":[72,72,72,72,72,72,72,59,59,59,59,59,57,57,57,9,74,60,47,17,17,13,36,40,40,40,36,36,36,36,13,37,0,0],"gold":38,"neow_bonus":"THREE_ENEMY_KILL","is_daily":false,"chose_seed":false,"campfire_upgraded":4,"win_rate":0.0,"timestamp":1611771396,"path_taken":["M","$","M","?","?","E","R","E","T","?","?","?","M","M","R","BOSS","M","M","M","?","M","R","$","R","T","M","$","R","$","M","R","BOSS"],"items_purchased_type":["Card","Relic","Card"],"build_version":"2020-12-22","purchased_purges":1,"victory":false,"max_hp_per_floor":[72,72,72,72,72,72,72,72,72,72,72,72,74,74,74,74,74,74,76,76,76,78,78,82,82,82,82,82,82,82,82,82,82,82],"card_choices":[{"not_picked":["FlurryOfBlows","Adaptation"],"picked":"ThirdEye","floor":1.0},{"not_picked":["SandsOfTime","FlyingSleeves"],"picked":"Consecrate","floor":3.0},{"not_picked":["Vengeance","Weave","Study"],"picked":"SKIP","floor":6.0},{"not_picked":["Alpha","LikeWater"],"picked":"CutThroughFate","floor":8.0},{"not_picked":["InnerPeace","Study"],"picked":"Halt","floor":10.0},{"not_picked":["Halt","Perseverance","PathToVictory"],"picked":"Singing Bowl","floor":13.0},{"not_picked":["Halt","Evaluate"],"picked":"CutThroughFate","floor":14.0},{"not_picked":["Scrawl","Blasphemy"],"picked":"DevaForm","floor":16.0},{"not_picked":["FlyingSleeves+1","JustLucky"],"picked":"SashWhip","floor":18.0},{"not_picked":["SignatureMove","ClearTheMind","ThirdEye"],"picked":"Singing Bowl","floor":19.0},{"not_picked":["SandsOfTime","WaveOfTheHand"],"picked":"FollowUp","floor":20.0},{"not_picked":["FlurryOfBlows+1","EmptyMind","CutThroughFate"],"picked":"Singing Bowl","floor":22.0},{"not_picked":["CutThroughFate","JustLucky","SandsOfTime+1"],"picked":"Singing Bowl","floor":24.0},{"not_picked":["CutThroughFate","Crescendo"],"picked":"BowlingBash","floor":24.0},{"not_picked":["Prostrate","Study+1"],"picked":"Sanctity","floor":24.0},{"not_picked":["Halt","Omniscience","JustLucky"],"picked":"Singing Bowl","floor":24.0},{"not_picked":["CutThroughFate","DeceiveReality"],"picked":"ThirdEye+1","floor":24.0},{"not_picked":["Conclude","Pray"],"picked":"Prostrate","floor":27},{"not_picked":["WaveOfTheHand","Halt"],"picked":"EmptyBody","floor":31}],"player_experience":270373,"relics_obtained":[{"floor":6.0,"key":"Mummified Hand"},{"floor":8.0,"key":"Ginger"},{"floor":9.0,"key":"Singing Bowl"},{"floor":26.0,"key":"War Paint"}],"event_choices":[{"damage_healed":0.0,"max_hp_gain":0.0,"max_hp_loss":0.0,"gold_gain":0.0,"event_name":"Liars Game","player_choice":"Ignored","floor":4.0,"gold_loss":0.0,"damage_taken":0.0},{"cards_removed":["Strike_P"],"damage_healed":0.0,"max_hp_gain":0.0,"max_hp_loss":0.0,"gold_gain":0.0,"event_name":"The Cleric","player_choice":"Card Removal","floor":11.0,"gold_loss":50.0,"damage_taken":0.0},{"cards_removed":["Strike_P"],"damage_healed":0.0,"max_hp_gain":0.0,"max_hp_loss":0.0,"gold_gain":0.0,"event_name":"Living Wall","player_choice":"Forget","floor":12.0,"gold_loss":0.0,"damage_taken":0.0},{"cards_removed":["Strike_P"],"damage_healed":0.0,"max_hp_gain":0.0,"max_hp_loss":0.0,"gold_gain":0.0,"event_name":"Beggar","player_choice":"Gave Gold","floor":21.0,"gold_loss":75.0,"damage_taken":0.0}],"is_beta":false,"boss_relics":[{"not_picked":["Snecko Eye","Black Star"],"picked":"SacredBark"}],"items_purged_floors":[28],"is_endless":false,"potions_floor_spawned":[6,8,13,16,19,27],"killed_by":"Collector","ascension_level":0}}