{"host":"dvdvdvm357cut69v","time":1611765272,"event":{"mods":["BaseMod","Downfall","Minty Spire (QoL Compilation)","StSLib"],"gold_per_floor":[0,16,16,16,34,34,34,34,64,75,104,119,119,131,149,149,149,149],"floor_reached":16,"language":"ENG","playtime":1056,"items_purged":[],"score":118,"play_id":"481b00af-61e1-4fd0-95e8-c4acca340c0c","local_time":"20210127193432","is_ascension_mode":true,"campfire_choices":[{"floor":1,"key":"RECALL"},{"data":"Guardian:ShieldCharger","floor":6,"key":"SMITH"},{"data":"Guardian:Strike_Guardian","floor":8,"key":"SMITH"}],"circlet_count":0,"master_deck":["Guardian:Strike_Guardian+1","Guardian:Strike_Guardian","Guardian:Strike_Guardian","Guardian:Strike_Guardian","Guardian:Defend_Guardian","Guardian:Defend_Guardian","Guardian:Defend_Guardian","Guardian:Defend_Guardian","Guardian:CurlUp+1","Guardian:TwinSlam+1","Guardian:Gem_Yellow","Guardian:Gem_Blue","Guardian:Gem_Purple","Guardian:ChargeUp+1","Regret","Guardian:ShieldCharger+1","Guardian:TemporalShield","Guardian:VentSteam","Guardian:SphericShield","Guardian:Emergency","Guardian:Incinerate"],"relics":["Guardian:ModeShifter","Guardian:SackOfGems","downfall:BrokenWingStatue","Meat on the Bone","Orichalcum","Lantern"],"acts_visited":["Exordium"],"potions_floor_usage":[9,11,16,16,16],"damage_taken":[{"damage":0,"enemies":"2 Louse","floor":2,"turns":3},{"damage":4,"enemies":"Jaw Worm","floor":5,"turns":4},{"damage":17,"enemies":"Lagavulin","floor":9,"turns":6},{"damage":3,"enemies":"Small Slimes","floor":10,"turns":4},{"damage":18,"enemies":"3 Sentries","floor":11,"turns":9},{"damage":1,"enemies":"Exordium Wildlife","floor":12,"turns":4},{"damage":6,"enemies":"Large Slime","floor":14,"turns":8},{"damage":2,"enemies":"Lots of Slimes","floor":15,"turns":4},{"damage":52,"enemies":"downfall:Defect","floor":16,"turns":11}],"seed_played":"-4111824908422856705","potions_obtained":[{"floor":2,"key":"Regen Potion"},{"floor":5,"key":"ColorlessPotion"},{"floor":12,"key":"Guardian:DefensiveModePotion"},{"floor":14,"key":"AttackPotion"},{"floor":15,"key":"Weak Potion"}],"is_trial":false,"path_per_floor":["R","M","?","?","M","R","T","R","E","M","E","M","?","M","M","B"],"character_chosen":"GUARDIAN","items_purchased":[],"campfire_rested":0,"item_purchase_floors":[],"current_hp_per_floor":[80,80,80,80,76,76,76,76,59,56,53,52,52,46,44,0,0,0],"gold":149,"neow_bonus":"ONE_RARE_RELIC","is_daily":false,"chose_seed":false,"campfire_upgraded":2,"win_rate":0.0,"timestamp":1611765272,"path_taken":["R","M","?","?","M","R","T","R","E","M","E","M","?","M","M","BOSS"],"items_purchased_type":[],"build_version":"2020-12-13","purchased_purges":0,"victory":false,"max_hp_per_floor":[80,80,80,80,80,80,80,80,80,80,80,80,80,80,80,80,80,80],"card_choices":[{"not_picked":["Guardian:WalkerClaw","Guardian:PolyBeam"],"picked":"Guardian:ChargeUp","floor":2},{"not_picked":["Guardian:SpikerProtocol","Guardian:PrismaticBarrier"],"picked":"Guardian:ShieldCharger","floor":5},{"not_picked":["Guardian:Gem_Lightblue","Guardian:PolyBeam"],"picked":"Guardian:TemporalShield","floor":9},{"not_picked":["Guardian:PrimingBeam","Guardian:TemporalShield"],"picked":"Guardian:VentSteam","floor":10},{"not_picked":["Guardian:PiercingHide","Guardian:GuardianWhirl"],"picked":"Guardian:SphericShield","floor":11},{"not_picked":["Guardian:Recover","Guardian:Preprogram"],"picked":"Guardian:Emergency","floor":12},{"not_picked":["Guardian:Gem_Green","Guardian:Recover","Guardian:VentSteam"],"picked":"SKIP","floor":14},{"not_picked":["Guardian:ConstructionForm","Guardian:PrimingBeam"],"picked":"Guardian:Incinerate","floor":15}],"player_experience":92594,"relics_obtained":[{"floor":7,"key":"Meat on the Bone"},{"floor":9,"key":"Orichalcum"},{"floor":11,"key":"Lantern"}],"event_choices":[],"is_beta":false,"boss_relics":[],"items_purged_floors":[],"is_endless":false,"potions_floor_spawned":[2,5,12,14,15],"killed_by":"downfall:Defect","ascension_level":1}}