{"host":"jlw4slqoq862puwo","time":1611752649,"event":{"mods":["BaseMod","DeckTracker","Dota2Spire","Highlight Path","Minty Spire (QoL Compilation)","Quick Restart","StSLib","SuperFastMode"],"gold_per_floor":[13,13,13,13,37,37,70,70,91,91,91,61,61,95,95,138,138,263,263,288,198,13,112,135,135,168,181,181,181,250,288,312,312,312,337,337,463,463,476,496,496,829,173,173,200,210,210,210,234,268,218,250,270,280,280,280,280,280,37,69,69],"floor_reached":62,"language":"ENG","playtime":1435,"items_purged":["Strike_R","Strike_R"],"score":1501,"play_id":"48127915-f2cb-4677-bf32-63768ed606b2","local_time":"20210127140409","is_ascension_mode":true,"campfire_choices":[{"data":"Bash","floor":6,"key":"SMITH"},{"data":"Disarm","floor":8,"key":"SMITH"},{"data":"Combust","floor":13,"key":"SMITH"},{"floor":15,"key":"REST"},{"data":"Fire Breathing","floor":17,"key":"SMITH"},{"data":"Blood for Blood","floor":25,"key":"SMITH"},{"data":"Barricade","floor":28,"key":"SMITH"},{"floor":33,"key":"REST"},{"data":"Corruption","floor":36,"key":"SMITH"},{"data":"Shrug It Off","floor":44,"key":"SMITH"},{"data":"Flame Barrier","floor":47,"key":"SMITH"},{"floor":55,"key":"RECALL"},{"data":"Feel No Pain","floor":58,"key":"SMITH"}],"circlet_count":0,"master_deck":["Strike_R+1","Defend_R","Defend_R","Defend_R","Defend_R","Bash+1","Corruption+1","Hemokinesis+1","Feel No Pain+1","Disarm+1","Combust+1","Fire Breathing+1","Barricade+1","Blood for Blood+1","Shrug It Off","Headbutt","Second Wind","Shrug It Off+1","Flame Barrier+1","Shrug It Off+1","Infernal Blade+1","Shrug It Off","PanicButton","Disarm+1"],"relics":["Burning Blood","TungstenRod","White Beast Statue","Centennial Puzzle","Bronze Scales","Dota2Spire:MonkeyKingBar","Dota2Spire:RefresherOrb","Lee\u0027s Waffle","Dota2Spire:Vanguard","Smiling Mask","Matryoshka","Happy Flower","Mark of Pain","Dota2Spire:EyeOfSkadi","Potion Belt","Medical Kit","Dota2Spire:PowerTreads","Dota2Spire:PhaseBoots","Dota2Spire:AghanimScepter","Toy Ornithopter","InkBottle","Nunchaku","ClockworkSouvenir","Dota2Spire:BlackKingBar"],"acts_visited":["Exordium","TheCity","TheBeyond","TheEnding"],"potions_floor_usage":[37,37,60,61,61,61],"damage_taken":[{"damage":13,"enemies":"Jaw Worm","floor":1,"turns":3},{"damage":5,"enemies":"2 Louse","floor":5,"turns":3},{"damage":20,"enemies":"3 Sentries","floor":7,"turns":10},{"damage":2,"enemies":"Small Slimes","floor":9,"turns":3},{"damage":14,"enemies":"Gremlin Nob","floor":14,"turns":3},{"damage":10,"enemies":"Lagavulin","floor":16,"turns":6},{"damage":11,"enemies":"Hexaghost","floor":18,"turns":7},{"damage":11,"enemies":"2 Thieves","floor":20,"turns":4},{"damage":2,"enemies":"Shell Parasite","floor":24,"turns":4},{"damage":38,"enemies":"Slavers","floor":26,"turns":4},{"damage":12,"enemies":"Centurion and Healer","floor":27,"turns":5},{"damage":6,"enemies":"Gremlin Leader","floor":31,"turns":6},{"damage":1,"enemies":"Snecko","floor":32,"turns":3},{"damage":2,"enemies":"Snake Plant","floor":35,"turns":4},{"damage":23,"enemies":"Champ","floor":37,"turns":7},{"damage":4,"enemies":"Orb Walker","floor":39,"turns":3},{"damage":1,"enemies":"3 Shapes","floor":40,"turns":3},{"damage":2,"enemies":"Nemesis","floor":45,"turns":5},{"damage":1,"enemies":"3 Darklings","floor":46,"turns":4},{"damage":3,"enemies":"Giant Head","floor":50,"turns":8},{"damage":4,"enemies":"Reptomancer","floor":52,"turns":6},{"damage":3,"enemies":"Jaw Worm Horde","floor":53,"turns":3},{"damage":2,"enemies":"Sphere and 2 Shapes","floor":54,"turns":3},{"damage":15,"enemies":"Awakened One","floor":56,"turns":7},{"damage":7,"enemies":"Shield and Spear","floor":60,"turns":4},{"damage":4,"enemies":"The Heart","floor":61,"turns":8}],"seed_played":"8973008451032393855","potions_obtained":[{"floor":5,"key":"Dota2Spire:Clarity"},{"floor":12,"key":"SneckoOil"},{"floor":12,"key":"Explosive Potion"},{"floor":14,"key":"Explosive Potion"},{"floor":18,"key":"Block Potion"},{"floor":24,"key":"CultistPotion"},{"floor":35,"key":"DuplicationPotion"},{"floor":37,"key":"SpeedPotion"},{"floor":39,"key":"Dexterity Potion"},{"floor":45,"key":"SneckoOil"},{"floor":46,"key":"Ancient Potion"},{"floor":53,"key":"Swift Potion"},{"floor":54,"key":"BloodPotion"},{"floor":60,"key":"Fruit Juice"}],"is_trial":false,"path_per_floor":["M","$","?","?","M","R","E","R","M","T","T","?","R","E","R","E","R","B",null,"M","?","$","?","M","R","E","M","R","T","T","E","M","R","?","M","R","B",null,"M","M","?","?","$","R","E","M","R","T","T","E","$","E","M","M","R","B",null,"R","$","E","B",null],"character_chosen":"IRONCLAD","items_purchased":["Blood for Blood","Lee\u0027s Waffle","Dota2Spire:EyeOfSkadi","Potion Belt","Medical Kit","ClockworkSouvenir","PanicButton"],"campfire_rested":2,"item_purchase_floors":[22,22,43,43,43,59,59],"current_hp_per_floor":[73,73,73,73,74,74,60,60,64,64,64,64,64,56,74,70,70,65,74,69,69,81,81,81,81,49,43,43,43,43,43,48,72,72,76,76,59,81,81,81,81,81,86,86,86,86,86,86,86,86,86,86,86,86,86,77,86,86,86,91,91],"gold":69,"neow_bonus":"THREE_RARE_CARDS","is_daily":false,"chose_seed":false,"campfire_upgraded":10,"win_rate":0.0,"timestamp":1611752649,"path_taken":["M","$","?","?","M","R","E","R","M","T","T","?","R","E","R","E","R","BOSS","M","?","$","?","M","R","E","M","R","T","T","E","M","R","?","M","R","BOSS","M","M","?","?","$","R","E","M","R","T","T","E","?","E","M","M","R","BOSS","R","$","E","BOSS"],"items_purchased_type":["Card","Relic","Relic","Relic","Relic","Relic","Card"],"build_version":"2020-12-22","purchased_purges":2,"victory":true,"max_hp_per_floor":[80,80,80,74,74,74,74,74,74,74,74,74,74,74,74,74,74,74,74,74,74,81,81,81,81,81,81,81,81,81,81,81,81,81,81,81,81,81,81,81,81,81,86,86,86,86,86,86,86,86,86,86,86,86,86,86,86,86,86,91,91],"card_choices":[{"not_picked":["Juggernaut","Barricade"],"picked":"Corruption","floor":0},{"not_picked":["Twin Strike","Sever Soul"],"picked":"Hemokinesis","floor":1},{"not_picked":["Twin Strike","Bloodletting"],"picked":"Feel No Pain","floor":5},{"not_picked":["Entrench","Whirlwind"],"picked":"Disarm","floor":7},{"not_picked":["Sword Boomerang","Twin Strike"],"picked":"Combust","floor":9},{"not_picked":["Warcry","Twin Strike","Bloodletting"],"picked":"SKIP","floor":14},{"not_picked":["Warcry","Twin Strike","Bloodletting"],"picked":"SKIP","floor":14},{"not_picked":["Bloodletting","Rage"],"picked":"Fire Breathing","floor":16},{"not_picked":["Reaper","Limit Break"],"picked":"Barricade","floor":18},{"not_picked":["Bloodletting","Anger","Armaments"],"picked":"SKIP","floor":20},{"not_picked":["Cleave","Fire Breathing","Infernal Blade"],"picked":"SKIP","floor":24},{"not_picked":["True Grit","Reckless Charge+1"],"picked":"Shrug It Off","floor":26},{"not_picked":["Twin Strike","Heavy Blade+1"],"picked":"Headbutt","floor":27},{"not_picked":["Shrug It Off","Intimidate+1"],"picked":"Second Wind","floor":31},{"not_picked":["Thunderclap+1","Fiend Fire"],"picked":"Shrug It Off+1","floor":32},{"not_picked":["Twin Strike+1","Clothesline","Pommel Strike"],"picked":"SKIP","floor":35},{"not_picked":["Anger+1","Dropkick+1"],"picked":"Shrug It Off","floor":39},{"not_picked":["Twin Strike","Clothesline+1","Pummel+1"],"picked":"SKIP","floor":40},{"not_picked":["Clothesline","Blood for Blood","Cleave"],"picked":"SKIP","floor":45},{"not_picked":["Anger","Sword Boomerang","Hemokinesis"],"picked":"SKIP","floor":46},{"not_picked":["Juggernaut","Carnage+1","Uppercut+1"],"picked":"SKIP","floor":50},{"not_picked":["Armaments","Perfected Strike+1"],"picked":"Infernal Blade+1","floor":52},{"not_picked":["Sword Boomerang","Heavy Blade+1"],"picked":"Shrug It Off","floor":53},{"not_picked":["Body Slam","True Grit","Twin Strike"],"picked":"SKIP","floor":54},{"not_picked":["Iron Wave","Feed"],"picked":"Disarm+1","floor":60}],"player_experience":17470,"relics_obtained":[{"floor":7,"key":"TungstenRod"},{"floor":10,"key":"White Beast Statue"},{"floor":11,"key":"Centennial Puzzle"},{"floor":14,"key":"Bronze Scales"},{"floor":16,"key":"Dota2Spire:MonkeyKingBar"},{"floor":26,"key":"Dota2Spire:Vanguard"},{"floor":29,"key":"Smiling Mask"},{"floor":30,"key":"Matryoshka"},{"floor":31,"key":"Happy Flower"},{"floor":45,"key":"Dota2Spire:PowerTreads"},{"floor":48,"key":"Dota2Spire:PhaseBoots"},{"floor":48,"key":"Dota2Spire:AghanimScepter"},{"floor":49,"key":"Toy Ornithopter"},{"floor":50,"key":"InkBottle"},{"floor":52,"key":"Nunchaku"},{"floor":60,"key":"Dota2Spire:BlackKingBar"}],"event_choices":[{"damage_healed":0,"gold_gain":0,"player_choice":"Grow","damage_taken":0,"max_hp_gain":0,"max_hp_loss":0,"event_name":"Living Wall","floor":3,"gold_loss":0,"cards_upgraded":["Hemokinesis"]},{"damage_healed":0,"gold_gain":0,"player_choice":"Lose Max HP","damage_taken":0,"relics_obtained":["Golden Idol"],"max_hp_gain":0,"max_hp_loss":6,"event_name":"Golden Idol","floor":4,"gold_loss":0},{"damage_healed":0,"gold_gain":0,"player_choice":"Bought 2 Potions","damage_taken":0,"max_hp_gain":0,"max_hp_loss":0,"event_name":"The Woman in Blue","floor":12,"gold_loss":0},{"cards_removed":["Strike_R"],"damage_healed":0,"gold_gain":0,"player_choice":"Upgrade and Remove","damage_taken":0,"max_hp_gain":0,"max_hp_loss":0,"event_name":"Designer","floor":21,"gold_loss":90,"cards_upgraded":["Strike_R"]},{"damage_healed":0,"gold_gain":99,"player_choice":"Stole From Cult","damage_taken":0,"max_hp_gain":0,"max_hp_loss":0,"event_name":"Nest","floor":23,"gold_loss":0},{"damage_healed":0,"gold_gain":0,"player_choice":"Read","damage_taken":0,"max_hp_gain":0,"max_hp_loss":0,"event_name":"The Library","floor":34,"gold_loss":0,"cards_obtained":["Flame Barrier"]},{"cards_removed":["Strike_R"],"damage_healed":0,"gold_gain":0,"player_choice":"Removed Attack","damage_taken":0,"max_hp_gain":0,"max_hp_loss":0,"event_name":"Falling","floor":41,"gold_loss":0},{"damage_healed":0,"gold_gain":333,"player_choice":"Gave Idol","damage_taken":0,"max_hp_gain":0,"max_hp_loss":0,"event_name":"The Moai Head","floor":42,"relics_lost":["Golden Idol"],"gold_loss":0}],"is_beta":false,"boss_relics":[{"not_picked":["Runic Dome","Runic Cube"],"picked":"Dota2Spire:RefresherOrb"},{"not_picked":["Runic Pyramid","Black Blood"],"picked":"Mark of Pain"}],"items_purged_floors":[43,51],"is_endless":false,"potions_floor_spawned":[5,14,16,18,20,24,26,27,31,32,35,37,39,40,45,46,50,52,53,54,60],"ascension_level":1}}