{"host":"d744ndivyohnro60","time":1611717893,"event":{"mods":["BaseMod","Bestiary","Colored Powertips","Minty Spire (QoL Compilation)","Relic Stats"],"gold_per_floor":[113,113,131,142,157,189,189,214,260,311,311,311,322,63,63,164,164,182,32,32,32,42,42,74,74,101,120,132,132,132,145,145,244,244,254,254,254,274,324,324,336,336,360,360,159,177,227,237,237,237],"floor_reached":51,"language":"ENG","playtime":1888,"items_purged":["Go for the Eyes","Streamline"],"score":793,"play_id":"23a91848-50c0-4356-9eb7-abe8093e6ace","local_time":"20210126222453","is_ascension_mode":true,"campfire_choices":[{"data":"Double Energy","floor":11,"key":"SMITH"},{"data":"Buffer","floor":15,"key":"SMITH"},{"data":"Defragment","floor":23,"key":"SMITH"},{"floor":30,"key":"REST"},{"data":"Loop","floor":32,"key":"SMITH"},{"floor":40,"key":"REST"},{"data":"Panache","floor":44,"key":"SMITH"},{"floor":49,"key":"DIG"}],"circlet_count":0,"master_deck":["Zap","Melter","Double Energy+1","Amplify","Hyperbeam","Hyperbeam+1","Force Field","Blizzard+1","Cold Snap","Undo+1","Reboot","Leap+1","Loop+1","Buffer+1","Cold Snap","Machine Learning","Heatsinks+1","Defragment+1","Stack","Consume","Storm","Cold Snap+1","Stack+1","Creative AI","Glacier+1","Panache+1","Turbo+1","Ball Lightning+1","Turbo+1","Stack+1","Double Energy+1","Glacier+1"],"relics":["Pandora\u0027s Box","Gremlin Horn","White Beast Statue","Whetstone","Smiling Mask","Pen Nib","Philosopher\u0027s Stone","Tiny Chest","Happy Flower","Boot","Lantern","Inserter","Lizard Tail","Shuriken","Centennial Puzzle","DataDisk","Shovel","Mercury Hourglass"],"acts_visited":["Exordium","TheCity","TheBeyond"],"potions_floor_usage":[16,16,16,22,24,28,31,33,33,38,39,39,39,46,47,47,50,50],"damage_taken":[{"damage":0,"enemies":"Small Slimes","floor":1,"turns":1},{"damage":0,"enemies":"Cultist","floor":3,"turns":2},{"damage":9,"enemies":"Jaw Worm","floor":4,"turns":2},{"damage":0,"enemies":"Exordium Wildlife","floor":5,"turns":1},{"damage":16,"enemies":"3 Sentries","floor":6,"turns":4},{"damage":6,"enemies":"Gremlin Nob","floor":8,"turns":3},{"damage":0,"enemies":"2 Fungi Beasts","floor":13,"turns":1},{"damage":13,"enemies":"The Guardian","floor":16,"turns":9},{"damage":0,"enemies":"Chosen","floor":18,"turns":4},{"damage":0,"enemies":"Spheric Guardian","floor":22,"turns":1},{"damage":37,"enemies":"Slavers","floor":24,"turns":2},{"damage":0,"enemies":"Snake Plant","floor":27,"turns":3},{"damage":6,"enemies":"Sentry and Sphere","floor":28,"turns":5},{"damage":0,"enemies":"Snecko","floor":31,"turns":3},{"damage":0,"enemies":"Automaton","floor":33,"turns":8},{"damage":24,"enemies":"Orb Walker","floor":35,"turns":4},{"damage":18,"enemies":"3 Shapes","floor":38,"turns":2},{"damage":0,"enemies":"Mind Bloom Boss Battle","floor":39,"turns":6},{"damage":0,"enemies":"Sphere and 2 Shapes","floor":41,"turns":3},{"damage":0,"enemies":"Maw","floor":46,"turns":6},{"damage":19,"enemies":"2 Orb Walkers","floor":47,"turns":2},{"damage":0,"enemies":"Spire Growth","floor":48,"turns":6},{"damage":20,"enemies":"Time Eater","floor":50,"turns":10}],"seed_played":"-2953354320332524548","potions_obtained":[{"floor":1,"key":"CultistPotion"},{"floor":6,"key":"Swift Potion"},{"floor":8,"key":"AttackPotion"},{"floor":13,"key":"Fire Potion"},{"floor":16,"key":"AttackPotion"},{"floor":18,"key":"PowerPotion"},{"floor":22,"key":"PotionOfCapacity"},{"floor":24,"key":"FearPotion"},{"floor":27,"key":"Fire Potion"},{"floor":28,"key":"Energy Potion"},{"floor":31,"key":"PowerPotion"},{"floor":33,"key":"PotionOfCapacity"},{"floor":35,"key":"PowerPotion"},{"floor":38,"key":"LiquidBronze"},{"floor":39,"key":"AttackPotion"},{"floor":41,"key":"Explosive Potion"},{"floor":46,"key":"EssenceOfDarkness"},{"floor":47,"key":"LiquidBronze"},{"floor":48,"key":"CultistPotion"}],"is_trial":false,"path_per_floor":["M","?","M","M","M","E","?","E","T","T","R","?","M","$","R","B",null,"M","$","?","?","M","R","E","?","T","M","M","T","R","M","R","B",null,"M","?","?","M","?","R","M","T","T","R","$","M","?","M","R","B",null],"character_chosen":"DEFECT","items_purchased":["Buffer","Cold Snap","Tiny Chest","DataDisk"],"campfire_rested":2,"item_purchase_floors":[14,14,19,45],"current_hp_per_floor":[75,75,75,66,66,50,50,44,44,44,44,44,44,44,44,31,75,75,75,75,75,75,75,38,38,38,38,32,32,54,54,54,54,75,51,51,51,33,33,54,54,54,54,54,54,54,35,35,35,15],"gold":237,"neow_bonus":"BOSS_RELIC","is_daily":false,"chose_seed":false,"campfire_upgraded":5,"win_rate":0.0,"timestamp":1611717893,"path_taken":["M","?","M","M","?","E","?","E","T","?","R","?","M","$","R","BOSS","M","$","?","?","M","R","E","?","T","M","M","?","R","M","R","BOSS","M","?","?","M","?","R","M","?","T","R","$","M","?","M","R","BOSS"],"items_purchased_type":["Card","Card","Relic","Relic"],"build_version":"2020-12-22","purchased_purges":2,"victory":true,"max_hp_per_floor":[75,75,75,75,75,75,75,75,75,75,75,75,75,75,75,75,75,75,75,75,75,75,75,75,75,75,75,75,75,75,75,75,75,75,75,71,71,71,71,71,71,71,71,71,71,71,71,71,71,71],"relic_stats":{"Inserter":[19],"Gremlin Horn":[7,8],"Happy Flower":[19],"counters":[23,87],"Pen Nib":[10],"Whetstone":["Blizzard","Hyperbeam"],"Smiling Mask":75,"Boot":[1],"Mercury Hourglass":[24],"Lizard Tail":0,"Centennial Puzzle":[6],"Shovel":1,"Shuriken":[4],"Pandora\u0027s Box":["Melter","Double Energy","Amplify","Hyperbeam","Hyperbeam","Force Field","Blizzard","Go for the Eyes"],"Tiny Chest":2,"obtain_stats":[{"Lantern":29,"Inserter":34,"Gremlin Horn":2,"Happy Flower":24,"Pen Nib":10,"Whetstone":8,"Smiling Mask":9,"Boot":26,"White Beast Statue":6,"Mercury Hourglass":49,"Lizard Tail":39,"Centennial Puzzle":43,"DataDisk":45,"Shovel":47,"Shuriken":42,"Pandora\u0027s Box":0,"Philosopher\u0027s Stone":17,"Tiny Chest":19,"Cracked Core":0},{"Lantern":13,"Inserter":15,"Gremlin Horn":1,"Happy Flower":11,"Pen Nib":6,"Whetstone":6,"Smiling Mask":6,"Boot":11,"White Beast Statue":5,"Mercury Hourglass":22,"Lizard Tail":18,"Centennial Puzzle":19,"DataDisk":19,"Shovel":21,"Shuriken":19,"Pandora\u0027s Box":0,"Philosopher\u0027s Stone":8,"Tiny Chest":9,"Cracked Core":0},{"Lantern":37,"Inserter":48,"Gremlin Horn":1,"Happy Flower":30,"Pen Nib":13,"Whetstone":13,"Smiling Mask":13,"Boot":30,"White Beast Statue":10,"Mercury Hourglass":77,"Lizard Tail":60,"Centennial Puzzle":63,"DataDisk":63,"Shovel":71,"Shuriken":63,"Pandora\u0027s Box":0,"Philosopher\u0027s Stone":23,"Tiny Chest":27,"Cracked Core":0}]},"card_choices":[{"not_picked":["Auto Shields","Go for the Eyes"],"picked":"Streamline","floor":1},{"not_picked":["Coolheaded","Steam"],"picked":"Cold Snap","floor":3},{"not_picked":["Rebound","Streamline"],"picked":"Undo","floor":4},{"not_picked":["Ball Lightning","Barrage"],"picked":"Chaos","floor":5},{"not_picked":["Steam Power","FTL"],"picked":"Reboot","floor":6},{"not_picked":["Rip and Tear","Hologram"],"picked":"Leap","floor":8},{"not_picked":["Compile Driver","Rebound"],"picked":"Loop","floor":13},{"not_picked":["Hyperbeam","Reboot"],"picked":"Machine Learning","floor":16},{"not_picked":["Compile Driver","Rip and Tear"],"picked":"Heatsinks+1","floor":18},{"not_picked":["Redo+1","Consume+1"],"picked":"Defragment","floor":22},{"not_picked":["Capacitor","Fission"],"picked":"Stack","floor":24},{"not_picked":["Leap","Compile Driver"],"picked":"Storm","floor":27},{"not_picked":["Compile Driver","Redo"],"picked":"Cold Snap+1","floor":28},{"not_picked":["Glacier","Streamline"],"picked":"Stack+1","floor":31},{"not_picked":["Hyperbeam","Machine Learning"],"picked":"Creative AI","floor":33},{"not_picked":["Doom and Gloom+1","Turbo"],"picked":"Glacier+1","floor":35},{"not_picked":["Jack Of All Trades","PanicButton"],"picked":"Panache","floor":37},{"not_picked":["Go for the Eyes+1","Doom and Gloom+1"],"picked":"Turbo+1","floor":38},{"not_picked":["BootSequence","Lockon"],"picked":"Ball Lightning+1","floor":39},{"not_picked":["Skim","Gash+1"],"picked":"Turbo+1","floor":41},{"not_picked":["Gash+1","Coolheaded+1"],"picked":"Stack+1","floor":46},{"not_picked":["Heatsinks+1","Go for the Eyes"],"picked":"Double Energy+1","floor":47},{"not_picked":["Beam Cell","Barrage+1"],"picked":"Glacier+1","floor":48}],"player_experience":147553,"relics_obtained":[{"floor":6,"key":"White Beast Statue"},{"floor":8,"key":"Whetstone"},{"floor":9,"key":"Smiling Mask"},{"floor":10,"key":"Pen Nib"},{"floor":24,"key":"Happy Flower"},{"floor":26,"key":"Boot"},{"floor":29,"key":"Lantern"},{"floor":39,"key":"Lizard Tail"},{"floor":42,"key":"Shuriken"},{"floor":43,"key":"Centennial Puzzle"},{"floor":47,"key":"Shovel"},{"floor":49,"key":"Mercury Hourglass"}],"event_choices":[{"damage_healed":0,"gold_gain":0,"player_choice":"Gave Potion","damage_taken":0,"relics_obtained":["Gremlin Horn"],"max_hp_gain":0,"max_hp_loss":0,"event_name":"WeMeetAgain","floor":2,"gold_loss":0},{"damage_healed":0,"gold_gain":0,"player_choice":"Grow","damage_taken":0,"max_hp_gain":0,"max_hp_loss":0,"event_name":"Living Wall","floor":7,"gold_loss":0,"cards_upgraded":["Undo"]},{"damage_healed":0,"gold_gain":0,"player_choice":"Upgraded","damage_taken":0,"max_hp_gain":0,"max_hp_loss":0,"event_name":"Upgrade Shrine","floor":12,"gold_loss":0,"cards_upgraded":["Leap"]},{"cards_removed":["Chaos"],"damage_healed":0,"gold_gain":0,"player_choice":"Elegance","damage_taken":0,"max_hp_gain":0,"max_hp_loss":0,"event_name":"Back to Basics","floor":20,"gold_loss":0},{"damage_healed":0,"gold_gain":0,"player_choice":"Ignored","damage_taken":0,"max_hp_gain":0,"max_hp_loss":0,"event_name":"Vampires","floor":21,"gold_loss":0},{"damage_healed":0,"gold_gain":0,"cards_transformed":["Dualcast"],"player_choice":"Transformed","damage_taken":0,"max_hp_gain":0,"max_hp_loss":0,"event_name":"Transmorgrifier","floor":25,"gold_loss":0,"cards_obtained":["Consume"]},{"damage_healed":0,"gold_gain":0,"player_choice":"Max HP","damage_taken":0,"max_hp_gain":0,"max_hp_loss":4,"event_name":"Winding Halls","floor":36,"gold_loss":0},{"damage_healed":0,"gold_gain":0,"player_choice":"Memory 1","damage_taken":0,"max_hp_gain":0,"max_hp_loss":0,"event_name":"SensoryStone","floor":37,"gold_loss":0},{"damage_healed":0,"gold_gain":0,"player_choice":"Fight","damage_taken":0,"max_hp_gain":0,"max_hp_loss":0,"event_name":"MindBloom","floor":39,"gold_loss":0},{"damage_healed":0,"gold_gain":0,"player_choice":"Fight","damage_taken":0,"max_hp_gain":0,"max_hp_loss":0,"event_name":"Mysterious Sphere","floor":47,"gold_loss":0}],"is_beta":false,"boss_relics":[{"not_picked":["Empty Cage","Fusion Hammer"],"picked":"Philosopher\u0027s Stone"},{"not_picked":["Cursed Key","Calling Bell"],"picked":"Inserter"}],"items_purged_floors":[14,45],"is_endless":false,"potions_floor_spawned":[1,6,8,13,16,18,22,24,27,28,31,33,35,38,39,41,46,47,48],"ascension_level":2}}