{"host":"f0gpob8hq9vgebej","time":1611706195,"event":{"mods":["AchievementEnabler","BaseMod","Minty Spire (QoL Compilation)","Quick Restart","SuperFastMode"],"gold_per_floor":[15,35,55,75,90,117,117,136,136,136,154,168,10,30,30,125,125,137,137,148,161,161,161,161],"floor_reached":23,"language":"KOR","playtime":523,"items_purged":["Strike_G"],"score":322,"play_id":"a578a3cb-10ae-41ad-b146-d641b0dcc4e8","local_time":"20210127090955","is_ascension_mode":true,"campfire_choices":[{"data":"Accuracy","floor":7,"key":"SMITH"},{"data":"Blade Dance","floor":10,"key":"SMITH"},{"floor":15,"key":"REST"}],"circlet_count":0,"master_deck":["AscendersBane","Strike_G","Strike_G","Strike_G","Strike_G","Defend_G","Defend_G","Defend_G","Defend_G","Defend_G","Survivor","Neutralize","Blade Dance+1","Flechettes","Dagger Spray","Backflip","Prepared","Accuracy+1","Escape Plan","Noxious Fumes","Bandage Up","After Image+1","Blade Dance","Blade Dance"],"relics":["Ring of the Snake","TungstenRod","Matryoshka","PreservedInsect","WristBlade"],"acts_visited":["Exordium","TheCity"],"potions_floor_usage":[6,14,16,16,20,22],"damage_taken":[{"damage":1.0,"enemies":"Cultist","floor":1.0,"turns":5.0},{"damage":4,"enemies":"Jaw Worm","floor":2,"turns":3},{"damage":0,"enemies":"Small Slimes","floor":3,"turns":2},{"damage":12,"enemies":"Looter","floor":4,"turns":4},{"damage":3,"enemies":"Red Slaver","floor":5,"turns":5},{"damage":14,"enemies":"3 Sentries","floor":6,"turns":7},{"damage":2,"enemies":"Large Slime","floor":8,"turns":3},{"damage":11,"enemies":"3 Louse","floor":11,"turns":4},{"damage":6,"enemies":"Looter","floor":12,"turns":4},{"damage":16,"enemies":"Lots of Slimes","floor":14,"turns":3},{"damage":8,"enemies":"Slime Boss","floor":16,"turns":10},{"damage":15,"enemies":"Spheric Guardian","floor":18,"turns":4},{"damage":10,"enemies":"3 Byrds","floor":20,"turns":4},{"damage":36,"enemies":"Snecko","floor":21,"turns":7},{"damage":0,"enemies":"Snake Plant","floor":22,"turns":1},{"damage":15,"enemies":"Book of Stabbing","floor":23,"turns":3}],"seed_played":"6273226120714928402","potions_obtained":[{"floor":2,"key":"DuplicationPotion"},{"floor":4,"key":"Regen Potion"},{"floor":11,"key":"FearPotion"},{"floor":14,"key":"Poison Potion"},{"floor":16,"key":"ColorlessPotion"},{"floor":18,"key":"SmokeBomb"}],"is_trial":false,"path_per_floor":["M","M","M","M","M","E","R","M","T","R","M","M","$","M","R","B",null,"M","?","M","M","M","E"],"character_chosen":"THE_SILENT","items_purchased":["Bandage Up"],"campfire_rested":1,"item_purchase_floors":[13],"current_hp_per_floor":[62,58,58,46,43,29,29,27,27,27,16,10,10,7,28,24,59,48,48,42,10,10,0,0],"gold":161,"neow_bonus":"ONE_RARE_RELIC","is_daily":false,"chose_seed":false,"campfire_upgraded":2,"win_rate":0.0,"timestamp":1611706195,"path_taken":["M","M","M","M","M","E","R","M","T","R","M","?","$","M","R","BOSS","M","?","M","M","M","E"],"items_purchased_type":["Card"],"build_version":"2020-12-22","purchased_purges":1,"victory":false,"max_hp_per_floor":[70,70,70,70,70,70,70,70,70,70,70,70,70,70,70,70,70,70,70,70,70,70,70,70],"card_choices":[{"not_picked":["Underhanded Strike","Dodge and Roll"],"picked":"Blade Dance","floor":1.0},{"not_picked":["Slice","Concentrate"],"picked":"Flechettes","floor":2},{"not_picked":["Dash","PiercingWail"],"picked":"Dagger Spray","floor":3},{"not_picked":["Crippling Poison","Outmaneuver"],"picked":"Backflip","floor":4},{"not_picked":["Crippling Poison","Sucker Punch"],"picked":"Prepared","floor":5},{"not_picked":["PiercingWail","Expertise"],"picked":"Accuracy","floor":6},{"not_picked":["Underhanded Strike","Deadly Poison"],"picked":"Escape Plan","floor":8},{"not_picked":["Noxious Fumes","Flying Knee","Prepared"],"picked":"SKIP","floor":11},{"not_picked":["Masterful Stab","Deadly Poison"],"picked":"Noxious Fumes","floor":12},{"not_picked":["Predator","Dagger Throw","Caltrops"],"picked":"SKIP","floor":14},{"not_picked":["Burst","Corpse Explosion"],"picked":"After Image","floor":16},{"not_picked":["Terror","Dagger Throw+1"],"picked":"Blade Dance","floor":18},{"not_picked":["Masterful Stab","Cloak And Dagger","Deadly Poison+1"],"picked":"SKIP","floor":20},{"not_picked":["Cloak And Dagger","Sucker Punch"],"picked":"Blade Dance","floor":21}],"player_experience":260549,"relics_obtained":[{"floor":6,"key":"Matryoshka"},{"floor":9,"key":"PreservedInsect"}],"event_choices":[{"damage_healed":0,"gold_gain":0,"player_choice":"Upgraded","damage_taken":0,"max_hp_gain":0,"max_hp_loss":0,"event_name":"Upgrade Shrine","floor":19,"gold_loss":0,"cards_upgraded":["After Image"]}],"is_beta":false,"boss_relics":[{"not_picked":["Astrolabe","Ectoplasm"],"picked":"WristBlade"}],"items_purged_floors":[13],"is_endless":false,"potions_floor_spawned":[2,4,11,14,16,18],"killed_by":"Book of Stabbing","ascension_level":12}}