{"host":"eeeqmyc7a1933jos","time":1611753519,"event":{"mods":["2.2 Compatiblity","Act Like it!","BaseMod","CapriCore","Colored Powertips","Conspire","Downfall","Elementarium","Friendly Minions","Gensokyo","GifTheSpireLib","Gremlin Mod","Hallownest","Hermit","Hubris","Infinite Spire","Jorbs\u0027s Wanderer Trilogy","Marisa????????","Mimic Mod","Minty Spire (QoL Compilation)","Pale of the Ancients","Random Character Button","Random Character Mod","Rare Cards Sparkle","Reimu??????","Relic Sorter","Relic Stats","SIMod","StSLib","The Administrix","The Bug Knight","The Disciple","The Dragon Tamer","The Hierophant","The Immortal","The Marked","The Mystic","The Runesmith","The Senshi","The Servant 0.9.4","The Vixen","TheFirefly","Wandering Minibosses"],"gold_per_floor":[99,99,110,110,120,153,191,191,23,34,19,145,145,176,186,186,186,186],"floor_reached":16,"language":"ENG","playtime":1214,"items_purged":[],"score":130,"play_id":"4e1cf6c0-6ee5-4f2d-81df-7fa3cb223e79","local_time":"20210127141839","is_ascension_mode":true,"campfire_choices":[{"data":"Slimebound:MassRepurpose","floor":1,"key":"SMITH"},{"data":"Slimebound:DisruptingSlam","floor":13,"key":"SMITH"}],"circlet_count":0,"master_deck":["conspire:GhostlyStrike","conspire:GhostlyStrike","Slimebound:Tackle","conspire:GhostlyDefend+1","conspire:GhostlyDefend","conspire:GhostlyDefend","Slimebound:Split","Slimebound:CorrosiveSpit","Parasite","Slimebound:DisruptingSlam+1","Slimebound:MassRepurpose+1","Slimebound:GoopSpray+1","Slimebound:Prepare","Slimebound:LeechEnergy","Slimebound:Nibble","Slimebound:SplitAcid","Slimebound:MassFeed","Slimebound:Equalize"],"relics":["Slimebound:AbsorbEndCombat","hubris:Icosahedron","downfall:BrokenWingStatue","Mastiff:ReiMu","War Paint","Membership Card","Bottled Flame","hubris:BottledRain"],"acts_visited":["Exordium"],"potions_floor_usage":[6,16,16,16],"damage_taken":[{"damage":12,"enemies":"Jaw Worm","floor":3,"turns":3},{"damage":1,"enemies":"2 Louse","floor":5,"turns":2},{"damage":19,"enemies":"Lagavulin","floor":6,"turns":7},{"damage":0,"enemies":"Small Slimes","floor":7,"turns":4},{"damage":3,"enemies":"downfall:FleeingMerchant","floor":9,"turns":4},{"damage":9,"enemies":"Small Slimes","floor":10,"turns":3},{"damage":0,"enemies":"downfall:FleeingMerchant","floor":11,"turns":4},{"damage":25,"enemies":"Gremlin Nob","floor":12,"turns":5},{"damage":6,"enemies":"Lagavulin","floor":14,"turns":5},{"damage":12,"enemies":"Blue Slaver","floor":15,"turns":3},{"damage":49,"enemies":"WA_ARCHETYPE_RETAIN","floor":16,"turns":7}],"seed_played":"9043133050873520865","potions_obtained":[{"floor":5,"key":"ColorlessPotion"},{"floor":12,"key":"EntropicBrew"},{"floor":14,"key":"Guardian:BlockOnCardUsePotion"}],"is_trial":false,"path_per_floor":["R","?","M","?","M","E","MIM","?","$","M","$","E","R","E","M","B"],"character_chosen":"SLIMEBOUND","items_purchased":["Membership Card"],"campfire_rested":0,"item_purchase_floors":[9],"current_hp_per_floor":[65,65,55,55,58,47,51,51,54,45,53,32,32,34,27,0,0,0],"gold":186,"neow_bonus":"TRANSFORM_TWO_CARDS","is_daily":false,"chose_seed":false,"campfire_upgraded":2,"win_rate":0.0,"timestamp":1611753519,"path_taken":["R","?","M","?","M","E","MIM","?","$","M","?","E","R","E","M","BOSS"],"items_purchased_type":["Relic"],"build_version":"2020-12-22","purchased_purges":0,"victory":false,"max_hp_per_floor":[65,65,65,65,65,65,65,65,65,65,65,65,65,65,68,68,68,68],"relic_stats":{"counters":[11,47],"War Paint":["Slimebound:Defend_Slimebound","Slimebound:GoopSpray"],"obtain_stats":[{"Bottled Flame":12,"hubris:Icosahedron":2,"downfall:BrokenWingStatue":4,"Mastiff:ReiMu":6,"Slimebound:AbsorbEndCombat":0,"Membership Card":9,"War Paint":7,"hubris:BottledRain":14},{"Bottled Flame":8,"hubris:Icosahedron":0,"downfall:BrokenWingStatue":1,"Mastiff:ReiMu":3,"Slimebound:AbsorbEndCombat":0,"Membership Card":5,"War Paint":4,"hubris:BottledRain":9},{"Bottled Flame":32,"hubris:Icosahedron":0,"downfall:BrokenWingStatue":3,"Mastiff:ReiMu":12,"Slimebound:AbsorbEndCombat":0,"Membership Card":20,"War Paint":16,"hubris:BottledRain":37}]},"card_choices":[{"not_picked":["Slimebound:Replication","Slimebound:LeechingTouch"],"picked":"Slimebound:GoopSpray","floor":3},{"not_picked":["Slimebound:HauntingLick","Slimebound:Chomp"],"picked":"Slimebound:Prepare","floor":5},{"not_picked":["Slimebound:RollThrough","Slimebound:SamplingLick"],"picked":"Slimebound:LeechEnergy","floor":6},{"not_picked":["Slimebound:RejuvenatingLick","Slimebound:ItLooksTasty"],"picked":"Slimebound:Nibble","floor":7},{"not_picked":["Slimebound:SlimeSlap","Slimebound:ItLooksTasty"],"picked":"Slimebound:SplitAcid","floor":9},{"not_picked":["Slimebound:HauntingLick","Slimebound:ItLooksTasty","Slimebound:FinishingTackle"],"picked":"SKIP","floor":10},{"not_picked":["Slimebound:SplitAcid","Slimebound:Schlurp"],"picked":"Slimebound:MassFeed","floor":11},{"not_picked":["Slimebound:LeechEnergy","Slimebound:FinishingTackle","Slimebound:SamplingLick"],"picked":"SKIP","floor":12},{"not_picked":["Slimebound:ComboTackle","Slimebound:LeechingTouch","Slimebound:TongueLash"],"picked":"SKIP","floor":14},{"not_picked":["Slimebound:Nibble","Slimebound:Schlurp"],"picked":"Slimebound:Equalize","floor":15}],"player_experience":1629985,"relics_obtained":[{"floor":6,"key":"Mastiff:ReiMu"},{"floor":7,"key":"War Paint"},{"floor":12,"key":"Bottled Flame"},{"floor":14,"key":"hubris:BottledRain"}],"event_choices":[{"damage_healed":0,"gold_gain":0,"player_choice":"Agree","damage_taken":0,"max_hp_gain":0,"max_hp_loss":0,"event_name":"conspire:LoneGhost","floor":8,"gold_loss":0}],"is_beta":false,"boss_relics":[],"items_purged_floors":[],"is_endless":false,"potions_floor_spawned":[5,12,14],"killed_by":"WA_ARCHETYPE_RETAIN","ascension_level":2}}