{"host":"qrt7o4dq2qslzw13","time":1611775159,"event":{"mods":["BaseMod","Colored Map","Colored Powertips","Minty Spire (QoL Compilation)","Quick Restart","Replay The Spire","Shop Mod","StSLib","SuperFastMode"],"gold_per_floor":[20,20,36,53,67,67,78,90,90,116,116,191,221,221,221,317,317,317,317,287,287,287,287,287,287,287,287,287],"floor_reached":27,"language":"ENG","playtime":786,"items_purged":[],"score":581,"play_id":"fbacc616-3c20-47d4-867b-7b44828a9f6c","local_time":"20210127141919","is_ascension_mode":true,"campfire_choices":[{"data":"Eruption","floor":6.0,"key":"SMITH"},{"data":"ForeignInfluence","floor":11.0,"key":"SMITH"},{"floor":15.0,"key":"REST"},{"floor":23,"key":"REST"}],"circlet_count":0,"master_deck":["Strike_P","Strike_P","Defend_P","Defend_P+1","Defend_P","Defend_P","Eruption+1","Vigilance","Wireheading","Replay:Cycle+1","Replay:Battleflow","Protect","ForeignInfluence+1","BattleHymn","JustLucky","Replay:ManipulateFuture","Devotion","Prostrate+1","Devotion","Consecrate","Replay:LoomingThreat","Replay:Anticipation","SignatureMove","FlyingSleeves+1"],"relics":["PureWater","Pear","War Paint","Pen Nib","Ectoplasm","Mercury Hourglass","MealTicket"],"acts_visited":["Exordium","TheCity"],"potions_floor_usage":[22,24,25],"damage_taken":[{"damage":7.0,"enemies":"Jaw Worm","floor":1.0,"turns":4.0},{"damage":0.0,"enemies":"Cultist","floor":3.0,"turns":2.0},{"damage":0.0,"enemies":"2 Louse","floor":4.0,"turns":2.0},{"damage":2.0,"enemies":"2 Fungi Beasts","floor":5.0,"turns":4.0},{"damage":3.0,"enemies":"Exordium Thugs","floor":7.0,"turns":4.0},{"damage":0.0,"enemies":"Exordium Wildlife","floor":8.0,"turns":5.0},{"damage":0.0,"enemies":"Replay:BlueRogue","floor":10.0,"turns":3.0},{"damage":11.0,"enemies":"3 Sentries","floor":13.0,"turns":5.0},{"damage":47.0,"enemies":"Hexaghost","floor":16.0,"turns":9.0},{"damage":0.0,"enemies":"Chosen","floor":18.0,"turns":2.0},{"damage":10.0,"enemies":"2 Thieves","floor":20.0,"turns":3.0},{"damage":15,"enemies":"Centurion and Healer","floor":21,"turns":4},{"damage":32,"enemies":"Snake Plant","floor":22,"turns":4},{"damage":23,"enemies":"3 Cultists","floor":24,"turns":5},{"damage":25,"enemies":"Gremlin Leader","floor":25,"turns":5},{"damage":11,"enemies":"Centurion and Healer","floor":27,"turns":4}],"seed_played":"-4854459617745248861","potions_obtained":[{"floor":3.0,"key":"Adrenaline Potion"},{"floor":4.0,"key":"Adrenaline Potion"},{"floor":5.0,"key":"AttackPotion"},{"floor":8.0,"key":"Reflective Coating"},{"floor":10.0,"key":"Fire Potion"},{"floor":21,"key":"Milkshake"},{"floor":22,"key":"Energy Potion"},{"floor":24,"key":"Regen Potion"}],"is_trial":false,"path_per_floor":["M","?","M","M","M","R","M","M","T","E","R","?","E","?","R","B",null,"M","?","M","M","M","R","M","E","T","M"],"character_chosen":"WATCHER","items_purchased":[],"campfire_rested":2,"item_purchase_floors":[],"current_hp_per_floor":[72,72,72,72,70,70,67,67,77,77,77,66,55,48,76,29,79,79,79,69,54,22,50,27,14,14,3,3],"gold":287,"neow_bonus":"TWENTY_PERCENT_HP_BONUS","is_daily":false,"chose_seed":false,"campfire_upgraded":2,"win_rate":0.0,"timestamp":1611775159,"path_taken":["M","?","M","?","M","R","M","M","T","E","R","?","E","?","R","BOSS","M","?","M","M","M","R","M","E","T","M"],"items_purchased_type":[],"build_version":"2020-12-22","purchased_purges":0,"victory":false,"max_hp_per_floor":[86,86,86,86,86,86,86,86,96,96,96,96,96,96,96,96,96,96,96,96,96,96,96,96,96,96,96,96],"card_choices":[{"not_picked":["FollowUp","Halt"],"picked":"Wireheading","floor":1.0},{"not_picked":["Conclude","Evaluate"],"picked":"Replay:Cycle","floor":3.0},{"not_picked":["Evaluate","EmptyFist"],"picked":"Replay:Battleflow","floor":4.0},{"not_picked":["PathToVictory","CrushJoints"],"picked":"Protect","floor":5.0},{"not_picked":["Indignation","Protect"],"picked":"ForeignInfluence","floor":7.0},{"not_picked":["Replay:ManipulateFuture","Replay:BluntJabs"],"picked":"BattleHymn","floor":8.0},{"not_picked":["Replay:AtTheReady","EmptyFist"],"picked":"JustLucky","floor":10.0},{"not_picked":["CutThroughFate","CrushJoints"],"picked":"Replay:ManipulateFuture","floor":13.0},{"not_picked":["Replay:LoomingThreat","SpiritShield"],"picked":"Devotion","floor":16.0},{"not_picked":["EmptyFist+1","Replay:ManipulateFuture+1"],"picked":"Prostrate+1","floor":18.0},{"not_picked":["Replay:DivineShield","Sanctity"],"picked":"Consecrate","floor":20.0},{"not_picked":["EmptyBody","WheelKick"],"picked":"Replay:LoomingThreat","floor":21},{"not_picked":["FollowUp","Conclude"],"picked":"Replay:Anticipation","floor":22},{"not_picked":["FlyingSleeves","Vengeance+1"],"picked":"SignatureMove","floor":24},{"not_picked":["Protect","Study"],"picked":"FlyingSleeves+1","floor":25}],"player_experience":601908,"relics_obtained":[{"floor":9.0,"key":"Pear"},{"floor":10.0,"key":"War Paint"},{"floor":13.0,"key":"Pen Nib"},{"floor":25,"key":"Mercury Hourglass"},{"floor":26,"key":"MealTicket"}],"event_choices":[{"cards_removed":["Strike_P"],"damage_healed":0.0,"max_hp_gain":0.0,"max_hp_loss":0.0,"gold_gain":0.0,"event_name":"Bonfire Elementals","player_choice":"Offered Basic","floor":2.0,"gold_loss":0.0,"damage_taken":0.0},{"damage_healed":0.0,"max_hp_gain":0.0,"max_hp_loss":0.0,"gold_gain":75.0,"event_name":"World of Goop","player_choice":"Gather Gold","floor":12.0,"gold_loss":0.0,"damage_taken":11.0},{"cards_removed":["Strike_P"],"damage_healed":0.0,"max_hp_gain":0.0,"max_hp_loss":0.0,"gold_gain":0.0,"event_name":"Golden Wing","player_choice":"Card Removal","floor":14.0,"gold_loss":0.0,"damage_taken":7.0},{"damage_healed":0.0,"max_hp_gain":0.0,"max_hp_loss":0.0,"gold_gain":0.0,"event_name":"Duplicator","player_choice":"Copied","floor":19.0,"gold_loss":0.0,"damage_taken":0.0,"cards_obtained":["Devotion"]}],"is_beta":false,"boss_relics":[{"not_picked":["Replay:Wanted Poster","SlaversCollar"],"picked":"Ectoplasm"}],"items_purged_floors":[],"is_endless":false,"potions_floor_spawned":[3,4,5,8,10,21,22,24],"killed_by":"Centurion and Healer","ascension_level":8}}