{"host":"c6u7e77myxvw4d0m","time":1611741804,"event":{"mods":["AchievementEnabler","BaseMod","Bestiary","Colored Map","Colored Powertips","Minty Spire (QoL Compilation)","Rare Cards Sparkle","Relic Stats","everything is the same but u backflip on backflip"],"gold_per_floor":[109,123,135,135,21,21,59,59,59,59,92,92,113,128,128,226,289,310,310,310,325,325,325],"floor_reached":22,"language":"ENG","playtime":2796,"items_purged":[],"score":330,"play_id":"ab930d2b-229b-4892-bdc4-8b4eb03b798d","local_time":"20210127120324","is_ascension_mode":true,"campfire_choices":[{"data":"Bash","floor":6.0,"key":"SMITH"},{"floor":8.0,"key":"REST"},{"data":"Whirlwind","floor":12.0,"key":"SMITH"},{"data":"True Grit","floor":15.0,"key":"SMITH"}],"circlet_count":0,"master_deck":["AscendersBane","Strike_R","Strike_R","Strike_R+1","Strike_R","Strike_R","Defend_R","Defend_R","Defend_R","Defend_R","Bash+1","Reaper","True Grit+1","Heavy Blade+1","Clash","Combust","Pummel","Demon Form+1","Whirlwind+1","Barricade+1","Warcry","Metallicize+1","J.A.X.","Shockwave"],"relics":["Burning Blood","Bloody Idol","Frozen Egg 2","Ginger","TungstenRod","Tiny House"],"acts_visited":["Exordium","TheCity"],"potions_floor_usage":[22,22],"damage_taken":[{"damage":3.0,"enemies":"Jaw Worm","floor":1.0,"turns":5.0},{"damage":5.0,"enemies":"2 Louse","floor":2.0,"turns":5.0},{"damage":10.0,"enemies":"Small Slimes","floor":3.0,"turns":4.0},{"damage":34.0,"enemies":"Lagavulin","floor":7.0,"turns":5.0},{"damage":15.0,"enemies":"3 Sentries","floor":11.0,"turns":5.0},{"damage":24.0,"enemies":"Exordium Thugs","floor":13.0,"turns":4.0},{"damage":0.0,"enemies":"Exordium Wildlife","floor":14.0,"turns":3.0},{"damage":56.0,"enemies":"The Guardian","floor":16.0,"turns":9.0},{"damage":69.0,"enemies":"Spheric Guardian","floor":18.0,"turns":9.0},{"damage":4.0,"enemies":"Chosen","floor":21.0,"turns":8.0},{"damage":38,"enemies":"Shelled Parasite and Fungi","floor":22,"turns":5}],"seed_played":"3301791373893536121","potions_obtained":[{"floor":1.0,"key":"SteroidPotion"},{"floor":7.0,"key":"AttackPotion"},{"floor":16.0,"key":"Explosive Potion"},{"floor":17.0,"key":"CultistPotion"},{"floor":21.0,"key":"Dexterity Potion"}],"is_trial":false,"path_per_floor":["M","M","M","?","$","R","E","R","T","?","E","R","M","M","R","B",null,"M","?","?","M","M"],"character_chosen":"IRONCLAD","items_purchased":["Combust","Pummel"],"campfire_rested":1,"item_purchase_floors":[5,5],"current_hp_per_floor":[71,75,72,54,54,54,28,50,50,50,66,66,66,72,72,41,72,25,25,25,32,0,0],"gold":325,"neow_bonus":"ONE_RANDOM_RARE_CARD","is_daily":false,"chose_seed":false,"campfire_upgraded":3,"win_rate":0.0,"timestamp":1611741804,"path_taken":["M","M","M","?","$","R","E","R","T","?","E","R","M","M","R","BOSS","M","?","?","M","M"],"items_purchased_type":["Card","Card"],"build_version":"2020-12-22","purchased_purges":0,"victory":false,"max_hp_per_floor":[75,75,75,75,75,75,75,75,75,75,75,75,75,75,75,75,80,80,80,80,80,80,80],"relic_stats":{"counters":[11,62],"Bloody Idol":5,"Ginger":[8],"obtain_stats":[{"Tiny House":17,"Golden Idol":4,"Bloody Idol":20,"Ginger":9,"Frozen Egg 2":7,"Burning Blood":0,"TungstenRod":11},{"Tiny House":8,"Golden Idol":3,"Bloody Idol":9,"Ginger":4,"Frozen Egg 2":4,"Burning Blood":0,"TungstenRod":5},{"Tiny House":40,"Golden Idol":14,"Bloody Idol":49,"Ginger":19,"Frozen Egg 2":19,"Burning Blood":0,"TungstenRod":24}],"Burning Blood":60,"TungstenRod":40},"card_choices":[{"not_picked":["Infernal Blade","Sword Boomerang"],"picked":"True Grit","floor":1.0},{"not_picked":["Havoc","Cleave"],"picked":"Heavy Blade","floor":2.0},{"not_picked":["True Grit","Havoc"],"picked":"Clash","floor":3.0},{"not_picked":["Ghostly Armor","Carnage"],"picked":"Demon Form+1","floor":7.0},{"not_picked":["Perfected Strike","Thunderclap"],"picked":"Whirlwind","floor":11.0},{"not_picked":["Iron Wave","Anger","Dropkick"],"picked":"SKIP","floor":13.0},{"not_picked":["Flex","Wild Strike","Heavy Blade"],"picked":"SKIP","floor":14.0},{"not_picked":["Limit Break","Reaper"],"picked":"Barricade+1","floor":16.0},{"not_picked":["Whirlwind","Sword Boomerang"],"picked":"Warcry","floor":17.0},{"not_picked":["Dropkick","Clothesline"],"picked":"Metallicize+1","floor":18.0},{"not_picked":["Cleave","Body Slam"],"picked":"Shockwave","floor":21.0}],"player_experience":522372,"relics_obtained":[{"floor":7.0,"key":"Frozen Egg 2"},{"floor":9.0,"key":"Ginger"},{"floor":11.0,"key":"TungstenRod"}],"event_choices":[{"damage_healed":0.0,"max_hp_gain":0.0,"max_hp_loss":0.0,"gold_gain":0.0,"event_name":"Golden Idol","player_choice":"Take Damage","floor":4.0,"gold_loss":0.0,"damage_taken":18.0,"relics_obtained":["Golden Idol"]},{"damage_healed":0.0,"max_hp_gain":0.0,"max_hp_loss":0.0,"gold_gain":0.0,"event_name":"Living Wall","player_choice":"Grow","floor":10.0,"gold_loss":0.0,"damage_taken":0.0,"cards_upgraded":["Heavy Blade"]},{"damage_healed":0.0,"max_hp_gain":0.0,"max_hp_loss":0.0,"gold_gain":0.0,"event_name":"Drug Dealer","player_choice":"Obtain J.A.X.","floor":19.0,"gold_loss":0.0,"damage_taken":0.0,"cards_obtained":["J.A.X."]},{"damage_healed":0.0,"max_hp_gain":0.0,"max_hp_loss":0.0,"gold_gain":0.0,"event_name":"Forgotten Altar","player_choice":"Gave Idol","floor":20.0,"relics_lost":["Golden Idol"],"gold_loss":0.0,"damage_taken":0.0,"relics_obtained":["Bloody Idol"]}],"is_beta":false,"boss_relics":[{"not_picked":["SacredBark","Pandora\u0027s Box"],"picked":"Tiny House"}],"items_purged_floors":[],"is_endless":false,"potions_floor_spawned":[1,7,16,21],"killed_by":"Shelled Parasite and Fungi","ascension_level":14}}