{"host":"l84l8xigz5v5foa2","time":1611747208,"event":{"mods":["2.2 Compatiblity","AchievementEnabler","BaseMod","Better Note","Better Vampires","Card Filter","Colored Map","DeckTracker","Downfall","Gremlin Skip","Highlight Path","Keyboard Shortcuts","Minty Spire (QoL Compilation)","Permanent Neow","Quick Restart","Relic Filter","Relic Stats","StSLib","SuperFastMode","Transform Curses","Unknown Chances"],"gold_per_floor":[99,115,133,233,233,248,248,248,248,280,297,38,38,48,63,141,141,141,159,159,169,181,181,230,230,263,578,314,414,414,314,90,101,101,101,101],"floor_reached":34,"language":"ENG","playtime":1385,"items_purged":["hexamod:Strike","hexamod:Strike","hexamod:Defend"],"score":690,"play_id":"80eb3f1f-87f7-46fb-971e-4efcea56c3d0","local_time":"20210127203328","is_ascension_mode":true,"campfire_choices":[{"data":"hexamod:Float","floor":1.0,"key":"SMITH"},{"data":"hexamod:FastForward","floor":8.0,"key":"SMITH"},{"data":"hexamod:RainOfEmbers","floor":13.0,"key":"SMITH"},{"data":"hexamod:ForkedFlame","floor":18.0,"key":"SMITH"},{"data":"hexamod:Rewind","floor":23.0,"key":"SMITH"},{"data":"hexamod:ApocalypticArmor","floor":25.0,"key":"SMITH"},{"floor":31,"key":"RECALL"}],"circlet_count":0,"master_deck":["AscendersBane","hexamod:Strike+1","hexamod:Defend","hexamod:Defend+1","hexamod:Defend","hexamod:Sear+1","hexamod:Float+1","hexamod:ApocalypticArmor+1","hexamod:FastForward+1","hexamod:ThirdSeal","hexamod:StepThrough","hexamod:GhostflameBarrier+1","hexamod:RainOfEmbers+1","hexamod:TimeWarp","hexamod:AdvancingGuard","hexamod:NightmareGuise+1","hexamod:SixthSeal","hexamod:ForkedFlame+1","hexamod:StepThrough+1","hexamod:Float+1","hexamod:Rewind+1","hexamod:ShieldOfDarkness","hexamod:SwordOfDarkness+1","hexamod:GhostShield","expansioncontent:Chronoboost"],"relics":["hexamod:SpiritBrand","Art of War","PreservedInsect","HandDrill","Coffee Dripper","hexamod:BolsterEngine","champ:DuelingGlove","Tiny Chest","downfall:GremlinWheel","downfall:HeartBlessingGreen"],"acts_visited":["Exordium","TheCity"],"potions_floor_usage":[33,34],"damage_taken":[{"damage":0.0,"enemies":"Cultist","floor":2.0,"turns":3.0},{"damage":0.0,"enemies":"2 Louse","floor":3.0,"turns":3.0},{"damage":5.0,"enemies":"Small Slimes","floor":6.0,"turns":4.0},{"damage":33.0,"enemies":"Gremlin Nob","floor":10.0,"turns":4.0},{"damage":12.0,"enemies":"Exordium Thugs","floor":11.0,"turns":4.0},{"damage":0.0,"enemies":"downfall:FleeingMerchant","floor":12.0,"turns":5.0},{"damage":0.0,"enemies":"Blue Slaver","floor":14.0,"turns":3.0},{"damage":1.0,"enemies":"Large Slime","floor":15.0,"turns":3.0},{"damage":0.0,"enemies":"SI_SHIV_ARCHETYPE","floor":16.0,"turns":8.0},{"damage":2.0,"enemies":"3 Byrds","floor":19.0,"turns":4.0},{"damage":9.0,"enemies":"Spheric Guardian","floor":21.0,"turns":5.0},{"damage":11.0,"enemies":"Shelled Parasite and Fungi","floor":22.0,"turns":4.0},{"damage":9.0,"enemies":"Slavers","floor":26.0,"turns":6.0},{"damage":0.0,"enemies":"downfall:FleeingMerchant","floor":27.0,"turns":5.0},{"damage":0,"enemies":"downfall:Augmenter","floor":29,"turns":3},{"damage":7,"enemies":"downfall:Augmenter","floor":33,"turns":5},{"damage":13,"enemies":"DF_ARCHETYPE_CLAW","floor":34,"turns":3}],"seed_played":"-8751826380766952839","potions_obtained":[{"floor":10.0,"key":"SteroidPotion"},{"floor":14.0,"key":"FearPotion"},{"floor":15.0,"key":"BlessingOfTheForge"},{"floor":16.0,"key":"hexamod:EctoCoolerPotion"},{"floor":21.0,"key":"CultistPotion"},{"floor":29,"key":"LiquidBronze"},{"floor":33,"key":"bronze:BurnAndBuffPotion"}],"is_trial":false,"path_per_floor":["R","M","M","?","?","M","T","R","?","E","M","$","R","M","M","B",null,"R","M","?","M","M","R","T","R","E","$","$","M","?","R","$","M","B"],"character_chosen":"THE_SPIRIT","items_purchased":["HandDrill","Tiny Chest","expansioncontent:Chronoboost"],"campfire_rested":0,"item_purchase_floors":[12,28,32],"current_hp_per_floor":[57,57,57,57,57,52,52,52,52,19,7,7,7,7,6,6,49,49,47,47,38,27,27,27,27,18,18,18,18,18,18,18,11,0,0,0],"gold":101,"neow_bonus":"ONE_RANDOM_RARE_CARD","is_daily":false,"chose_seed":false,"campfire_upgraded":6,"win_rate":0.0,"timestamp":1611747208,"path_taken":["R","M","M","?","?","M","T","R","?","E","M","$","R","M","M","BOSS","R","M","?","M","M","R","T","R","E","?","?","?","R","?","M","BOSS"],"items_purchased_type":["Relic","Relic","Card"],"build_version":"2020-12-22","purchased_purges":3,"victory":false,"max_hp_per_floor":[63,63,63,63,63,63,63,63,63,63,63,63,63,63,63,63,63,63,63,63,63,63,63,63,63,63,63,63,63,63,63,63,63,63,63,63],"relic_stats":{"counters":[18,73],"Tiny Chest":0,"PreservedInsect":168,"Art of War":[8],"HandDrill":[16],"obtain_stats":[{"champ:DuelingGlove":26,"downfall:GremlinWheel":29,"Tiny Chest":28,"downfall:HeartBlessingGreen":31,"PreservedInsect":10,"Art of War":7,"HandDrill":12,"Coffee Dripper":17,"hexamod:BolsterEngine":24,"hexamod:SpiritBrand":0},{"champ:DuelingGlove":13,"downfall:GremlinWheel":16,"Tiny Chest":14,"downfall:HeartBlessingGreen":16,"PreservedInsect":4,"Art of War":3,"HandDrill":6,"Coffee Dripper":9,"hexamod:BolsterEngine":12,"hexamod:SpiritBrand":0},{"champ:DuelingGlove":56,"downfall:GremlinWheel":65,"Tiny Chest":61,"downfall:HeartBlessingGreen":65,"PreservedInsect":14,"Art of War":10,"HandDrill":23,"Coffee Dripper":37,"hexamod:BolsterEngine":50,"hexamod:SpiritBrand":0}]},"card_choices":[{"not_picked":["hexamod:AdvancingGuard","hexamod:ThermalTransfer"],"picked":"hexamod:FastForward","floor":2.0},{"not_picked":["hexamod:EtherealExpedition","hexamod:FastForward"],"picked":"hexamod:ThirdSeal","floor":3.0},{"not_picked":["hexamod:GhostOfSpirePast","hexamod:SwordOfDarkness"],"picked":"hexamod:StepThrough","floor":6.0},{"not_picked":["hexamod:Haunt","hexamod:ExtraCrispy"],"picked":"hexamod:GhostflameBarrier","floor":6.0},{"not_picked":["hexamod:AdvancingGuard","hexamod:Again"],"picked":"hexamod:RainOfEmbers","floor":10.0},{"not_picked":["hexamod:PowerFromBeyond","hexamod:CatchUp","hexamod:SpectersWail"],"picked":"SKIP","floor":10.0},{"not_picked":["hexamod:FastForward","hexamod:SwordOfDarkness"],"picked":"hexamod:TimeWarp","floor":11.0},{"not_picked":["hexamod:NightmareGuise","hexamod:SwordOfDarkness","hexamod:SecondSeal"],"picked":"SKIP","floor":11.0},{"not_picked":["hexamod:RetreatToShadows","hexamod:SpectersWail"],"picked":"hexamod:AdvancingGuard","floor":12.0},{"not_picked":["hexamod:CatchUp","hexamod:BurningTouch","hexamod:GhostShield"],"picked":"SKIP","floor":12.0},{"not_picked":["hexamod:Haunt","hexamod:FlamesFromBeyond"],"picked":"hexamod:NightmareGuise","floor":14.0},{"not_picked":["hexamod:SoulSteal","hexamod:SkipABeat","hexamod:PhantomCloak"],"picked":"SKIP","floor":15.0},{"not_picked":["hexamod:FlameSwitch","hexamod:Toasty"],"picked":"hexamod:SixthSeal","floor":16.0},{"not_picked":["hexamod:VolcanoVisage","hexamod:SearingWound"],"picked":"hexamod:ForkedFlame","floor":16.0},{"not_picked":["hexamod:GhostOfSpireFuture","hexamod:PhantomCloak+1"],"picked":"hexamod:StepThrough+1","floor":19.0},{"not_picked":["hexamod:AdvancingGuard","hexamod:FastForward","hexamod:NecessarySacrifice"],"picked":"SKIP","floor":19.0},{"not_picked":["hexamod:BurningTouch","hexamod:AdvancingGuard","hexamod:InspiringFlames"],"picked":"SKIP","floor":21.0},{"not_picked":["hexamod:AdvancingGuard","hexamod:EtherealExpedition","hexamod:GhostShield"],"picked":"SKIP","floor":21.0},{"not_picked":["hexamod:SpectersWail","hexamod:Again+1"],"picked":"hexamod:Rewind","floor":22.0},{"not_picked":["hexamod:ExtraCrispy","hexamod:DynamicBlow"],"picked":"hexamod:ShieldOfDarkness","floor":22.0},{"not_picked":["hexamod:StepThrough","hexamod:VolcanoVisage"],"picked":"hexamod:SwordOfDarkness+1","floor":26.0},{"not_picked":["hexamod:SuperheatedStrike","hexamod:SpectersWail","hexamod:NightmareGuise"],"picked":"SKIP","floor":26.0},{"not_picked":["hexamod:ShieldOfDarkness","hexamod:NightmareGuise"],"picked":"hexamod:GhostShield","floor":29},{"not_picked":["hexamod:SpectersWail","hexamod:SoulSteal","hexamod:ExtraCrispy+1"],"picked":"SKIP","floor":33}],"player_experience":3456260,"relics_obtained":[{"floor":7.0,"key":"Art of War"},{"floor":10.0,"key":"PreservedInsect"},{"floor":24.0,"key":"hexamod:BolsterEngine"},{"floor":26.0,"key":"champ:DuelingGlove"},{"floor":29,"key":"downfall:GremlinWheel"}],"event_choices":[{"cards_removed":["downfall:Icky"],"damage_healed":0.0,"max_hp_gain":0.0,"max_hp_loss":0.0,"gold_gain":0.0,"event_name":"Living Wall","player_choice":"Forget","floor":5.0,"gold_loss":0.0,"damage_taken":0.0},{"cards_removed":["hexamod:Strike"],"damage_healed":0,"gold_gain":0,"player_choice":"Card Removal","damage_taken":0,"max_hp_gain":0,"max_hp_loss":0,"event_name":"Wheel of Change","floor":31,"gold_loss":0}],"is_beta":false,"boss_relics":[{"not_picked":["Cursed Key","SlaversCollar"],"picked":"Coffee Dripper"}],"items_purged_floors":[12,28,32],"is_endless":false,"potions_floor_spawned":[10,14,15,16,21,29,33],"killed_by":"DF_ARCHETYPE_CLAW","ascension_level":20}}