{"host":"mi0eibewekhugwl1","time":1611728850,"event":{"mods":["AchievementEnabler","BaseMod","Colored Map","Colored Powertips","DeckTracker","Keyboard Shortcuts","Minty Spire (QoL Compilation)","Quick Restart","Rare Cards Sparkle","Relic Stats","StSLib","SuperFastMode","everything is the same but u backflip on backflip"],"gold_per_floor":[219,235,246,30,47,47,81,81,107,135,60,60,60,60,60,131,131,150,50,50,50,69,69,119,136,217,237,251,251,268,318,318,389,389,408,82,107,107,107,136,136,186,212,212,222,252,80,96,96,96,96,96,96,7,33,33,33],"floor_reached":56,"language":"KOR","playtime":1202,"items_purged":["Strike_R","Strike_R"],"score":1772,"play_id":"17836837-b670-4a8a-adb8-3a7abaa7d9a5","local_time":"20210127152730","is_ascension_mode":true,"campfire_choices":[{"data":"Cleave","floor":6.0,"key":"SMITH"},{"floor":8.0,"key":"REST"},{"floor":13.0,"key":"REST"},{"data":"Wild Strike","floor":15.0,"key":"SMITH"},{"data":"Reaper","floor":23.0,"key":"SMITH"},{"floor":29.0,"key":"REST"},{"data":"Pommel Strike","floor":32.0,"key":"SMITH"},{"floor":41.0,"key":"RECALL"},{"data":"Impervious","floor":44.0,"key":"SMITH"},{"data":"Shrug It Off","floor":49,"key":"SMITH"},{"data":"Exhume","floor":53,"key":"SMITH"}],"circlet_count":0,"master_deck":["AscendersBane","Strike_R+1","Defend_R+1","Defend_R","Defend_R","Defend_R+1","Bash","Spot Weakness+1","Pommel Strike+1","Cleave+1","Fire Breathing+1","Twin Strike","Reckless Charge","Wild Strike+1","Rage+1","Reaper+1","Impervious+1","Shrug It Off","Anger+1","Pommel Strike+1","Exhume+1","Evolve+1","Inflame+1","Reaper","Shrug It Off+1","Battle Trance","Flame Barrier"],"relics":["Burning Blood","War Paint","Whetstone","Vajra","Mark of Pain","Shuriken","Coffee Dripper","Frozen Egg 2","Mango","Centennial Puzzle","Ornamental Fan","Lee\u0027s Waffle","Self Forming Clay"],"acts_visited":["Exordium","TheCity","TheBeyond","TheEnding"],"potions_floor_usage":[50],"damage_taken":[{"damage":19.0,"enemies":"Jaw Worm","floor":1.0,"turns":4.0},{"damage":14.0,"enemies":"2 Louse","floor":2.0,"turns":3.0},{"damage":12.0,"enemies":"Cultist","floor":3.0,"turns":4.0},{"damage":13.0,"enemies":"Exordium Wildlife","floor":5.0,"turns":3.0},{"damage":13.0,"enemies":"3 Sentries","floor":7.0,"turns":5.0},{"damage":27.0,"enemies":"Lagavulin","floor":10.0,"turns":5.0},{"damage":13.0,"enemies":"Hexaghost","floor":16.0,"turns":7.0},{"damage":16.0,"enemies":"Shell Parasite","floor":18.0,"turns":3.0},{"damage":17.0,"enemies":"2 Thieves","floor":22.0,"turns":2.0},{"damage":29.0,"enemies":"3 Cultists","floor":25.0,"turns":5.0},{"damage":18.0,"enemies":"Snake Plant","floor":27.0,"turns":2.0},{"damage":23.0,"enemies":"Snecko","floor":28.0,"turns":4.0},{"damage":6.0,"enemies":"Centurion and Healer","floor":30.0,"turns":4.0},{"damage":73.0,"enemies":"Champ","floor":33.0,"turns":10.0},{"damage":6.0,"enemies":"3 Shapes","floor":35.0,"turns":3.0},{"damage":0.0,"enemies":"Mind Bloom Boss Battle","floor":37.0,"turns":4.0},{"damage":40.0,"enemies":"Reptomancer","floor":40.0,"turns":5.0},{"damage":21.0,"enemies":"Orb Walker","floor":45.0,"turns":3.0},{"damage":42.0,"enemies":"Giant Head","floor":46.0,"turns":7.0},{"damage":58,"enemies":"Writhing Mass","floor":48,"turns":5},{"damage":41,"enemies":"Donu and Deca","floor":50,"turns":7},{"damage":81,"enemies":"Time Eater","floor":51,"turns":9},{"damage":82,"enemies":"Shield and Spear","floor":55,"turns":6},{"damage":56,"enemies":"The Heart","floor":56,"turns":2}],"seed_played":"-4534218246178996533","potions_obtained":[{"floor":1.0,"key":"AttackPotion"},{"floor":2.0,"key":"Block Potion"},{"floor":18.0,"key":"SmokeBomb"},{"floor":22.0,"key":"PowerPotion"},{"floor":25.0,"key":"Weak Potion"},{"floor":40.0,"key":"Fire Potion"},{"floor":46.0,"key":"ElixirPotion"},{"floor":48,"key":"Swift Potion"}],"is_trial":false,"path_per_floor":["M","M","M","$","M","R","E","R","T","E","?","?","R","?","R","B",null,"M","$","?","$","M","R","?","M","T","M","M","R","M","?","R","B",null,"M","$","?","?","?","E","R","?","T","R","M","E","$","M","R","B","B",null,"R","$","E","B"],"character_chosen":"IRONCLAD","items_purchased":["Fire Breathing","Twin Strike","Frozen Egg 2","Evolve+1","Lee\u0027s Waffle","Battle Trance"],"campfire_rested":3,"item_purchase_floors":[4,4,36,36,47,54],"current_hp_per_floor":[55,47,41,41,34,34,27,49,49,28,28,5,27,27,27,20,61,58,58,58,58,47,47,47,42,42,30,28,50,62,62,62,10,59,75,75,89,89,85,60,60,60,60,60,58,45,92,40,40,92,40,79,79,79,27,0,0],"gold":33,"neow_bonus":"HUNDRED_GOLD","is_daily":false,"chose_seed":false,"campfire_upgraded":7,"win_rate":0.0,"timestamp":1611728850,"path_taken":["M","M","M","$","M","R","E","R","T","E","?","?","R","?","R","BOSS","M","$","?","$","M","R","?","?","T","M","M","R","M","?","R","BOSS","M","$","?","?","?","E","R","?","T","R","?","E","$","M","R","BOSS","BOSS","R","$","E","BOSS"],"items_purchased_type":["Card","Card","Relic","Card","Relic","Card"],"build_version":"2020-12-22","purchased_purges":2,"victory":false,"max_hp_per_floor":[75,75,75,75,75,75,75,75,75,75,75,75,75,75,75,75,75,75,75,75,75,75,75,75,75,75,75,75,75,75,75,75,75,75,75,75,89,89,85,85,85,85,85,85,85,85,92,92,92,92,92,92,92,92,92,92,92],"relic_stats":{"Centennial Puzzle":[18],"Lee\u0027s Waffle":47,"counters":[24,112],"Shuriken":[32],"Ornamental Fan":[60],"Self Forming Clay":[0],"Whetstone":["Strike_R","Pommel Strike"],"War Paint":["Spot Weakness","Defend_R"],"obtain_stats":[{"Lee\u0027s Waffle":47,"Self Forming Clay":55,"Vajra":10,"Mango":37,"Whetstone":9,"War Paint":7,"Frozen Egg 2":36,"Burning Blood":0,"Centennial Puzzle":40,"Shuriken":26,"Ornamental Fan":46,"Mark of Pain":17,"Coffee Dripper":34},{"Lee\u0027s Waffle":19,"Self Forming Clay":23,"Vajra":6,"Mango":16,"Whetstone":5,"War Paint":5,"Frozen Egg 2":15,"Burning Blood":0,"Centennial Puzzle":17,"Shuriken":10,"Ornamental Fan":19,"Mark of Pain":7,"Coffee Dripper":14},{"Lee\u0027s Waffle":83,"Self Forming Clay":110,"Vajra":24,"Mango":68,"Whetstone":19,"War Paint":19,"Frozen Egg 2":64,"Burning Blood":0,"Centennial Puzzle":73,"Shuriken":41,"Ornamental Fan":83,"Mark of Pain":31,"Coffee Dripper":61}],"Burning Blood":132},"card_choices":[{"not_picked":["Dual Wield","Disarm"],"picked":"Spot Weakness","floor":1.0},{"not_picked":["Burning Pact","Pummel"],"picked":"Pommel Strike","floor":2.0},{"not_picked":["Armaments","Iron Wave"],"picked":"Cleave","floor":3.0},{"not_picked":["Rupture","Iron Wave"],"picked":"Reckless Charge","floor":5.0},{"not_picked":["Perfected Strike","Body Slam"],"picked":"Wild Strike","floor":7.0},{"not_picked":["Armaments","Clash"],"picked":"Rage","floor":10.0},{"not_picked":["Impervious","Fiend Fire"],"picked":"Reaper","floor":16.0},{"not_picked":["Twin Strike","Carnage","Flex"],"picked":"SKIP","floor":18.0},{"not_picked":["Armaments","Perfected Strike","Anger"],"picked":"SKIP","floor":22.0},{"not_picked":["Wild Strike","Warcry"],"picked":"Impervious","floor":25.0},{"not_picked":["Thunderclap","Shockwave+1"],"picked":"Shrug It Off","floor":27.0},{"not_picked":["Havoc","Headbutt"],"picked":"Anger+1","floor":28.0},{"not_picked":["Iron Wave","Thunderclap"],"picked":"Pommel Strike","floor":30.0},{"not_picked":["Brutality","Feed"],"picked":"Exhume","floor":33.0},{"not_picked":["Warcry+1","Anger+1","Cleave"],"picked":"SKIP","floor":35.0},{"not_picked":["Rampage","Pommel Strike+1"],"picked":"Inflame+1","floor":37.0},{"not_picked":["Heavy Blade+1","Disarm"],"picked":"Reaper","floor":40.0},{"not_picked":["Cleave+1","Iron Wave+1","Anger+1"],"picked":"SKIP","floor":45.0},{"not_picked":["Reckless Charge+1","Seeing Red+1"],"picked":"Shrug It Off","floor":46.0},{"not_picked":["Thunderclap+1","Wild Strike","Perfected Strike"],"picked":"SKIP","floor":48},{"not_picked":["Rupture+1","Feel No Pain+1"],"picked":"Flame Barrier","floor":55}],"player_experience":1767419,"relics_obtained":[{"floor":7.0,"key":"War Paint"},{"floor":9.0,"key":"Whetstone"},{"floor":10.0,"key":"Vajra"},{"floor":26.0,"key":"Shuriken"},{"floor":37.0,"key":"Mango"},{"floor":40.0,"key":"Centennial Puzzle"},{"floor":46.0,"key":"Ornamental Fan"},{"floor":55,"key":"Self Forming Clay"}],"event_choices":[{"cards_removed":["Strike_R"],"damage_healed":0.0,"max_hp_gain":0.0,"max_hp_loss":0.0,"gold_gain":0.0,"event_name":"The Cleric","player_choice":"Card Removal","floor":11.0,"gold_loss":75.0,"damage_taken":0.0},{"damage_healed":0.0,"max_hp_gain":0.0,"max_hp_loss":0.0,"gold_gain":0.0,"event_name":"Shining Light","player_choice":"Entered Light","floor":12.0,"gold_loss":0.0,"damage_taken":23.0,"cards_upgraded":["Rage","Defend_R"]},{"damage_healed":0.0,"max_hp_gain":0.0,"max_hp_loss":0.0,"gold_gain":0.0,"event_name":"Living Wall","player_choice":"Grow","floor":14.0,"gold_loss":0.0,"damage_taken":0.0,"cards_upgraded":["Fire Breathing"]},{"damage_healed":0.0,"max_hp_gain":0.0,"max_hp_loss":0.0,"gold_gain":0.0,"event_name":"The Mausoleum","player_choice":"Ignored","floor":20.0,"gold_loss":0.0,"damage_taken":0.0},{"damage_healed":0.0,"max_hp_gain":0.0,"max_hp_loss":0.0,"gold_gain":50.0,"event_name":"Golden Shrine","player_choice":"Pray","floor":24.0,"gold_loss":0.0,"damage_taken":0.0},{"damage_healed":0.0,"max_hp_gain":0.0,"max_hp_loss":0.0,"gold_gain":50.0,"event_name":"Nest","player_choice":"Stole From Cult","floor":31.0,"gold_loss":0.0,"damage_taken":0.0},{"damage_healed":0.0,"max_hp_gain":0.0,"max_hp_loss":0.0,"gold_gain":0.0,"event_name":"MindBloom","player_choice":"Fight","floor":37.0,"gold_loss":0.0,"damage_taken":0.0},{"cards_removed":["Strike_R"],"damage_healed":0.0,"max_hp_gain":0.0,"max_hp_loss":0.0,"gold_gain":0.0,"event_name":"Falling","player_choice":"Removed Attack","floor":38.0,"gold_loss":0.0,"damage_taken":0.0},{"damage_healed":0.0,"max_hp_gain":0.0,"max_hp_loss":4.0,"gold_gain":0.0,"event_name":"Winding Halls","player_choice":"Max HP","floor":39.0,"gold_loss":0.0,"damage_taken":0.0},{"damage_healed":0.0,"max_hp_gain":0.0,"max_hp_loss":0.0,"gold_gain":50.0,"event_name":"Golden Shrine","player_choice":"Pray","floor":42.0,"gold_loss":0.0,"damage_taken":0.0}],"is_beta":false,"boss_relics":[{"not_picked":["SlaversCollar","Black Blood"],"picked":"Mark of Pain"},{"not_picked":["Runic Cube","Black Star"],"picked":"Coffee Dripper"}],"items_purged_floors":[4,19],"is_endless":false,"potions_floor_spawned":[1,2,3,18,22,25,40,46,48],"killed_by":"The Heart","ascension_level":20}}