{"host":"474oh00kq6ni8dn3","time":1611726950,"event":{"mods":["AchievementEnabler","Aspiration","BaseMod","Colored Map","Colored Powertips","Conspire","Custom Start","Defuse TimeMaze Blight","Duelist Mod","GifTheSpireLib","Googly Eyes","GungeonMod","Halation","Hubris","Infinite Spire","Jedi Mod","Minty Spire (QoL Compilation)","Permanent Neow","Quick Restart","Replay The Spire","Shop Mod","StSLib","Stuff the Spire","The Construct","The Jungle","Trackpad","Unceasing Turn Reminder"],"gold_per_floor":[112,126,142,142,168,168,195,195,195,213,223,223,238,250,250,327,327,341,341,55,72,85,85,97,126,177,208,208,242,253,268,268,345,345,356,366,386,401,416,416,442,459,459,459,477,497,516,534,534,534,534],"floor_reached":52,"language":"ENG","playtime":2034,"items_purged":[],"score":2612,"play_id":"2d0ad815-1d4b-4cfc-af37-e56b6572efe9","local_time":"20210127055550","daily_mods":["Vintage","Elite Swarm"],"is_ascension_mode":true,"campfire_choices":[{"data":"construct:FlameCore","floor":6,"key":"SMITH"},{"data":"construct:FlameCore+1","floor":8,"key":"SMITH"},{"data":"construct:GuardCore","floor":12,"key":"SMITH"},{"data":"construct:GuardCore+1","floor":15,"key":"SMITH"},{"data":"construct:LaserCore+1","floor":23,"key":"SMITH"},{"data":"construct:LaserCore","floor":28,"key":"SMITH"},{"data":"construct:LaserCore+1","floor":32,"key":"SMITH"},{"data":"construct:GuardCore","floor":40,"key":"SMITH"},{"data":"construct:GuardCore+1","floor":44,"key":"SMITH"},{"data":"construct:Reinforce","floor":49,"key":"SMITH"}],"circlet_count":0,"master_deck":["construct:Synchronize","construct:Synchronize","construct:Autoturret","construct:FlameCore+2","construct:FlameCore+2","construct:LaserCore+2","construct:LaserCore+2","construct:GuardCore+2","construct:GuardCore+2","construct:DefenseMode","hubris:Fate","construct:Reinforce+1"],"relics":["construct:ClockworkPhoenix","jedi:shrinkray","DemoMod:GlassGuonStoneRelic","Anchor","hubris:ToyBattleship","trackpad:Mousetrap","DemoMod:NanoMachines","DemoMod:Armor","DemoMod:MemoryAlloy","Matryoshka","Replay:Wax Seal","StuffTheSpire:RubySignet","Vajra","Replay:Bronze Core","infinitespire:PuzzleCube","conspire:DeflatedDodgeball","construct:MegaBattery","Lantern","hubris:BundleOfHerbs","DemoMod:SerJunkan","DemoMod:Junk","Boot","DemoMod:RiddleOfLead","StuffTheSpire:SapphireSignet","Replay:Rubber Ducky","hubris:ClockworkCow","StuffTheSpire:Mouthbags","trackpad:BottledTsunami","Omamori"],"acts_visited":["Exordium","Exordium","TheBeyond"],"potions_floor_usage":[22],"damage_taken":[{"damage":0,"enemies":"Jaw Worm","floor":1,"turns":3},{"damage":0,"enemies":"Small Slimes","floor":2,"turns":2},{"damage":0,"enemies":"Cultist","floor":3,"turns":3},{"damage":0,"enemies":"Gremlin Nob","floor":7,"turns":2},{"damage":0,"enemies":"Exordium Wildlife","floor":10,"turns":2},{"damage":0,"enemies":"Red Slaver","floor":11,"turns":2},{"damage":0,"enemies":"Large Slime","floor":13,"turns":2},{"damage":0,"enemies":"Looter","floor":14,"turns":3},{"damage":0,"enemies":"Slime Boss","floor":16,"turns":4},{"damage":0,"enemies":"theJungle:GiantWrat","floor":18,"turns":3},{"damage":0,"enemies":"theJungle:Flameango_and_Byrd","floor":21,"turns":2},{"damage":0,"enemies":"theJungle:2_Flameangoes","floor":22,"turns":3},{"damage":0,"enemies":"theJungle:2_Snecko_Cultists","floor":24,"turns":2},{"damage":0,"enemies":"theJungle:MamaSnecko","floor":25,"turns":3},{"damage":0,"enemies":"theJungle:Cassacara","floor":27,"turns":3},{"damage":0,"enemies":"theJungle:MamaSnecko","floor":29,"turns":3},{"damage":0,"enemies":"theJungle:JungleHuntersEncounter","floor":30,"turns":3},{"damage":0,"enemies":"theJungle:Lyon","floor":31,"turns":1},{"damage":0,"enemies":"theJungle:TotemBoss","floor":33,"turns":3},{"damage":0,"enemies":"Orb Walker","floor":35,"turns":1},{"damage":0,"enemies":"3 Shapes","floor":36,"turns":2},{"damage":0,"enemies":"Jaw Worm Horde","floor":37,"turns":1},{"damage":0,"enemies":"Sphere and 2 Shapes","floor":38,"turns":2},{"damage":0,"enemies":"Transient","floor":39,"turns":5},{"damage":0,"enemies":"R_Hoarder","floor":41,"turns":1},{"damage":0,"enemies":"4 Shapes","floor":42,"turns":2},{"damage":0,"enemies":"Jaw Worm Horde","floor":45,"turns":2},{"damage":0,"enemies":"Spire Growth","floor":46,"turns":2},{"damage":0,"enemies":"Sphere and 2 Shapes","floor":47,"turns":2},{"damage":0,"enemies":"3 Darklings","floor":48,"turns":2},{"damage":0,"enemies":"Donu and Deca","floor":50,"turns":2},{"damage":0,"enemies":"conspire:OrnateMirror","floor":51,"turns":2}],"seed_played":"-1963490229517187023","potions_obtained":[{"floor":2,"key":"AttackPotion"},{"floor":10,"key":"AttackPotion"},{"floor":18,"key":"DemoMod:LeadSkinPotion"},{"floor":24,"key":"Block Potion"}],"is_trial":true,"path_per_floor":["M","M","M","?","T","R","E","R","T","M","M","R","M","M","R","B",null,"M","?","$","M","M","R","M","E","T","E","R","E","M","M","R","B",null,"M","M","M","M","M","R","E","M","T","R","M","M","M","M","R","B","B",null],"character_chosen":"THE_CONSTRUCT_MOD","items_purchased":["conspire:DeflatedDodgeball"],"campfire_rested":0,"item_purchase_floors":[20],"current_hp_per_floor":[72,72,72,52,52,52,52,52,52,52,52,52,67,67,67,67,77,77,77,77,77,77,77,77,77,77,77,77,77,77,77,77,77,90,90,90,90,90,90,90,90,90,90,90,90,90,90,90,90,90,90],"gold":534,"neow_bonus":"","is_daily":false,"chose_seed":false,"campfire_upgraded":10,"win_rate":0.0,"timestamp":1611726950,"path_taken":["M","M","M","?","?","R","E","R","T","M","M","R","M","M","R","BOSS","M","?","?","M","M","R","M","E","T","E","R","E","M","?","R","BOSS","M","M","M","M","M","R","E","M","T","R","M","M","M","M","R","BOSS","BOSS"],"items_purchased_type":["Relic"],"build_version":"2020-12-22","purchased_purges":0,"victory":true,"max_hp_per_floor":[80,80,80,80,80,80,80,80,80,80,80,80,80,80,80,80,80,80,80,80,80,80,80,80,80,80,80,80,80,80,80,80,80,90,90,90,90,90,90,90,90,90,90,90,90,90,90,90,90,90,90],"card_choices":[{"not_picked":["ReplayTheSpireMod:Echoes of Time","infinitespire:FutureSight"],"picked":"hubris:Fate","floor":4},{"not_picked":["construct:PanicFire","construct:LongRangeLance","construct:Multistage"],"picked":"SKIP","floor":7},{"not_picked":["construct:ClockworkEgg","construct:SiegeForm","construct:BatteryCore"],"picked":"SKIP","floor":25},{"not_picked":["construct:Bunker","construct:SiegeForm","construct:PanicFire"],"picked":"SKIP","floor":27},{"not_picked":["construct:GoldenBullet","construct:MemoryTap","construct:HyperBeam"],"picked":"SKIP","floor":29},{"not_picked":["construct:HyperBeam","construct:MemoryTap","construct:Reserves"],"picked":"SKIP","floor":41}],"player_experience":122762,"relics_obtained":[{"floor":1,"key":"jedi:shrinkray"},{"floor":2,"key":"Anchor"},{"floor":3,"key":"hubris:ToyBattleship"},{"floor":5,"key":"trackpad:Mousetrap"},{"floor":7,"key":"DemoMod:NanoMachines"},{"floor":9,"key":"DemoMod:MemoryAlloy"},{"floor":10,"key":"Matryoshka"},{"floor":11,"key":"Replay:Wax Seal"},{"floor":13,"key":"StuffTheSpire:RubySignet"},{"floor":14,"key":"Vajra"},{"floor":18,"key":"infinitespire:PuzzleCube"},{"floor":21,"key":"construct:MegaBattery"},{"floor":22,"key":"Lantern"},{"floor":24,"key":"hubris:BundleOfHerbs"},{"floor":25,"key":"DemoMod:SerJunkan"},{"floor":26,"key":"DemoMod:Junk"},{"floor":26,"key":"Boot"},{"floor":27,"key":"DemoMod:Junk"},{"floor":29,"key":"DemoMod:Junk"},{"floor":30,"key":"DemoMod:Junk"},{"floor":31,"key":"DemoMod:Junk"},{"floor":35,"key":"StuffTheSpire:SapphireSignet"},{"floor":36,"key":"Replay:Rubber Ducky"},{"floor":37,"key":"DemoMod:Junk"},{"floor":38,"key":"DemoMod:Junk"},{"floor":39,"key":"hubris:ClockworkCow"},{"floor":41,"key":"DemoMod:Junk"},{"floor":42,"key":"DemoMod:Junk"},{"floor":43,"key":"DemoMod:Junk"},{"floor":43,"key":"StuffTheSpire:Mouthbags"},{"floor":45,"key":"DemoMod:Junk"},{"floor":46,"key":"trackpad:BottledTsunami"},{"floor":47,"key":"DemoMod:Junk"},{"floor":48,"key":"Omamori"}],"event_choices":[],"is_beta":false,"boss_relics":[{"not_picked":["Replay:Fungal Core","halation:Yufonium"],"picked":"Replay:Bronze Core"},{"not_picked":["Sozu","Ring of Chaos"],"picked":"DemoMod:RiddleOfLead"}],"items_purged_floors":[],"is_endless":false,"potions_floor_spawned":[2,10,13,18,24,25,37,38,45,46,48],"ascension_level":20}}