{"host":"iph0xvuia0glosgr","time":1611789174,"event":{"mods":["AchievementEnabler","BaseMod","Minty Spire (QoL Compilation)"],"gold_per_floor":[114,13,26,26,37,65,84,84,84,49,49,64,90,107,107,204,204,214,313,329,329,329,362,362,0,50,80,90,90,106,106,106,106,106],"floor_reached":33,"language":"ENG","playtime":1875,"items_purged":["Reflex+1"],"score":310,"play_id":"056f70cb-4a59-4fab-a5e9-7b29cac583ec","local_time":"20210127231254","is_ascension_mode":true,"campfire_choices":[{"floor":8,"key":"REST"},{"floor":15,"key":"REST"},{"floor":24,"key":"REST"},{"floor":29,"key":"REST"},{"floor":32,"key":"REST"}],"circlet_count":0,"master_deck":["Strike_G","Strike_G","Strike_G","Strike_G","Defend_G","Defend_G","Defend_G","Defend_G","Survivor","Neutralize","Blade Dance","Quick Slash","Cloak And Dagger+1","Blade Dance","Sucker Punch+1","Slice","Finisher","Dodge and Roll","All Out Attack+1","Burst","Choke+1","Dodge and Roll+1","Dodge and Roll","Quick Slash+1","Noxious Fumes+1","Accuracy","Blur","Deflect+1","Flying Knee+1"],"relics":["Ring of the Snake","NeowsBlessing","Happy Flower","Ninja Scroll","Astrolabe","Orichalcum","Anchor","Whetstone","Mummified Hand"],"acts_visited":["Exordium","TheCity"],"potions_floor_usage":[6,6,12,14,16,23,23,23,27,33],"damage_taken":[{"damage":0,"enemies":"Small Slimes","floor":1,"turns":1},{"damage":0,"enemies":"Cultist","floor":3,"turns":1},{"damage":0,"enemies":"2 Louse","floor":5,"turns":1},{"damage":33,"enemies":"Lagavulin","floor":6,"turns":7},{"damage":0,"enemies":"Blue Slaver","floor":7,"turns":3},{"damage":2,"enemies":"Large Slime","floor":12,"turns":4},{"damage":28,"enemies":"Gremlin Nob","floor":13,"turns":4},{"damage":0,"enemies":"3 Louse","floor":14,"turns":1},{"damage":36,"enemies":"Slime Boss","floor":16,"turns":10},{"damage":6,"enemies":"3 Byrds","floor":18,"turns":3},{"damage":10,"enemies":"2 Thieves","floor":20,"turns":2},{"damage":13,"enemies":"Gremlin Leader","floor":23,"turns":4},{"damage":8,"enemies":"Book of Stabbing","floor":27,"turns":4},{"damage":5,"enemies":"Shelled Parasite and Fungi","floor":28,"turns":2},{"damage":12,"enemies":"Centurion and Healer","floor":30,"turns":5},{"damage":71,"enemies":"Collector","floor":33,"turns":7}],"seed_played":"6296092466716081613","potions_obtained":[{"floor":1,"key":"AttackPotion"},{"floor":3,"key":"DistilledChaos"},{"floor":7,"key":"DuplicationPotion"},{"floor":12,"key":"Explosive Potion"},{"floor":14,"key":"Weak Potion"},{"floor":16,"key":"SteroidPotion"},{"floor":18,"key":"BlessingOfTheForge"},{"floor":20,"key":"AttackPotion"},{"floor":28,"key":"Dexterity Potion"}],"is_trial":false,"path_per_floor":["M","$","M","$","M","E","M","R","T","?","?","M","E","M","R","B",null,"M","?","M","?","?","E","R","$","T","E","M","R","M","$","R","B"],"character_chosen":"THE_SILENT","items_purchased":["Blade Dance","Quick Slash","Accuracy","Anchor","Weak Potion"],"campfire_rested":5,"item_purchase_floors":[2,2,25,25,25],"current_hp_per_floor":[70,70,70,70,70,37,37,58,58,70,70,68,40,40,61,25,70,64,64,54,41,41,28,50,50,50,42,37,59,47,47,69,0,0],"gold":106,"neow_bonus":"THREE_ENEMY_KILL","is_daily":false,"chose_seed":false,"campfire_upgraded":0,"win_rate":0.0,"timestamp":1611789174,"path_taken":["M","$","M","$","M","E","M","R","T","?","?","M","E","M","R","BOSS","M","?","M","?","?","E","R","$","T","E","M","R","M","?","R","BOSS"],"items_purchased_type":["Card","Card","Card","Relic","Potion"],"build_version":"2020-12-22","purchased_purges":1,"victory":false,"max_hp_per_floor":[70,70,70,70,70,70,70,70,70,70,70,70,70,70,70,70,70,70,70,70,75,75,75,75,75,75,75,75,75,75,75,75,75,75],"card_choices":[{"not_picked":["Concentrate","Bane"],"picked":"Deadly Poison","floor":1},{"not_picked":["Dagger Throw","PiercingWail"],"picked":"Cloak And Dagger","floor":3},{"not_picked":["Prepared","Outmaneuver"],"picked":"Blade Dance","floor":5},{"not_picked":["Tactician","Bane"],"picked":"Sucker Punch","floor":6},{"not_picked":["Sucker Punch","Bane"],"picked":"Slice","floor":7},{"not_picked":["Night Terror","Flying Knee"],"picked":"Finisher","floor":12},{"not_picked":["Acrobatics","Eviscerate"],"picked":"Dodge and Roll","floor":13},{"not_picked":["Deadly Poison","Dagger Throw"],"picked":"All Out Attack","floor":14},{"not_picked":["Night Terror","Glass Knife"],"picked":"Burst","floor":16},{"not_picked":["Poisoned Stab","Well Laid Plans+1"],"picked":"Dodge and Roll","floor":18},{"not_picked":["Flechettes","Eviscerate+1"],"picked":"Quick Slash+1","floor":20},{"not_picked":["Bane","Skewer"],"picked":"Noxious Fumes+1","floor":23},{"not_picked":["Dagger Spray","Adrenaline"],"picked":"Blur","floor":27},{"not_picked":["Backflip","Underhanded Strike"],"picked":"Deflect+1","floor":28},{"not_picked":["Bane","Deadly Poison"],"picked":"Flying Knee+1","floor":30}],"player_experience":290883,"relics_obtained":[{"floor":6,"key":"Happy Flower"},{"floor":13,"key":"Ninja Scroll"},{"floor":23,"key":"Orichalcum"},{"floor":26,"key":"Whetstone"},{"floor":27,"key":"Mummified Hand"}],"event_choices":[{"damage_healed":17,"gold_gain":0,"player_choice":"Healed","damage_taken":0,"max_hp_gain":0,"max_hp_loss":0,"event_name":"The Cleric","floor":10,"gold_loss":35},{"damage_healed":0,"gold_gain":0,"player_choice":"Upgraded","damage_taken":0,"max_hp_gain":0,"max_hp_loss":0,"event_name":"Upgrade Shrine","floor":11,"gold_loss":0,"cards_upgraded":["Cloak And Dagger"]},{"damage_healed":0,"gold_gain":99,"player_choice":"Stole From Cult","damage_taken":0,"max_hp_gain":0,"max_hp_loss":0,"event_name":"Nest","floor":19,"gold_loss":0},{"damage_healed":0,"gold_gain":0,"player_choice":"Shed Blood","damage_taken":18,"max_hp_gain":5,"max_hp_loss":0,"event_name":"Forgotten Altar","floor":21,"gold_loss":0},{"damage_healed":0,"gold_gain":0,"player_choice":"Ignored","damage_taken":0,"max_hp_gain":0,"max_hp_loss":0,"event_name":"Ghosts","floor":22,"gold_loss":0}],"is_beta":false,"boss_relics":[{"not_picked":["Busted Crown","Pandora\u0027s Box"],"picked":"Astrolabe"}],"items_purged_floors":[25],"is_endless":false,"potions_floor_spawned":[1,3,7,12,14,16,18,20,28],"killed_by":"Collector","ascension_level":1}}