{"host":"6xsbn6ynqlzwllfm","time":1611785254,"event":{"mods":["2.2 Compatiblity","BaseMod","Bestiary","Colored Map","Colored Powertips","Curses Come First","Highlight Path","Keyboard Shortcuts","Minty Spire (QoL Compilation)","Relic Stats","Slay the Relics Exporter","StSLib","SuperFastMode"],"gold_per_floor":[111,261,106,117,132,161,161,187,187,262,262,294,94,59,59,136,136,150,150,169,169,169,169,179,179,179,212,212,212,212],"floor_reached":29,"language":"ENG","playtime":1079,"items_purged":["Doubt"],"score":514,"play_id":"ea2ddafb-7148-4f15-8643-7b2942455eb4","local_time":"20210127170734","is_ascension_mode":true,"campfire_choices":[{"data":"True Grit","floor":7.0,"key":"SMITH"},{"floor":11,"key":"REST"},{"data":"Inflame","floor":15,"key":"SMITH"},{"data":"Feed","floor":23,"key":"SMITH"},{"data":"Feel No Pain","floor":25,"key":"SMITH"}],"circlet_count":0,"master_deck":["AscendersBane","Strike_R+1","Defend_R+1","Defend_R+1","Defend_R+1","Defend_R+1","Bash","Thunderclap+1","Havoc+1","Rampage+1","Cleave","Headbutt","True Grit+1","Impervious","Feel No Pain+1","Dropkick","Inflame+1","True Grit+1","Feed+1","Decay","Metallicize","Rupture","Writhe"],"relics":["Astrolabe","Du-Vu Doll","Bottled Lightning","Sundial","Blue Candle","DollysMirror","Runic Pyramid","Ornamental Fan","Dream Catcher","Girya"],"acts_visited":["Exordium","TheCity"],"potions_floor_usage":[12,24,24,24,29,29],"damage_taken":[{"damage":6.0,"enemies":"Small Slimes","floor":1.0,"turns":3.0},{"damage":7.0,"enemies":"Jaw Worm","floor":4.0,"turns":3.0},{"damage":0.0,"enemies":"2 Louse","floor":5.0,"turns":2.0},{"damage":32.0,"enemies":"Gremlin Nob","floor":6.0,"turns":4.0},{"damage":11,"enemies":"3 Sentries","floor":8,"turns":6},{"damage":8,"enemies":"Lagavulin","floor":12,"turns":7},{"damage":12,"enemies":"Slime Boss","floor":16,"turns":9},{"damage":14,"enemies":"3 Byrds","floor":18,"turns":6},{"damage":0,"enemies":"Spheric Guardian","floor":20,"turns":5},{"damage":19,"enemies":"Snecko","floor":24,"turns":7},{"damage":13,"enemies":"Gremlin Leader","floor":27,"turns":7},{"damage":34,"enemies":"Book of Stabbing","floor":29,"turns":5}],"seed_played":"-5598577359804230515","potions_obtained":[{"floor":4.0,"key":"SmokeBomb"},{"floor":8,"key":"Block Potion"},{"floor":16,"key":"Fire Potion"},{"floor":20,"key":"EntropicBrew"},{"floor":27,"key":"Strength Potion"}],"is_trial":false,"path_per_floor":["M","?","$","M","M","E","R","E","T","?","R","E","$","?","R","B",null,"M","?","M","?","?","R","M","R","T","E","?","E"],"character_chosen":"IRONCLAD","items_purchased":["LiquidMemories","Inflame","DollysMirror"],"campfire_rested":1,"item_purchase_floors":[3,13,13],"current_hp_per_floor":[62,62,62,55,55,23,23,12,12,1,23,15,15,33,33,21,62,51,51,54,54,54,54,39,39,39,30,30,0,0],"gold":212,"neow_bonus":"BOSS_RELIC","is_daily":false,"chose_seed":false,"campfire_upgraded":4,"win_rate":0.0,"timestamp":1611785254,"path_taken":["M","?","$","M","M","E","R","E","T","?","R","E","$","?","R","BOSS","M","?","?","?","?","R","M","R","T","E","?","E"],"items_purchased_type":["Potion","Card","Relic"],"build_version":"2020-12-22","purchased_purges":1,"victory":false,"max_hp_per_floor":[75,75,75,75,75,75,75,75,75,75,75,75,75,75,75,75,75,78,78,81,81,81,81,85,85,85,89,89,89,89],"relic_stats":{"Dream Catcher":0,"counters":[12,64],"Sundial":[10],"Ornamental Fan":[8],"Astrolabe":["Thunderclap","Havoc","Rampage"],"Blue Candle":[3],"obtain_stats":[{"Du-Vu Doll":6,"Girya":28,"Dream Catcher":27,"Sundial":9,"DollysMirror":13,"Ornamental Fan":26,"Astrolabe":0,"Blue Candle":12,"Bottled Lightning":8,"Burning Blood":0,"Runic Pyramid":17},{"Du-Vu Doll":4,"Girya":11,"Dream Catcher":11,"Sundial":5,"DollysMirror":6,"Ornamental Fan":10,"Astrolabe":0,"Blue Candle":6,"Bottled Lightning":5,"Burning Blood":0,"Runic Pyramid":7},{"Du-Vu Doll":12,"Girya":59,"Dream Catcher":59,"Sundial":18,"DollysMirror":25,"Ornamental Fan":52,"Astrolabe":0,"Blue Candle":25,"Bottled Lightning":18,"Burning Blood":0,"Runic Pyramid":34}]},"card_choices":[{"not_picked":["Body Slam","Sword Boomerang"],"picked":"Cleave","floor":1.0},{"not_picked":["Hemokinesis","Clash"],"picked":"Headbutt","floor":4.0},{"not_picked":["Iron Wave","Corruption"],"picked":"True Grit","floor":5.0},{"not_picked":["Anger","Twin Strike"],"picked":"Impervious","floor":6.0},{"not_picked":["Ghostly Armor","Anger"],"picked":"Feel No Pain","floor":8},{"not_picked":["Rampage","Seeing Red"],"picked":"Dropkick","floor":12},{"not_picked":["Fiend Fire","Bludgeon"],"picked":"Feed","floor":16},{"not_picked":["Thunderclap","Reckless Charge"],"picked":"Metallicize","floor":24},{"not_picked":["Shockwave","Iron Wave"],"picked":"Rupture","floor":27}],"player_experience":1177330,"relics_obtained":[{"floor":6.0,"key":"Du-Vu Doll"},{"floor":8,"key":"Bottled Lightning"},{"floor":9,"key":"Sundial"},{"floor":12,"key":"Blue Candle"},{"floor":26,"key":"Ornamental Fan"},{"floor":27,"key":"Dream Catcher"}],"event_choices":[{"damage_healed":0.0,"max_hp_gain":0.0,"max_hp_loss":0.0,"gold_gain":150.0,"event_name":"Liars Game","player_choice":"AGREE","floor":2.0,"gold_loss":0.0,"damage_taken":0.0,"cards_obtained":["Doubt"]},{"damage_healed":0,"gold_gain":75,"player_choice":"Gather Gold","damage_taken":11,"max_hp_gain":0,"max_hp_loss":0,"event_name":"World of Goop","floor":10,"gold_loss":0},{"damage_healed":18,"gold_gain":0,"player_choice":"Healed","damage_taken":0,"max_hp_gain":0,"max_hp_loss":0,"event_name":"The Cleric","floor":14,"gold_loss":35},{"cards_removed":["Strike_R"],"damage_healed":0,"gold_gain":0,"player_choice":"Offered Basic","damage_taken":0,"max_hp_gain":0,"max_hp_loss":0,"event_name":"Bonfire Elementals","floor":19,"gold_loss":0},{"damage_healed":0,"gold_gain":0,"player_choice":"Simplicity","damage_taken":0,"max_hp_gain":0,"max_hp_loss":0,"event_name":"Back to Basics","floor":21,"gold_loss":0,"cards_upgraded":["Strike_R","Defend_R","Defend_R","Defend_R","Defend_R"]},{"damage_healed":0,"gold_gain":0,"player_choice":"Smashed Altar","damage_taken":0,"max_hp_gain":0,"max_hp_loss":0,"event_name":"Forgotten Altar","floor":22,"gold_loss":0,"cards_obtained":["Decay"]},{"damage_healed":0,"gold_gain":0,"player_choice":"Opened","damage_taken":0,"relics_obtained":["Girya"],"max_hp_gain":0,"max_hp_loss":0,"event_name":"The Mausoleum","floor":28,"gold_loss":0,"cards_obtained":["Writhe"]}],"is_beta":false,"boss_relics":[{"not_picked":["Snecko Eye","SlaversCollar"],"picked":"Runic Pyramid"}],"items_purged_floors":[3],"is_endless":false,"potions_floor_spawned":[4,8,16,20,27],"killed_by":"Book of Stabbing","ascension_level":20}}