{"host":"aqym1xxr3lb31d9m","time":1611764357,"event":{"mods":["BaseMod","Block Reminder","Colored Map","Colored Powertips","DeckTracker","Highlight Path","Minty Spire (QoL Compilation)","Quick Restart","Random Character Button","StSLib","SuperFastMode","UnlockEverythingMod"],"gold_per_floor":[118,129,129,129,144,170,170,195,195,213,233,155,155,155,155,155,155],"floor_reached":16,"language":"JPN","playtime":621,"items_purged":[],"score":220,"play_id":"b95e79ca-b685-4df6-9a28-0495f05ad309","local_time":"20210128011917","is_ascension_mode":true,"campfire_choices":[{"data":"Sunder","floor":7,"key":"SMITH"},{"data":"Fission","floor":13,"key":"SMITH"},{"data":"Coolheaded","floor":15,"key":"SMITH"}],"circlet_count":0,"master_deck":["AscendersBane","Strike_B","Strike_B","Strike_B","Defend_B","Defend_B","Defend_B","Defend_B","Zap","Dualcast","FTL","FTL","Force Field","Sunder+1","Cold Snap","Sweeping Beam","Fission+1","Coolheaded+1","Self Repair+1"],"relics":["Cracked Core","Happy Flower","Singing Bowl","Vajra","Gremlin Horn"],"acts_visited":["Exordium"],"potions_floor_usage":[6,8,16],"damage_taken":[{"damage":6.0,"enemies":"2 Louse","floor":1.0,"turns":3.0},{"damage":10.0,"enemies":"Small Slimes","floor":2.0,"turns":4.0},{"damage":1,"enemies":"Cultist","floor":5,"turns":3},{"damage":5,"enemies":"3 Sentries","floor":6,"turns":5},{"damage":13,"enemies":"Lagavulin","floor":8,"turns":4},{"damage":5,"enemies":"Exordium Wildlife","floor":10,"turns":4},{"damage":0,"enemies":"Exordium Thugs","floor":11,"turns":3},{"damage":24,"enemies":"The Guardian","floor":16,"turns":12}],"seed_played":"3951724494542604644","potions_obtained":[{"floor":1.0,"key":"AttackPotion"},{"floor":4,"key":"LiquidMemories"},{"floor":5,"key":"LiquidMemories"},{"floor":8,"key":"ColorlessPotion"},{"floor":11,"key":"SteroidPotion"}],"is_trial":false,"path_per_floor":["M","M","?","?","M","E","R","E","T","M","M","$","R","?","R","B"],"character_chosen":"DEFECT","items_purchased":["Self Repair"],"campfire_rested":0,"item_purchase_floors":[12],"current_hp_per_floor":[58,48,48,48,47,42,42,29,29,24,24,24,24,24,24,0,0],"gold":155,"neow_bonus":"RANDOM_COMMON_RELIC","is_daily":false,"chose_seed":false,"campfire_upgraded":3,"win_rate":0.0,"timestamp":1611764357,"path_taken":["M","M","?","?","M","E","R","E","T","?","M","$","R","?","R","BOSS"],"items_purchased_type":["Card"],"build_version":"2020-12-22","purchased_purges":0,"victory":false,"max_hp_per_floor":[71,71,71,71,71,71,71,71,71,71,71,71,71,71,71,71,71],"card_choices":[{"not_picked":["Tempest","Barrage"],"picked":"FTL","floor":1.0},{"not_picked":["Go for the Eyes","Redo"],"picked":"FTL","floor":2.0},{"not_picked":["Static Discharge","Turbo"],"picked":"Sunder","floor":5},{"not_picked":["Auto Shields","Steam"],"picked":"Cold Snap","floor":6},{"not_picked":["Compile Driver","Skim"],"picked":"Sweeping Beam","floor":8},{"not_picked":["Coolheaded","Rip and Tear"],"picked":"Fission","floor":10},{"not_picked":["Compile Driver","Turbo"],"picked":"Coolheaded","floor":11}],"player_experience":4106048,"relics_obtained":[{"floor":6,"key":"Singing Bowl"},{"floor":8,"key":"Vajra"},{"floor":9,"key":"Gremlin Horn"}],"event_choices":[{"damage_healed":0,"gold_gain":0,"cards_transformed":["Strike_B"],"player_choice":"Change","damage_taken":0,"max_hp_gain":0,"max_hp_loss":0,"event_name":"Living Wall","floor":3,"gold_loss":0,"cards_obtained":["Force Field"]},{"damage_healed":0,"gold_gain":0,"player_choice":"Got Potions","damage_taken":0,"max_hp_gain":0,"max_hp_loss":0,"event_name":"Lab","floor":4,"gold_loss":0},{"damage_healed":0,"gold_gain":0,"player_choice":"Upgraded","damage_taken":0,"max_hp_gain":0,"max_hp_loss":0,"event_name":"Upgrade Shrine","floor":14,"gold_loss":0,"cards_upgraded":["Self Repair"]}],"is_beta":false,"boss_relics":[],"items_purged_floors":[],"is_endless":false,"potions_floor_spawned":[1,5,8,11],"killed_by":"The Guardian","ascension_level":20}}