{"host":"350rh84kbmtekt58","time":1611740084,"event":{"mods":["AchievementEnabler","Act Like it!","BaseMod","Better Synergies","Block Reminder","CapriCore","Challenge The Spire","Colored Map","Colored Powertips","Communication Mod","Downfall","Energized Spire","Friendly Minions","GifTheSpireLib","Highlight Path","Minty Spire (QoL Compilation)","Quick Restart","Replay The Spire","Shop Mod","StSLib","The Animator","The Disciple","The Immortal","The Marked","The Runesmith","The Servant 0.9.4","The Wild Card","Transform Curses","yUi"],"gold_per_floor":[113,123,142,158,158,186,186,186,186,261,261,275,68,84,84,214,214,237,232,256,279,56,74,105,128,155,155,179,179,179],"floor_reached":29,"language":"ENG","playtime":1852,"items_purged":[],"score":322,"play_id":"3e74a0e8-0c6c-4a91-b298-cec415b263bb","local_time":"20210127033444","is_ascension_mode":false,"campfire_choices":[{"floor":8,"key":"REST"},{"floor":11,"key":"REST"}],"circlet_count":0,"master_deck":["Strike_P","Strike_P","Defend_P","Defend_P","Defend_P","Defend_P","Eruption","Vigilance","Swivel","FollowUp","WreathOfFlame","Replay:DivineShield","Ragnarok","Sanctity","Swivel","Swivel+1","Perseverance","Omniscience","CurseOfTheBell","TalkToTheHand","Swivel","Pot Of Greed","Pot Of Greed","BattleHymn","SignatureMove+1","Pot Of Greed","FlyingSleeves","DevaForm","EmptyBody"],"relics":["PureWater","NeowsBlessing","Darkstone Periapt","Golden Idol","Mercury Hourglass","Replay:Baseball","Calling Bell","Replay:Mystery Machine","Pear","Replay:Arrowhead","Grinning Jar","ClockworkSouvenir","Pantograph","Tiny Chest"],"acts_visited":["Exordium","TheCity"],"potions_floor_usage":[6,16,24,29],"damage_taken":[{"damage":0,"enemies":"Cultist","floor":1,"turns":1},{"damage":0,"enemies":"Small Slimes","floor":2,"turns":1},{"damage":0,"enemies":"2 Louse","floor":3,"turns":2},{"damage":19,"enemies":"Exordium Wildlife","floor":4,"turns":10},{"damage":35,"enemies":"Replay:BlueRogue","floor":6,"turns":8},{"damage":0,"enemies":"Red Slaver","floor":12,"turns":3},{"damage":2,"enemies":"Exordium Thugs","floor":14,"turns":4},{"damage":0,"enemies":"Slime Boss","floor":16,"turns":4},{"damage":8,"enemies":"Chosen","floor":18,"turns":5},{"damage":27,"enemies":"2 Thieves","floor":19,"turns":4},{"damage":14,"enemies":"Snake Plant","floor":23,"turns":3},{"damage":18,"enemies":"Replay:Snechameleon","floor":24,"turns":6},{"damage":12,"enemies":"Centurion and Healer","floor":25,"turns":7},{"damage":0,"enemies":"Snecko","floor":28,"turns":2},{"damage":10,"enemies":"Sentry and Sphere","floor":29,"turns":3}],"seed_played":"-6535420186586895524","potions_obtained":[{"floor":2,"key":"FearPotion"},{"floor":14,"key":"SkillPotion"},{"floor":23,"key":"Reflective Coating"},{"floor":25,"key":"SpeedPotion"}],"is_trial":false,"path_per_floor":["M","M","M","M","?","E","?","R","T","?","R","M","$","M","R_BF","B",null,"M","M","T","T","$","M","E","M","T","?","M","M"],"character_chosen":"WATCHER","items_purchased":["Replay:Baseball","Swivel","ClockworkSouvenir","BattleHymn"],"campfire_rested":2,"item_purchase_floors":[13,13,22,22],"current_hp_per_floor":[72,72,72,53,53,18,18,38,38,27,47,47,47,45,65,65,83,75,48,48,48,48,34,16,4,4,4,4,0,0],"gold":179,"neow_bonus":"THREE_ENEMY_KILL","is_daily":false,"chose_seed":false,"campfire_upgraded":0,"win_rate":0.0,"timestamp":1611740084,"path_taken":["M","M","M","M","?","E","?","R","T","?","R","M","$","?","R_BF","BOSS","M","M","?","?","$","M","E","M","T","?","M","M"],"items_purchased_type":["Relic","Card","Relic","Card"],"build_version":"2020-12-22","purchased_purges":0,"victory":false,"max_hp_per_floor":[72,72,72,72,72,72,67,67,67,67,67,67,67,67,67,67,83,83,83,83,83,83,83,83,83,83,83,83,83,83],"card_choices":[{"not_picked":["BowlingBash","EmptyFist"],"picked":"Swivel","floor":1},{"not_picked":["PathToVictory","FlurryOfBlows"],"picked":"FollowUp","floor":2},{"not_picked":["Weave","SashWhip"],"picked":"WreathOfFlame","floor":3},{"not_picked":["WindmillStrike","Wallop"],"picked":"Replay:DivineShield","floor":4},{"not_picked":["Indignation","PathToVictory"],"picked":"Ragnarok","floor":6},{"not_picked":["Conclude","Replay:ManipulateFuture"],"picked":"Sanctity","floor":12},{"not_picked":["BowlingBash","Evaluate"],"picked":"Perseverance","floor":14},{"not_picked":["Blasphemy","Replay:AllIn"],"picked":"Omniscience","floor":16},{"not_picked":["JustLucky","PathToVictory"],"picked":"TalkToTheHand","floor":18},{"not_picked":["DeceiveReality","Crescendo"],"picked":"Swivel","floor":19},{"not_picked":["BowlingBash+1","Replay:Vibes"],"picked":"SignatureMove+1","floor":23},{"not_picked":["PathToVictory","Vengeance+1"],"picked":"FlyingSleeves","floor":24},{"not_picked":["Replay:AtTheReady","WindmillStrike+1"],"picked":"DevaForm","floor":25},{"not_picked":["Crescendo","FlyingSleeves"],"picked":"EmptyBody","floor":28}],"player_experience":194910,"relics_obtained":[{"floor":6,"key":"Darkstone Periapt"},{"floor":9,"key":"Mercury Hourglass"},{"floor":17,"key":"Replay:Mystery Machine"},{"floor":17,"key":"Pear"},{"floor":17,"key":"Replay:Arrowhead"},{"floor":21,"key":"Grinning Jar"},{"floor":24,"key":"Pantograph"},{"floor":26,"key":"Tiny Chest"}],"event_choices":[{"damage_healed":0,"gold_gain":0,"player_choice":"Lose Max HP","damage_taken":0,"relics_obtained":["Golden Idol"],"max_hp_gain":0,"max_hp_loss":5,"event_name":"Golden Idol","floor":7,"gold_loss":0},{"damage_healed":0,"gold_gain":75,"player_choice":"Gather Gold","damage_taken":11,"max_hp_gain":0,"max_hp_loss":0,"event_name":"World of Goop","floor":10,"gold_loss":0},{"cards_removed":["Strike_P"],"damage_healed":0,"gold_gain":0,"player_choice":"Elegance","damage_taken":0,"max_hp_gain":0,"max_hp_loss":0,"event_name":"Back to Basics","floor":27,"gold_loss":0}],"is_beta":false,"boss_relics":[{"not_picked":["Sozu","Empty Cage"],"picked":"Calling Bell"}],"items_purged_floors":[],"is_endless":false,"potions_floor_spawned":[2,14,23,25],"killed_by":"Sentry and Sphere","ascension_level":0}}