{"host":"i9wanet4r0ff4t9y","time":1611748864,"event":{"mods":["2.2 Compatiblity","Act Like it!","BaseMod","Bestiary","Better Altar","Better Match","Better Note","Better Sensory Stone","Better Skull","Better Third Choice","Better Vampires","BetterRewards","CapriCore","Colored Map","Curses Come First","Downfall","Hubris","Minty Spire (QoL Compilation)","Quick Restart","READ ME - Guardian Mod","READ ME - Snecko Mod","Relic Stats","Say the Spire","Spicy Shops","StSLib","The Disciple","The Poker Player","Waifu the Spire"],"gold_per_floor":[109,63,63,63,82,82,94,129,152,166,166,201,218,244,244,321,321,331,331,331,12,45,45,57,57,83,111,111,138,174,183,192,279,360,381,381,408,427,649,687,696,696,696],"floor_reached":42,"language":"POL","playtime":1164,"items_purged":[],"score":937,"play_id":"5769fa72-c172-4044-b0f8-e9376018573e","local_time":"20210127130104","is_ascension_mode":true,"campfire_choices":[{"data":"Infernal Blade","floor":6.0,"key":"SMITH"},{"floor":11.0,"key":"REST"},{"floor":15.0,"key":"REST"},{"floor":23.0,"key":"REST"},{"data":"Whirlwind","floor":28.0,"key":"SMITH"},{"floor":32.0,"key":"REST"},{"floor":41,"key":"REST"}],"circlet_count":0,"master_deck":["AscendersBane","Bash","Sadistic Nature+1","Flash of Steel","Infernal Blade+1","Shockwave+1","Anger","Sword Boomerang","Twin Strike","Immolate","Pommel Strike+1","Iron Wave","Sword Boomerang","Rupture","Double Tap","Anger","Metallicize","Intimidate","Reckless Charge","Sword Boomerang+1","Pummel","Blood for Blood","Uppercut","Slimebound:CheckThePlaybook","Whirlwind+1","Hemokinesis","Demon Form","Armaments","Immolate","Limit Break","Inflame","Clothesline","Offering","Barricade","Juggernaut","Warcry","Iron Wave","Shockwave","Spot Weakness","Feel No Pain","Dropkick","Anger"],"relics":["Burning Blood","Membership Card","Regal Pillow","betterThird:SlimedRelic","War Paint","WingedGreaves","Dream Catcher","hubris:Backtick","Ice Cream","betterThird:NestCultRelic","Pear","Red Mask","Tiny Chest","Red Skull","Whetstone","CeramicFish","Pandora\u0027s Box","hubris:ChampionShield","Frozen Egg 2"],"acts_visited":["Exordium","TheCity","TheBeyond"],"potions_floor_usage":[40,42],"damage_taken":[{"damage":1.0,"enemies":"Cultist","floor":1.0,"turns":3.0},{"damage":4.0,"enemies":"Small Slimes","floor":5.0,"turns":2.0},{"damage":4.0,"enemies":"Jaw Worm","floor":7.0,"turns":2.0},{"damage":36.0,"enemies":"Lagavulin","floor":8.0,"turns":7.0},{"damage":4.0,"enemies":"Gremlin Gang","floor":10.0,"turns":4.0},{"damage":20.0,"enemies":"3 Sentries","floor":12.0,"turns":4.0},{"damage":6.0,"enemies":"Exordium Wildlife","floor":13.0,"turns":5.0},{"damage":50.0,"enemies":"The Guardian","floor":16.0,"turns":10.0},{"damage":3.0,"enemies":"Spheric Guardian","floor":18.0,"turns":3.0},{"damage":31.0,"enemies":"Masked Bandits","floor":22.0,"turns":4.0},{"damage":0.0,"enemies":"3 Byrds","floor":24.0,"turns":4.0},{"damage":33.0,"enemies":"Book of Stabbing","floor":27.0,"turns":6.0},{"damage":43.0,"enemies":"Slavers","floor":30.0,"turns":4.0},{"damage":48.0,"enemies":"Automaton","floor":33.0,"turns":6.0},{"damage":7.0,"enemies":"Orb Walker","floor":35.0,"turns":3.0},{"damage":26.0,"enemies":"3 Shapes","floor":38.0,"turns":2.0},{"damage":32,"enemies":"Reptomancer","floor":40,"turns":2},{"damage":69,"enemies":"Nemesis","floor":42,"turns":4}],"seed_played":"6631477369916117303","potions_obtained":[{"floor":1.0,"key":"FairyPotion"},{"floor":7.0,"key":"SpeedPotion"},{"floor":10.0,"key":"hexamod:SoulburnPotion"},{"floor":24.0,"key":"Regen Potion"},{"floor":27.0,"key":"Explosive Potion"},{"floor":33.0,"key":"PowerPotion"},{"floor":35.0,"key":"Guardian:BlockOnCardUsePotion"},{"floor":40,"key":"Ancient Potion"}],"is_trial":false,"path_per_floor":["M","?","?","?","M","R","M","E","T","M","R","E","M","T","R","B",null,"M","?","?","$","?","R","M","?","T","E","R","T","E","?","R","B",null,"M","?","T","M","?","E","R","E"],"character_chosen":"IRONCLAD","items_purchased":["Membership Card","Regal Pillow","Sadistic Nature","Flash of Steel","Infernal Blade","Pear","Metallicize","Intimidate","Reckless Charge","Sword Boomerang"],"campfire_rested":5,"item_purchase_floors":[0,0,0,0,0,21,21,21,21,21],"current_hp_per_floor":[55,44,44,44,46,46,48,18,18,20,57,43,43,43,75,31,64,67,67,67,77,52,85,85,73,73,58,58,58,21,3,39,27,62,61,73,73,53,53,27,63,0,0],"gold":696,"neow_bonus":"","is_daily":false,"chose_seed":false,"campfire_upgraded":2,"win_rate":0.0,"timestamp":1611748864,"path_taken":["M","?","?","?","M","R","?","E","T","?","R","E","M","?","R","BOSS","M","?","?","$","?","R","?","?","T","E","R","?","E","?","R","BOSS","M","?","?","M","?","E","R","E"],"items_purchased_type":["Relic","Relic","Card","Card","Card","Relic","Card","Card","Card","Card"],"build_version":"2020-12-22","purchased_purges":0,"victory":false,"max_hp_per_floor":[75,75,75,75,75,75,75,75,75,75,75,75,75,75,75,75,75,75,75,75,85,85,85,85,73,73,73,73,73,73,73,73,73,73,73,73,73,73,73,73,73,73,73],"relic_stats":{"Regal Pillow":63,"Dream Catcher":4,"counters":[678,3065],"CeramicFish":153,"Tiny Chest":1,"Pandora\u0027s Box":["Limit Break","Inflame","Clothesline","Offering","Barricade","Juggernaut","Warcry","Iron Wave","Shockwave"],"Whetstone":["Pommel Strike","Sword Boomerang"],"War Paint":["Shockwave","Defend_R"],"obtain_stats":[{"Replay:Accelerometer":0,"Spirit Poop":4,"Sling":47,"Ring of Searing":15,"Blood Vial":22,"downfall:ExtraCursedKey":4,"Replay:Bottled Flurry":49,"HandDrill":31,"Necronomicon":19,"Replay:Bottled Steam":23,"Blue Candle":7,"Eternal Feather":17,"Pen Nib":0,"Akabeko":31,"Bird Faced Urn":9,"ReplayTheSpireMod:Ring of Collecting":5,"StrikeDummy":0,"Unceasing Top":0,"Regal Pillow":24,"Torii":47,"Singing Bowl":0,"King of Hearts":47,"Smiling Mask":27,"Burning Blood":0,"Pet Ghost":44,"hubris:Backtick":17,"Toolbox":0,"Chemical X":21,"Replay:Bottled Eggs":0,"InkBottle":34,"Potion Belt":36,"Lee\u0027s Waffle":44,"Golden Idol":3,"PreservedInsect":22,"Ring of Greed":10,"Replay:Arrowhead":48,"Ornamental Fan":37,"Ring of Misfortune":36,"betterThird:SlimedRelic":3,"Ectoplasm":17,"Art of War":40,"Garlic":12,"Durian":0,"hexamod:BolsterEngine":11,"Ice Cream":6,"Divine Protection":0,"Calipers":6,"Tiny House":36,"Gremlin Horn":10,"Nilry\u0027s Codex":22,"Sozu":34,"Centennial Puzzle":2,"Honey Jar":17,"Prayer Wheel":40,"Philosopher\u0027s Stone":17,"Iron Hammer":9,"Girya":23,"ReplayTheSpireMod:CursedCoin":19,"Replay:Grab Bag":34,"Charon\u0027s Ashes":0,"WarpedTongs":29,"Du-Vu Doll":0,"ReplayTheSpireMod:Spearhead":31,"Onion Ring":54,"Mirror":45,"Pocketwatch":10,"Black Blood":34,"Juzu Bracelet":19,"Replay:Mystery Machine":26,"Empty Cage":34,"Nunchaku":45,"Dream Catcher":9,"Chameleon Ring":49,"TheAbacus":0,"Red Mask":41,"Replay:Bottled Snecko":0,"Runic Pyramid":34,"Guide Book":38,"Replay:WaspNest":3,"Odd Mushroom":12,"Mercury Hourglass":43,"Calling Bell":17,"Strange Spoon":44,"Pondfish Scales":0,"Bag of Marbles":0,"Membership Card":24,"FossilizedHelix":12,"ReplayTheSpireMod:ShopPack":20,"Golden Egg":34,"Ginger":17,"Whetstone":27,"Bottled Tornado":10,"Boot":9,"Old Coin":24,"Replay:Ringing Soul":47,"Sundial":17,"MealTicket":26,"Kunai":10,"Replay:Wax Seal":0,"Electric Blood":17,"Pear":0,"betterAltar:BloodRelic":27,"ReplayTheSpireMod:Ring of Addiction":36,"Replay:Ancient Bell":34,"SlaversCollar":17,"Ooze Armor":34,"Pandora\u0027s Box":34,"Mark of Pain":17,"Lantern":34,"Magic Flower":0,"StoneCalendar":0,"Blue Doll":43,"Replay:Multitool":25,"Bag of Preparation":54,"Cursed Key":34,"Replay:Rubber Ducky":34,"Shovel":34,"Ring of Peace":5,"WingedGreaves":37,"hubris:ChampionShield":37,"Paper Frog":23,"Self Forming Clay":6,"Thread and Needle":20,"The Courier":9,"betterThird:NestCultRelic":22,"Omamori":42,"Frozen Egg 2":0,"MawBank":27,"sneckomod:BabySnecko":20,"Busted Crown":17,"Bloody Idol":22,"Orrery":36,"Turnip":23,"Champion Belt":20,"ReplayTheSpireMod:Lightbulb":27,"Toy Ornithopter":28,"CeramicFish":24,"Vajra":8,"Lizard Tail":42,"HornCleat":52,"downfall:GremlinWheel":0,"FaceOfCleric":13,"DollysMirror":44,"Strawberry":10,"Toxic Egg 2":36,"Happy Flower":14,"Ring of Hypnosis":27,"Dead Branch":17,"Astrolabe":34,"Oddly Smooth Stone":41,"Letter Opener":9,"Replay:Kaleidoscope":37,"War Paint":6,"Question Card":19,"Bottled Flame":26,"Replay:Baseball":38,"ReplayTheSpireMod:Shallot":27,"Shuriken":34,"Bronze Scales":45,"Molten Egg 2":43,"Simple Rune":27,"ReplayTheSpireMod:TigerMarble":23,"Nloth\u0027s Gift":0,"Black Star":17,"Grinning Jar":6,"Meat on the Bone":45,"ReplayFunnel":14,"Darkstone Periapt":0,"ReplayTheSpireMod:Ring of Exchange":26,"Replay:PocketPolymizer":34,"Mango":40,"Incense Burner":0,"ClockworkSouvenir":44,"Frozen Eye":0,"SsserpentHead":20,"Replay:Bandana":20,"Mummified Hand":9,"Pantograph":0,"Gambling Chip":0,"Tiny Chest":12,"Red Skull":17,"Gremlin Food":37,"BargainBundle":19,"hexamod:CandleOfCauterizing":46,"ReplayTheSpireMod:Ninjato":48,"Replay:Towering Pillar of Hats":50,"Quantum Egg":42,"hexamod:Sixitude":37,"Orichalcum":43,"White Beast Statue":36,"Peace Pipe":0,"CaptainsWheel":0,"Anchor":38,"ChewingGum":17,"Another Sword":47,"Snack Pack":28,"Coffee Dripper":0,"TungstenRod":7},{"Replay:Accelerometer":210,"Spirit Poop":432,"Sling":102,"Ring of Searing":340,"Blood Vial":39,"downfall:ExtraCursedKey":595,"Replay:Bottled Flurry":153,"HandDrill":200,"Necronomicon":553,"Replay:Bottled Steam":399,"Blue Candle":234,"Eternal Feather":480,"Pen Nib":387,"Akabeko":94,"Bird Faced Urn":7,"ReplayTheSpireMod:Ring of Collecting":186,"StrikeDummy":404,"Unceasing Top":429,"Regal Pillow":14,"Torii":77,"Singing Bowl":104,"King of Hearts":102,"Smiling Mask":281,"Burning Blood":0,"Pet Ghost":75,"hubris:Backtick":668,"Toolbox":28,"Chemical X":13,"Replay:Bottled Eggs":321,"InkBottle":122,"Potion Belt":47,"Lee\u0027s Waffle":75,"Golden Idol":186,"PreservedInsect":140,"Ring of Greed":134,"Replay:Arrowhead":183,"Ornamental Fan":177,"Ring of Misfortune":47,"betterThird:SlimedRelic":105,"Ectoplasm":526,"Art of War":49,"Garlic":136,"Durian":156,"hexamod:BolsterEngine":366,"Ice Cream":83,"Divine Protection":243,"Calipers":32,"Tiny House":350,"Gremlin Horn":250,"Nilry\u0027s Codex":13,"Sozu":511,"Centennial Puzzle":105,"Honey Jar":276,"Prayer Wheel":23,"Philosopher\u0027s Stone":253,"Iron Hammer":33,"Girya":115,"ReplayTheSpireMod:CursedCoin":113,"Replay:Grab Bag":261,"Charon\u0027s Ashes":184,"WarpedTongs":67,"Du-Vu Doll":519,"ReplayTheSpireMod:Spearhead":200,"Onion Ring":55,"Mirror":265,"Pocketwatch":217,"Black Blood":261,"Juzu Bracelet":113,"Replay:Mystery Machine":66,"Empty Cage":201,"Nunchaku":51,"Dream Catcher":249,"Chameleon Ring":53,"TheAbacus":321,"Red Mask":23,"Replay:Bottled Snecko":293,"Runic Pyramid":261,"Guide Book":379,"Replay:WaspNest":29,"Odd Mushroom":9,"Mercury Hourglass":75,"Calling Bell":11,"Strange Spoon":151,"Pondfish Scales":130,"Bag of Marbles":104,"Membership Card":66,"FossilizedHelix":34,"ReplayTheSpireMod:ShopPack":194,"Golden Egg":146,"Ginger":226,"Whetstone":417,"Bottled Tornado":235,"Boot":610,"Old Coin":92,"Replay:Ringing Soul":102,"Sundial":11,"MealTicket":14,"Kunai":33,"Replay:Wax Seal":28,"Electric Blood":62,"Pear":519,"betterAltar:BloodRelic":171,"ReplayTheSpireMod:Ring of Addiction":47,"Replay:Ancient Bell":46,"SlaversCollar":369,"Ooze Armor":175,"Pandora\u0027s Box":420,"Mark of Pain":37,"Lantern":46,"Magic Flower":28,"StoneCalendar":55,"Blue Doll":180,"Replay:Multitool":117,"Bag of Preparation":155,"Cursed Key":19,"Replay:Rubber Ducky":122,"Shovel":46,"Ring of Peace":186,"WingedGreaves":287,"hubris:ChampionShield":675,"Paper Frog":40,"Self Forming Clay":272,"Thread and Needle":167,"The Courier":324,"betterThird:NestCultRelic":329,"Omamori":100,"Frozen Egg 2":156,"MawBank":92,"sneckomod:BabySnecko":481,"Busted Crown":112,"Bloody Idol":39,"Orrery":421,"Turnip":141,"Champion Belt":456,"ReplayTheSpireMod:Lightbulb":92,"Toy Ornithopter":92,"CeramicFish":66,"Vajra":7,"Lizard Tail":24,"HornCleat":54,"downfall:GremlinWheel":387,"FaceOfCleric":9,"DollysMirror":151,"Strawberry":85,"Toxic Egg 2":20,"Happy Flower":36,"Ring of Hypnosis":375,"Dead Branch":11,"Astrolabe":635,"Oddly Smooth Stone":75,"Letter Opener":60,"Replay:Kaleidoscope":73,"War Paint":160,"Question Card":396,"Bottled Flame":41,"Replay:Baseball":97,"ReplayTheSpireMod:Shallot":67,"Shuriken":46,"Bronze Scales":127,"Molten Egg 2":24,"Simple Rune":118,"ReplayTheSpireMod:TigerMarble":66,"Nloth\u0027s Gift":387,"Black Star":439,"Grinning Jar":106,"Meat on the Bone":290,"ReplayFunnel":137,"Darkstone Periapt":293,"ReplayTheSpireMod:Ring of Exchange":197,"Replay:PocketPolymizer":122,"Mango":99,"Incense Burner":156,"ClockworkSouvenir":75,"Frozen Eye":184,"SsserpentHead":441,"Replay:Bandana":254,"Mummified Hand":216,"Pantograph":55,"Gambling Chip":581,"Tiny Chest":410,"Red Skull":11,"Gremlin Food":47,"BargainBundle":89,"hexamod:CandleOfCauterizing":469,"ReplayTheSpireMod:Ninjato":129,"Replay:Towering Pillar of Hats":358,"Quantum Egg":50,"hexamod:Sixitude":637,"Orichalcum":100,"White Beast Statue":47,"Peace Pipe":156,"CaptainsWheel":0,"Anchor":123,"ChewingGum":138,"Another Sword":102,"Snack Pack":92,"Coffee Dripper":130,"TungstenRod":59},{"Replay:Accelerometer":982,"Spirit Poop":2006,"Sling":464,"Ring of Searing":1582,"Blood Vial":183,"downfall:ExtraCursedKey":2662,"Replay:Bottled Flurry":727,"HandDrill":928,"Necronomicon":2493,"Replay:Bottled Steam":1866,"Blue Candle":1086,"Eternal Feather":2208,"Pen Nib":1804,"Akabeko":436,"Bird Faced Urn":28,"ReplayTheSpireMod:Ring of Collecting":865,"StrikeDummy":1896,"Unceasing Top":1996,"Regal Pillow":52,"Torii":381,"Singing Bowl":473,"King of Hearts":464,"Smiling Mask":1297,"Burning Blood":0,"Pet Ghost":375,"hubris:Backtick":3027,"Toolbox":125,"Chemical X":46,"Replay:Bottled Eggs":1495,"InkBottle":565,"Potion Belt":228,"Lee\u0027s Waffle":375,"Golden Idol":865,"PreservedInsect":668,"Ring of Greed":637,"Replay:Arrowhead":853,"Ornamental Fan":833,"Ring of Misfortune":228,"betterThird:SlimedRelic":475,"Ectoplasm":2380,"Art of War":239,"Garlic":644,"Durian":749,"hexamod:BolsterEngine":1700,"Ice Cream":404,"Divine Protection":1125,"Calipers":142,"Tiny House":1630,"Gremlin Horn":1157,"Nilry\u0027s Codex":46,"Sozu":2321,"Centennial Puzzle":475,"Honey Jar":1274,"Prayer Wheel":101,"Philosopher\u0027s Stone":1174,"Iron Hammer":146,"Girya":519,"ReplayTheSpireMod:CursedCoin":506,"Replay:Grab Bag":1209,"Charon\u0027s Ashes":860,"WarpedTongs":338,"Du-Vu Doll":2358,"ReplayTheSpireMod:Spearhead":928,"Onion Ring":286,"Mirror":1228,"Pocketwatch":1017,"Black Blood":1209,"Juzu Bracelet":506,"Replay:Mystery Machine":335,"Empty Cage":935,"Nunchaku":256,"Dream Catcher":1150,"Chameleon Ring":267,"TheAbacus":1495,"Red Mask":101,"Replay:Bottled Snecko":1364,"Runic Pyramid":1209,"Guide Book":1761,"Replay:WaspNest":129,"Odd Mushroom":32,"Mercury Hourglass":375,"Calling Bell":38,"Strange Spoon":718,"Pondfish Scales":625,"Bag of Marbles":473,"Membership Card":335,"FossilizedHelix":150,"ReplayTheSpireMod:ShopPack":898,"Golden Egg":696,"Ginger":1054,"Whetstone":1947,"Bottled Tornado":1090,"Boot":2728,"Old Coin":431,"Replay:Ringing Soul":464,"Sundial":38,"MealTicket":52,"Kunai":146,"Replay:Wax Seal":125,"Electric Blood":319,"Pear":2358,"betterAltar:BloodRelic":802,"ReplayTheSpireMod:Ring of Addiction":228,"Replay:Ancient Bell":224,"SlaversCollar":1719,"Ooze Armor":825,"Pandora\u0027s Box":1961,"Mark of Pain":174,"Lantern":224,"Magic Flower":125,"StoneCalendar":286,"Blue Doll":845,"Replay:Multitool":528,"Bag of Preparation":741,"Cursed Key":81,"Replay:Rubber Ducky":565,"Shovel":224,"Ring of Peace":865,"WingedGreaves":1330,"hubris:ChampionShield":3057,"Paper Frog":188,"Self Forming Clay":1254,"Thread and Needle":782,"The Courier":1501,"betterThird:NestCultRelic":1532,"Omamori":460,"Frozen Egg 2":749,"MawBank":431,"sneckomod:BabySnecko":2211,"Busted Crown":501,"Bloody Idol":183,"Orrery":1965,"Turnip":671,"Champion Belt":2117,"ReplayTheSpireMod:Lightbulb":431,"Toy Ornithopter":431,"CeramicFish":335,"Vajra":28,"Lizard Tail":102,"HornCleat":280,"downfall:GremlinWheel":1804,"FaceOfCleric":32,"DollysMirror":718,"Strawberry":409,"Toxic Egg 2":85,"Happy Flower":161,"Ring of Hypnosis":1743,"Dead Branch":38,"Astrolabe":2858,"Oddly Smooth Stone":375,"Letter Opener":306,"Replay:Kaleidoscope":363,"War Paint":759,"Question Card":1848,"Bottled Flame":193,"Replay:Baseball":448,"ReplayTheSpireMod:Shallot":338,"Shuriken":224,"Bronze Scales":593,"Molten Egg 2":102,"Simple Rune":534,"ReplayTheSpireMod:TigerMarble":335,"Nloth\u0027s Gift":1804,"Black Star":2041,"Grinning Jar":479,"Meat on the Bone":1347,"ReplayFunnel":648,"Darkstone Periapt":1364,"ReplayTheSpireMod:Ring of Exchange":916,"Replay:PocketPolymizer":565,"Mango":458,"Incense Burner":749,"ClockworkSouvenir":375,"Frozen Eye":860,"SsserpentHead":2050,"Replay:Bandana":1178,"Mummified Hand":1010,"Pantograph":286,"Gambling Chip":2606,"Tiny Chest":1920,"Red Skull":38,"Gremlin Food":228,"BargainBundle":422,"hexamod:CandleOfCauterizing":2176,"ReplayTheSpireMod:Ninjato":608,"Replay:Towering Pillar of Hats":1662,"Quantum Egg":245,"hexamod:Sixitude":2870,"Orichalcum":460,"White Beast Statue":228,"Peace Pipe":749,"CaptainsWheel":0,"Anchor":570,"ChewingGum":659,"Another Sword":464,"Snack Pack":431,"Coffee Dripper":625,"TungstenRod":303}],"Burning Blood":3841},"card_choices":[{"not_picked":["Twin Strike","Iron Wave"],"picked":"Shockwave","floor":1.0},{"not_picked":["Evolve","Battle Trance"],"picked":"Sword Boomerang","floor":5.0},{"not_picked":["Wild Strike","Sword Boomerang"],"picked":"Twin Strike","floor":7.0},{"not_picked":["Clash","Corruption"],"picked":"Immolate","floor":8.0},{"not_picked":["Body Slam","Clash"],"picked":"Pommel Strike","floor":10.0},{"not_picked":["Heavy Blade","Sentinel"],"picked":"Iron Wave","floor":12.0},{"not_picked":["Headbutt","Heavy Blade"],"picked":"Sword Boomerang","floor":13.0},{"not_picked":["Feel No Pain","Warcry"],"picked":"Rupture","floor":15.0},{"not_picked":["Fiend Fire","Juggernaut"],"picked":"Double Tap","floor":16.0},{"not_picked":["Clash","Havoc"],"picked":"Anger","floor":18.0},{"not_picked":["Twin Strike","Havoc"],"picked":"Pummel","floor":22.0},{"not_picked":["Sever Soul","True Grit"],"picked":"Blood for Blood","floor":23.0},{"not_picked":["Dropkick","Entrench"],"picked":"Uppercut","floor":24.0},{"not_picked":["Dual Wield","Heavy Blade"],"picked":"Whirlwind","floor":27.0},{"not_picked":["Anger","Dark Embrace"],"picked":"Hemokinesis","floor":30.0},{"not_picked":["Headbutt","Shrug It Off"],"picked":"Armaments","floor":32.0},{"not_picked":["Impervious","Corruption"],"picked":"Immolate","floor":33.0},{"not_picked":["Sword Boomerang+1","Thunderclap"],"picked":"Spot Weakness","floor":35.0},{"not_picked":["Armaments","True Grit+1"],"picked":"Feel No Pain","floor":38.0},{"not_picked":["Thunderclap","Dual Wield"],"picked":"Dropkick","floor":40},{"not_picked":["Sword Boomerang+1","Dark Embrace+1"],"picked":"Anger","floor":41}],"player_experience":445976,"relics_obtained":[{"floor":8.0,"key":"War Paint"},{"floor":12.0,"key":"WingedGreaves"},{"floor":14.0,"key":"Dream Catcher"},{"floor":22.0,"key":"Red Mask"},{"floor":26.0,"key":"Tiny Chest"},{"floor":27.0,"key":"Red Skull"},{"floor":29.0,"key":"Whetstone"},{"floor":30.0,"key":"CeramicFish"},{"floor":37.0,"key":"hubris:ChampionShield"},{"floor":40,"key":"Frozen Egg 2"}],"event_choices":[{"damage_healed":0.0,"max_hp_gain":0.0,"max_hp_loss":0.0,"gold_gain":0.0,"event_name":"betterThird:BetterGoop","player_choice":"Slimed","floor":2.0,"gold_loss":46.0,"damage_taken":11.0},{"damage_healed":0.0,"max_hp_gain":0.0,"max_hp_loss":0.0,"gold_gain":0.0,"event_name":"Living Wall","player_choice":"Grow","floor":4.0,"gold_loss":0.0,"damage_taken":0.0,"cards_upgraded":["Sadistic Nature"]},{"damage_healed":0.0,"max_hp_gain":0.0,"max_hp_loss":8.0,"gold_gain":0.0,"event_name":"betterThird:BetterWriting","player_choice":"Simplicity","floor":19.0,"gold_loss":0.0,"damage_taken":0.0},{"damage_healed":0.0,"max_hp_gain":0.0,"max_hp_loss":0.0,"gold_gain":0.0,"event_name":"betterThird:BetterNest","player_choice":"Madness","floor":20.0,"gold_loss":0.0,"damage_taken":0.0,"relics_obtained":["betterThird:NestCultRelic"]},{"damage_healed":0.0,"max_hp_gain":0.0,"max_hp_loss":0.0,"gold_gain":0.0,"event_name":"Masked Bandits","player_choice":"Fought Bandits","floor":22.0,"gold_loss":0.0,"damage_taken":0.0},{"damage_healed":0.0,"max_hp_gain":0.0,"max_hp_loss":18.0,"gold_gain":2.0,"event_name":"betterStone:BetterStone","player_choice":"2","floor":31.0,"gold_loss":0.0,"damage_taken":0.0},{"damage_healed":12.0,"max_hp_gain":0.0,"max_hp_loss":0.0,"gold_gain":0.0,"event_name":"Wheel of Change","player_choice":"Full Heal","floor":36.0,"gold_loss":0.0,"damage_taken":0.0},{"damage_healed":0.0,"max_hp_gain":0.0,"max_hp_loss":0.0,"gold_gain":222.0,"event_name":"Tomb of Lord Red Mask","player_choice":"Wore Mask","floor":39.0,"gold_loss":0.0,"damage_taken":0.0}],"is_beta":false,"boss_relics":[{"not_picked":["Black Blood","hubris:CrackedHourglass"],"picked":"hubris:Backtick"},{"not_picked":["Snecko Eye","Runic Pyramid"],"picked":"Pandora\u0027s Box"}],"items_purged_floors":[],"is_endless":false,"potions_floor_spawned":[1,7,10,12,24,27,33,35,38,40],"killed_by":"Nemesis","ascension_level":16}}