{"host":"qxeepl7ydvsgmfdb","time":1611747421,"event":{"mods":["AchievementEnabler","BaseMod","Colored Powertips","Minty Spire (QoL Compilation)","Quick Restart","slay the spire mod where everything is the same but ironclad has a cowboy hat"],"gold_per_floor":[116,76,96,171,17,48,48,0,25,51,1,20,20,31,31,131,131,145,161,251,266,266,266,278,278,278],"floor_reached":25,"language":"ENG","playtime":1012,"items_purged":[],"score":283,"play_id":"877807e5-6b94-438a-b24c-84de27ccee10","local_time":"20210127063701","is_ascension_mode":true,"campfire_choices":[{"data":"Zap","floor":7,"key":"SMITH"},{"floor":15,"key":"REST"},{"floor":23,"key":"REST"}],"circlet_count":0,"master_deck":["Strike_B","Strike_B","Strike_B","Defend_B","Defend_B","Defend_B+1","Defend_B","Zap+1","Dualcast","Sweeping Beam+1","Ball Lightning","Cold Snap","Coolheaded","Ball Lightning","Leap","Melter"],"relics":["Cracked Core","NeowsBlessing","Lee\u0027s Waffle","Potion Belt","Bag of Marbles","Omamori","Inserter","Molten Egg 2"],"acts_visited":["Exordium","TheCity"],"potions_floor_usage":[10,16,21,21,24,24,25,25],"damage_taken":[{"damage":0,"enemies":"Jaw Worm","floor":1,"turns":1},{"damage":0,"enemies":"Cultist","floor":3,"turns":1},{"damage":0,"enemies":"3 Sentries","floor":6,"turns":1},{"damage":20,"enemies":"Lagavulin","floor":10,"turns":5},{"damage":0,"enemies":"2 Louse","floor":12,"turns":2},{"damage":11,"enemies":"Looter","floor":14,"turns":2},{"damage":49,"enemies":"Hexaghost","floor":16,"turns":11},{"damage":22,"enemies":"Chosen","floor":18,"turns":6},{"damage":27,"enemies":"3 Byrds","floor":19,"turns":4},{"damage":14,"enemies":"Cultist and Chosen","floor":21,"turns":6},{"damage":26,"enemies":"Snake Plant","floor":24,"turns":3},{"damage":7,"enemies":"Book of Stabbing","floor":25,"turns":3}],"seed_played":"8080218924373906522","potions_obtained":[{"floor":2,"key":"EntropicBrew"},{"floor":2,"key":"SpeedPotion"},{"floor":2,"key":"Ancient Potion"},{"floor":12,"key":"FearPotion"},{"floor":21,"key":"Explosive Potion"},{"floor":24,"key":"PowerPotion"}],"is_trial":false,"path_per_floor":["M","?","M","?","$","E","R","$","T","E","?","M","?","M","R","B",null,"M","M","?","M","?","R","M","E"],"character_chosen":"DEFECT","items_purchased":["Lee\u0027s Waffle","Strength Potion"],"campfire_rested":2,"item_purchase_floors":[5,8],"current_hp_per_floor":[75,75,75,64,82,82,82,82,82,62,62,62,46,35,59,10,82,60,33,21,7,7,31,5,0,0],"gold":278,"neow_bonus":"THREE_ENEMY_KILL","is_daily":false,"chose_seed":false,"campfire_upgraded":1,"win_rate":0.0,"timestamp":1611747421,"path_taken":["M","?","?","?","$","E","R","$","T","E","?","M","?","M","R","BOSS","M","M","?","?","?","R","M","E"],"items_purchased_type":["Relic","Potion"],"build_version":"2020-12-22","purchased_purges":0,"victory":false,"max_hp_per_floor":[75,75,75,75,82,82,82,82,82,82,82,82,82,82,82,82,82,82,82,82,82,82,82,82,82,82],"card_choices":[{"not_picked":["Barrage","Skim"],"picked":"Sweeping Beam","floor":1},{"not_picked":["Hologram","Cold Snap"],"picked":"Ball Lightning","floor":3},{"not_picked":["Rebound","Steam Power","Stack"],"picked":"SKIP","floor":6},{"not_picked":["Machine Learning","Rebound","Aggregate"],"picked":"SKIP","floor":10},{"not_picked":["Reprogram","Stack"],"picked":"Cold Snap","floor":12},{"not_picked":["Stack","Barrage"],"picked":"Coolheaded","floor":14},{"not_picked":["Gash+1","Melter+1"],"picked":"Ball Lightning","floor":18},{"not_picked":["Coolheaded+1","Gash"],"picked":"Leap","floor":19},{"not_picked":["Hologram","Barrage+1"],"picked":"Melter","floor":21},{"not_picked":["Barrage+1","Streamline+1","Machine Learning"],"picked":"SKIP","floor":24}],"player_experience":234806,"relics_obtained":[{"floor":6,"key":"Potion Belt"},{"floor":9,"key":"Bag of Marbles"},{"floor":10,"key":"Omamori"}],"event_choices":[{"damage_healed":0,"gold_gain":0,"player_choice":"Bought 3 Potions","damage_taken":0,"max_hp_gain":0,"max_hp_loss":0,"event_name":"The Woman in Blue","floor":2,"gold_loss":0},{"damage_healed":0,"gold_gain":75,"player_choice":"Gather Gold","damage_taken":11,"max_hp_gain":0,"max_hp_loss":0,"event_name":"World of Goop","floor":4,"gold_loss":0},{"cards_removed":["Strike_B"],"damage_healed":0,"gold_gain":0,"player_choice":"Card Removal","damage_taken":0,"max_hp_gain":0,"max_hp_loss":0,"event_name":"The Cleric","floor":11,"gold_loss":50},{"damage_healed":0,"gold_gain":0,"player_choice":"Entered Light","damage_taken":16,"max_hp_gain":0,"max_hp_loss":0,"event_name":"Shining Light","floor":13,"gold_loss":0,"cards_upgraded":["Sweeping Beam","Defend_B"]},{"damage_healed":0,"gold_gain":90,"player_choice":"GOLD ","damage_taken":12,"max_hp_gain":0,"max_hp_loss":0,"event_name":"Knowing Skull","floor":20,"potions_obtained":[],"gold_loss":0,"cards_obtained":[]},{"damage_healed":0,"gold_gain":0,"player_choice":"Gave Potion","damage_taken":0,"relics_obtained":["Molten Egg 2"],"max_hp_gain":0,"max_hp_loss":0,"event_name":"WeMeetAgain","floor":22,"gold_loss":0}],"is_beta":false,"boss_relics":[{"not_picked":["Sozu","Tiny House"],"picked":"Inserter"}],"items_purged_floors":[],"is_endless":false,"potions_floor_spawned":[3,12,21,24],"killed_by":"Book of Stabbing","ascension_level":4}}