{"host":"k5yjj86hwv5qv2gx","time":1611713749,"event":{"mods":["BaseMod","BetterRewards","Minty Spire (QoL Compilation)","StSLib"],"gold_per_floor":[113,130,14,14,30,61,61,81,158,158,58,73,93,123,123,195,195,207,207,207,223,240,269,269,302,302,334,348,359,373,399,399,472,472,490,490,504,38,1037,1064,1064,1092,1092,1124,1141,1169,1169,1202,1202,1202,1202,1202],"floor_reached":51,"language":"ENG","playtime":3418,"items_purged":["Strike_G","Strike_G","Strike_G"],"score":2395,"play_id":"01c1bde9-b142-4724-970e-3bf5471eb7c2","local_time":"20210126181549","is_ascension_mode":true,"campfire_choices":[{"floor":7.0,"key":"REST"},{"data":"Burst","floor":10.0,"key":"SMITH"},{"data":"Deadly Poison","floor":15.0,"key":"SMITH"},{"floor":24.0,"key":"REST"},{"floor":32.0,"key":"REST"},{"floor":47,"key":"REST"},{"floor":49,"key":"RECALL"}],"circlet_count":0,"master_deck":["AscendersBane","Strike_G","Strike_G+1","Defend_G","Defend_G","Defend_G+1","Defend_G","Defend_G","Survivor","Neutralize+1","Noxious Fumes+1","Footwork+1","Dash","Noxious Fumes+1","Deadly Poison+1","Burst+1","Flying Knee","Backflip+1","Envenom+1","Leg Sweep","PiercingWail+1","Leg Sweep","Burst","Leg Sweep+1","Dark Shackles","Dark Shackles","Catalyst","Finesse","Normality","Dash+1"],"relics":["Ring of the Snake","Shuriken","Omamori","ClockworkSouvenir","Lizard Tail","Strawberry","Ginger","Frozen Egg 2","WarpedTongs","TungstenRod","Singing Bowl","Whetstone","Philosopher\u0027s Stone","Akabeko","Lantern","War Paint","Blue Candle","Black Star","TwistedFunnel","Pantograph","Question Card","PreservedInsect","Prayer Wheel","Centennial Puzzle","Incense Burner","Bottled Flame","Ornamental Fan","Molten Egg 2","Pen Nib","Blood Vial"],"acts_visited":["Exordium","TheCity","TheBeyond"],"potions_floor_usage":[42,44,46,50],"damage_taken":[{"damage":1.0,"enemies":"Cultist","floor":1.0,"turns":3.0},{"damage":0.0,"enemies":"Small Slimes","floor":2.0,"turns":4.0},{"damage":4.0,"enemies":"2 Louse","floor":5.0,"turns":3.0},{"damage":18.0,"enemies":"Gremlin Nob","floor":6.0,"turns":5.0},{"damage":0.0,"enemies":"Looter","floor":8.0,"turns":4.0},{"damage":4.0,"enemies":"Large Slime","floor":12.0,"turns":6.0},{"damage":8.0,"enemies":"Exordium Thugs","floor":13.0,"turns":4.0},{"damage":11.0,"enemies":"Lagavulin","floor":14.0,"turns":6.0},{"damage":0.0,"enemies":"The Guardian","floor":16.0,"turns":9.0},{"damage":0.0,"enemies":"Spheric Guardian","floor":18.0,"turns":5.0},{"damage":0.0,"enemies":"Chosen","floor":21.0,"turns":5.0},{"damage":2.0,"enemies":"Snecko","floor":22.0,"turns":5.0},{"damage":32.0,"enemies":"Slavers","floor":23.0,"turns":7.0},{"damage":15.0,"enemies":"Gremlin Leader","floor":25.0,"turns":5.0},{"damage":11.0,"enemies":"Slavers","floor":27.0,"turns":5.0},{"damage":0.0,"enemies":"Snake Plant","floor":28.0,"turns":4.0},{"damage":3.0,"enemies":"Shelled Parasite and Fungi","floor":29.0,"turns":5.0},{"damage":0.0,"enemies":"Snecko","floor":30.0,"turns":5.0},{"damage":4.0,"enemies":"Book of Stabbing","floor":31.0,"turns":7.0},{"damage":4.0,"enemies":"Automaton","floor":33.0,"turns":12.0},{"damage":6.0,"enemies":"3 Darklings","floor":35.0,"turns":6.0},{"damage":9.0,"enemies":"3 Shapes","floor":37.0,"turns":6.0},{"damage":71.0,"enemies":"Reptomancer","floor":40.0,"turns":7.0},{"damage":39,"enemies":"Giant Head","floor":42,"turns":11},{"damage":1,"enemies":"Reptomancer","floor":44,"turns":5},{"damage":0,"enemies":"Maw","floor":45,"turns":7},{"damage":0,"enemies":"Giant Head","floor":46,"turns":7},{"damage":6,"enemies":"Nemesis","floor":48,"turns":7},{"damage":43,"enemies":"Awakened One","floor":50,"turns":25},{"damage":54,"enemies":"Time Eater","floor":51,"turns":13}],"seed_played":"212197693522949213","potions_obtained":[{"floor":5.0,"key":"EntropicBrew"},{"floor":8.0,"key":"Regen Potion"},{"floor":14.0,"key":"EntropicBrew"},{"floor":21.0,"key":"PowerPotion"},{"floor":23.0,"key":"ColorlessPotion"},{"floor":27.0,"key":"DuplicationPotion"},{"floor":29.0,"key":"CunningPotion"},{"floor":30.0,"key":"Dexterity Potion"},{"floor":42,"key":"CunningPotion"},{"floor":44,"key":"GhostInAJar"},{"floor":45,"key":"Fire Potion"},{"floor":48,"key":"Weak Potion"}],"is_trial":false,"path_per_floor":["M","M","$","?","M","E","R","M","T","R","$","M","M","E","R","B",null,"M","?","?","M","M","E","R","E","T","E","M","M","M","E","R","B",null,"M","?","M","$","?","E","?","E","T","E","M","E","R","E","R","B","B"],"character_chosen":"THE_SILENT","items_purchased":["Shuriken","Omamori","ClockworkSouvenir","Strawberry","Frozen Egg 2","Noxious Fumes+1","Noxious Fumes+1","TwistedFunnel","Catalyst","Finesse"],"campfire_rested":4,"item_purchase_floors":[0,0,0,0,0,0,3,38,38,38],"current_hp_per_floor":[23,23,23,23,19,1,22,22,22,22,22,20,26,17,17,17,62,62,62,41,41,39,9,34,21,21,10,12,11,13,9,36,34,79,75,68,61,61,61,43,43,6,6,7,11,13,46,40,40,24,0,0],"gold":1202,"neow_bonus":"","is_daily":false,"chose_seed":false,"campfire_upgraded":2,"win_rate":0.0,"timestamp":1611713749,"path_taken":["M","M","$","?","?","E","R","M","T","R","$","M","M","E","R","BOSS","M","?","?","M","M","E","R","E","T","E","M","M","M","E","R","BOSS","M","?","M","$","?","E","?","E","T","E","M","E","R","E","R","BOSS","BOSS"],"items_purchased_type":["Relic","Relic","Relic","Relic","Relic","Card","Card","Relic","Card","Card"],"build_version":"2020-12-22","purchased_purges":3,"victory":false,"max_hp_per_floor":[73,73,73,73,73,73,73,73,73,73,73,75,75,77,77,77,77,77,77,82,82,82,84,84,86,86,86,88,90,92,92,92,94,94,96,98,100,100,100,102,102,104,104,106,110,112,112,112,112,112,112,112],"card_choices":[{"not_picked":["Cloak And Dagger","Dodge and Roll"],"picked":"Footwork+1","floor":1.0},{"not_picked":["Underhanded Strike","Infinite Blades+1"],"picked":"Dash","floor":2.0},{"not_picked":["Bane","Quick Slash"],"picked":"Deadly Poison","floor":5.0},{"not_picked":["Blade Dance","Outmaneuver"],"picked":"Burst","floor":6.0},{"not_picked":["Riddle With Holes","Dagger Throw"],"picked":"Flying Knee","floor":8.0},{"not_picked":["Deadly Poison","Outmaneuver","Bane"],"picked":"Singing Bowl","floor":12.0},{"not_picked":["Finisher","Escape Plan"],"picked":"Backflip","floor":13.0},{"not_picked":["Quick Slash","Acrobatics","Dagger Throw"],"picked":"Singing Bowl","floor":14.0},{"not_picked":["Bullet Time","Die Die Die"],"picked":"Envenom+1","floor":16.0},{"not_picked":["Quick Slash","Dagger Throw"],"picked":"Leg Sweep","floor":18.0},{"not_picked":["Poisoned Stab","Dodge and Roll"],"picked":"PiercingWail+1","floor":21.0},{"not_picked":["Cloak And Dagger","Tactician"],"picked":"Leg Sweep","floor":22.0},{"not_picked":["Slice","Quick Slash","Masterful Stab"],"picked":"Singing Bowl","floor":23.0},{"not_picked":["Bane","Blade Dance","Infinite Blades+1"],"picked":"Singing Bowl","floor":25.0},{"not_picked":["Slice","Blade Dance"],"picked":"Burst","floor":27.0},{"not_picked":["Bane","Skewer","Choke"],"picked":"Singing Bowl","floor":28.0},{"not_picked":["Skewer","Dagger Spray","Prepared"],"picked":"Singing Bowl","floor":29.0},{"not_picked":["Dagger Throw+1","All Out Attack","Slice"],"picked":"Singing Bowl","floor":30.0},{"not_picked":["Deflect+1","Skewer"],"picked":"Leg Sweep+1","floor":31.0},{"not_picked":["Phantasmal Killer","Wraith Form v2+1","Night Terror"],"picked":"Singing Bowl","floor":33.0},{"not_picked":["Underhanded Strike","Prepared","Slice"],"picked":"Singing Bowl","floor":35.0},{"not_picked":["Transmutation","Jack Of All Trades","Forethought"],"picked":"Singing Bowl","floor":36.0},{"not_picked":["Bandage Up","Sadistic Nature+1"],"picked":"Dark Shackles","floor":36.0},{"not_picked":["Forethought","Metamorphosis"],"picked":"Dark Shackles","floor":36.0},{"not_picked":["Flying Knee+1","Poisoned Stab","Prepared"],"picked":"Singing Bowl","floor":37.0},{"not_picked":["Flying Knee+1","Deflect","Slice"],"picked":"Singing Bowl","floor":40.0},{"not_picked":["Doppelganger","Setup+1","Acrobatics","Masterful Stab+1"],"picked":"Singing Bowl","floor":42},{"not_picked":["Eviscerate","Leg Sweep","Dagger Spray","Prepared"],"picked":"Singing Bowl","floor":44},{"not_picked":["Flechettes+1","Deflect","Flying Knee","Riddle With Holes"],"picked":"Singing Bowl","floor":45},{"not_picked":["Heel Hook","Underhanded Strike","Concentrate","Riddle With Holes"],"picked":"Singing Bowl","floor":45},{"not_picked":["Underhanded Strike+1","Quick Slash+1","Predator+1","Setup"],"picked":"Singing Bowl","floor":46},{"not_picked":["Choke+1","Poisoned Stab+1","Bouncing Flask"],"picked":"Dash+1","floor":48}],"player_experience":1132603,"relics_obtained":[{"floor":6.0,"key":"TungstenRod"},{"floor":9.0,"key":"Singing Bowl"},{"floor":14.0,"key":"Whetstone"},{"floor":23.0,"key":"Akabeko"},{"floor":25.0,"key":"Lantern"},{"floor":27.0,"key":"War Paint"},{"floor":31.0,"key":"Blue Candle"},{"floor":40.0,"key":"Pantograph"},{"floor":40.0,"key":"Question Card"},{"floor":42,"key":"PreservedInsect"},{"floor":42,"key":"Prayer Wheel"},{"floor":43,"key":"Centennial Puzzle"},{"floor":44,"key":"Incense Burner"},{"floor":44,"key":"Bottled Flame"},{"floor":46,"key":"Ornamental Fan"},{"floor":46,"key":"Molten Egg 2"},{"floor":48,"key":"Pen Nib"},{"floor":48,"key":"Blood Vial"}],"event_choices":[{"damage_healed":0.0,"max_hp_gain":0.0,"max_hp_loss":0.0,"gold_gain":0.0,"event_name":"Accursed Blacksmith","player_choice":"Rummage","floor":4.0,"gold_loss":0.0,"damage_taken":0.0,"relics_obtained":["WarpedTongs"],"cards_obtained":["Pain"]},{"damage_healed":0.0,"max_hp_gain":0.0,"max_hp_loss":0.0,"gold_gain":0.0,"event_name":"Ghosts","player_choice":"Ignored","floor":19.0,"gold_loss":0.0,"damage_taken":0.0},{"damage_healed":0.0,"max_hp_gain":5.0,"max_hp_loss":0.0,"gold_gain":0.0,"event_name":"Forgotten Altar","player_choice":"Shed Blood","floor":20.0,"gold_loss":0.0,"damage_taken":27.0},{"damage_healed":0.0,"max_hp_gain":0.0,"max_hp_loss":0.0,"gold_gain":0.0,"event_name":"SensoryStone","player_choice":"Memory 3","floor":36.0,"gold_loss":0.0,"damage_taken":10.0},{"damage_healed":0.0,"max_hp_gain":0.0,"max_hp_loss":0.0,"gold_gain":999.0,"event_name":"MindBloom","player_choice":"Gold","floor":39.0,"gold_loss":0.0,"damage_taken":0.0,"cards_obtained":["Normality","Normality"]},{"damage_healed":0.0,"max_hp_gain":0.0,"max_hp_loss":0.0,"gold_gain":0.0,"event_name":"Tomb of Lord Red Mask","player_choice":"Ignored","floor":41.0,"gold_loss":0.0,"damage_taken":0.0}],"is_beta":false,"boss_relics":[{"not_picked":["Runic Dome","SlaversCollar"],"picked":"Philosopher\u0027s Stone"},{"not_picked":["Snecko Eye","Velvet Choker"],"picked":"Black Star"}],"items_purged_floors":[3,11,38],"is_endless":false,"potions_floor_spawned":[5,8,14,21,23,27,29,30,33,42,44,45,48],"killed_by":"Time Eater","ascension_level":20}}