{"host":"dlyy4wv9zatha4f7","time":1611761415,"event":{"mods":["BaseMod","Better Third Choice","Colored Map","GifTheSpireLib","Minty Spire (QoL Compilation)","Spicy Shops","StSLib","SuperFastMode","Unceasing Turn Reminder"],"gold_per_floor":[115,115,290,306,381,381,408,418,444,444,444,150,166,193,193,290,290,303,271,301,301,301,301,301],"floor_reached":23,"language":"ENG","playtime":1022,"items_purged":["Doubt"],"score":347,"play_id":"3f473c0f-9402-4512-8025-785fda52fd8a","local_time":"20210127173015","is_ascension_mode":true,"campfire_choices":[{"data":"Neutralize","floor":6,"key":"SMITH"},{"data":"Endless Agony","floor":11,"key":"SMITH"},{"floor":15,"key":"DIG"}],"circlet_count":0,"master_deck":["Strike_G","Strike_G","Strike_G","Strike_G","Strike_G","Defend_G","Defend_G","Defend_G","Defend_G","Defend_G","Survivor","Neutralize+1","Skewer+1","Deflect","Endless Agony+1","Dodge and Roll","Regret","Deadly Poison","Parasite","Footwork","Leg Sweep","Venomology","PiercingWail+1","Dodge and Roll","Decay"],"relics":["Ring of the Snake","NeowsBlessing","Regal Pillow","Anchor","Darkstone Periapt","Shovel","Potion Belt","MealTicket","Fusion Hammer","Red Mask"],"acts_visited":["Exordium","TheCity"],"potions_floor_usage":[13,14,16,20,20,23,23],"damage_taken":[{"damage":0,"enemies":"Cultist","floor":1,"turns":1},{"damage":0,"enemies":"Small Slimes","floor":4,"turns":1},{"damage":0,"enemies":"3 Sentries","floor":7,"turns":1},{"damage":0,"enemies":"Jaw Worm","floor":8,"turns":3},{"damage":4,"enemies":"2 Fungi Beasts","floor":13,"turns":5},{"damage":18,"enemies":"Lagavulin","floor":14,"turns":5},{"damage":35,"enemies":"Slime Boss","floor":16,"turns":9},{"damage":9,"enemies":"Chosen","floor":18,"turns":7},{"damage":16,"enemies":"2 Thieves","floor":19,"turns":5},{"damage":15,"enemies":"Masked Bandits","floor":20,"turns":7},{"damage":29,"enemies":"Slavers","floor":23,"turns":9}],"seed_played":"-5020832151978081976","potions_obtained":[{"floor":1,"key":"FearPotion"},{"floor":7,"key":"SpeedPotion"},{"floor":8,"key":"DuplicationPotion"},{"floor":18,"key":"SmokeBomb"},{"floor":20,"key":"LiquidMemories"}],"is_trial":false,"path_per_floor":["M","?","?","M","?","R","E","M","T","?","R","$","M","E","R","B",null,"M","M","?","?","?","E"],"character_chosen":"THE_SILENT","items_purchased":["Deadly Poison","Shovel"],"campfire_rested":0,"item_purchase_floors":[12,12],"current_hp_per_floor":[63,63,63,63,52,52,52,52,52,58,58,64,60,42,42,7,63,54,38,23,23,29,0,0],"gold":301,"neow_bonus":"THREE_ENEMY_KILL","is_daily":false,"chose_seed":false,"campfire_upgraded":2,"win_rate":0.0,"timestamp":1611761415,"path_taken":["M","?","?","M","?","R","E","M","T","?","R","?","?","E","R","BOSS","M","M","?","?","?","E"],"items_purchased_type":["Card","Relic"],"build_version":"2020-12-22","purchased_purges":1,"victory":false,"max_hp_per_floor":[70,70,70,70,70,70,70,70,70,76,76,82,82,82,82,82,82,82,82,82,82,88,88,88],"card_choices":[{"not_picked":["Caltrops","Well Laid Plans"],"picked":"Skewer","floor":1},{"not_picked":["Cloak And Dagger","Finisher"],"picked":"Deflect","floor":4},{"not_picked":["PiercingWail","Accuracy"],"picked":"Endless Agony","floor":7},{"not_picked":["Flying Knee","Deflect"],"picked":"Dodge and Roll","floor":8},{"not_picked":["Endless Agony","Flying Knee"],"picked":"Footwork","floor":13},{"not_picked":["Night Terror","Concentrate"],"picked":"Leg Sweep","floor":14},{"not_picked":["Die Die Die","Glass Knife"],"picked":"Venomology","floor":16},{"not_picked":["All Out Attack","Flechettes"],"picked":"PiercingWail+1","floor":18},{"not_picked":["Slice","Outmaneuver","Heel Hook"],"picked":"SKIP","floor":19},{"not_picked":["Deflect+1","Infinite Blades+1"],"picked":"Dodge and Roll","floor":20}],"player_experience":2260658,"relics_obtained":[{"floor":7,"key":"Regal Pillow"},{"floor":9,"key":"Anchor"},{"floor":14,"key":"Potion Belt"},{"floor":15,"key":"MealTicket"},{"floor":20,"key":"Red Mask"}],"event_choices":[{"damage_healed":0,"gold_gain":0,"player_choice":"Grow","damage_taken":0,"max_hp_gain":0,"max_hp_loss":0,"event_name":"Living Wall","floor":2,"gold_loss":0,"cards_upgraded":["Skewer"]},{"damage_healed":0,"gold_gain":175,"player_choice":"AGREE","damage_taken":115,"max_hp_gain":0,"max_hp_loss":0,"event_name":"betterThird:BetterSerpent","floor":3,"gold_loss":0},{"damage_healed":0,"gold_gain":75,"player_choice":"Gold","damage_taken":11,"max_hp_gain":0,"max_hp_loss":0,"event_name":"betterThird:BetterGoop","floor":5,"gold_loss":0},{"damage_healed":0,"gold_gain":0,"player_choice":"Box","damage_taken":0,"relics_obtained":["Darkstone Periapt"],"max_hp_gain":0,"max_hp_loss":0,"event_name":"Big Fish","floor":10,"gold_loss":0,"cards_obtained":["Regret"]},{"damage_healed":0,"gold_gain":0,"player_choice":"Fought Bandits","damage_taken":0,"max_hp_gain":0,"max_hp_loss":0,"event_name":"Masked Bandits","floor":20,"gold_loss":0},{"damage_healed":0,"gold_gain":0,"player_choice":"Ignored","damage_taken":0,"max_hp_gain":0,"max_hp_loss":0,"event_name":"Cursed Tome","floor":21,"gold_loss":0},{"damage_healed":0,"gold_gain":0,"player_choice":"Smashed Altar","damage_taken":0,"max_hp_gain":0,"max_hp_loss":0,"event_name":"Forgotten Altar","floor":22,"gold_loss":0,"cards_obtained":["Decay"]}],"is_beta":false,"boss_relics":[{"not_picked":["HoveringKite","Empty Cage"],"picked":"Fusion Hammer"}],"items_purged_floors":[12],"is_endless":false,"potions_floor_spawned":[1,7,8,18,20],"killed_by":"Slavers","ascension_level":9}}