{"host":"jpcy2bclvs7juczu","time":1611758207,"event":{"mods":["Alarm Clock","BaseMod","Bestiary","Block Reminder","Colored Map","Colored Powertips","Curses Come First","Dark Map","Minty Spire (QoL Compilation)","Quick Restart","RNG Fix","Relic Stats","Slay the Relics Exporter","StSLib","ojb\u0027s Better Paths Mod","ojb\u0027s Info Mod","slay the spire mod where everything is the same but ironclad has a cowboy hat"],"gold_per_floor":[119,137,150,160,51,51,85,85,111,141,152,186,198,214,214,293,293,304,73,89,364,289,289,289,289],"floor_reached":24,"language":"ENG","playtime":896,"items_purged":["Strike_B"],"score":536,"play_id":"d0362e5b-7c33-4a7c-a7cc-3115f30a5da8","local_time":"20210127093647","is_ascension_mode":true,"campfire_choices":[{"data":"Sunder","floor":6,"key":"SMITH"},{"data":"Darkness","floor":8,"key":"SMITH"},{"data":"Beam Cell","floor":15,"key":"SMITH"},{"data":"Hologram","floor":23,"key":"SMITH"}],"circlet_count":0,"master_deck":["AscendersBane","Strike_B","Defend_B","Defend_B","Defend_B","Defend_B","Zap","Dualcast","Leap","Sunder+1","Beam Cell+1","Turbo","Sweeping Beam","Darkness+1","Buffer","Machine Learning","Reinforced Body+1","Hologram+1","Conserve Battery","Amplify"],"relics":["Cracked Core","NeowsBlessing","Cables","Bag of Marbles","Omamori","Smiling Mask","Runic Pyramid","Chemical X"],"acts_visited":["Exordium","TheCity"],"potions_floor_usage":[12,12,16],"damage_taken":[{"damage":0,"enemies":"Small Slimes","floor":1,"turns":1},{"damage":0,"enemies":"Cultist","floor":2,"turns":1},{"damage":0,"enemies":"2 Louse","floor":3,"turns":1},{"damage":3,"enemies":"2 Fungi Beasts","floor":4,"turns":3},{"damage":2,"enemies":"Gremlin Nob","floor":7,"turns":3},{"damage":26,"enemies":"Lagavulin","floor":10,"turns":5},{"damage":8,"enemies":"Blue Slaver","floor":11,"turns":3},{"damage":16,"enemies":"3 Sentries","floor":12,"turns":6},{"damage":13,"enemies":"Exordium Wildlife","floor":13,"turns":3},{"damage":0,"enemies":"Looter","floor":14,"turns":1},{"damage":0,"enemies":"Slime Boss","floor":16,"turns":5},{"damage":11,"enemies":"2 Thieves","floor":18,"turns":4},{"damage":17,"enemies":"Shell Parasite","floor":20,"turns":5},{"damage":31,"enemies":"Slavers","floor":24,"turns":5}],"seed_played":"2070698967654517589","potions_obtained":[{"floor":4,"key":"Swift Potion"},{"floor":7,"key":"Ancient Potion"},{"floor":10,"key":"Regen Potion"},{"floor":12,"key":"DistilledChaos"},{"floor":14,"key":"LiquidBronze"}],"is_trial":false,"path_per_floor":["M","M","M","M","$","R","E","R","T","E","M","E","M","M","R","B",null,"M","$","M","?","?","R","E"],"character_chosen":"DEFECT","items_purchased":["Turbo","Sweeping Beam","Chemical X","Hologram"],"campfire_rested":0,"item_purchase_floors":[5,5,19,19],"current_hp_per_floor":[64,64,64,61,61,61,59,59,59,33,25,24,11,11,11,11,56,45,45,28,28,28,28,0,0],"gold":289,"neow_bonus":"THREE_ENEMY_KILL","is_daily":false,"chose_seed":false,"campfire_upgraded":4,"win_rate":0.0,"timestamp":1611758207,"path_taken":["M","M","M","M","$","R","E","R","T","E","M","E","M","M","R","BOSS","M","$","M","?","?","R","E"],"items_purchased_type":["Card","Card","Relic","Card"],"build_version":"2020-12-22","purchased_purges":1,"victory":false,"max_hp_per_floor":[71,71,71,71,71,71,71,71,71,71,71,71,71,71,71,71,71,71,71,71,71,71,71,71,71],"relic_stats":{"counters":[14,46],"Chemical X":[5],"Smiling Mask":25,"obtain_stats":[{"NeowsBlessing":0,"Bag of Marbles":9,"Omamori":10,"Chemical X":19,"Cracked Core":0,"Smiling Mask":12,"Cables":7,"Runic Pyramid":17},{"NeowsBlessing":0,"Bag of Marbles":5,"Omamori":6,"Chemical X":12,"Cracked Core":0,"Smiling Mask":8,"Cables":5,"Runic Pyramid":11},{"NeowsBlessing":0,"Bag of Marbles":9,"Omamori":14,"Chemical X":36,"Cracked Core":0,"Smiling Mask":23,"Cables":9,"Runic Pyramid":32}],"Cables":[25,11,0,14,0]},"card_choices":[{"not_picked":["Coolheaded","Double Energy"],"picked":"Leap","floor":1},{"not_picked":["Coolheaded","Storm","Leap"],"picked":"SKIP","floor":2},{"not_picked":["Go for the Eyes","Glacier"],"picked":"Sunder","floor":3},{"not_picked":["Gash","Force Field"],"picked":"Beam Cell","floor":4},{"not_picked":["Double Energy","Recycle"],"picked":"Darkness","floor":7},{"not_picked":["Sweeping Beam","Stack"],"picked":"Buffer","floor":10},{"not_picked":["Darkness","Coolheaded","Double Energy"],"picked":"SKIP","floor":11},{"not_picked":["Hello World","Beam Cell","Steam Power"],"picked":"SKIP","floor":12},{"not_picked":["Sweeping Beam","BootSequence","Go for the Eyes"],"picked":"SKIP","floor":13},{"not_picked":["Gash","Reprogram","Blizzard"],"picked":"SKIP","floor":14},{"not_picked":["All For One","Thunder Strike"],"picked":"Machine Learning","floor":16},{"not_picked":["Tempest","Go for the Eyes"],"picked":"Reinforced Body+1","floor":18},{"not_picked":["Stack","Force Field","Streamline"],"picked":"SKIP","floor":20}],"player_experience":1498651,"relics_obtained":[{"floor":7,"key":"Cables"},{"floor":9,"key":"Bag of Marbles"},{"floor":10,"key":"Omamori"},{"floor":12,"key":"Smiling Mask"}],"event_choices":[{"damage_healed":0,"gold_gain":275,"player_choice":"Desecrate","damage_taken":0,"max_hp_gain":0,"max_hp_loss":0,"event_name":"Golden Shrine","floor":21,"gold_loss":0,"cards_obtained":["Regret"]},{"damage_healed":0,"gold_gain":0,"cards_transformed":["Strike_B","Strike_B"],"player_choice":"Transformed Cards","damage_taken":0,"max_hp_gain":0,"max_hp_loss":0,"event_name":"Designer","floor":22,"gold_loss":75,"cards_obtained":["Conserve Battery","Amplify"]}],"is_beta":false,"boss_relics":[{"not_picked":["Philosopher\u0027s Stone","Coffee Dripper"],"picked":"Runic Pyramid"}],"items_purged_floors":[19],"is_endless":false,"potions_floor_spawned":[4,7,10,12,14],"killed_by":"Slavers","ascension_level":20}}