{"host":"adv1uqz3812gqgbw","time":1611739591,"event":{"mods":["BaseMod","Better Note","Colored Powertips","Custom Start","GifTheSpireLib","Hermit","Minty Spire (QoL Compilation)","SacredBarkPlus","StSLib","The Runesmith","Uncapped"],"gold_per_floor":[116,116,127,137,154,154,154,154,179,195,195,195,221,237,237,332,332,352,352,27,27,27,27,40,40,40,40,40,57,57,68,68,68,68],"floor_reached":33,"language":"ENG","playtime":1209,"items_purged":[],"score":270,"play_id":"712f5b26-04b9-46ef-b824-89184bf48353","local_time":"20210127072631","is_ascension_mode":false,"campfire_choices":[{"data":"Warcry","floor":6,"key":"SMITH"},{"data":"Pommel Strike","floor":8,"key":"SMITH"},{"data":"Rage","floor":12,"key":"SMITH"},{"floor":15,"key":"REST"},{"data":"Bash","floor":23,"key":"SMITH"},{"floor":25,"key":"REST"},{"data":"Flex","floor":28,"key":"SMITH"},{"floor":32,"key":"REST"}],"circlet_count":0,"master_deck":["Strike_R","Strike_R","Strike_R","Strike_R","Defend_R","Defend_R","Defend_R","Defend_R","Bash+1","Sword Boomerang","Pommel Strike+1","Warcry+1","Anger","Rage+1","Flex+1","Wild Strike","Warcry"],"relics":["Black Blood","Bag of Marbles","Strawberry","MealTicket","Bird Faced Urn","Brimstone","Bottled Lightning","GremlinMask"],"acts_visited":["Exordium","TheCity"],"potions_floor_usage":[16,16,20,31,33,33],"damage_taken":[{"damage":0,"enemies":"2 Louse","floor":1,"turns":2},{"damage":6,"enemies":"Cultist","floor":3,"turns":3},{"damage":11,"enemies":"Jaw Worm","floor":4,"turns":2},{"damage":13,"enemies":"Lots of Slimes","floor":5,"turns":4},{"damage":7,"enemies":"Exordium Wildlife","floor":10,"turns":2},{"damage":21,"enemies":"Lagavulin","floor":13,"turns":5},{"damage":0,"enemies":"2 Fungi Beasts","floor":14,"turns":2},{"damage":65,"enemies":"Hexaghost","floor":16,"turns":9},{"damage":27,"enemies":"2 Thieves","floor":18,"turns":4},{"damage":30,"enemies":"3 Byrds","floor":24,"turns":4},{"damage":10,"enemies":"Snecko","floor":29,"turns":3},{"damage":30,"enemies":"Shelled Parasite and Fungi","floor":31,"turns":4},{"damage":18,"enemies":"Automaton","floor":33,"turns":4}],"seed_played":"6516426998240117552","potions_obtained":[{"floor":4,"key":"ElixirPotion"},{"floor":10,"key":"BloodPotion"},{"floor":16,"key":"Swift Potion"},{"floor":18,"key":"Swift Potion"},{"floor":21,"key":"Strength Potion"}],"is_trial":false,"path_per_floor":["M","?","M","M","M","R","?","R","T","M","?","R","E","M","R","B",null,"M","?","$","?","$","R","M","R","T","?","R","M","?","M","R","B"],"character_chosen":"IRONCLAD","items_purchased":["Brimstone","Fruit Juice","DuplicationPotion"],"campfire_rested":3,"item_purchase_floors":[20,20,20],"current_hp_per_floor":[80,80,80,75,68,68,90,90,97,96,96,96,81,87,97,57,97,82,82,102,102,102,102,84,102,102,102,102,102,102,84,102,84,84],"gold":68,"neow_bonus":"RANDOM_COMMON_RELIC","is_daily":false,"chose_seed":false,"campfire_upgraded":5,"win_rate":0.0,"timestamp":1611739591,"path_taken":["M","?","?","M","M","R","?","R","T","?","?","R","E","M","R","BOSS","M","?","$","?","$","R","M","R","T","?","R","M","?","?","R","BOSS"],"items_purchased_type":["Relic","Potion","Potion"],"build_version":"2020-12-22","purchased_purges":0,"victory":false,"max_hp_per_floor":[80,80,80,80,80,80,90,90,97,97,97,97,97,97,97,97,97,97,97,102,102,102,102,102,102,102,102,102,102,102,102,102,102,102],"card_choices":[{"not_picked":["Headbutt","Feel No Pain"],"picked":"Sword Boomerang","floor":1},{"not_picked":["Sword Boomerang","Perfected Strike"],"picked":"Pommel Strike","floor":3},{"not_picked":["Spot Weakness","Feel No Pain"],"picked":"Warcry","floor":4},{"not_picked":["Pommel Strike","Wild Strike"],"picked":"Anger","floor":5},{"not_picked":["Cleave","Armaments"],"picked":"Rage","floor":10},{"not_picked":["Battle Trance","Body Slam","Armaments"],"picked":"SKIP","floor":13},{"not_picked":["Armaments","Dark Embrace"],"picked":"Flex","floor":14},{"not_picked":["Armaments+1","Headbutt+1"],"picked":"Wild Strike","floor":18},{"not_picked":["Iron Wave","Anger","Intimidate"],"picked":"SKIP","floor":24},{"not_picked":["Perfected Strike","Body Slam+1"],"picked":"Warcry","floor":29},{"not_picked":["Rampage","Shrug It Off+1","Headbutt"],"picked":"SKIP","floor":31}],"player_experience":368266,"relics_obtained":[{"floor":9,"key":"Strawberry"},{"floor":13,"key":"MealTicket"},{"floor":26,"key":"Bottled Lightning"}],"event_choices":[{"damage_healed":0,"gold_gain":0,"cards_transformed":["Strike_R"],"player_choice":"Transformed","damage_taken":0,"max_hp_gain":0,"max_hp_loss":0,"event_name":"Transmorgrifier","floor":2,"gold_loss":0,"cards_obtained":["Limit Break"]},{"cards_removed":["Limit Break"],"damage_healed":12,"gold_gain":0,"player_choice":"Offered Rare","damage_taken":0,"max_hp_gain":10,"max_hp_loss":0,"event_name":"Bonfire Elementals","floor":7,"gold_loss":0},{"damage_healed":0,"gold_gain":0,"player_choice":"Ignored","damage_taken":0,"max_hp_gain":0,"max_hp_loss":0,"event_name":"Liars Game","floor":11,"gold_loss":0},{"damage_healed":0,"gold_gain":0,"player_choice":"Gave Potion","damage_taken":0,"relics_obtained":["Bird Faced Urn"],"max_hp_gain":0,"max_hp_loss":0,"event_name":"WeMeetAgain","floor":19,"gold_loss":0},{"damage_healed":0,"gold_gain":0,"player_choice":"Got Potions","damage_taken":0,"max_hp_gain":0,"max_hp_loss":0,"event_name":"Lab","floor":21,"gold_loss":0},{"damage_healed":0,"gold_gain":0,"player_choice":"Ignored","damage_taken":0,"max_hp_gain":0,"max_hp_loss":0,"event_name":"betterNote:BetterNote","floor":27,"gold_loss":0,"cards_obtained":["Flex"]},{"damage_healed":0,"gold_gain":0,"player_choice":"Trade","damage_taken":0,"relics_obtained":["GremlinMask"],"max_hp_gain":0,"max_hp_loss":0,"event_name":"FaceTrader","floor":30,"gold_loss":0}],"is_beta":false,"boss_relics":[{"not_picked":["Fusion Hammer","Sozu"],"picked":"Black Blood"}],"items_purged_floors":[],"is_endless":false,"potions_floor_spawned":[4,10,16,18],"killed_by":"Automaton","ascension_level":0}}