{"host":"9l4mw5jqza9qz9hr","time":1611755526,"event":{"mods":["AchievementEnabler","Always Whale","BaseMod","Colored Map","Minty Spire (QoL Compilation)","StSLib","SuperFastMode"],"gold_per_floor":[114,129,144,94,94,94,124,124,124,151,193,205,232,284,296,408,420,447,474,216,486,501,501,516,546,546,561,636,666,666,349,349,449,449,464,479,309,324,339,339,369,384,384,414,429,459,459,489,489,489],"floor_reached":51,"language":"KOR","playtime":1475,"items_purged":["Strike_R","Strike_R","Strike_R"],"score":917,"play_id":"7dad270f-e5e5-4c59-b667-2de5d6c0a2cf","local_time":"20210127225206","daily_mods":["Heirloom","Blue Cards","Elite Swarm"],"is_ascension_mode":false,"campfire_choices":[{"data":"1","floor":6.0,"key":"LIFT"},{"data":"2","floor":8.0,"key":"LIFT"},{"data":"3","floor":15.0,"key":"LIFT"},{"data":"Feed","floor":23.0,"key":"SMITH"},{"data":"Exhume","floor":30.0,"key":"SMITH"},{"data":"Flex","floor":32.0,"key":"SMITH"},{"data":"Armaments","floor":40.0,"key":"SMITH"},{"data":"Offering","floor":47,"key":"SMITH"},{"floor":49,"key":"REST"}],"circlet_count":0,"master_deck":["Strike_R","Defend_R","Defend_R","Defend_R","Defend_R","Bash","Sword Boomerang+1","Cleave","Exhume+1","Twin Strike","Reaper","Inflame","Feed+1","Heavy Blade+1","Flex+1","Inflame","Offering","Spot Weakness","Offering+1","Inflame","Exhume+1","White Noise","Armaments+1","Dark Embrace+1","Reaper","Double Tap","Heavy Blade"],"relics":["Burning Blood","Girya","Unceasing Top","MawBank","Centennial Puzzle","Bottled Flame","Velvet Choker","ClockworkSouvenir","Dream Catcher","Nunchaku","Mummified Hand","DollysMirror","Cursed Key","Letter Opener","Pantograph","Art of War","Thread and Needle"],"acts_visited":["Exordium","TheCity","TheBeyond"],"potions_floor_usage":[50,50],"damage_taken":[{"damage":5.0,"enemies":"2 Louse","floor":1.0,"turns":3.0},{"damage":1.0,"enemies":"Cultist","floor":2.0,"turns":3.0},{"damage":0.0,"enemies":"Small Slimes","floor":3.0,"turns":3.0},{"damage":29.0,"enemies":"3 Sentries","floor":7.0,"turns":7.0},{"damage":6.0,"enemies":"Red Slaver","floor":10.0,"turns":3.0},{"damage":14.0,"enemies":"Gremlin Nob","floor":11.0,"turns":3.0},{"damage":20.0,"enemies":"Large Slime","floor":13.0,"turns":6.0},{"damage":18.0,"enemies":"3 Sentries","floor":14.0,"turns":4.0},{"damage":59.0,"enemies":"Hexaghost","floor":16.0,"turns":8.0},{"damage":7.0,"enemies":"Shell Parasite","floor":18.0,"turns":3.0},{"damage":8.0,"enemies":"3 Byrds","floor":19.0,"turns":6.0},{"damage":0.0,"enemies":"Sentry and Sphere","floor":22.0,"turns":3.0},{"damage":18.0,"enemies":"Centurion and Healer","floor":24.0,"turns":5.0},{"damage":36.0,"enemies":"Slavers","floor":25.0,"turns":4.0},{"damage":21.0,"enemies":"Snecko","floor":27.0,"turns":3.0},{"damage":32.0,"enemies":"Gremlin Leader","floor":29.0,"turns":4.0},{"damage":62.0,"enemies":"Champ","floor":33.0,"turns":6.0},{"damage":41.0,"enemies":"3 Shapes","floor":35.0,"turns":4.0},{"damage":13.0,"enemies":"Orb Walker","floor":36.0,"turns":2.0},{"damage":24.0,"enemies":"Sphere and 2 Shapes","floor":38.0,"turns":3.0},{"damage":10.0,"enemies":"3 Darklings","floor":39.0,"turns":2.0},{"damage":34.0,"enemies":"Giant Head","floor":41.0,"turns":6.0},{"damage":35.0,"enemies":"Jaw Worm Horde","floor":42.0,"turns":3.0},{"damage":24,"enemies":"Nemesis","floor":44,"turns":5},{"damage":12,"enemies":"Transient","floor":45,"turns":5},{"damage":34,"enemies":"Giant Head","floor":46,"turns":5},{"damage":54,"enemies":"Reptomancer","floor":48,"turns":4},{"damage":104,"enemies":"Donu and Deca","floor":50,"turns":5}],"seed_played":"-8653540479942029245","potions_obtained":[{"floor":1.0,"key":"SkillPotion"},{"floor":3.0,"key":"SneckoOil"},{"floor":13.0,"key":"Regen Potion"},{"floor":16.0,"key":"Block Potion"},{"floor":25.0,"key":"AttackPotion"},{"floor":27.0,"key":"Regen Potion"},{"floor":33.0,"key":"LiquidBronze"},{"floor":42.0,"key":"Fruit Juice"},{"floor":48,"key":"DistilledChaos"}],"is_trial":false,"path_per_floor":["M","M","M","?","?","R","E","R","T","M","E","?","M","?","R","B",null,"M","M","$","?","M","R","M","E","T","M","?","E","R","$","R","B",null,"M","M","$","M","M","R","E","M","T","E","M","E","R","E","R","B",null],"character_chosen":"IRONCLAD","items_purchased":["Flex","ClockworkSouvenir","Inflame","DollysMirror","Armaments"],"campfire_rested":1,"item_purchase_floors":[20,20,31,31,37],"current_hp_per_floor":[80,80,80,80,80,80,57,57,57,57,49,54,54,66,66,31,85,87,91,91,64,73,73,83,85,85,87,76,92,92,92,92,48,118,109,102,102,108,128,128,121,134,134,117,130,102,102,54,94,89],"gold":489,"neow_bonus":"","is_daily":true,"chose_seed":false,"campfire_upgraded":5,"win_rate":0.0,"timestamp":1611755526,"path_taken":["M","M","M","?","?","R","E","R","T","?","E","?","M","?","R","BOSS","M","M","$","?","?","R","M","E","T","M","?","E","R","$","R","BOSS","M","M","$","M","M","R","E","M","T","E","M","E","R","E","R","BOSS"],"items_purchased_type":["Card","Relic","Card","Relic","Card"],"build_version":"2020-12-22","purchased_purges":3,"victory":true,"max_hp_per_floor":[80,80,80,80,80,80,80,80,80,80,80,85,85,85,85,85,85,88,91,91,91,94,94,102,110,110,114,114,118,118,118,118,118,118,126,126,126,126,130,130,130,134,134,134,134,134,134,134,134,139],"card_choices":[{"not_picked":["Metallicize","Static Discharge","Chaos"],"picked":"SKIP","floor":1.0},{"not_picked":["Anger","Steam"],"picked":"Sword Boomerang","floor":2.0},{"not_picked":["Loop","Genetic Algorithm"],"picked":"Cleave","floor":3.0},{"not_picked":["Machine Learning","Berserk"],"picked":"Exhume","floor":7.0},{"not_picked":["Redo","Warcry"],"picked":"Twin Strike","floor":10.0},{"not_picked":["Meteor Strike","Juggernaut"],"picked":"Reaper","floor":11.0},{"not_picked":["Dropkick","Pommel Strike"],"picked":"Inflame","floor":13.0},{"not_picked":["Immolate","Machine Learning"],"picked":"Feed","floor":16.0},{"not_picked":["Double Energy","Streamline+1","Compile Driver"],"picked":"SKIP","floor":18.0},{"not_picked":["Spot Weakness","Sever Soul"],"picked":"Heavy Blade+1","floor":19.0},{"not_picked":["Rainbow","Streamline"],"picked":"Inflame","floor":22.0},{"not_picked":["Sword Boomerang","Redo","Turbo"],"picked":"SKIP","floor":24.0},{"not_picked":["Reboot","All For One"],"picked":"Offering","floor":25.0},{"not_picked":["Feel No Pain","Beam Cell"],"picked":"Spot Weakness","floor":27.0},{"not_picked":["Core Surge","Electrodynamics"],"picked":"Offering","floor":29.0},{"not_picked":["Go for the Eyes+1","Static Discharge"],"picked":"White Noise","floor":35.0},{"not_picked":["Ghostly Armor+1","True Grit","Clash"],"picked":"SKIP","floor":36.0},{"not_picked":["Ball Lightning","Sword Boomerang+1"],"picked":"Dark Embrace+1","floor":38.0},{"not_picked":["Coolheaded","Thunderclap+1","Searing Blow"],"picked":"SKIP","floor":39.0},{"not_picked":["Feed","Hyperbeam"],"picked":"Reaper","floor":41.0},{"not_picked":["Heatsinks","Twin Strike","Thunderclap+1"],"picked":"SKIP","floor":42.0},{"not_picked":["Creative AI","Exhume"],"picked":"Double Tap","floor":44},{"not_picked":["Melter+1","Cold Snap","Turbo+1"],"picked":"SKIP","floor":45},{"not_picked":["Exhume","Juggernaut","All For One"],"picked":"SKIP","floor":46},{"not_picked":["Double Tap","Berserk","Meteor Strike"],"picked":"SKIP","floor":48},{"not_picked":["True Grit","Gash"],"picked":"Heavy Blade","floor":49}],"player_experience":263421,"relics_obtained":[{"floor":7.0,"key":"Unceasing Top"},{"floor":9.0,"key":"MawBank"},{"floor":11.0,"key":"Centennial Puzzle"},{"floor":14.0,"key":"Bottled Flame"},{"floor":25.0,"key":"Dream Catcher"},{"floor":26.0,"key":"Nunchaku"},{"floor":29.0,"key":"Mummified Hand"},{"floor":41.0,"key":"Letter Opener"},{"floor":44,"key":"Pantograph"},{"floor":46,"key":"Art of War"},{"floor":48,"key":"Thread and Needle"}],"event_choices":[{"cards_removed":["Strike_R"],"damage_healed":0.0,"max_hp_gain":0.0,"max_hp_loss":0.0,"gold_gain":0.0,"event_name":"The Cleric","player_choice":"Card Removal","floor":4.0,"gold_loss":50.0,"damage_taken":0.0},{"damage_healed":0.0,"max_hp_gain":0.0,"max_hp_loss":0.0,"gold_gain":0.0,"event_name":"Upgrade Shrine","player_choice":"Upgraded","floor":5.0,"gold_loss":0.0,"damage_taken":0.0,"cards_upgraded":["Sword Boomerang"]},{"damage_healed":0.0,"max_hp_gain":5.0,"max_hp_loss":0.0,"gold_gain":0.0,"event_name":"Big Fish","player_choice":"Donut","floor":12.0,"gold_loss":0.0,"damage_taken":0.0},{"damage_healed":0.0,"max_hp_gain":0.0,"max_hp_loss":0.0,"gold_gain":0.0,"event_name":"Dead Adventurer","player_choice":"Searched \u00271\u0027 times","floor":14.0,"gold_loss":0.0,"damage_taken":0.0},{"damage_healed":0.0,"max_hp_gain":0.0,"max_hp_loss":0.0,"gold_gain":270.0,"event_name":"Knowing Skull","player_choice":"GOLD GOLD GOLD ","floor":21.0,"potions_obtained":[],"gold_loss":0.0,"damage_taken":27.0,"cards_obtained":[]},{"damage_healed":0.0,"max_hp_gain":0.0,"max_hp_loss":0.0,"gold_gain":75.0,"event_name":"FaceTrader","player_choice":"Touch","floor":28.0,"gold_loss":0.0,"damage_taken":11.0}],"is_beta":false,"boss_relics":[{"not_picked":["Tiny House","Snecko Eye"],"picked":"Velvet Choker"},{"not_picked":["Philosopher\u0027s Stone","Calling Bell"],"picked":"Cursed Key"}],"items_purged_floors":[20,31,37],"is_endless":false,"potions_floor_spawned":[1,3,13,16,18,25,27,33,39,41,42,45,46,48],"ascension_level":0}}