{"host":"i29s15dsg0c43zmx","time":1611782400,"event":{"mods":["AchievementEnabler","BaseMod","Colored Map","Minty Spire (QoL Compilation)","StSLib","The Death Knight"],"gold_per_floor":[117,117,137,155,155,155,170,24,73,73,109,9,30,54,54,185,185,200,127,141,159,27,27,27,27],"floor_reached":24,"language":"ENG","playtime":824,"items_purged":["Pain","Strike_B"],"score":188,"play_id":"628619e5-a5b6-47cb-98d0-c0cc8c3ce4f1","local_time":"20210127222000","is_ascension_mode":false,"campfire_choices":[{"data":"Turbo","floor":6,"key":"SMITH"},{"data":"Defragment","floor":10,"key":"SMITH"},{"floor":15,"key":"REST"},{"floor":23,"key":"REST"}],"circlet_count":0,"master_deck":["Defend_B","Defend_B","Defend_B","Defend_B","Zap","Dualcast","Sweeping Beam","Turbo+1","Double Energy","Defragment+1","Double Energy","Machine Learning","Self Repair","Electrodynamics","Rip and Tear+1","Compile Driver+1","Fusion+1","Loop","Storm","Capacitor","Conserve Battery"],"relics":["Cracked Core","NeowsBlessing","WarpedTongs","Golden Idol","Bag of Marbles","Odd Mushroom","Astrolabe"],"acts_visited":["Exordium","TheCity"],"potions_floor_usage":[16,16],"damage_taken":[{"damage":0,"enemies":"Jaw Worm","floor":1,"turns":1},{"damage":1,"enemies":"Cultist","floor":3,"turns":1},{"damage":3,"enemies":"2 Louse","floor":4,"turns":1},{"damage":8,"enemies":"Looter","floor":7,"turns":3},{"damage":7,"enemies":"The Mushroom Lair","floor":11,"turns":4},{"damage":13,"enemies":"Exordium Wildlife","floor":13,"turns":3},{"damage":7,"enemies":"Exordium Thugs","floor":14,"turns":4},{"damage":30,"enemies":"The Guardian","floor":16,"turns":11},{"damage":32,"enemies":"Shell Parasite","floor":18,"turns":5},{"damage":26,"enemies":"2 Thieves","floor":20,"turns":4},{"damage":28,"enemies":"Snake Plant","floor":21,"turns":4},{"damage":36,"enemies":"Book of Stabbing","floor":24,"turns":4}],"seed_played":"-7218855266227643843","potions_obtained":[{"floor":3,"key":"ColorlessPotion"},{"floor":7,"key":"Strength Potion"},{"floor":21,"key":"LiquidBronze"}],"is_trial":false,"path_per_floor":["M","?","M","M","?","R","M","$","T","R","?","$","M","M","R","B",null,"M","$","M","M","$","R","E"],"character_chosen":"DEFECT","items_purchased":["Defragment","Loop","Capacitor","Conserve Battery"],"campfire_rested":2,"item_purchase_floors":[8,19,22,22],"current_hp_per_floor":[75,75,74,71,53,53,45,45,45,45,38,38,25,18,40,17,75,50,50,34,13,13,35,0,0],"gold":27,"neow_bonus":"THREE_ENEMY_KILL","is_daily":false,"chose_seed":false,"campfire_upgraded":2,"win_rate":0.0,"timestamp":1611782400,"path_taken":["M","?","M","?","?","R","M","$","T","R","?","$","M","?","R","BOSS","M","$","M","M","$","R","E"],"items_purchased_type":["Card","Card","Card","Card"],"build_version":"2020-12-22","purchased_purges":2,"victory":false,"max_hp_per_floor":[75,75,75,75,75,75,75,75,75,75,75,75,75,75,75,75,75,75,75,75,75,75,75,75,75],"card_choices":[{"not_picked":["Beam Cell","Go for the Eyes"],"picked":"Sweeping Beam","floor":1},{"not_picked":["Undo","Rebound","Gash"],"picked":"SKIP","floor":3},{"not_picked":["Storm","Conserve Battery"],"picked":"Turbo","floor":4},{"not_picked":["Go for the Eyes","Hologram"],"picked":"Double Energy","floor":7},{"not_picked":["Gash","Compile Driver"],"picked":"Double Energy","floor":11},{"not_picked":["Sweeping Beam","Turbo"],"picked":"Machine Learning","floor":13},{"not_picked":["Reprogram","Static Discharge"],"picked":"Self Repair","floor":14},{"not_picked":["All For One","Amplify"],"picked":"Electrodynamics","floor":16},{"not_picked":["Undo","Steam+1","Reprogram"],"picked":"SKIP","floor":18},{"not_picked":["Rebound","Reinforced Body+1","Consume+1"],"picked":"SKIP","floor":20},{"not_picked":["Reprogram+1","Rebound"],"picked":"Storm","floor":21}],"player_experience":90969,"relics_obtained":[{"floor":9,"key":"Bag of Marbles"},{"floor":11,"key":"Odd Mushroom"}],"event_choices":[{"damage_healed":0,"gold_gain":0,"player_choice":"Rummage","damage_taken":0,"relics_obtained":["WarpedTongs"],"max_hp_gain":0,"max_hp_loss":0,"event_name":"Accursed Blacksmith","floor":2,"gold_loss":0,"cards_obtained":["Pain"]},{"damage_healed":0,"gold_gain":0,"player_choice":"Take Damage","damage_taken":18,"relics_obtained":["Golden Idol"],"max_hp_gain":0,"max_hp_loss":0,"event_name":"Golden Idol","floor":5,"gold_loss":0},{"damage_healed":0,"gold_gain":0,"player_choice":"Fought Mushrooms","damage_taken":0,"max_hp_gain":0,"max_hp_loss":0,"event_name":"Mushrooms","floor":11,"gold_loss":0}],"is_beta":false,"boss_relics":[{"not_picked":["Philosopher\u0027s Stone","Ectoplasm"],"picked":"Astrolabe"}],"items_purged_floors":[8,12],"is_endless":false,"potions_floor_spawned":[3,7,21],"killed_by":"Book of Stabbing","ascension_level":0}}