{"host":"5dk97cf2ubw2v967","time":1611771259,"event":{"mods":["AlwaysNeverKeys","BaseMod","Better Altar","Better Vampires","Block Reminder","Colored Powertips","Downfall","Googly Eyes","Highlight Path","Minty Spire (QoL Compilation)","Permanent Neow","Potion Indicator Mod","Quick Restart","Relic Filter","Relic Stats","Say the Spire","Spicy Shops","StSLib","Waifu the Spire","everything is the same but u backflip on backflip"],"gold_per_floor":[99,109,109,19,19,19,19,29,129,149,149,180,180,92,105,179,179,179,198,298,310,310,210,262,282,282,297,326,346,34,51,67,67,67,67],"floor_reached":33,"language":"ENG","playtime":2410,"items_purged":["downfall:Malfunctioning","Guardian:Defend_Guardian"],"score":482,"play_id":"7cdae120-0c62-4b14-9f02-4b96fd538ce6","local_time":"20210127181419","is_ascension_mode":true,"campfire_choices":[{"data":"Guardian:TwinSlam","floor":1,"key":"SMITH"},{"data":"Guardian:Strike_Guardian","floor":6,"key":"SMITH"},{"floor":13,"key":"REST"},{"floor":18,"key":"RECALL"},{"data":"Guardian:Repulse","floor":23,"key":"SMITH"}],"circlet_count":0,"master_deck":["AscendersBane","Guardian:Strike_Guardian+1","Guardian:Strike_Guardian","Guardian:Strike_Guardian+1","Guardian:Defend_Guardian+1","Guardian:Defend_Guardian","Guardian:CurlUp+1","Guardian:TwinSlam+1","Guardian:RollAttack","Guardian:TimeBomb+1","Guardian:FuturePlans","Guardian:Repulse","Guardian:Repulse+1","Guardian:BronzeOrb","Guardian:TimeSifter","Guardian:DecasProtection+1","Guardian:ArmoredProtocol","Guardian:Gem_Cyan","Guardian:Gem_Crimson","Necronomicurse","Guardian:DonusPower","Guardian:StasisField","Guardian:ShieldCharger","Guardian:VentSteam","Guardian:BronzeOrb"],"relics":["Runic Pyramid","Art of War","HornCleat","Oddly Smooth Stone","bronze:MakeshiftBattery","Toy Ornithopter","downfall:HeartBlessingRed","Necronomicon","Peace Pipe","Vajra"],"acts_visited":["Exordium","TheCity"],"potions_floor_usage":[9,16,28,28,33],"damage_taken":[{"damage":1,"enemies":"Cultist","floor":2,"turns":3},{"damage":0,"enemies":"downfall:FleeingMerchant","floor":4,"turns":4},{"damage":7,"enemies":"Jaw Worm","floor":8,"turns":3},{"damage":31,"enemies":"downfall:Heads","floor":9,"turns":7},{"damage":1,"enemies":"2 Louse","floor":10,"turns":3},{"damage":0,"enemies":"Lagavulin","floor":12,"turns":5},{"damage":0,"enemies":"downfall:FleeingMerchant","floor":14,"turns":4},{"damage":7,"enemies":"Blue Slaver","floor":15,"turns":3},{"damage":32,"enemies":"WA_ARCHETYPE_RETAIN","floor":16,"turns":11},{"damage":3,"enemies":"Chosen","floor":19,"turns":4},{"damage":3,"enemies":"downfall:LadyInBlue","floor":20,"turns":10},{"damage":4,"enemies":"Shell Parasite","floor":21,"turns":4},{"damage":14,"enemies":"3 Cultists","floor":25,"turns":6},{"damage":5,"enemies":"Shelled Parasite and Fungi","floor":27,"turns":4},{"damage":11,"enemies":"Book of Stabbing","floor":28,"turns":4},{"damage":1,"enemies":"Cultist and Chosen","floor":29,"turns":6},{"damage":0,"enemies":"downfall:FleeingMerchant","floor":30,"turns":4},{"damage":0,"enemies":"3 Cultists","floor":31,"turns":5},{"damage":2,"enemies":"Centurion and Healer","floor":32,"turns":2},{"damage":21,"enemies":"SI_MIRROR_ARCHETYPE","floor":33,"turns":4}],"seed_played":"3807014849410155858","potions_obtained":[{"floor":2,"key":"Guardian:DefensiveModePotion"},{"floor":8,"key":"DistilledChaos"},{"floor":12,"key":"Guardian:BlockOnCardUsePotion"},{"floor":19,"key":"GamblersBrew"},{"floor":20,"key":"CultistPotion"},{"floor":20,"key":"LiquidBronze"},{"floor":22,"key":"CultistPotion"},{"floor":31,"key":"EssenceOfSteel"}],"is_trial":false,"path_per_floor":["R","M","?","$","?","R","T","M","?","M","?","E","R","$","M","B",null,"R","M","?","M","?","R","T","M","?","M","E","M","$","M","M","B"],"character_chosen":"GUARDIAN","items_purchased":["Guardian:Repulse","Vajra","Guardian:VentSteam"],"campfire_rested":1,"item_purchase_floors":[14,30,30],"current_hp_per_floor":[72,71,71,71,71,71,71,64,33,32,32,32,56,56,49,17,64,64,61,58,54,54,54,54,40,24,19,18,17,17,17,15,0,0,0],"gold":67,"neow_bonus":"BOSS_RELIC","is_daily":false,"chose_seed":false,"campfire_upgraded":3,"win_rate":0.0,"timestamp":1611771259,"path_taken":["R","M","?","$","?","R","T","?","?","M","?","E","R","$","M","BOSS","R","M","?","?","?","R","T","M","?","M","E","M","?","M","M","BOSS"],"items_purchased_type":["Card","Relic","Card"],"build_version":"2020-12-22","purchased_purges":2,"victory":false,"max_hp_per_floor":[80,80,80,80,80,80,80,80,80,80,80,80,80,80,80,80,80,80,80,80,80,80,80,80,80,80,80,80,80,80,80,80,80,80,80],"relic_stats":{"Peace Pipe":0,"counters":[20,96],"Art of War":[14],"Necronomicon":[8],"obtain_stats":[{"Peace Pipe":28,"HornCleat":7,"downfall:HeartBlessingRed":23,"Guardian:ModeShifter":0,"Oddly Smooth Stone":12,"Vajra":30,"Art of War":5,"Necronomicon":26,"bronze:MakeshiftBattery":17,"Toy Ornithopter":20,"Runic Pyramid":0},{"Peace Pipe":15,"HornCleat":2,"downfall:HeartBlessingRed":12,"Guardian:ModeShifter":0,"Oddly Smooth Stone":6,"Vajra":17,"Art of War":2,"Necronomicon":13,"bronze:MakeshiftBattery":9,"Toy Ornithopter":11,"Runic Pyramid":0},{"Peace Pipe":75,"HornCleat":7,"downfall:HeartBlessingRed":61,"Guardian:ModeShifter":0,"Oddly Smooth Stone":25,"Vajra":85,"Art of War":7,"Necronomicon":67,"bronze:MakeshiftBattery":43,"Toy Ornithopter":57,"Runic Pyramid":0}],"Toy Ornithopter":15},"card_choices":[{"not_picked":["Guardian:ChargeCore","Guardian:Emergency"],"picked":"Guardian:Gem_Purple","floor":2},{"not_picked":["Guardian:Gem_Green","Guardian:BronzeArmor"],"picked":"Guardian:Gem_Yellow","floor":4},{"not_picked":["Guardian:Incinerate","Guardian:Gem_Red","Guardian:CrystalBeam"],"picked":"SKIP","floor":8},{"not_picked":["Guardian:Gem_Green","Guardian:TemporalStrike"],"picked":"Guardian:TimeBomb","floor":9},{"not_picked":["Guardian:Gem_Green","Guardian:TimeBomb"],"picked":"Guardian:FuturePlans","floor":10},{"not_picked":["Guardian:RevengeProtocol","Guardian:Gem_Cyan"],"picked":"Guardian:Gem_Crimson","floor":12},{"not_picked":["Guardian:VentSteam","Guardian:Gem_Red"],"picked":"Guardian:Repulse","floor":14},{"not_picked":["Guardian:WalkerClaw","Guardian:FuturePlans"],"picked":"Guardian:BronzeOrb","floor":15},{"not_picked":["Guardian:HyperBeam_Guardian","Guardian:GemFire"],"picked":"Guardian:TimeSifter","floor":16},{"not_picked":["Guardian:TimeCapacitor","Guardian:Harden"],"picked":"Guardian:DecasProtection+1","floor":19},{"not_picked":["Guardian:Planning","Guardian:WalkerClaw"],"picked":"Guardian:ArmoredProtocol","floor":20},{"not_picked":["Guardian:Reroute","Guardian:VentSteam"],"picked":"Guardian:Gem_Cyan","floor":21},{"not_picked":["Guardian:Gem_Blue","Guardian:CrystalBeam"],"picked":"Guardian:Gem_Crimson","floor":25},{"not_picked":["Guardian:FuturePlans","Guardian:Incinerate"],"picked":"Guardian:DonusPower","floor":27},{"not_picked":["Guardian:ChargeUp","Guardian:TemporalStrike"],"picked":"Guardian:StasisField","floor":28},{"not_picked":["Guardian:Suspension","Guardian:RefractedBeam","Guardian:Gem_Green"],"picked":"SKIP","floor":29},{"not_picked":["Guardian:Preprogram","Guardian:Gem_Red"],"picked":"Guardian:ShieldCharger","floor":30},{"not_picked":["Guardian:ArmoredProtocol","Guardian:Gem_Red"],"picked":"Guardian:BronzeOrb","floor":31},{"not_picked":["Guardian:ShieldSpikes","Guardian:TemporalShield","Guardian:CrystalBeam"],"picked":"SKIP","floor":32}],"player_experience":1267682,"relics_obtained":[{"floor":7,"key":"HornCleat"},{"floor":12,"key":"Oddly Smooth Stone"},{"floor":20,"key":"Toy Ornithopter"},{"floor":26,"key":"Necronomicon"},{"floor":28,"key":"Peace Pipe"}],"event_choices":[{"damage_healed":0,"gold_gain":0,"player_choice":"Box","damage_taken":0,"relics_obtained":["Art of War"],"max_hp_gain":0,"max_hp_loss":0,"event_name":"Big Fish","floor":5,"gold_loss":0,"cards_obtained":["Regret"]},{"cards_removed":["Guardian:Defend_Guardian"],"damage_healed":0,"gold_gain":0,"player_choice":"Card Removal","damage_taken":0,"max_hp_gain":0,"max_hp_loss":0,"event_name":"The Cleric","floor":11,"gold_loss":0}],"is_beta":false,"boss_relics":[{"not_picked":["Fusion Hammer","Philosopher\u0027s Stone"],"picked":"bronze:MakeshiftBattery"}],"items_purged_floors":[4,30],"is_endless":false,"potions_floor_spawned":[2,8,12,15,19,25,27,31],"killed_by":"SI_MIRROR_ARCHETYPE","ascension_level":13}}