{"host":"o7j6aatxjwpw1421","time":1611762298,"event":{"mods":["2.2 Compatiblity","AchievementEnabler","BaseMod","Colored Map","DeckTracker","Highlight Path","Keyboard Shortcuts","Minty Spire (QoL Compilation)","Permanent Neow","Quick Restart","StSLib","SuperFastMode","everything is the same but u backflip on backflip"],"gold_per_floor":[368,293,310,2,21,21,39,68,93,93,93,103,123,123,123,197,197,208,224,20,0,18,18,18],"floor_reached":23,"language":"KOR","playtime":1036,"items_purged":["Regret","Strike_G","Strike_G"],"score":486,"play_id":"efb306a4-5f34-4bc4-9b66-31fa060435b6","local_time":"20210128004458","is_ascension_mode":true,"campfire_choices":[{"data":"Noxious Fumes","floor":6.0,"key":"SMITH"},{"data":"Neutralize","floor":10.0,"key":"SMITH"},{"data":"Dodge and Roll","floor":15.0,"key":"SMITH"}],"circlet_count":0,"master_deck":["AscendersBane","Strike_G","Strike_G","Defend_G","Defend_G","Defend_G","Defend_G","Survivor","Neutralize+1","Dagger Throw","Noxious Fumes+1","Prepared","Poisoned Stab","Escape Plan","Dodge and Roll+1","Blur","Die Die Die","Acrobatics","Catalyst","Bouncing Flask","Leg Sweep"],"relics":["Ring of the Snake","TheAbacus","Blood Vial","Vajra","Runic Pyramid"],"acts_visited":["Exordium","TheCity"],"potions_floor_usage":[16,16,18,23],"damage_taken":[{"damage":8.0,"enemies":"Jaw Worm","floor":1.0,"turns":7.0},{"damage":1.0,"enemies":"Cultist","floor":3.0,"turns":5.0},{"damage":0.0,"enemies":"2 Louse","floor":5.0,"turns":3.0},{"damage":6.0,"enemies":"2 Fungi Beasts","floor":7.0,"turns":4.0},{"damage":3.0,"enemies":"Lagavulin","floor":8.0,"turns":6.0},{"damage":6.0,"enemies":"3 Louse","floor":12.0,"turns":4.0},{"damage":0.0,"enemies":"Blue Slaver","floor":13.0,"turns":4.0},{"damage":0,"enemies":"Hexaghost","floor":16,"turns":9},{"damage":6,"enemies":"Shell Parasite","floor":18,"turns":6},{"damage":0,"enemies":"Spheric Guardian","floor":19,"turns":6},{"damage":16,"enemies":"Centurion and Healer","floor":22,"turns":9},{"damage":0,"enemies":"Gremlin Leader","floor":23,"turns":4}],"seed_played":"8524323239731702339","potions_obtained":[{"floor":5.0,"key":"GhostInAJar"},{"floor":8.0,"key":"BlessingOfTheForge"},{"floor":12.0,"key":"LiquidMemories"},{"floor":13.0,"key":"CultistPotion"},{"floor":16,"key":"EssenceOfSteel"},{"floor":19,"key":"Explosive Potion"}],"is_trial":false,"path_per_floor":["M","$","M","$","M","R","M","E","T","R","?","M","M","?","R","B",null,"M","M","$","?","M","E"],"character_chosen":"THE_SILENT","items_purchased":["Noxious Fumes","TheAbacus","Bouncing Flask"],"campfire_rested":0,"item_purchase_floors":[4,4,20],"current_hp_per_floor":[51,51,50,50,50,50,44,41,41,41,41,37,39,32,32,34,58,54,56,56,56,42,44,44],"gold":18,"neow_bonus":"TWO_FIFTY_GOLD","is_daily":false,"chose_seed":false,"campfire_upgraded":3,"win_rate":0.0,"timestamp":1611762298,"path_taken":["M","$","M","$","M","R","M","E","T","R","?","?","M","?","R","BOSS","M","M","$","?","M","E"],"items_purchased_type":["Card","Relic","Card"],"build_version":"2020-12-22","purchased_purges":3,"victory":false,"max_hp_per_floor":[66,66,66,66,66,66,66,66,66,66,66,66,66,66,66,66,66,66,66,66,66,66,66,66],"card_choices":[{"not_picked":["Reflex","Well Laid Plans"],"picked":"Dagger Throw","floor":1.0},{"not_picked":["Slice","Bane","Dodge and Roll"],"picked":"SKIP","floor":3.0},{"not_picked":["Outmaneuver","Heel Hook"],"picked":"Prepared","floor":5.0},{"not_picked":["Catalyst","Underhanded Strike"],"picked":"Poisoned Stab","floor":7.0},{"not_picked":["Prepared","Deadly Poison"],"picked":"Escape Plan","floor":8.0},{"not_picked":["Dagger Throw","Finisher","PiercingWail"],"picked":"SKIP","floor":12.0},{"not_picked":["Deflect","Prepared"],"picked":"Blur","floor":13.0},{"not_picked":["Adrenaline","A Thousand Cuts"],"picked":"Die Die Die","floor":16},{"not_picked":["Underhanded Strike","Slice+1"],"picked":"Acrobatics","floor":18},{"not_picked":["Deflect","Deadly Poison"],"picked":"Catalyst","floor":19},{"not_picked":["Bouncing Flask+1","Setup"],"picked":"Leg Sweep","floor":22}],"player_experience":630685,"relics_obtained":[{"floor":8.0,"key":"Blood Vial"},{"floor":9.0,"key":"Vajra"}],"event_choices":[{"damage_healed":0.0,"max_hp_gain":0.0,"max_hp_loss":0.0,"gold_gain":0.0,"cards_transformed":["Strike_G"],"event_name":"Transmorgrifier","player_choice":"Transformed","floor":11.0,"gold_loss":0.0,"damage_taken":0.0,"cards_obtained":["Dodge and Roll"]},{"cards_removed":["Defend_G"],"damage_healed":0.0,"max_hp_gain":0.0,"max_hp_loss":0.0,"gold_gain":0.0,"event_name":"Golden Wing","player_choice":"Card Removal","floor":14.0,"gold_loss":0.0,"damage_taken":7.0},{"damage_healed":0,"gold_gain":0,"player_choice":"Paid Fearfully","damage_taken":0,"max_hp_gain":0,"max_hp_loss":0,"event_name":"Masked Bandits","floor":21,"gold_loss":20}],"is_beta":false,"boss_relics":[{"not_picked":["Tiny House","Ring of the Serpent"],"picked":"Runic Pyramid"}],"items_purged_floors":[2,4,20],"is_endless":false,"potions_floor_spawned":[5,8,12,13,16,19],"killed_by":"Gremlin Leader","ascension_level":20}}