{"host":"l84l8xigz5v5foa2","time":1611719011,"event":{"mods":["2.2 Compatiblity","AchievementEnabler","BaseMod","Better Note","Better Vampires","Card Filter","Colored Map","DeckTracker","Downfall","Gremlin Skip","Highlight Path","Keyboard Shortcuts","Minty Spire (QoL Compilation)","Permanent Neow","Quick Restart","Relic Filter","Relic Stats","StSLib","SuperFastMode","Transform Curses","Unknown Chances"],"gold_per_floor":[115,129,54,54,70,70,100,120,120,140,159,159,30,46,46,123,123,134,134,9,29,29,29,55,82,82,82,41,41,70,50,50,50,50,50],"floor_reached":33,"language":"ENG","playtime":1177,"items_purged":["hexamod:Strike","hexamod:Strike","hexamod:Strike"],"score":716,"play_id":"2629ba13-ee4f-4ee1-8866-e4bd7b6212ac","local_time":"20210127124331","is_ascension_mode":true,"campfire_choices":[{"data":"hexamod:Float","floor":6.0,"key":"SMITH"},{"data":"hexamod:GhostOfSpirePast","floor":12.0,"key":"SMITH"},{"data":"hexamod:SuperheatedStrike","floor":15.0,"key":"SMITH"},{"data":"hexamod:ForkedFlame","floor":23.0,"key":"SMITH"},{"floor":29.0,"key":"REST"},{"data":"hexamod:SoulSteal","floor":32.0,"key":"SMITH"}],"circlet_count":0,"master_deck":["AscendersBane","hexamod:Defend","hexamod:Defend","hexamod:Defend","hexamod:Defend","hexamod:Sear","hexamod:Float+1","hexamod:NightmareGuise","hexamod:BacktrackSmack","hexamod:ThermalTransfer+1","hexamod:SuperheatedStrike+1","hexamod:TimeOfNeed","hexamod:GhostOfSpirePast+1","hexamod:GhostShield+1","hexamod:ThermalTransfer","hexamod:SoulSteal+1","hexamod:ForkedFlame+1","hexamod:HeatMetal","hexamod:ShieldOfDarkness","hexamod:SixthSeal","hexamod:SpectralSpark","hexamod:FlameSwitch"],"relics":["hexamod:SpiritBrand","Philosopher\u0027s Stone","Nloth\u0027s Gift","Boot","Red Mask","Meat on the Bone","hexamod:MatchstickCase"],"acts_visited":["TheCity"],"potions_floor_usage":[33],"damage_taken":[{"damage":4.0,"enemies":"Small Slimes","floor":1.0,"turns":4.0},{"damage":0.0,"enemies":"Jaw Worm","floor":2.0,"turns":4.0},{"damage":0.0,"enemies":"Cultist","floor":5.0,"turns":3.0},{"damage":0.0,"enemies":"3 Sentries","floor":7.0,"turns":9.0},{"damage":2.0,"enemies":"Red Slaver","floor":8.0,"turns":4.0},{"damage":0.0,"enemies":"3 Louse","floor":10.0,"turns":3.0},{"damage":1.0,"enemies":"2 Fungi Beasts","floor":11.0,"turns":3.0},{"damage":0.0,"enemies":"Exordium Wildlife","floor":14.0,"turns":3.0},{"damage":0.0,"enemies":"Slime Boss","floor":16.0,"turns":4.0},{"damage":0.0,"enemies":"Chosen","floor":18.0,"turns":3.0},{"damage":3.0,"enemies":"Spheric Guardian","floor":21.0,"turns":4.0},{"damage":27.0,"enemies":"Gremlin Leader","floor":24.0,"turns":5.0},{"damage":17.0,"enemies":"Masked Bandits","floor":25.0,"turns":5.0},{"damage":13.0,"enemies":"Slavers","floor":30.0,"turns":4.0},{"damage":33,"enemies":"Collector","floor":33,"turns":5}],"seed_played":"-6977385187529476931","potions_obtained":[{"floor":2.0,"key":"DuplicationPotion"},{"floor":11.0,"key":"AttackPotion"},{"floor":14.0,"key":"Strength Potion"},{"floor":21.0,"key":"GamblersBrew"},{"floor":30.0,"key":"Energy Potion"},{"floor":31.0,"key":"EssenceOfSteel"}],"is_trial":false,"path_per_floor":["M","M","$","?","M","R","E","M","T","M","M","R","$","M","R","B",null,"M","?","$","M","$","R","E","?","T","?","$","R","E","?","R","B"],"character_chosen":"THE_SPIRIT","items_purchased":["hexamod:ThermalTransfer","hexamod:SpectralSpark"],"campfire_rested":1,"item_purchase_floors":[13,28],"current_hp_per_floor":[53,53,53,53,53,53,53,51,51,51,50,50,50,50,50,50,60,60,60,60,57,57,57,30,13,13,13,13,31,30,30,30,0,0,0],"gold":50,"neow_bonus":"TRANSFORM_CARD","is_daily":false,"chose_seed":false,"campfire_upgraded":5,"win_rate":0.0,"timestamp":1611719011,"path_taken":["M","M","$","?","M","R","E","M","T","M","M","R","$","M","R","BOSS","M","?","?","?","$","R","E","?","T","?","?","R","E","?","R","BOSS"],"items_purchased_type":["Card","Card"],"build_version":"2020-12-22","purchased_purges":3,"victory":false,"max_hp_per_floor":[63,63,63,63,63,63,63,63,63,63,63,63,63,63,63,63,63,63,63,63,63,63,63,63,63,63,63,63,63,63,63,63,63,63,63],"relic_stats":{"counters":[15,63],"Nloth\u0027s Gift":2,"Boot":[3],"obtain_stats":[{"Philosopher\u0027s Stone":17,"Nloth\u0027s Gift":19,"Red Mask":25,"Bottled Lightning":7,"Boot":24,"hexamod:SpiritBrand":0,"Meat on the Bone":26,"hexamod:MatchstickCase":30},{"Philosopher\u0027s Stone":9,"Nloth\u0027s Gift":10,"Red Mask":13,"Bottled Lightning":4,"Boot":12,"hexamod:SpiritBrand":0,"Meat on the Bone":13,"hexamod:MatchstickCase":14},{"Philosopher\u0027s Stone":37,"Nloth\u0027s Gift":40,"Red Mask":54,"Bottled Lightning":20,"Boot":49,"hexamod:SpiritBrand":0,"Meat on the Bone":54,"hexamod:MatchstickCase":58}],"Meat on the Bone":12},"card_choices":[{"not_picked":["hexamod:FastForward","hexamod:GhostOfSpireFuture"],"picked":"hexamod:BacktrackSmack","floor":1.0},{"not_picked":["hexamod:SecondSeal","hexamod:InspiringFlames"],"picked":"hexamod:ThermalTransfer","floor":2.0},{"not_picked":["hexamod:EtherealExpedition","hexamod:NightmareStrike"],"picked":"hexamod:SuperheatedStrike","floor":5.0},{"not_picked":["hexamod:SuperheatedStrike","hexamod:NightmareGuise"],"picked":"hexamod:TimeOfNeed","floor":7.0},{"not_picked":["hexamod:NightmareStrike","hexamod:AdvancingGuard","hexamod:ExtraCrispy"],"picked":"SKIP","floor":8.0},{"not_picked":["hexamod:NightmareStrike","hexamod:ShieldOfDarkness"],"picked":"hexamod:GhostOfSpirePast","floor":10.0},{"not_picked":["hexamod:FlamesFromBeyond","hexamod:ThermalTransfer"],"picked":"hexamod:GhostShield","floor":11.0},{"not_picked":["hexamod:NightmareGuise","hexamod:InspiringFlames"],"picked":"hexamod:SoulSteal","floor":14.0},{"not_picked":["hexamod:VolcanoVisage","hexamod:GiftsFromTheDead"],"picked":"hexamod:ForkedFlame","floor":16.0},{"not_picked":["hexamod:RecurringNightmare","hexamod:InspiringFlames"],"picked":"hexamod:HeatMetal","floor":18.0},{"not_picked":["hexamod:Toasty","hexamod:GhostShield"],"picked":"hexamod:ShieldOfDarkness","floor":21.0},{"not_picked":["hexamod:RadiantFlame","hexamod:PhantomCloak"],"picked":"hexamod:SixthSeal","floor":24.0},{"not_picked":["hexamod:Hexaguard","hexamod:EmpoweredFlame"],"picked":"hexamod:FlameSwitch","floor":30.0}],"player_experience":3438973,"relics_obtained":[{"floor":7.0,"key":"Bottled Lightning"},{"floor":24.0,"key":"Boot"},{"floor":25.0,"key":"Red Mask"},{"floor":26.0,"key":"Meat on the Bone"},{"floor":30.0,"key":"hexamod:MatchstickCase"}],"event_choices":[{"damage_healed":0.0,"max_hp_gain":0.0,"max_hp_loss":0.0,"gold_gain":0.0,"event_name":"Liars Game","player_choice":"Ignored","floor":4.0,"gold_loss":0.0,"damage_taken":0.0},{"damage_healed":0.0,"max_hp_gain":0.0,"max_hp_loss":0.0,"gold_gain":0.0,"event_name":"N\u0027loth","player_choice":"Traded Relic","floor":19.0,"relics_lost":["Bottled Lightning"],"gold_loss":0.0,"damage_taken":0.0,"relics_obtained":["Nloth\u0027s Gift"]},{"damage_healed":0.0,"max_hp_gain":0.0,"max_hp_loss":0.0,"gold_gain":0.0,"event_name":"Masked Bandits","player_choice":"Fought Bandits","floor":25.0,"gold_loss":0.0,"damage_taken":0.0},{"damage_healed":0.0,"max_hp_gain":0.0,"max_hp_loss":0.0,"gold_gain":0.0,"event_name":"Vampires","player_choice":"Ignored","floor":27.0,"gold_loss":0.0,"damage_taken":0.0},{"damage_healed":0.0,"max_hp_gain":0.0,"max_hp_loss":0.0,"gold_gain":0.0,"event_name":"The Woman in Blue","player_choice":"Bought 1 Potion","floor":31.0,"gold_loss":0.0,"damage_taken":0.0}],"is_beta":false,"boss_relics":[{"not_picked":["Cursed Key","Sozu"],"picked":"Philosopher\u0027s Stone"}],"items_purged_floors":[3,13,20],"is_endless":false,"potions_floor_spawned":[2,11,14,21,30],"killed_by":"Collector","ascension_level":20}}