{"host":"d7fiu2yjkssjxoz6","time":1611791281,"event":{"mods":["AchievementEnabler","BaseMod","Duelist Mod","Minty Spire (QoL Compilation)","StSLib"],"gold_per_floor":[135,135,135,145,157,157,157],"floor_reached":6,"language":"ENG","playtime":286,"items_purged":[],"score":65,"play_id":"42a382ad-eb5d-4173-a9b3-8681672ed17c","local_time":"20210127154801","is_ascension_mode":true,"campfire_choices":[],"circlet_count":0,"master_deck":["AscendersBane","theDuelist:CastleWalls","theDuelist:CastleWalls","theDuelist:Fissure","theDuelist:FluteKuriboh","theDuelist:FluteKuriboh","theDuelist:Relinkuriboh","theDuelist:Sparks","theDuelist:Sparks","theDuelist:WingedKuriboh","theDuelist:WingedKuriboh","theDuelist:ArchfiendCommander","theDuelist:CurseAnubis","theDuelist:VampireCurse","theDuelist:CurseArmaments","theDuelist:Wiretap","theDuelist:GhostrickSpecter"],"relics":["theDuelist:MillenniumPuzzle","theDuelist:CardPoolRelic","theDuelist:CardPoolBasicRelic","theDuelist:BoosterPackPoolRelic","theDuelist:CardPoolAddRelic","theDuelist:CardPoolMinusRelic","theDuelist:CardPoolSaveRelic","theDuelist:CardPoolOptionsRelic","NlothsMask"],"acts_visited":["Exordium"],"potions_floor_usage":[],"damage_taken":[{"damage":8,"enemies":"Jaw Worm","floor":1,"turns":4},{"damage":3,"enemies":"Cultist","floor":4,"turns":4},{"damage":3,"enemies":"2 Louse","floor":5,"turns":4},{"damage":80,"enemies":"Gremlin Nob","floor":6,"turns":5}],"seed_played":"2633721331275358607","potions_obtained":[{"floor":5,"key":"Swift Potion"}],"is_trial":false,"path_per_floor":["M","?","?","M","M","E"],"character_chosen":"THE_DUELIST","items_purchased":[],"campfire_rested":0,"item_purchase_floors":[],"current_hp_per_floor":[62,74,74,71,68,0,0],"gold":157,"neow_bonus":"TEN_PERCENT_HP_BONUS","is_daily":false,"chose_seed":false,"campfire_upgraded":0,"win_rate":0.0,"timestamp":1611791281,"path_taken":["M","?","?","?","M","E"],"items_purchased_type":[],"build_version":"2020-12-22","purchased_purges":0,"victory":false,"max_hp_per_floor":[77,89,89,89,89,89,89],"card_choices":[{"not_picked":["theDuelist:MonsterReborn","theDuelist:RobbinZombie","theDuelist:FabledGallabas","theDuelist:CallGrave"],"picked":"theDuelist:ArchfiendCommander","floor":1},{"not_picked":["theDuelist:BattleOx","theDuelist:MudGolem","theDuelist:GiantTrapHole","theDuelist:BigKoala"],"picked":"theDuelist:Wiretap","floor":4},{"not_picked":["theDuelist:TerraTerrible","theDuelist:Tengu","theDuelist:CheerfulCoffin","theDuelist:CyberArchfiend"],"picked":"theDuelist:GhostrickSpecter","floor":5}],"player_experience":328132,"relics_obtained":[],"event_choices":[{"damage_healed":0,"gold_gain":0,"player_choice":"Break - +12 Max HP","duelist":true,"damage_taken":0,"max_hp_gain":0,"max_hp_loss":0,"event_name":"Tomb of the Nameless","floor":2,"gold_loss":0},{"damage_healed":0,"gold_gain":0,"player_choice":"Trade","damage_taken":0,"relics_obtained":["NlothsMask"],"max_hp_gain":0,"max_hp_loss":0,"event_name":"FaceTrader","floor":3,"gold_loss":0}],"is_beta":false,"boss_relics":[],"items_purged_floors":[],"is_endless":false,"potions_floor_spawned":[5],"killed_by":"Gremlin Nob","ascension_level":16}}