{"host":"vumwfieg2b2mnrfl","time":1611715070,"event":{"mods":["AchievementEnabler","BaseMod","Minty Spire (QoL Compilation)","Rare Cards Sparkle","Relic Stats"],"gold_per_floor":[112,131,131,146,159,191,191,191,191,219,219,248,248,258,258,331,331,343,343,343,353,278,278,192,227,250,278,289,289,204,214,214,214,214],"floor_reached":33,"language":"ENG","playtime":913,"items_purged":["Decay"],"score":601,"play_id":"aa6edc35-b15e-4b72-b533-86031bba0d9a","local_time":"20210126203750","is_ascension_mode":true,"campfire_choices":[{"data":"Spot Weakness","floor":8.0,"key":"SMITH"},{"floor":13.0,"key":"REST"},{"data":"Bash","floor":15.0,"key":"SMITH"},{"floor":23.0,"key":"REST"},{"floor":29,"key":"REST"},{"data":"Limit Break","floor":32,"key":"SMITH"}],"circlet_count":0,"master_deck":["AscendersBane","Strike_R","Strike_R","Strike_R","Defend_R","Defend_R","Defend_R","Bash+1","Cleave","Spot Weakness+1","Rampage","Wild Strike","Sword Boomerang","Shrug It Off","Battle Trance","Limit Break+1","Rage+1","Warcry","Corruption","Uppercut","Flame Barrier","Shrug It Off","Headbutt","Sword Boomerang+1","Limit Break"],"relics":["Burning Blood","Boot","Bag of Preparation","Mercury Hourglass","Bronze Scales","Philosopher\u0027s Stone","Pear","Nunchaku","Potion Belt","Juzu Bracelet"],"acts_visited":["Exordium","TheCity"],"potions_floor_usage":[27,27,33],"damage_taken":[{"damage":7.0,"enemies":"Small Slimes","floor":1.0,"turns":4.0},{"damage":12.0,"enemies":"Cultist","floor":2.0,"turns":4.0},{"damage":9.0,"enemies":"2 Louse","floor":4.0,"turns":2.0},{"damage":5.0,"enemies":"2 Fungi Beasts","floor":5.0,"turns":3.0},{"damage":30.0,"enemies":"3 Sentries","floor":6.0,"turns":8.0},{"damage":32.0,"enemies":"Gremlin Nob","floor":10.0,"turns":4.0},{"damage":17.0,"enemies":"3 Sentries","floor":12.0,"turns":4.0},{"damage":1.0,"enemies":"Red Slaver","floor":14.0,"turns":3.0},{"damage":44.0,"enemies":"The Guardian","floor":16.0,"turns":9.0},{"damage":20.0,"enemies":"Chosen","floor":18.0,"turns":4.0},{"damage":21.0,"enemies":"Shell Parasite","floor":21.0,"turns":4.0},{"damage":21.0,"enemies":"Gremlin Leader","floor":25.0,"turns":5.0},{"damage":18,"enemies":"Book of Stabbing","floor":27,"turns":4},{"damage":6,"enemies":"Snecko","floor":28,"turns":4},{"damage":9,"enemies":"Centurion and Healer","floor":31,"turns":3},{"damage":49,"enemies":"Champ","floor":33,"turns":6}],"seed_played":"3447414909139916834","potions_obtained":[{"floor":1.0,"key":"PowerPotion"},{"floor":3.0,"key":"Energy Potion"},{"floor":3.0,"key":"Dexterity Potion"},{"floor":6.0,"key":"BloodPotion"},{"floor":21.0,"key":"FearPotion"},{"floor":31,"key":"Strength Potion"}],"is_trial":false,"path_per_floor":["M","M","?","M","M","E","?","R","T","E","?","E","R","M","R","B",null,"M","?","?","M","$","R","$","E","T","E","M","R","?","M","R","B"],"character_chosen":"IRONCLAD","items_purchased":["Flame Barrier"],"campfire_rested":3,"item_purchase_floors":[24],"current_hp_per_floor":[74,68,68,65,66,42,42,42,42,16,16,21,45,50,50,12,65,51,27,27,12,12,38,38,33,33,21,21,50,50,47,47,0,0],"gold":214,"neow_bonus":"TEN_PERCENT_HP_BONUS","is_daily":false,"chose_seed":false,"campfire_upgraded":3,"win_rate":0.0,"timestamp":1611715070,"path_taken":["M","M","?","?","M","E","?","R","T","E","?","E","R","?","R","BOSS","M","?","?","M","?","R","$","E","T","E","?","R","?","M","R","BOSS"],"items_purchased_type":["Card"],"build_version":"2020-12-22","purchased_purges":1,"victory":false,"max_hp_per_floor":[82,82,82,82,82,82,82,82,82,82,82,82,82,82,82,82,82,82,87,87,87,87,87,87,97,97,97,97,97,97,97,97,97,97],"relic_stats":{"Nunchaku":[3],"counters":[16,71],"Bronze Scales":[88],"Bag of Preparation":[22],"Juzu Bracelet":0,"Boot":[17],"obtain_stats":[{"Potion Belt":27,"Nunchaku":26,"Pear":25,"Bronze Scales":12,"Philosopher\u0027s Stone":17,"Bag of Preparation":9,"Juzu Bracelet":30,"Boot":6,"Burning Blood":0,"Mercury Hourglass":10},{"Potion Belt":13,"Nunchaku":12,"Pear":12,"Bronze Scales":7,"Philosopher\u0027s Stone":9,"Bag of Preparation":5,"Juzu Bracelet":14,"Boot":5,"Burning Blood":0,"Mercury Hourglass":6},{"Potion Belt":58,"Nunchaku":54,"Pear":54,"Bronze Scales":29,"Philosopher\u0027s Stone":41,"Bag of Preparation":21,"Juzu Bracelet":62,"Boot":21,"Burning Blood":0,"Mercury Hourglass":25}],"Burning Blood":90,"Mercury Hourglass":[155]},"card_choices":[{"not_picked":["Warcry","Reckless Charge","Sword Boomerang"],"picked":"SKIP","floor":1.0},{"not_picked":["Feel No Pain","Carnage"],"picked":"Cleave","floor":2.0},{"not_picked":["Flex","Dark Embrace","Havoc"],"picked":"SKIP","floor":4.0},{"not_picked":["Flame Barrier","Thunderclap"],"picked":"Spot Weakness","floor":5.0},{"not_picked":["Clothesline","Feel No Pain"],"picked":"Rampage","floor":6.0},{"not_picked":["Feel No Pain","Brutality"],"picked":"Sword Boomerang","floor":10.0},{"not_picked":["Metallicize","Body Slam"],"picked":"Shrug It Off","floor":12.0},{"not_picked":["Fire Breathing","Sever Soul"],"picked":"Battle Trance","floor":14.0},{"not_picked":["Berserk","Fiend Fire"],"picked":"Limit Break","floor":16.0},{"not_picked":["Twin Strike+1","Thunderclap"],"picked":"Rage+1","floor":18.0},{"not_picked":["Shockwave","Flex"],"picked":"Uppercut","floor":21.0},{"not_picked":["Anger","Flex"],"picked":"Shrug It Off","floor":25.0},{"not_picked":["Power Through+1","Wild Strike"],"picked":"Headbutt","floor":27},{"not_picked":["Power Through","Twin Strike"],"picked":"Sword Boomerang+1","floor":28},{"not_picked":["Shrug It Off","Sword Boomerang"],"picked":"Limit Break","floor":31}],"player_experience":472368,"relics_obtained":[{"floor":6.0,"key":"Boot"},{"floor":9.0,"key":"Bag of Preparation"},{"floor":10.0,"key":"Mercury Hourglass"},{"floor":12.0,"key":"Bronze Scales"},{"floor":25.0,"key":"Pear"},{"floor":26.0,"key":"Nunchaku"},{"floor":27,"key":"Potion Belt"}],"event_choices":[{"damage_healed":0.0,"max_hp_gain":0.0,"max_hp_loss":0.0,"gold_gain":0.0,"event_name":"Lab","player_choice":"Got Potions","floor":3.0,"gold_loss":0.0,"damage_taken":0.0},{"damage_healed":0.0,"max_hp_gain":0.0,"max_hp_loss":0.0,"gold_gain":0.0,"cards_transformed":["Strike_R"],"event_name":"Living Wall","player_choice":"Change","floor":7.0,"gold_loss":0.0,"damage_taken":0.0,"cards_obtained":["Wild Strike"]},{"damage_healed":0.0,"max_hp_gain":0.0,"max_hp_loss":0.0,"gold_gain":0.0,"event_name":"Wheel of Change","player_choice":"Cursed","floor":11.0,"gold_loss":0.0,"damage_taken":0.0,"cards_obtained":["Decay"]},{"damage_healed":0.0,"max_hp_gain":5.0,"max_hp_loss":0.0,"gold_gain":0.0,"event_name":"Forgotten Altar","player_choice":"Shed Blood","floor":19.0,"gold_loss":0.0,"damage_taken":29.0},{"damage_healed":0.0,"max_hp_gain":0.0,"max_hp_loss":0.0,"gold_gain":0.0,"cards_transformed":["Strike_R","Defend_R"],"event_name":"Drug Dealer","player_choice":"Became Test Subject","floor":20.0,"gold_loss":0.0,"damage_taken":0.0,"cards_obtained":["Warcry","Corruption"]},{"damage_healed":0,"gold_gain":0,"player_choice":"Obtained Relic","damage_taken":0,"relics_obtained":["Juzu Bracelet"],"max_hp_gain":0,"max_hp_loss":0,"event_name":"Addict","floor":30,"gold_loss":85}],"is_beta":false,"boss_relics":[{"not_picked":["SlaversCollar","Black Star"],"picked":"Philosopher\u0027s Stone"}],"items_purged_floors":[22],"is_endless":false,"potions_floor_spawned":[1,4,5,6,21,31],"killed_by":"Champ","ascension_level":18}}