{"host":"37dk0reb6x0du8wx","time":1611728866,"event":{"mods":["BaseMod","Colored Map","DeckTracker","Minty Spire (QoL Compilation)","Quick Restart","StSLib"],"gold_per_floor":[114,124,124,124,124,159,179,179,179,179,426,106,116,141,141,240,240,252,111,26,36,36,36,48,64,64,81,110,6147,6179,6104,6104,6206,6206,6225,6241,6256,6266,6286,6319,6319,6319,6366,6399,6399,10,21,71,71,71],"floor_reached":51,"language":"KOR","playtime":1842,"items_purged":["Strike_G","Strike_G","Strike_G","Deadly Poison","Defend_G"],"score":1198,"play_id":"c500ead8-f2b6-43b5-9012-be6e72479a2a","local_time":"20210127152746","is_ascension_mode":true,"campfire_choices":[{"data":"Blade Dance","floor":8,"key":"SMITH"},{"data":"Survivor","floor":10,"key":"SMITH"},{"data":"1","floor":15,"key":"LIFT"},{"data":"2","floor":23,"key":"LIFT"},{"data":"3","floor":32,"key":"LIFT"},{"data":"Crippling Poison","floor":42,"key":"PURGE"},{"data":"Defend_G","floor":45,"key":"PURGE"},{"data":"Defend_G","floor":49,"key":"PURGE"}],"circlet_count":22,"master_deck":["Defend_G+1","Survivor+1","Neutralize","Blade Dance+1","Accuracy","Blade Dance+1","Deflect","Bandage Up","Slice","Storm of Steel","Envenom","Footwork+1","Accuracy","Deflect+1","Terror","Burst","Blade Dance+1","Cloak And Dagger+1","Blade Dance+1","Blade Dance"],"relics":["Ring of the Snake","NeowsBlessing","White Beast Statue","Boot","Membership Card","Peace Pipe","Matryoshka","Oddly Smooth Stone","ClockworkSouvenir","War Paint","Girya","Sozu","Blood Vial","Mercury Hourglass","NlothsMask","The Courier","Paper Crane","Snake Skull","PreservedInsect","Molten Egg 2","Lantern","Frozen Eye","Art of War","Happy Flower","Ninja Scroll","Dream Catcher","Bronze Scales","MealTicket","Mummified Hand","Thread and Needle","Bag of Marbles","Kunai","Omamori","Torii","InkBottle","Anchor","Strawberry","Nunchaku","Prayer Wheel","Meat on the Bone","Pen Nib","Juzu Bracelet","Gremlin Horn","Vajra","Sundial","Frozen Egg 2","Potion Belt","Pear","Ancient Tea Set","Toy Ornithopter","Bottled Tornado","Tiny Chest","Shuriken","Singing Bowl","HoveringKite","Darkstone Periapt","Bag of Preparation","Regal Pillow","Ginger","Orichalcum","HornCleat","Strange Spoon","Letter Opener","Toxic Egg 2","Ornamental Fan","Eternal Feather","Pantograph","Ice Cream","Bottled Flame","Lizard Tail","StoneCalendar","Turnip","Calipers","Du-Vu Doll","FossilizedHelix","Mango","Tingsha","TungstenRod","Incense Burner","CaptainsWheel","Pocketwatch","Tough Bandages","The Specimen","Bird Faced Urn","Circlet","Dead Branch","Question Card"],"acts_visited":["Exordium","TheCity","TheBeyond"],"potions_floor_usage":[11,14,24],"damage_taken":[{"damage":0,"enemies":"Small Slimes","floor":1,"turns":1},{"damage":0,"enemies":"2 Louse","floor":2,"turns":1},{"damage":0,"enemies":"3 Sentries","floor":6,"turns":1},{"damage":1,"enemies":"Jaw Worm","floor":7,"turns":7},{"damage":0,"enemies":"Gremlin Gang","floor":13,"turns":3},{"damage":16,"enemies":"Gremlin Nob","floor":14,"turns":3},{"damage":7,"enemies":"The Guardian","floor":16,"turns":12},{"damage":0,"enemies":"Spheric Guardian","floor":18,"turns":3},{"damage":1,"enemies":"3 Byrds","floor":21,"turns":3},{"damage":3,"enemies":"Shelled Parasite and Fungi","floor":24,"turns":4},{"damage":0,"enemies":"Snake Plant","floor":25,"turns":3},{"damage":0,"enemies":"Cultist and Chosen","floor":27,"turns":4},{"damage":7,"enemies":"Slavers","floor":28,"turns":4},{"damage":0,"enemies":"Gremlin Leader","floor":30,"turns":1},{"damage":0,"enemies":"Champ","floor":33,"turns":3},{"damage":0,"enemies":"3 Shapes","floor":35,"turns":1},{"damage":0,"enemies":"Orb Walker","floor":36,"turns":1},{"damage":0,"enemies":"Jaw Worm Horde","floor":37,"turns":1},{"damage":1,"enemies":"Maw","floor":38,"turns":3},{"damage":0,"enemies":"Sphere and 2 Shapes","floor":39,"turns":3},{"damage":0,"enemies":"Giant Head","floor":40,"turns":2},{"damage":0,"enemies":"Reptomancer","floor":44,"turns":1},{"damage":0,"enemies":"3 Darklings","floor":47,"turns":1},{"damage":0,"enemies":"Mind Bloom Boss Battle","floor":48,"turns":1},{"damage":0,"enemies":"Donu and Deca","floor":50,"turns":1}],"seed_played":"8472000821005776456","potions_obtained":[{"floor":1,"key":"Energy Potion"},{"floor":7,"key":"GamblersBrew"},{"floor":13,"key":"Swift Potion"},{"floor":14,"key":"SteroidPotion"}],"is_trial":false,"path_per_floor":["M","M","?","?","?","E","M","R","T","R","$","$","M","E","R","B",null,"M","$","?","M","?","R","M","M","T","M","E","$","E","?","R","B",null,"M","M","M","M","M","E","?","R","T","E","R","$","M","?","R","B",null],"character_chosen":"THE_SILENT","items_purchased":["Accuracy","Blade Dance","Membership Card","Peace Pipe","Matryoshka","Fruit Juice","Deflect","Oddly Smooth Stone","ClockworkSouvenir","War Paint","Bandage Up","Blood Vial","Snake Skull","Deadly Poison","PreservedInsect","Molten Egg 2","Lantern","Frozen Eye","Art of War","Happy Flower","Ninja Scroll","Dream Catcher","Bronze Scales","MealTicket","Mummified Hand","Thread and Needle","Bag of Marbles","Kunai","Omamori","Torii","InkBottle","Anchor","Strawberry","Nunchaku","Prayer Wheel","Meat on the Bone","Pen Nib","Juzu Bracelet","Gremlin Horn","Vajra","Sundial","Frozen Egg 2","Potion Belt","Pear","Ancient Tea Set","Toy Ornithopter","Bottled Tornado","Tiny Chest","Shuriken","Orichalcum","HornCleat","Strange Spoon","Letter Opener","Toxic Egg 2","Ornamental Fan","Eternal Feather","Pantograph","Ice Cream","Bottled Flame","Lizard Tail","StoneCalendar","Turnip","Calipers","Du-Vu Doll","FossilizedHelix","Mango","Tingsha","TungstenRod","Incense Burner","CaptainsWheel","Pocketwatch","Tough Bandages","The Specimen","Bird Faced Urn","Circlet","Circlet","Circlet","Circlet","Circlet","Circlet","Circlet","Dead Branch","Circlet","Circlet","Circlet","Circlet","Circlet","Question Card","Circlet","Circlet","Circlet","Circlet","Circlet","Circlet","Circlet","Circlet","Circlet"],"campfire_rested":0,"item_purchase_floors":[11,11,11,11,11,11,11,12,12,12,12,19,29,29,29,29,29,29,29,29,29,29,29,29,29,29,29,29,29,29,29,29,29,29,29,29,29,29,29,29,29,29,29,29,29,29,29,29,29,46,46,46,46,46,46,46,46,46,46,46,46,46,46,46,46,46,46,46,46,46,46,46,46,46,46,46,46,46,46,46,46,46,46,46,46,46,46,46,46,46,46,46,46,46,46,46,46],"current_hp_per_floor":[70,70,75,75,68,68,67,67,67,67,72,72,76,64,64,61,80,80,80,80,80,80,80,77,80,80,80,77,94,98,98,98,99,99,101,103,103,104,109,111,113,113,113,115,115,129,133,135,135,135],"gold":71,"neow_bonus":"THREE_ENEMY_KILL","is_daily":false,"chose_seed":false,"campfire_upgraded":2,"win_rate":0.0,"timestamp":1611728866,"path_taken":["M","M","?","?","?","E","M","R","T","R","?","$","?","E","R","BOSS","M","$","?","M","?","R","M","?","T","M","E","$","E","?","R","BOSS","M","M","M","M","M","E","?","R","T","E","R","$","M","?","R","BOSS"],"items_purchased_type":["Card","Card","Relic","Relic","Relic","Potion","Card","Relic","Relic","Relic","Card","Relic","Relic","Card","Relic","Relic","Relic","Relic","Relic","Relic","Relic","Relic","Relic","Relic","Relic","Relic","Relic","Relic","Relic","Relic","Relic","Relic","Relic","Relic","Relic","Relic","Relic","Relic","Relic","Relic","Relic","Relic","Relic","Relic","Relic","Relic","Relic","Relic","Relic","Relic","Relic","Relic","Relic","Relic","Relic","Relic","Relic","Relic","Relic","Relic","Relic","Relic","Relic","Relic","Relic","Relic","Relic","Relic","Relic","Relic","Relic","Relic","Relic","Relic","Undefined","Undefined","Undefined","Undefined","Undefined","Undefined","Undefined","Relic","Undefined","Undefined","Undefined","Undefined","Undefined","Relic","Undefined","Undefined","Undefined","Undefined","Undefined","Undefined","Undefined","Undefined","Undefined"],"build_version":"2020-12-22","purchased_purges":5,"victory":true,"max_hp_per_floor":[70,70,75,75,75,75,75,75,75,75,80,80,80,80,80,80,80,80,80,80,80,80,80,80,80,80,80,80,97,99,99,99,99,99,101,103,103,105,109,111,113,113,113,115,115,129,133,135,135,135],"card_choices":[{"not_picked":["Skewer","Flying Knee","Eviscerate"],"picked":"SKIP","floor":1},{"not_picked":["Underhanded Strike","Backflip","Quick Slash"],"picked":"SKIP","floor":2},{"not_picked":["Terror","Sucker Punch","Backflip"],"picked":"SKIP","floor":6},{"not_picked":["Die Die Die","Prepared"],"picked":"Blade Dance","floor":7},{"not_picked":["Acrobatics","Underhanded Strike"],"picked":"Slice","floor":13},{"not_picked":["Leg Sweep","Riddle With Holes"],"picked":"Storm of Steel","floor":14},{"not_picked":["Storm of Steel","Grand Finale"],"picked":"Envenom","floor":16},{"not_picked":["Acrobatics","Backstab"],"picked":"Footwork+1","floor":18},{"not_picked":["Heel Hook","Choke"],"picked":"Accuracy","floor":21},{"not_picked":["Poisoned Stab","Bane","Dagger Throw"],"picked":"SKIP","floor":24},{"not_picked":["Flechettes+1","Prepared+1"],"picked":"Deflect+1","floor":25},{"not_picked":["Deadly Poison","Flying Knee","Quick Slash"],"picked":"SKIP","floor":27},{"not_picked":["Dash","Acrobatics"],"picked":"Terror","floor":28},{"not_picked":["Poisoned Stab+1","Glass Knife+1","Flying Knee+1"],"picked":"Singing Bowl","floor":30},{"not_picked":["After Image+1","Bullet Time"],"picked":"Burst","floor":33},{"not_picked":["Reflex+1","Crippling Poison"],"picked":"Blade Dance+1","floor":35},{"not_picked":["Outmaneuver","Prepared","Well Laid Plans+1"],"picked":"Singing Bowl","floor":35},{"not_picked":["Quick Slash+1","Concentrate"],"picked":"Cloak And Dagger+1","floor":36},{"not_picked":["Flying Knee+1","Underhanded Strike+1","Calculated Gamble+1"],"picked":"Singing Bowl","floor":36},{"not_picked":["Dash+1","PiercingWail"],"picked":"Crippling Poison","floor":37},{"not_picked":["Quick Slash+1","Cloak And Dagger"],"picked":"Blade Dance+1","floor":37},{"not_picked":["Expertise","Dodge and Roll+1"],"picked":"Blade Dance","floor":38},{"not_picked":["Prepared+1","Dagger Throw+1","Heel Hook+1"],"picked":"Singing Bowl","floor":38},{"not_picked":["Die Die Die+1","Dagger Throw+1","Skewer+1"],"picked":"Singing Bowl","floor":39},{"not_picked":["Underhanded Strike+1","Leg Sweep+1","Deflect"],"picked":"Singing Bowl","floor":39},{"not_picked":["Prepared","Eviscerate+1","Crippling Poison+1"],"picked":"Singing Bowl","floor":40},{"not_picked":["Discovery","Forethought","Blind"],"picked":"Singing Bowl","floor":41},{"not_picked":["Skewer+1","Masterful Stab+1","Dodge and Roll"],"picked":"Singing Bowl","floor":44},{"not_picked":["Slice+1","Footwork+1","Skewer+1","Outmaneuver+1"],"picked":"Singing Bowl","floor":47},{"not_picked":["Bane+1","Calculated Gamble+1","Poisoned Stab+1","Slice+1"],"picked":"Singing Bowl","floor":47},{"not_picked":["Deadly Poison+1","Tools of the Trade+1","Calculated Gamble+1","Quick Slash+1"],"picked":"Singing Bowl","floor":48}],"player_experience":219237,"relics_obtained":[{"floor":6,"key":"White Beast Statue"},{"floor":9,"key":"Boot"},{"floor":14,"key":"Girya"},{"floor":26,"key":"The Courier"},{"floor":28,"key":"Paper Crane"},{"floor":30,"key":"Singing Bowl"},{"floor":40,"key":"Darkstone Periapt"},{"floor":43,"key":"Bag of Preparation"},{"floor":43,"key":"Regal Pillow"},{"floor":44,"key":"Ginger"},{"floor":48,"key":"Circlet"}],"event_choices":[{"damage_healed":0,"gold_gain":0,"player_choice":"Donut","damage_taken":0,"max_hp_gain":5,"max_hp_loss":0,"event_name":"Big Fish","floor":3,"gold_loss":0},{"cards_removed":["Defend_G"],"damage_healed":0,"gold_gain":0,"player_choice":"Forget","damage_taken":0,"max_hp_gain":0,"max_hp_loss":0,"event_name":"Living Wall","floor":4,"gold_loss":0},{"cards_removed":["Strike_G"],"damage_healed":0,"gold_gain":0,"player_choice":"Card Removal","damage_taken":7,"max_hp_gain":0,"max_hp_loss":0,"event_name":"Golden Wing","floor":5,"gold_loss":0},{"damage_healed":0,"gold_gain":0,"player_choice":"Obtained Relic","damage_taken":0,"relics_obtained":["Mercury Hourglass"],"max_hp_gain":0,"max_hp_loss":0,"event_name":"Addict","floor":20,"gold_loss":85},{"damage_healed":0,"gold_gain":0,"player_choice":"Trade","damage_taken":0,"relics_obtained":["NlothsMask"],"max_hp_gain":0,"max_hp_loss":0,"event_name":"FaceTrader","floor":22,"gold_loss":0},{"cards_removed":["Strike_G"],"damage_healed":0,"gold_gain":0,"player_choice":"Gave Gold","damage_taken":0,"max_hp_gain":0,"max_hp_loss":0,"event_name":"Beggar","floor":31,"gold_loss":75},{"damage_healed":0,"gold_gain":0,"player_choice":"Memory 1","damage_taken":0,"max_hp_gain":0,"max_hp_loss":0,"event_name":"SensoryStone","floor":41,"gold_loss":0},{"damage_healed":0,"gold_gain":0,"player_choice":"Fight","damage_taken":0,"max_hp_gain":0,"max_hp_loss":0,"event_name":"MindBloom","floor":48,"gold_loss":0}],"is_beta":false,"boss_relics":[{"not_picked":["Pandora\u0027s Box","SacredBark"],"picked":"Sozu"},{"not_picked":["Snecko Eye","Velvet Choker"],"picked":"HoveringKite"}],"items_purged_floors":[11,12,19,29,46],"is_endless":false,"potions_floor_spawned":[1,7,13,14,16,18,21,24,25,27,28,30,33,35,36,37,38,39,40,44,47,48],"ascension_level":2}}