{"host":"ezkqjaqywejtjag1","time":1611727940,"event":{"mods":["BaseMod","BetterRewards","Colored Map","Infinite Spire","Minty Spire (QoL Compilation)","Replay The Spire","StSLib"],"gold_per_floor":[112,112,132,132,132,132,65,81,108,108,127,144,164,176,176,281,281,294,294,294,294,308,308,233,260,260,260,271,281,300,312,312,312,312],"floor_reached":33,"language":"ENG","playtime":1582,"items_purged":[],"score":274,"play_id":"70c5a323-aee8-4539-8d3c-026be54770ea","local_time":"20210127011220","is_ascension_mode":true,"campfire_choices":[{"data":"Bash","floor":6,"key":"SMITH"},{"data":"Life Link","floor":15,"key":"SMITH"},{"data":"Dual Wield","floor":23,"key":"SMITH"},{"data":"Run Through","floor":27,"key":"SMITH"},{"floor":32,"key":"REST"}],"circlet_count":0,"master_deck":["Strike_R","Strike_R","Strike_R","Strike_R","Strike_R","Defend_R","Defend_R","Defend_R","Defend_R","Bash+1","Wild Strike","Wild Strike","Discovery+1","Cleave","Life Link+1","Run Through+1","Life Link","Cleave","Twin Strike","Impervious","ReplayTheSpireMod:Limb From Limb+1","Dual Wield+1","Rupture","Juggernaut","Thunderclap","Sentinel+1","Twin Strike","Run Through+1"],"relics":["Black Blood","ReplayFunnel","Blue Doll","Replay:Grab Bag","Sozu","Philosopher\u0027s Stone","ReplayTheSpireMod:Shallot","Replay:Bottled Snecko","infinitespire:Eraser"],"acts_visited":["Exordium","TheCity"],"potions_floor_usage":[16,16],"damage_taken":[{"damage":15,"enemies":"Jaw Worm","floor":1,"turns":4},{"damage":6,"enemies":"Cultist","floor":3,"turns":3},{"damage":0,"enemies":"2 Louse","floor":8,"turns":3},{"damage":18,"enemies":"Red Slaver","floor":11,"turns":3},{"damage":16,"enemies":"2 Fungi Beasts","floor":12,"turns":3},{"damage":5,"enemies":"Lots of Slimes","floor":13,"turns":2},{"damage":7,"enemies":"3 Louse","floor":14,"turns":4},{"damage":45,"enemies":"Hexaghost","floor":16,"turns":9},{"damage":33,"enemies":"Spheric Guardian","floor":18,"turns":4},{"damage":28,"enemies":"2 Thieves","floor":22,"turns":3},{"damage":18,"enemies":"Replay:Snechameleon","floor":25,"turns":4},{"damage":5,"enemies":"Snake Plant","floor":28,"turns":2},{"damage":16,"enemies":"Cultist and Chosen","floor":29,"turns":6},{"damage":0,"enemies":"Chosen and Byrds","floor":30,"turns":4},{"damage":34,"enemies":"Snecko","floor":31,"turns":4},{"damage":82,"enemies":"Automaton","floor":33,"turns":6}],"seed_played":"1339851562819699881","potions_obtained":[{"floor":1,"key":"Dexterity Potion"},{"floor":12,"key":"Venom Potion"},{"floor":16,"key":"Doom Potion"}],"is_trial":false,"path_per_floor":["M","?","M","?","?","R","$","M","T","?","M","M","M","M","R","B",null,"M","?","?","AVR","M","R","?","E","T","R","M","M","M","M","R","B"],"character_chosen":"IRONCLAD","items_purchased":["Life Link"],"campfire_rested":1,"item_purchase_floors":[7],"current_hp_per_floor":[71,71,71,71,71,71,71,77,77,77,65,55,56,55,55,16,80,59,59,59,59,43,43,43,37,37,37,44,40,52,30,54,0,0],"gold":312,"neow_bonus":"RANDOM_COMMON_RELIC","is_daily":false,"chose_seed":false,"campfire_upgraded":4,"win_rate":0.0,"timestamp":1611727940,"path_taken":["M","?","?","?","?","R","$","?","T","?","M","M","?","M","R","BOSS","M","?","?","AVR","M","R","?","E","T","R","M","?","M","M","R","BOSS"],"items_purchased_type":["Card"],"build_version":"2020-12-22","purchased_purges":0,"victory":false,"max_hp_per_floor":[80,80,80,80,80,80,80,80,80,80,80,80,80,80,80,80,80,80,80,80,80,80,80,80,80,80,80,80,80,80,80,80,80,80],"card_choices":[{"not_picked":["Havoc","Bloodletting"],"picked":"Wild Strike","floor":1},{"not_picked":["ReplayTheSpireMod:Strike From Hell","Armaments"],"picked":"Cleave","floor":3},{"not_picked":["ReplayTheSpireMod:Strike From Hell","Searing Blow"],"picked":"Run Through","floor":8},{"not_picked":["Clothesline","True Grit"],"picked":"Infernal Blade","floor":11},{"not_picked":["Clothesline","Havoc"],"picked":"Life Link","floor":12},{"not_picked":["ReplayTheSpireMod:Stacked","Burning Pact"],"picked":"Cleave","floor":13},{"not_picked":["Perfected Strike","Carnage"],"picked":"Twin Strike","floor":14},{"not_picked":["Brutality","Hemogenesis"],"picked":"Impervious","floor":16},{"not_picked":["Warcry+1","Flex"],"picked":"ReplayTheSpireMod:Limb From Limb+1","floor":18},{"not_picked":["Shrug It Off","Twin Strike"],"picked":"Rupture","floor":22},{"not_picked":["Havoc","Dropkick+1"],"picked":"Juggernaut","floor":25},{"not_picked":["Dropkick","Massacre"],"picked":"Thunderclap","floor":28},{"not_picked":["Massacre","Heavy Blade"],"picked":"Sentinel+1","floor":29},{"not_picked":["Armaments","ReplayTheSpireMod:Strike From Hell"],"picked":"Twin Strike","floor":30},{"not_picked":["Sentinel","Pummel+1"],"picked":"Run Through+1","floor":31}],"player_experience":199952,"relics_obtained":[{"floor":9,"key":"Blue Doll"},{"floor":25,"key":"Replay:Bottled Snecko"},{"floor":26,"key":"infinitespire:Eraser"}],"event_choices":[{"damage_healed":0,"gold_gain":0,"player_choice":"2 cards matched","damage_taken":0,"max_hp_gain":0,"max_hp_loss":0,"event_name":"Match and Keep!","floor":2,"gold_loss":0,"cards_obtained":["Wild Strike","Discovery"]},{"damage_healed":0,"gold_gain":0,"player_choice":"Grow","damage_taken":0,"max_hp_gain":0,"max_hp_loss":0,"event_name":"Living Wall","floor":4,"gold_loss":0,"cards_upgraded":["Discovery"]},{"damage_healed":0,"gold_gain":0,"player_choice":"Cursed","damage_taken":0,"max_hp_gain":0,"max_hp_loss":0,"event_name":"Wheel of Change","floor":5,"gold_loss":0,"cards_obtained":["Decay"]},{"cards_removed":["Decay"],"damage_healed":0,"gold_gain":0,"player_choice":"Removed Curses","damage_taken":0,"max_hp_gain":0,"max_hp_loss":0,"event_name":"Fountain of Cleansing","floor":10,"gold_loss":0},{"damage_healed":0,"gold_gain":0,"player_choice":"Ignored","damage_taken":0,"max_hp_gain":0,"max_hp_loss":0,"event_name":"Vampires","floor":19,"gold_loss":0},{"damage_healed":0,"gold_gain":0,"player_choice":"Read","damage_taken":0,"max_hp_gain":0,"max_hp_loss":0,"event_name":"The Library","floor":20,"gold_loss":0,"cards_obtained":["Dual Wield"]},{"cards_removed":["Infernal Blade"],"damage_healed":0,"gold_gain":0,"player_choice":"Gave Gold","damage_taken":0,"max_hp_gain":0,"max_hp_loss":0,"event_name":"Beggar","floor":24,"gold_loss":75}],"is_beta":false,"boss_relics":[{"not_picked":["Tiny House","Runic Dome"],"picked":"Replay:Grab Bag"},{"not_picked":["ReplayTheSpireMod:DimensionalGlitch","Fusion Hammer"],"picked":"Sozu"},{"not_picked":["ChewingGum","Ectoplasm"],"picked":"Philosopher\u0027s Stone"},{"not_picked":["Kintsugi","Pandora\u0027s Box"],"picked":"Black Blood"}],"items_purged_floors":[],"is_endless":false,"potions_floor_spawned":[1,12,16,18,22,30],"killed_by":"Automaton","ascension_level":1}}