{"host":"3a1ypf1irl30q4k8","time":1611762331,"event":{"mods":["AchievementEnabler","BaseMod","Bestiary","Colored Map","Minty Spire (QoL Compilation)","Relic Stats"],"gold_per_floor":[112,112,137,152,175,175,190,229,281,300,300,335,335,335,335,465,465,480,130,130,144,144,144,187,187,213,213,247,162,162,162],"floor_reached":30,"language":"ENG","playtime":1553,"items_purged":["Strike_G"],"score":342,"play_id":"f5c606c7-8bb9-4676-8940-7bfcf6aee9dd","local_time":"20210127154531","is_ascension_mode":true,"campfire_choices":[{"data":"Predator","floor":6.0,"key":"SMITH"},{"data":"Dagger Spray","floor":15.0,"key":"SMITH"},{"data":"Noxious Fumes","floor":23,"key":"SMITH"},{"data":"Backstab","floor":25,"key":"SMITH"},{"data":"Bullet Time","floor":27,"key":"SMITH"}],"circlet_count":0,"master_deck":["Strike_G","Strike_G","Defend_G","Defend_G","Defend_G","Defend_G","Survivor","Neutralize","Dagger Spray+1","Leg Sweep","Predator+1","Quick Slash","Bullet Time+1","Endless Agony","Poisoned Stab","Terror","Parasite","After Image","Cloak And Dagger","Noxious Fumes+1","Acrobatics","RitualDagger","Ghostly","Ghostly","Ghostly","Ghostly","Ghostly","Backstab+1","Outmaneuver"],"relics":["Ring of the Snake","Golden Idol","Strawberry","Centennial Puzzle","Eternal Feather","Empty Cage","Anchor","MealTicket","Bag of Marbles","Juzu Bracelet","Shuriken"],"acts_visited":["Exordium","TheCity"],"potions_floor_usage":[21,21,24],"damage_taken":[{"damage":0.0,"enemies":"Small Slimes","floor":1.0,"turns":4.0},{"damage":0.0,"enemies":"2 Louse","floor":3.0,"turns":2.0},{"damage":1.0,"enemies":"Jaw Worm","floor":4.0,"turns":5.0},{"damage":0.0,"enemies":"2 Fungi Beasts","floor":5.0,"turns":4.0},{"damage":4.0,"enemies":"Large Slime","floor":7.0,"turns":6.0},{"damage":17.0,"enemies":"Lagavulin","floor":8.0,"turns":4.0},{"damage":3.0,"enemies":"3 Louse","floor":10.0,"turns":2.0},{"damage":15.0,"enemies":"3 Sentries","floor":12.0,"turns":7.0},{"damage":27.0,"enemies":"Slime Boss","floor":16.0,"turns":10.0},{"damage":9.0,"enemies":"2 Thieves","floor":18.0,"turns":4.0},{"damage":0,"enemies":"3 Byrds","floor":21,"turns":4},{"damage":3,"enemies":"Gremlin Leader","floor":24,"turns":7},{"damage":2,"enemies":"Slavers","floor":28,"turns":5},{"damage":42,"enemies":"Book of Stabbing","floor":30,"turns":7}],"seed_played":"3525033743360475208","potions_obtained":[{"floor":1.0,"key":"Explosive Potion"},{"floor":4.0,"key":"BlessingOfTheForge"},{"floor":8.0,"key":"SpeedPotion"},{"floor":10.0,"key":"SpeedPotion"},{"floor":12.0,"key":"Energy Potion"},{"floor":16.0,"key":"Energy Potion"},{"floor":18.0,"key":"Poison Potion"},{"floor":21,"key":"Dexterity Potion"}],"is_trial":false,"path_per_floor":["M","?","M","M","M","R","M","E","T","M","?","E","?","?","R","B",null,"M","$","?","M","?","R","E","R","T","R","E","?","E"],"character_chosen":"THE_SILENT","items_purchased":["Noxious Fumes","Acrobatics","Anchor"],"campfire_rested":0,"item_purchase_floors":[19,19,19],"current_hp_per_floor":[77,71,71,70,70,70,66,56,56,53,58,43,63,63,75,48,83,74,74,68,68,41,41,38,41,41,41,39,39,0,0],"gold":162,"neow_bonus":"TEN_PERCENT_HP_BONUS","is_daily":false,"chose_seed":false,"campfire_upgraded":5,"win_rate":0.0,"timestamp":1611762331,"path_taken":["M","?","M","M","M","R","M","E","T","M","?","E","?","?","R","BOSS","M","$","?","M","?","R","E","R","T","R","E","?","E"],"items_purchased_type":["Card","Card","Relic"],"build_version":"2020-12-22","purchased_purges":1,"victory":false,"max_hp_per_floor":[77,71,71,71,71,71,71,78,78,78,83,83,83,83,83,83,83,83,83,83,83,41,41,41,41,41,41,41,41,41,41],"relic_stats":{"Centennial Puzzle":[21],"counters":[14,71],"Golden Idol":83,"Shuriken":[2],"Eternal Feather":15,"MealTicket":0,"Juzu Bracelet":0,"obtain_stats":[{"Centennial Puzzle":9,"Anchor":19,"Golden Idol":2,"Shuriken":29,"Strawberry":8,"Eternal Feather":12,"MealTicket":24,"Bag of Marbles":26,"Juzu Bracelet":28,"Empty Cage":17,"Ring of the Snake":0},{"Centennial Puzzle":6,"Anchor":10,"Golden Idol":1,"Shuriken":13,"Strawberry":6,"Eternal Feather":8,"MealTicket":12,"Bag of Marbles":12,"Juzu Bracelet":13,"Empty Cage":9,"Ring of the Snake":0},{"Centennial Puzzle":25,"Anchor":48,"Golden Idol":4,"Shuriken":64,"Strawberry":25,"Eternal Feather":34,"MealTicket":59,"Bag of Marbles":59,"Juzu Bracelet":64,"Empty Cage":44,"Ring of the Snake":0}],"Ring of the Snake":[29]},"card_choices":[{"not_picked":["Eviscerate","Outmaneuver"],"picked":"Dagger Spray","floor":1.0},{"not_picked":["Deflect","Flying Knee"],"picked":"Leg Sweep","floor":3.0},{"not_picked":["Heel Hook","Skewer"],"picked":"Predator","floor":4.0},{"not_picked":["Skewer","Prepared"],"picked":"Quick Slash","floor":5.0},{"not_picked":["Quick Slash","Sucker Punch"],"picked":"Bullet Time","floor":7.0},{"not_picked":["Poisoned Stab","Quick Slash"],"picked":"Endless Agony","floor":8.0},{"not_picked":["Riddle With Holes","Eviscerate"],"picked":"Poisoned Stab","floor":10.0},{"not_picked":["Underhanded Strike","Choke"],"picked":"Terror","floor":12.0},{"not_picked":["Tools of the Trade","Malaise"],"picked":"After Image","floor":16.0},{"not_picked":["Bane","Quick Slash"],"picked":"Cloak And Dagger","floor":18.0},{"not_picked":["Predator","Dagger Spray+1","Flying Knee"],"picked":"SKIP","floor":21},{"not_picked":["Setup","Deflect+1"],"picked":"Backstab","floor":24},{"not_picked":["Setup+1","Slice"],"picked":"Outmaneuver","floor":28}],"player_experience":1227430,"relics_obtained":[{"floor":8.0,"key":"Strawberry"},{"floor":9.0,"key":"Centennial Puzzle"},{"floor":12.0,"key":"Eternal Feather"},{"floor":24,"key":"MealTicket"},{"floor":26,"key":"Bag of Marbles"},{"floor":28,"key":"Juzu Bracelet"}],"event_choices":[{"damage_healed":0.0,"max_hp_gain":0.0,"max_hp_loss":6.0,"gold_gain":0.0,"event_name":"Golden Idol","player_choice":"Lose Max HP","floor":2.0,"gold_loss":0.0,"damage_taken":0.0,"relics_obtained":["Golden Idol"]},{"damage_healed":0.0,"max_hp_gain":5.0,"max_hp_loss":0.0,"gold_gain":0.0,"event_name":"Big Fish","player_choice":"Donut","floor":11.0,"gold_loss":0.0,"damage_taken":0.0},{"damage_healed":20.0,"max_hp_gain":0.0,"max_hp_loss":0.0,"gold_gain":0.0,"event_name":"Mushrooms","player_choice":"Healed and dodged fight","floor":13.0,"gold_loss":0.0,"damage_taken":0.0,"cards_obtained":["Parasite"]},{"cards_removed":["Defend_G"],"damage_healed":0.0,"max_hp_gain":0.0,"max_hp_loss":0.0,"gold_gain":0.0,"event_name":"Living Wall","player_choice":"Forget","floor":14.0,"gold_loss":0.0,"damage_taken":0.0},{"damage_healed":0,"gold_gain":0,"player_choice":"Joined the Cult","damage_taken":6,"max_hp_gain":0,"max_hp_loss":0,"event_name":"Nest","floor":20,"gold_loss":0,"cards_obtained":["RitualDagger"]},{"damage_healed":0,"gold_gain":0,"player_choice":"Became a Ghost","damage_taken":0,"max_hp_gain":0,"max_hp_loss":42,"event_name":"Ghosts","floor":22,"gold_loss":0,"cards_obtained":["Ghostly","Ghostly","Ghostly","Ghostly","Ghostly"]},{"damage_healed":0,"gold_gain":0,"player_choice":"Obtained Relic","damage_taken":0,"relics_obtained":["Shuriken"],"max_hp_gain":0,"max_hp_loss":0,"event_name":"Addict","floor":29,"gold_loss":85}],"is_beta":false,"boss_relics":[{"not_picked":["Busted Crown","Ring of the Serpent"],"picked":"Empty Cage"}],"items_purged_floors":[19],"is_endless":false,"potions_floor_spawned":[1,4,8,10,12,16,18,21],"killed_by":"Book of Stabbing","ascension_level":3}}