{"host":"d8hh7rr4yzitjeuj","time":1611728461,"event":{"mods":["2.2 Compatiblity","AchievementEnabler","Act Like it!","BaseMod","Colored Map","Colored Powertips","Highlight Path","Keyboard Shortcuts","Minty Spire (QoL Compilation)","Permanent Neow","Quick Restart","StSLib","SuperFastMode"],"gold_per_floor":[118,133,153,78,88,118,118,151,176,194,194,194,194,210,210,284,284,284,284,56,56,56,56,56],"floor_reached":23,"language":"KOR","playtime":840,"items_purged":["Parasite"],"score":406,"play_id":"0037e531-b26d-4ebd-9ee9-a05e0760f359","local_time":"20210127152101","is_ascension_mode":true,"campfire_choices":[{"data":"Armaments","floor":7,"key":"SMITH"},{"data":"Body Slam","floor":12,"key":"SMITH"},{"data":"Metallicize","floor":15,"key":"SMITH"}],"circlet_count":0,"master_deck":["AscendersBane","Strike_R","Strike_R","Strike_R","Strike_R","Defend_R","Defend_R","Defend_R","Defend_R","Bash+1","Cleave","Twin Strike","Armaments+1","Metallicize+1","Shrug It Off","Flame Barrier","Body Slam+1","Flame Barrier","Offering","True Grit+1","Entrench","Apotheosis"],"relics":["Burning Blood","Bottled Tornado","Lantern","Smiling Mask","Ectoplasm"],"acts_visited":["Exordium","TheCity"],"potions_floor_usage":[8,8,16,23],"damage_taken":[{"damage":5,"enemies":"2 Louse","floor":1,"turns":4},{"damage":4,"enemies":"Small Slimes","floor":2,"turns":5},{"damage":6,"enemies":"Cultist","floor":3,"turns":3},{"damage":20,"enemies":"Exordium Thugs","floor":5,"turns":5},{"damage":34,"enemies":"Lagavulin","floor":6,"turns":7},{"damage":27,"enemies":"3 Sentries","floor":8,"turns":10},{"damage":0,"enemies":"Blue Slaver","floor":10,"turns":4},{"damage":2,"enemies":"2 Fungi Beasts","floor":14,"turns":4},{"damage":31,"enemies":"The Guardian","floor":16,"turns":15},{"damage":14,"enemies":"Shell Parasite","floor":18,"turns":5},{"damage":6,"enemies":"Chosen","floor":21,"turns":6},{"damage":6,"enemies":"Snecko","floor":22,"turns":8},{"damage":51,"enemies":"Gremlin Leader","floor":23,"turns":6}],"seed_played":"-5369509418309709977","potions_obtained":[{"floor":5,"key":"Explosive Potion"},{"floor":6,"key":"GamblersBrew"},{"floor":8,"key":"SkillPotion"},{"floor":10,"key":"SneckoOil"},{"floor":14,"key":"ColorlessPotion"},{"floor":18,"key":"ColorlessPotion"}],"is_trial":false,"path_per_floor":["M","M","M","?","M","E","R","E","T","M","?","R","?","M","R","B",null,"M","?","$","M","M","E"],"character_chosen":"IRONCLAD","items_purchased":["Apotheosis"],"campfire_rested":0,"item_purchase_floors":[20],"current_hp_per_floor":[69,71,71,71,57,29,29,8,8,14,14,14,32,36,36,11,59,51,51,51,51,51,0,0],"gold":56,"neow_bonus":"UPGRADE_CARD","is_daily":false,"chose_seed":false,"campfire_upgraded":3,"win_rate":0.0,"timestamp":1611728461,"path_taken":["M","M","M","?","M","E","R","E","T","M","?","R","?","M","R","BOSS","M","?","$","M","M","E"],"items_purchased_type":["Card"],"build_version":"2020-12-22","purchased_purges":1,"victory":false,"max_hp_per_floor":[75,75,75,75,75,75,75,75,75,75,75,75,75,75,75,75,75,75,75,72,72,72,72,72],"card_choices":[{"not_picked":["Iron Wave","Thunderclap"],"picked":"Cleave","floor":1},{"not_picked":["Clash","Warcry"],"picked":"Twin Strike","floor":2},{"not_picked":["Whirlwind","Flex"],"picked":"Armaments","floor":3},{"not_picked":["Perfected Strike","Pommel Strike"],"picked":"Metallicize","floor":5},{"not_picked":["Brutality","Inflame"],"picked":"Shrug It Off","floor":6},{"not_picked":["Dual Wield","Heavy Blade"],"picked":"Flame Barrier","floor":8},{"not_picked":["Fire Breathing","Anger"],"picked":"Body Slam","floor":10},{"not_picked":["Reckless Charge","Inflame"],"picked":"Flame Barrier","floor":14},{"not_picked":["Corruption","Brutality"],"picked":"Offering","floor":16},{"not_picked":["Iron Wave","Carnage+1"],"picked":"True Grit+1","floor":18},{"not_picked":["Anger","Whirlwind","Heavy Blade"],"picked":"SKIP","floor":21},{"not_picked":["Clash","Rampage","Twin Strike"],"picked":"SKIP","floor":22},{"not_picked":["Clash","Rampage","Twin Strike"],"picked":"SKIP","floor":22}],"player_experience":1455260,"relics_obtained":[{"floor":6,"key":"Bottled Tornado"},{"floor":8,"key":"Lantern"},{"floor":9,"key":"Smiling Mask"}],"event_choices":[{"cards_removed":["Strike_R"],"damage_healed":0,"gold_gain":0,"player_choice":"Card Removal","damage_taken":0,"max_hp_gain":0,"max_hp_loss":0,"event_name":"The Cleric","floor":4,"gold_loss":75},{"damage_healed":0,"gold_gain":0,"player_choice":"Ignored","damage_taken":0,"max_hp_gain":0,"max_hp_loss":0,"event_name":"Shining Light","floor":11,"gold_loss":0},{"damage_healed":18,"gold_gain":0,"player_choice":"Healed and dodged fight","damage_taken":0,"max_hp_gain":0,"max_hp_loss":0,"event_name":"Mushrooms","floor":13,"gold_loss":0,"cards_obtained":["Parasite"]},{"damage_healed":0,"gold_gain":0,"player_choice":"Read","damage_taken":0,"max_hp_gain":0,"max_hp_loss":0,"event_name":"The Library","floor":19,"gold_loss":0,"cards_obtained":["Entrench"]}],"is_beta":false,"boss_relics":[{"not_picked":["Runic Pyramid","Busted Crown"],"picked":"Ectoplasm"}],"items_purged_floors":[20],"is_endless":false,"potions_floor_spawned":[5,6,8,10,14,18],"killed_by":"Gremlin Leader","ascension_level":20}}