{"host":"vfg9szunmpjwj08o","time":1611790447,"event":{"mods":["Act Like it!","BaseMod","Challenge The Spire","Colored Map","Colored Powertips","Conspire","Dark Map","Minty Spire (QoL Compilation)","Relic Stats","StSLib","Waifu the Spire"],"gold_per_floor":[118,118,139,139,64,64,64],"floor_reached":6,"language":"ENG","playtime":230,"items_purged":["Pain"],"score":48,"play_id":"ced9454b-417b-491e-81e7-f653f000168b","local_time":"20210128003407","is_ascension_mode":true,"campfire_choices":[],"circlet_count":0,"master_deck":["Strike_P","Strike_P","Strike_P","Strike_P","Defend_P","Defend_P","Defend_P","Defend_P","Eruption","Vigilance","CutThroughFate","PathToVictory"],"relics":["PureWater","Lizard Tail","Golden Idol","Kunai"],"acts_visited":["Exordium"],"potions_floor_usage":[6],"damage_taken":[{"damage":1,"enemies":"Small Slimes","floor":1,"turns":2},{"damage":7,"enemies":"Jaw Worm","floor":3,"turns":4},{"damage":70,"enemies":"3 Sentries","floor":6,"turns":6}],"seed_played":"-3963708418081180602","potions_obtained":[{"floor":1,"key":"SkillPotion"}],"is_trial":false,"path_per_floor":["M","?","M","?","$","E"],"character_chosen":"WATCHER","items_purchased":[],"campfire_rested":0,"item_purchase_floors":[],"current_hp_per_floor":[64,46,39,14,14,0,0],"gold":64,"neow_bonus":"ONE_RARE_RELIC","is_daily":false,"chose_seed":false,"campfire_upgraded":0,"win_rate":0.0,"timestamp":1611790447,"path_taken":["M","?","M","?","$","E"],"items_purchased_type":[],"build_version":"2020-12-22","purchased_purges":1,"victory":false,"max_hp_per_floor":[72,72,72,72,72,72,72],"relic_stats":{"Lizard Tail":36,"counters":[3,12],"Golden Idol":4,"Kunai":[2],"obtain_stats":[{"Lizard Tail":0,"Golden Idol":2,"Kunai":4,"PureWater":0},{"Lizard Tail":0,"Golden Idol":1,"Kunai":2,"PureWater":0},{"Lizard Tail":0,"Golden Idol":2,"Kunai":6,"PureWater":0}]},"card_choices":[{"not_picked":["Perseverance","EmptyBody"],"picked":"CutThroughFate","floor":1},{"not_picked":["SignatureMove","DeceiveReality"],"picked":"PathToVictory","floor":3}],"player_experience":1084338,"relics_obtained":[],"event_choices":[{"damage_healed":0,"gold_gain":0,"player_choice":"Take Damage","damage_taken":18,"relics_obtained":["Golden Idol"],"max_hp_gain":0,"max_hp_loss":0,"event_name":"Golden Idol","floor":2,"gold_loss":0},{"damage_healed":0,"gold_gain":0,"player_choice":"Success","damage_taken":25,"relics_obtained":["Kunai"],"max_hp_gain":0,"max_hp_loss":0,"event_name":"Scrap Ooze","floor":4,"gold_loss":0}],"is_beta":false,"boss_relics":[],"items_purged_floors":[5],"is_endless":false,"potions_floor_spawned":[1],"killed_by":"3 Sentries","ascension_level":8}}