{"host":"p62uqwu04pp7leh9","time":1611727827,"event":{"mods":["BaseMod","Block Reminder","Colored Map","Colored Powertips","Minty Spire (QoL Compilation)","Relic Stats"],"gold_per_floor":[362,362,362,372,388,423,201,201,272,297,484,496,518,543,555,567,567],"floor_reached":16,"language":"ENG","playtime":615,"items_purged":["Defend_B"],"score":100,"play_id":"ded61288-c08e-485e-967e-878d3160bc06","local_time":"20210127001027","is_ascension_mode":false,"campfire_choices":[{"data":"Recycle","floor":8,"key":"SMITH"},{"data":"Rainbow","floor":15,"key":"SMITH"}],"circlet_count":0,"master_deck":["Strike_B+1","Strike_B","Strike_B+1","Defend_B","Defend_B","Defend_B","Zap","Dualcast","Heatsinks","Ball Lightning","Rainbow+1","Recycle+1","Buffer","Doubt"],"relics":["Cracked Core","Whetstone","Membership Card","Darkstone Periapt","MawBank","GremlinMask"],"acts_visited":["Exordium"],"potions_floor_usage":[16,16],"damage_taken":[{"damage":1,"enemies":"Jaw Worm","floor":1,"turns":4},{"damage":0,"enemies":"Cultist","floor":4,"turns":3},{"damage":0,"enemies":"2 Louse","floor":5,"turns":2},{"damage":24,"enemies":"Lagavulin","floor":6,"turns":5},{"damage":1,"enemies":"Exordium Thugs","floor":13,"turns":3},{"damage":20,"enemies":"Blue Slaver","floor":14,"turns":3},{"damage":33,"enemies":"The Guardian","floor":16,"turns":7}],"seed_played":"3555894658379642628","potions_obtained":[{"floor":1,"key":"Explosive Potion"},{"floor":6,"key":"DuplicationPotion"}],"is_trial":false,"path_per_floor":["M","?","?","M","M","E","$","R","T","T","?","?","M","M","R","B"],"character_chosen":"DEFECT","items_purchased":["Membership Card","Buffer"],"campfire_rested":0,"item_purchase_floors":[7,7],"current_hp_per_floor":[67,67,67,67,67,43,43,43,43,43,49,49,48,28,28,0,0],"gold":567,"neow_bonus":"TWO_FIFTY_GOLD","is_daily":false,"chose_seed":false,"campfire_upgraded":2,"win_rate":0.0,"timestamp":1611727827,"path_taken":["M","?","?","M","?","E","$","R","T","?","?","?","M","M","R","BOSS"],"items_purchased_type":["Relic","Card"],"build_version":"2020-12-22","purchased_purges":1,"victory":false,"max_hp_per_floor":[68,68,68,68,68,68,68,68,68,68,74,74,74,74,74,74,74],"relic_stats":{"Darkstone Periapt":6,"counters":[7,27],"Whetstone":["Strike_B","Strike_B"],"MawBank":72,"obtain_stats":[{"Darkstone Periapt":9,"GremlinMask":12,"Whetstone":6,"Membership Card":7,"Cracked Core":0,"MawBank":10},{"Darkstone Periapt":4,"GremlinMask":4,"Whetstone":4,"Membership Card":4,"Cracked Core":0,"MawBank":4},{"Darkstone Periapt":14,"GremlinMask":14,"Whetstone":14,"Membership Card":14,"Cracked Core":0,"MawBank":14}]},"card_choices":[{"not_picked":["Sweeping Beam","Turbo","Conserve Battery"],"picked":"SKIP","floor":1},{"not_picked":["Aggregate","Streamline"],"picked":"Recycle","floor":4},{"not_picked":["Rebound","Go for the Eyes","Reprogram"],"picked":"SKIP","floor":5},{"not_picked":["Aggregate","Hello World","Compile Driver"],"picked":"SKIP","floor":6},{"not_picked":["Lockon","Coolheaded","Melter"],"picked":"SKIP","floor":13},{"not_picked":["Aggregate","Redo","Self Repair"],"picked":"SKIP","floor":14}],"player_experience":374988,"relics_obtained":[{"floor":6,"key":"Whetstone"},{"floor":9,"key":"Darkstone Periapt"},{"floor":10,"key":"MawBank"}],"event_choices":[{"damage_healed":0,"gold_gain":0,"cards_transformed":["Strike_B"],"player_choice":"Change","damage_taken":0,"max_hp_gain":0,"max_hp_loss":0,"event_name":"Living Wall","floor":2,"gold_loss":0,"cards_obtained":["Heatsinks"]},{"damage_healed":0,"gold_gain":0,"player_choice":"2 cards matched","damage_taken":0,"max_hp_gain":0,"max_hp_loss":0,"event_name":"Match and Keep!","floor":3,"gold_loss":0,"cards_obtained":["Ball Lightning","Rainbow"]},{"damage_healed":0,"gold_gain":175,"player_choice":"AGREE","damage_taken":0,"max_hp_gain":0,"max_hp_loss":0,"event_name":"Liars Game","floor":11,"gold_loss":0,"cards_obtained":["Doubt"]},{"damage_healed":0,"gold_gain":0,"player_choice":"Trade","damage_taken":0,"relics_obtained":["GremlinMask"],"max_hp_gain":0,"max_hp_loss":0,"event_name":"FaceTrader","floor":12,"gold_loss":0}],"is_beta":false,"boss_relics":[],"items_purged_floors":[7],"is_endless":false,"potions_floor_spawned":[1,6],"killed_by":"The Guardian","ascension_level":0}}