{"host":"ncocfkoislda923u","time":1611743616,"event":{"mods":["BaseMod","Downfall","Googly Eyes","Minty Spire (QoL Compilation)","Spire Arcade","StSLib"],"gold_per_floor":[99,109,125,136,136,164,164,164,164,74,85,105,105,105,118,118,118,118],"floor_reached":16,"language":"ENG","playtime":1667,"items_purged":["downfall:Malfunctioning"],"score":102,"play_id":"c0d8542d-37d0-4358-8eb7-bd41ae6d5c5f","local_time":"20210127113336","is_ascension_mode":false,"campfire_choices":[{"data":"bronze:Goto","floor":1.0,"key":"SMITH"},{"floor":9,"key":"REST"},{"floor":13,"key":"REST"}],"circlet_count":0,"master_deck":["bronze:Strike","bronze:Strike","bronze:Strike+1","bronze:Strike","bronze:Defend","bronze:Defend","bronze:Defend+1","bronze:Defend","bronze:Replicate","bronze:Goto+1","bronze:Overheat","bronze:ClassDefault+1","bronze:ClassDefault","bronze:Backtrace","bronze:Repair","bronze:RecursiveStrike"],"relics":["bronze:BronzeCore","Du-Vu Doll","Girya"],"acts_visited":["Exordium"],"potions_floor_usage":[15,16],"damage_taken":[{"damage":4.0,"enemies":"2 Louse","floor":2.0,"turns":4.0},{"damage":3.0,"enemies":"Jaw Worm","floor":3.0,"turns":4.0},{"damage":0.0,"enemies":"Small Slimes","floor":4.0,"turns":2.0},{"damage":28.0,"enemies":"Gremlin Nob","floor":6.0,"turns":4.0},{"damage":5,"enemies":"downfall:FleeingMerchant","floor":10,"turns":4},{"damage":20,"enemies":"Gremlin Gang","floor":11,"turns":6},{"damage":18,"enemies":"Exordium Thugs","floor":12,"turns":4},{"damage":5,"enemies":"2 Fungi Beasts","floor":15,"turns":3},{"damage":85,"enemies":"SI_SHIV_ARCHETYPE","floor":16,"turns":11}],"seed_played":"-6672989701941982759","potions_obtained":[{"floor":3.0,"key":"AttackPotion"},{"floor":12,"key":"AttackPotion"},{"floor":15,"key":"FearPotion"}],"is_trial":false,"path_per_floor":["R","M","M","M","?","E","T","?","R","$","M","M","R","?","M","B"],"character_chosen":"THE_AUTOMATON","items_purchased":[],"campfire_rested":2,"item_purchase_floors":[],"current_hp_per_floor":[63,59,56,56,56,28,28,28,53,48,28,10,35,84,84,6,6,6],"gold":118,"neow_bonus":"TWENTY_PERCENT_HP_BONUS","is_daily":false,"chose_seed":false,"campfire_upgraded":1,"win_rate":0.0,"timestamp":1611743616,"path_taken":["R","M","M","M","?","E","T","?","R","$","M","?","R","?","M","BOSS"],"items_purchased_type":[],"build_version":"2020-12-22","purchased_purges":1,"victory":false,"max_hp_per_floor":[84,84,84,84,84,84,84,84,84,84,84,84,84,84,84,84,84,84],"card_choices":[{"not_picked":["bronze:BitShift","bronze:BuggyMess"],"picked":"bronze:Overheat","floor":2.0},{"not_picked":["bronze:FineTuning","bronze:Branch"],"picked":"bronze:ClassDefault","floor":3.0},{"not_picked":["bronze:CutThrough","bronze:Invalidate","bronze:FineTuning"],"picked":"SKIP","floor":4.0},{"not_picked":["bronze:Separator","bronze:Frontload"],"picked":"bronze:ClassDefault","floor":6.0},{"not_picked":["bronze:BugBarrage","bronze:Constructor"],"picked":"bronze:Overload","floor":10},{"not_picked":["bronze:WildBeam","bronze:CutThrough"],"picked":"bronze:Backtrace","floor":11},{"not_picked":["bronze:ClassDefault","bronze:NullPointer"],"picked":"bronze:Repair","floor":12},{"not_picked":["bronze:Boost","bronze:BugBarrage"],"picked":"bronze:RecursiveStrike","floor":15}],"player_experience":1508040,"relics_obtained":[{"floor":6.0,"key":"Du-Vu Doll"},{"floor":7.0,"key":"Girya"}],"event_choices":[{"damage_healed":0.0,"max_hp_gain":0.0,"max_hp_loss":0.0,"gold_gain":0.0,"event_name":"Scrap Ooze","player_choice":"Fled","floor":8.0,"gold_loss":0.0,"damage_taken":0.0},{"cards_removed":["bronze:Overload"],"damage_healed":49,"gold_gain":0,"player_choice":"Offered Uncommon","damage_taken":0,"max_hp_gain":0,"max_hp_loss":0,"event_name":"Bonfire Elementals","floor":14,"gold_loss":0}],"is_beta":false,"boss_relics":[],"items_purged_floors":[10],"is_endless":false,"potions_floor_spawned":[3,12,15],"killed_by":"SI_SHIV_ARCHETYPE","ascension_level":0}}