{"host":"3hht5vm6iswgqu4y","time":1611719676,"event":{"mods":["BaseMod","Curses Come First","Hermit","Minty Spire (QoL Compilation)","Relic Stats","StSLib"],"gold_per_floor":[114,289,304,254,269,299,314,329,404,419,6,36,51,66,66,166,216,231,246,261,261,276,276,306,321,321,351,0,0,0,15,15,115,115,130,145,160,160,175,205,205,53,53,76,106,106,106,106,106,106],"floor_reached":51,"language":"ENG","playtime":15890,"items_purged":[],"score":1036,"play_id":"38fc7b67-ddf7-45e6-a608-5951f202722e","local_time":"20210126225436","daily_mods":["Draft","ControlledChaos","Terminal"],"is_ascension_mode":false,"campfire_choices":[{"data":"Corruption","floor":15.0,"key":"SMITH"},{"data":"Sentinel","floor":23.0,"key":"SMITH"},{"data":"Immolate","floor":29,"key":"SMITH"},{"data":"Intimidate","floor":32,"key":"SMITH"},{"data":"Flex","floor":41,"key":"SMITH"},{"floor":46,"key":"REST"},{"floor":49,"key":"REST"}],"circlet_count":0,"master_deck":["Clash+1","Blood for Blood+1","Anger+1","Rage+1","Iron Wave+1","Shrug It Off+1","Shrug It Off+1","Rage+1","Anger+1","Cleave+1","Flex+1","Anger+1","Entrench+1","Shockwave+1","Twin Strike+1","Intimidate+1","Carnage+1","Anger+1","Disarm+1","Fire Breathing+1","Shrug It Off+1","Sentinel+1","Apotheosis+1","Jack Of All Trades+1","Second Wind+1","Sever Soul+1","Corruption+1","Offering+1","Shrug It Off+1","Infernal Blade+1","Impervious+1","True Grit+1","Writhe","Armaments+1","Body Slam+1","Flex+1","Immolate+1","Havoc+1","Shrug It Off+1","Flex+1","Juggernaut+1","Seeing Red+1","Flame Barrier+1","Panache+1","Body Slam+1","Clash+1","Dramatic Entrance+1","Secret Weapon+1","Metallicize+1","Injury","Bloodletting+1","Wild Strike+1","Writhe"],"relics":["Burning Blood","Frozen Eye","Bottled Flame","Mercury Hourglass","Membership Card","Toxic Egg 2","Oddly Smooth Stone","Tiny House","Bag of Marbles","Boot","Darkstone Periapt","Blue Candle","Pear","Turnip","NlothsMask","Cursed Key","Nunchaku","Torii","Bag of Preparation","Mark of the Bloom"],"acts_visited":["Exordium","TheCity","TheBeyond"],"potions_floor_usage":[27,33,33,40,50,50],"damage_taken":[{"damage":0.0,"enemies":"Small Slimes","floor":1.0,"turns":2.0},{"damage":0.0,"enemies":"2 Louse","floor":3.0,"turns":2.0},{"damage":3.0,"enemies":"Jaw Worm","floor":5.0,"turns":2.0},{"damage":2.0,"enemies":"Lagavulin","floor":6.0,"turns":4.0},{"damage":0.0,"enemies":"Lots of Slimes","floor":7.0,"turns":5.0},{"damage":0.0,"enemies":"Gremlin Gang","floor":8.0,"turns":3.0},{"damage":0.0,"enemies":"2 Fungi Beasts","floor":10.0,"turns":2.0},{"damage":0.0,"enemies":"3 Sentries","floor":12.0,"turns":4.0},{"damage":5.0,"enemies":"Blue Slaver","floor":13.0,"turns":2.0},{"damage":0.0,"enemies":"Lots of Slimes","floor":14.0,"turns":3.0},{"damage":6.0,"enemies":"The Guardian","floor":16.0,"turns":6.0},{"damage":6.0,"enemies":"3 Byrds","floor":18.0,"turns":3.0},{"damage":0.0,"enemies":"Spheric Guardian","floor":19.0,"turns":2.0},{"damage":0.0,"enemies":"Centurion and Healer","floor":20.0,"turns":5.0},{"damage":16.0,"enemies":"Snake Plant","floor":22.0,"turns":3.0},{"damage":6.0,"enemies":"Book of Stabbing","floor":24.0,"turns":5.0},{"damage":6.0,"enemies":"3 Cultists","floor":25.0,"turns":7.0},{"damage":28,"enemies":"Gremlin Leader","floor":27,"turns":8},{"damage":6,"enemies":"Snecko","floor":31,"turns":2},{"damage":6,"enemies":"Collector","floor":33,"turns":6},{"damage":6,"enemies":"3 Shapes","floor":35,"turns":1},{"damage":16,"enemies":"3 Darklings","floor":36,"turns":2},{"damage":12,"enemies":"Writhing Mass","floor":37,"turns":5},{"damage":13,"enemies":"4 Shapes","floor":39,"turns":3},{"damage":0,"enemies":"Reptomancer","floor":40,"turns":4},{"damage":26,"enemies":"2 Orb Walkers","floor":44,"turns":4},{"damage":6,"enemies":"Giant Head","floor":45,"turns":5},{"damage":33,"enemies":"Awakened One","floor":50,"turns":12}],"seed_played":"-992185634128019100","potions_obtained":[{"floor":3.0,"key":"GamblersBrew"},{"floor":5.0,"key":"LiquidMemories"},{"floor":12.0,"key":"SneckoOil"},{"floor":13.0,"key":"PowerPotion"},{"floor":18.0,"key":"Fire Potion"},{"floor":20.0,"key":"AttackPotion"},{"floor":27,"key":"Fire Potion"},{"floor":31,"key":"BloodPotion"},{"floor":37,"key":"Swift Potion"},{"floor":40,"key":"Dexterity Potion"},{"floor":45,"key":"SmokeBomb"}],"is_trial":false,"path_per_floor":["M","?","M","?","M","E","M","M","T","M","$","E","M","M","R","B",null,"M","M","M","?","M","R","E","M","T","E","$","R","?","M","R","B",null,"M","M","M","?","M","E","R","$","T","?","E","R","?","?","R","B",null],"character_chosen":"IRONCLAD","items_purchased":["Membership Card","Toxic Egg 2","Apotheosis+1","Jack Of All Trades+1","Pear","Havoc+1","Turnip","Shrug It Off+1","LiquidBronze","Dramatic Entrance","Secret Weapon+1","Metallicize"],"campfire_rested":2,"item_purchase_floors":[11,11,11,11,28,28,28,28,28,42,42,42],"current_hp_per_floor":[78,77,76,75,74,73,72,71,70,69,68,67,66,65,64,63,67,66,65,64,63,53,53,53,53,53,31,41,41,41,41,41,41,60,59,49,43,43,36,42,42,42,48,28,28,44,44,44,44,11],"gold":106,"neow_bonus":"","is_daily":true,"chose_seed":false,"campfire_upgraded":5,"win_rate":0.0,"timestamp":1611719676,"path_taken":["M","?","M","?","M","E","M","M","T","M","?","E","?","?","R","BOSS","M","M","M","?","M","R","E","M","T","E","$","R","?","M","R","BOSS","M","M","?","?","M","E","R","$","T","?","E","R","?","?","R","BOSS"],"items_purchased_type":["Relic","Relic","Card","Card","Relic","Card","Relic","Card","Potion","Card","Card","Card"],"build_version":"2020-12-22","purchased_purges":0,"victory":true,"max_hp_per_floor":[78,77,76,75,74,73,72,71,70,69,68,67,66,65,64,63,67,66,65,64,63,62,61,60,59,58,57,66,65,64,63,62,61,60,59,58,57,56,55,54,53,52,57,56,55,54,53,58,57,56],"relic_stats":{"Darkstone Periapt":12,"Mark of the Bloom":53,"Torii":0,"counters":[28,112],"Blue Candle":[1],"Bag of Preparation":[2],"Boot":[13],"Cursed Key":1,"Burning Blood":100,"Mercury Hourglass":[456],"Nunchaku":[4],"Turnip":[3],"obtain_stats":[{"Darkstone Periapt":26,"Mark of the Bloom":47,"Tiny House":17,"Pear":28,"Torii":44,"Blue Candle":27,"Oddly Smooth Stone":12,"Bag of Preparation":45,"Boot":24,"Cursed Key":34,"Burning Blood":0,"Mercury Hourglass":9,"Frozen Eye":0,"Bottled Flame":6,"Nunchaku":40,"Turnip":28,"Bag of Marbles":21,"Membership Card":11,"Toxic Egg 2":11,"NlothsMask":30},{"Darkstone Periapt":17,"Mark of the Bloom":27,"Tiny House":11,"Pear":18,"Torii":26,"Blue Candle":18,"Oddly Smooth Stone":8,"Bag of Preparation":27,"Boot":16,"Cursed Key":20,"Burning Blood":0,"Mercury Hourglass":6,"Frozen Eye":0,"Bottled Flame":4,"Nunchaku":25,"Turnip":18,"Bag of Marbles":14,"Membership Card":7,"Toxic Egg 2":7,"NlothsMask":18},{"Darkstone Periapt":60,"Mark of the Bloom":100,"Tiny House":35,"Pear":68,"Torii":95,"Blue Candle":68,"Oddly Smooth Stone":24,"Bag of Preparation":100,"Boot":53,"Cursed Key":76,"Burning Blood":0,"Mercury Hourglass":18,"Frozen Eye":0,"Bottled Flame":10,"Nunchaku":91,"Turnip":68,"Bag of Marbles":45,"Membership Card":20,"Toxic Egg 2":20,"NlothsMask":68}]},"card_choices":[{"not_picked":["Sword Boomerang","True Grit"],"picked":"Clash","floor":0.0},{"not_picked":["Anger","Dual Wield"],"picked":"Blood for Blood","floor":0.0},{"not_picked":["Clash","Pummel"],"picked":"Anger","floor":0.0},{"not_picked":["Inflame","Searing Blow"],"picked":"Rage","floor":0.0},{"not_picked":["Uppercut","Warcry"],"picked":"Iron Wave","floor":0.0},{"not_picked":["Thunderclap","Havoc"],"picked":"Shrug It Off","floor":0.0},{"not_picked":["Clothesline","Cleave"],"picked":"Shrug It Off","floor":0.0},{"not_picked":["Thunderclap","Sword Boomerang"],"picked":"Rage","floor":0.0},{"not_picked":["True Grit","Second Wind"],"picked":"Anger","floor":0.0},{"not_picked":["Clash","Twin Strike"],"picked":"Cleave","floor":0.0},{"not_picked":["Headbutt","Anger"],"picked":"Flex","floor":0.0},{"not_picked":["Flex","Pommel Strike"],"picked":"Anger","floor":0.0},{"not_picked":["Blood for Blood","Twin Strike"],"picked":"Entrench","floor":0.0},{"not_picked":["Clothesline","Flex"],"picked":"Shockwave","floor":0.0},{"not_picked":["Body Slam","Wild Strike"],"picked":"Twin Strike","floor":0.0},{"not_picked":["True Grit","Headbutt"],"picked":"Intimidate","floor":1.0},{"not_picked":["Blood for Blood","Clash"],"picked":"Carnage","floor":3.0},{"not_picked":["True Grit","Pommel Strike"],"picked":"Anger","floor":5.0},{"not_picked":["Headbutt","Havoc"],"picked":"Disarm","floor":6.0},{"not_picked":["Thunderclap","Warcry"],"picked":"Fire Breathing","floor":7.0},{"not_picked":["True Grit","Havoc"],"picked":"Shrug It Off","floor":8.0},{"not_picked":["Infernal Blade","Clash"],"picked":"Sentinel","floor":10.0},{"not_picked":["Perfected Strike","Evolve"],"picked":"Second Wind+1","floor":12.0},{"not_picked":["Twin Strike","Headbutt"],"picked":"Sever Soul","floor":13.0},{"not_picked":["Clash","Anger"],"picked":"Corruption","floor":14.0},{"not_picked":["Reaper","Brutality"],"picked":"Offering+1","floor":16.0},{"not_picked":["Sword Boomerang","Iron Wave"],"picked":"Shrug It Off+1","floor":17.0},{"not_picked":["Feel No Pain","Headbutt"],"picked":"Infernal Blade+1","floor":18.0},{"not_picked":["Clothesline","Infernal Blade+1"],"picked":"Impervious+1","floor":19.0},{"not_picked":["Anger","Rampage+1"],"picked":"True Grit+1","floor":20.0},{"not_picked":["Anger","Clash+1"],"picked":"Armaments+1","floor":22.0},{"not_picked":["Blood for Blood+1","Impervious+1"],"picked":"Body Slam","floor":24.0},{"not_picked":["True Grit+1","Carnage"],"picked":"Flex+1","floor":25.0},{"not_picked":["Whirlwind","Pummel+1"],"picked":"Immolate","floor":27},{"not_picked":["Dark Embrace+1","Iron Wave"],"picked":"Flex+1","floor":31},{"not_picked":["Immolate","Berserk"],"picked":"Juggernaut","floor":33},{"not_picked":["Whirlwind","Combust","Warcry+1"],"picked":"SKIP","floor":35},{"not_picked":["Thunderclap","Inflame"],"picked":"Seeing Red+1","floor":36},{"not_picked":["Thunderclap","Flex+1"],"picked":"Flame Barrier+1","floor":37},{"not_picked":["Apotheosis+1","Mind Blast"],"picked":"Panache","floor":38},{"not_picked":["Wild Strike","Cleave"],"picked":"Body Slam+1","floor":39},{"not_picked":["Evolve+1","Entrench+1"],"picked":"Clash","floor":40},{"not_picked":["Combust","Shrug It Off+1"],"picked":"Bloodletting+1","floor":44},{"not_picked":["Corruption","Clothesline+1"],"picked":"Wild Strike+1","floor":45}],"player_experience":856558,"relics_obtained":[{"floor":6.0,"key":"Bottled Flame"},{"floor":9.0,"key":"Mercury Hourglass"},{"floor":12.0,"key":"Oddly Smooth Stone"},{"floor":24.0,"key":"Boot"},{"floor":26.0,"key":"Darkstone Periapt"},{"floor":27,"key":"Blue Candle"},{"floor":40,"key":"Nunchaku"},{"floor":44,"key":"Torii"},{"floor":45,"key":"Bag of Preparation"}],"event_choices":[{"damage_healed":0.0,"max_hp_gain":0.0,"max_hp_loss":0.0,"gold_gain":175.0,"event_name":"Liars Game","player_choice":"AGREE","floor":2.0,"gold_loss":0.0,"damage_taken":0.0,"cards_obtained":["Doubt"]},{"cards_removed":["Doubt"],"damage_healed":0.0,"max_hp_gain":0.0,"max_hp_loss":0.0,"gold_gain":0.0,"event_name":"The Cleric","player_choice":"Card Removal","floor":4.0,"gold_loss":50.0,"damage_taken":0.0},{"damage_healed":0.0,"max_hp_gain":0.0,"max_hp_loss":0.0,"gold_gain":0.0,"event_name":"The Mausoleum","player_choice":"Opened","floor":21.0,"gold_loss":0.0,"damage_taken":0.0,"relics_obtained":["Bag of Marbles"],"cards_obtained":["Writhe"]},{"damage_healed":0,"gold_gain":0,"player_choice":"Trade","damage_taken":0,"relics_obtained":["NlothsMask"],"max_hp_gain":0,"max_hp_loss":0,"event_name":"FaceTrader","floor":30,"gold_loss":0},{"damage_healed":0,"gold_gain":0,"player_choice":"Memory 1","damage_taken":0,"max_hp_gain":0,"max_hp_loss":0,"event_name":"SensoryStone","floor":38,"gold_loss":0},{"damage_healed":0,"gold_gain":0,"player_choice":"Fight","damage_taken":0,"max_hp_gain":0,"max_hp_loss":0,"event_name":"Mysterious Sphere","floor":44,"gold_loss":0},{"damage_healed":0,"gold_gain":0,"player_choice":"Upgrade","damage_taken":0,"relics_obtained":["Mark of the Bloom"],"max_hp_gain":0,"max_hp_loss":0,"event_name":"MindBloom","floor":47,"gold_loss":0,"cards_upgraded":["Clash","Blood for Blood","Anger","Rage","Iron Wave","Shrug It Off","Shrug It Off","Rage","Anger","Cleave","Anger","Entrench","Shockwave","Twin Strike","Carnage","Anger","Disarm","Fire Breathing","Shrug It Off","Body Slam","Juggernaut","Panache","Clash","Dramatic Entrance","Metallicize"]},{"damage_healed":13,"gold_gain":0,"player_choice":"Writhe","damage_taken":0,"max_hp_gain":0,"max_hp_loss":0,"event_name":"Winding Halls","floor":48,"gold_loss":0,"cards_obtained":["Writhe"]}],"is_beta":false,"boss_relics":[{"not_picked":["Runic Cube","Philosopher\u0027s Stone"],"picked":"Tiny House"},{"not_picked":["Black Blood","Busted Crown"],"picked":"Cursed Key"}],"items_purged_floors":[],"is_endless":false,"potions_floor_spawned":[3,5,12,13,14,18,20,27,31,37,40,45],"ascension_level":0}}