{"host":"p9t7qd83igtcp2bh","time":1611718752,"event":{"mods":["2.2 Compatiblity","AchievementEnabler","BaseMod","Colored Map","Colored Powertips","Custom Start","DeckTracker","Keyboard Shortcuts","Minty Spire (QoL Compilation)","Permanent Neow","StSLib","SuperFastMode","everything is the same but u backflip on backflip"],"gold_per_floor":[110,129,149,166,182,182,216,234,308,318,318,342,355,390,390,466,466,478,488,36,51,69,102,102,2,2,12,12,12],"floor_reached":28,"language":"KOR","playtime":832,"items_purged":["Strike_G","Strike_G"],"score":512,"play_id":"47ad1e3c-fed0-49eb-aab9-89a78a4abb0b","local_time":"20210127123912","is_ascension_mode":true,"campfire_choices":[{"data":"Riddle With Holes","floor":6.0,"key":"SMITH"},{"data":"Backstab","floor":11,"key":"SMITH"},{"data":"Bouncing Flask","floor":15,"key":"SMITH"},{"data":"Apotheosis","floor":24,"key":"SMITH"}],"circlet_count":0,"master_deck":["AscendersBane","Strike_G","Strike_G+1","Strike_G+1","Defend_G","Defend_G","Defend_G","Defend_G","Defend_G","Survivor","Neutralize","Poisoned Stab","Riddle With Holes+1","Slice","Deadly Poison","Leg Sweep","Dagger Spray","Quick Slash","Backstab+1","Bouncing Flask+1","Backflip","Bullet Time","Choke","Acrobatics","Apotheosis+1","Outmaneuver+1","Well Laid Plans"],"relics":["Ring of the Snake","Whetstone","Eternal Feather","Orichalcum","HornCleat","Runic Dome","Snake Skull","WingedGreaves","Kunai"],"acts_visited":["Exordium","TheCity"],"potions_floor_usage":[14,16,23],"damage_taken":[{"damage":4.0,"enemies":"Cultist","floor":1.0,"turns":6.0},{"damage":0.0,"enemies":"2 Louse","floor":2.0,"turns":4.0},{"damage":1.0,"enemies":"Jaw Worm","floor":3.0,"turns":3.0},{"damage":4.0,"enemies":"Blue Slaver","floor":4.0,"turns":5.0},{"damage":5.0,"enemies":"3 Louse","floor":5.0,"turns":5.0},{"damage":20.0,"enemies":"Lagavulin","floor":7.0,"turns":5.0},{"damage":0,"enemies":"2 Fungi Beasts","floor":8,"turns":3},{"damage":0,"enemies":"Exordium Thugs","floor":10,"turns":4},{"damage":0,"enemies":"Blue Slaver","floor":13,"turns":3},{"damage":8,"enemies":"3 Sentries","floor":14,"turns":7},{"damage":6,"enemies":"Slime Boss","floor":16,"turns":8},{"damage":0,"enemies":"Spheric Guardian","floor":18,"turns":3},{"damage":0,"enemies":"2 Thieves","floor":19,"turns":4},{"damage":29,"enemies":"Chosen and Byrds","floor":21,"turns":6},{"damage":0,"enemies":"Snecko","floor":22,"turns":3},{"damage":30,"enemies":"Book of Stabbing","floor":23,"turns":5},{"damage":9,"enemies":"Centurion and Healer","floor":27,"turns":5},{"damage":23,"enemies":"Shelled Parasite and Fungi","floor":28,"turns":2}],"seed_played":"-2339319450153612997","potions_obtained":[{"floor":2.0,"key":"Fire Potion"},{"floor":3.0,"key":"Swift Potion"},{"floor":5.0,"key":"FearPotion"},{"floor":14,"key":"Strength Potion"},{"floor":18,"key":"Regen Potion"},{"floor":27,"key":"Fire Potion"}],"is_trial":false,"path_per_floor":["M","M","M","M","M","R","E","M","T","M","R","T","M","E","R","B",null,"M","M","$","M","M","E","R","$","T","M","M"],"character_chosen":"THE_SILENT","items_purchased":["Snake Skull","Apotheosis"],"campfire_rested":0,"item_purchase_floors":[20,20],"current_hp_per_floor":[61,61,60,56,51,51,31,31,31,31,43,43,43,35,47,41,64,64,64,64,35,35,17,32,32,32,23,0,0],"gold":12,"neow_bonus":"TEN_PERCENT_HP_BONUS","is_daily":false,"chose_seed":false,"campfire_upgraded":4,"win_rate":0.0,"timestamp":1611718752,"path_taken":["M","M","M","M","M","R","E","M","T","M","R","?","M","E","R","BOSS","M","M","$","M","M","E","R","$","T","?","M"],"items_purchased_type":["Relic","Card"],"build_version":"2020-12-22","purchased_purges":2,"victory":false,"max_hp_per_floor":[72,72,72,72,72,72,72,72,72,72,72,72,72,72,72,72,72,72,72,72,72,72,72,72,72,72,72,72,72],"card_choices":[{"not_picked":["Underhanded Strike","Distraction"],"picked":"Poisoned Stab","floor":1.0},{"not_picked":["Infinite Blades","Eviscerate"],"picked":"Riddle With Holes","floor":2.0},{"not_picked":["Dagger Spray","Setup"],"picked":"Slice","floor":3.0},{"not_picked":["Sucker Punch","Cloak And Dagger"],"picked":"Deadly Poison","floor":4.0},{"not_picked":["Sucker Punch","Underhanded Strike"],"picked":"Leg Sweep","floor":5.0},{"not_picked":["Doppelganger","Finisher"],"picked":"Dagger Spray","floor":7},{"not_picked":["Sucker Punch","Distraction"],"picked":"Quick Slash","floor":8},{"not_picked":["Cloak And Dagger","Sucker Punch"],"picked":"Backstab","floor":10},{"not_picked":["Reflex","Outmaneuver"],"picked":"Bouncing Flask","floor":13},{"not_picked":["Cloak And Dagger","Leg Sweep"],"picked":"Backflip","floor":14},{"not_picked":["Doppelganger","Adrenaline"],"picked":"Bullet Time","floor":16},{"not_picked":["Deadly Poison","Poisoned Stab"],"picked":"Choke","floor":18},{"not_picked":["Leg Sweep","Sucker Punch"],"picked":"Acrobatics","floor":19},{"not_picked":["Outmaneuver+1","Caltrops","Dodge and Roll"],"picked":"SKIP","floor":21},{"not_picked":["Caltrops","Dodge and Roll"],"picked":"Outmaneuver+1","floor":21},{"not_picked":["Outmaneuver","Bane","PiercingWail"],"picked":"SKIP","floor":22},{"not_picked":["Catalyst","Caltrops"],"picked":"Well Laid Plans","floor":23},{"not_picked":["Skewer+1","Flechettes","Heel Hook"],"picked":"SKIP","floor":27}],"player_experience":687242,"relics_obtained":[{"floor":7,"key":"Whetstone"},{"floor":9,"key":"Eternal Feather"},{"floor":12,"key":"Orichalcum"},{"floor":14,"key":"HornCleat"},{"floor":23,"key":"WingedGreaves"},{"floor":26,"key":"Kunai"}],"event_choices":[],"is_beta":false,"boss_relics":[{"not_picked":["WristBlade","Empty Cage"],"picked":"Runic Dome"}],"items_purged_floors":[20,25],"is_endless":false,"potions_floor_spawned":[2,3,5,14,18,27],"killed_by":"Shelled Parasite and Fungi","ascension_level":20}}