{"host":"13o02hya6v6rzuva","time":1611771924,"event":{"mods":["BaseMod","Minty Spire (QoL Compilation)","Relic Stats"],"gold_per_floor":[117,117,129,54,54,88,111,111,111,127,202,217,517,556,556,687,687,687,687,687,687,259,259,259,259,259,259,259],"floor_reached":27,"language":"ENG","playtime":794,"items_purged":["Strike_P","Strike_P"],"score":403,"play_id":"64a9dafc-546b-4315-b8ac-d901a65f9896","local_time":"20210127192524","is_ascension_mode":true,"campfire_choices":[{"data":"Adaptation","floor":8,"key":"SMITH"},{"floor":15,"key":"REST"},{"data":"WindmillStrike","floor":24,"key":"SMITH"}],"circlet_count":0,"master_deck":["Strike_P","Strike_P","Defend_P","Defend_P","Defend_P","Defend_P","Eruption+1","Vigilance","FearNoEvil","Consecrate","ClearTheMind","Adaptation+1","Halt","CutThroughFate","SandsOfTime","DevaForm","CutThroughFate+1","Collect+1","Panache","WindmillStrike+1"],"relics":["PureWater","NeowsBlessing","Golden Idol","Yang","Old Coin","Lantern","Ectoplasm","Omamori","Lee\u0027s Waffle","Bag of Marbles","Blue Candle","MawBank"],"acts_visited":["Exordium","TheCity"],"potions_floor_usage":[14,27,27,27],"damage_taken":[{"damage":0,"enemies":"Jaw Worm","floor":1,"turns":1},{"damage":0,"enemies":"Small Slimes","floor":3,"turns":1},{"damage":0,"enemies":"3 Sentries","floor":6,"turns":1},{"damage":0,"enemies":"2 Louse","floor":7,"turns":2},{"damage":3,"enemies":"Looter","floor":10,"turns":2},{"damage":3,"enemies":"Lots of Slimes","floor":12,"turns":3},{"damage":26,"enemies":"Gremlin Nob","floor":14,"turns":5},{"damage":0,"enemies":"Slime Boss","floor":16,"turns":5},{"damage":0,"enemies":"Chosen","floor":18,"turns":3},{"damage":23,"enemies":"Shell Parasite","floor":19,"turns":4},{"damage":9,"enemies":"Centurion and Healer","floor":20,"turns":4},{"damage":12,"enemies":"Gremlin Leader","floor":23,"turns":6},{"damage":29,"enemies":"Book of Stabbing","floor":25,"turns":4},{"damage":43,"enemies":"Slavers","floor":27,"turns":4}],"seed_played":"-5211888096654701208","potions_obtained":[{"floor":1,"key":"Weak Potion"},{"floor":6,"key":"Ambrosia"},{"floor":7,"key":"PowerPotion"},{"floor":20,"key":"EssenceOfSteel"}],"is_trial":false,"path_per_floor":["M","?","M","$","?","E","M","R","T","M","?","M","T","E","R","B",null,"M","M","M","T","$","E","R","E","T","E"],"character_chosen":"WATCHER","items_purchased":["Lee\u0027s Waffle","Panache"],"campfire_rested":1,"item_purchase_floors":[22,22],"current_hp_per_floor":[72,72,72,72,54,54,54,54,54,51,40,37,37,11,32,32,72,72,49,40,40,79,67,67,38,38,0,0],"gold":259,"neow_bonus":"THREE_ENEMY_KILL","is_daily":false,"chose_seed":false,"campfire_upgraded":2,"win_rate":0.0,"timestamp":1611771924,"path_taken":["M","?","M","$","?","E","M","R","T","M","?","M","?","E","R","BOSS","M","M","?","?","$","E","R","E","T","E"],"items_purchased_type":["Relic","Card"],"build_version":"2020-12-22","purchased_purges":2,"victory":false,"max_hp_per_floor":[72,72,72,72,72,72,72,72,72,72,72,72,72,72,72,72,72,72,72,72,72,79,79,79,79,79,79,79],"relic_stats":{"Lee\u0027s Waffle":39,"counters":[14,45],"Golden Idol":81,"Blue Candle":[0],"Yang":[102],"Ectoplasm":203,"MawBank":0,"obtain_stats":[{"Lantern":14,"Lee\u0027s Waffle":22,"NeowsBlessing":0,"Golden Idol":5,"Blue Candle":25,"Yang":6,"Ectoplasm":17,"Omamori":21,"Bag of Marbles":23,"PureWater":0,"MawBank":26,"Old Coin":13},{"Lantern":7,"Lee\u0027s Waffle":11,"NeowsBlessing":0,"Golden Idol":2,"Blue Candle":13,"Yang":3,"Ectoplasm":8,"Omamori":11,"Bag of Marbles":12,"PureWater":0,"MawBank":13,"Old Coin":6},{"Lantern":15,"Lee\u0027s Waffle":31,"NeowsBlessing":0,"Golden Idol":2,"Blue Candle":41,"Yang":3,"Ectoplasm":20,"Omamori":31,"Bag of Marbles":37,"PureWater":0,"MawBank":41,"Old Coin":10}]},"card_choices":[{"not_picked":["EmptyBody","EmptyFist"],"picked":"FearNoEvil","floor":1},{"not_picked":["BowlingBash","ClearTheMind"],"picked":"Consecrate","floor":3},{"not_picked":["JustLucky","InnerPeace"],"picked":"ClearTheMind","floor":6},{"not_picked":["InnerPeace","Brilliance"],"picked":"Adaptation","floor":7},{"not_picked":["Prostrate","Weave"],"picked":"Halt","floor":10},{"not_picked":["EmptyBody","Protect"],"picked":"CutThroughFate","floor":12},{"not_picked":["Evaluate","SashWhip"],"picked":"SandsOfTime","floor":14},{"not_picked":["MasterReality","Scrawl"],"picked":"DevaForm","floor":16},{"not_picked":["SashWhip","EmptyFist+1"],"picked":"CutThroughFate+1","floor":18},{"not_picked":["ClearTheMind","PathToVictory"],"picked":"Collect+1","floor":19},{"not_picked":["Nirvana","ClearTheMind","CrushJoints"],"picked":"SKIP","floor":20},{"not_picked":["EmptyBody","FlurryOfBlows"],"picked":"WindmillStrike","floor":23},{"not_picked":["DevaForm","Brilliance","Protect+1"],"picked":"SKIP","floor":25}],"player_experience":1158891,"relics_obtained":[{"floor":6,"key":"Yang"},{"floor":13,"key":"Old Coin"},{"floor":14,"key":"Lantern"},{"floor":21,"key":"Omamori"},{"floor":23,"key":"Bag of Marbles"},{"floor":25,"key":"Blue Candle"},{"floor":26,"key":"MawBank"}],"event_choices":[{"damage_healed":0,"gold_gain":0,"player_choice":"Grow","damage_taken":0,"max_hp_gain":0,"max_hp_loss":0,"event_name":"Living Wall","floor":2,"gold_loss":0,"cards_upgraded":["Eruption"]},{"damage_healed":0,"gold_gain":0,"player_choice":"Take Damage","damage_taken":18,"relics_obtained":["Golden Idol"],"max_hp_gain":0,"max_hp_loss":0,"event_name":"Golden Idol","floor":5,"gold_loss":0},{"damage_healed":0,"gold_gain":75,"player_choice":"Gather Gold","damage_taken":11,"max_hp_gain":0,"max_hp_loss":0,"event_name":"World of Goop","floor":11,"gold_loss":0}],"is_beta":false,"boss_relics":[{"not_picked":["Coffee Dripper","Runic Dome"],"picked":"Ectoplasm"}],"items_purged_floors":[4,22],"is_endless":false,"potions_floor_spawned":[1,6,7,20],"killed_by":"Slavers","ascension_level":4}}