{"host":"vdpaduzlq0qlaikq","time":1611723850,"event":{"mods":["AchievementEnabler","BaseMod","Better Third Choice","BetterRewards","Colored Map","Downfall","Gold Saver","Hermit","Jorbs\u0027s Wanderer Trilogy","Minty Spire (QoL Compilation)","Relic Filter","Spicy Shops","StSLib","The Necromancer"],"gold_per_floor":[867,878,188,188,188,188,217,217,269,300,313,326,74,101,101,200,200,216,226,226,325,343,370,370,402,402,4,21,21,40,74,74,179,179,198,198,209,209,226,226,251,251,251,285,138,138,158,190,190,190,190,190,36,71,71,71],"floor_reached":55,"language":"ENG","playtime":2409,"items_purged":["Strike_R","Strike_R"],"score":1560,"play_id":"a67f44ed-a114-43c5-845d-0c795ebe1b7f","local_time":"20210127030410","is_ascension_mode":true,"campfire_choices":[{"floor":6,"key":"RECALL"},{"data":"Heavy Blade","floor":8,"key":"SMITH"},{"data":"Apotheosis","floor":15,"key":"SMITH"},{"data":"1","floor":24,"key":"LIFT"},{"data":"2","floor":29,"key":"LIFT"},{"data":"3","floor":32,"key":"LIFT"},{"floor":40,"key":"REST"},{"data":"Strike_R","floor":42,"key":"PURGE"},{"data":"Strike_R","floor":49,"key":"PURGE"},{"data":"Strike_R","floor":52,"key":"PURGE"}],"circlet_count":0,"master_deck":["Defend_R","Defend_R","Defend_R","Defend_R","Bash","Inflame","Shrug It Off","Body Slam","Flex","Inflame","Pummel","Pummel","Pommel Strike","Sword Boomerang","Flex","Apotheosis+1","Limit Break+1","Immolate","Heavy Blade+1","Armaments","Exhume","Limit Break+1","Headbutt","Ghostly Armor+1","Fire Breathing+1","Cleave","Demon Form","Double Tap","Pommel Strike+1","Battle Trance+1","Madness","Madness","Disarm+1","Impervious","Disarm"],"relics":["Burning Blood","HornCleat","MealTicket","Orrery","Sling","Lantern","Blue Candle","Pear","Regal Pillow","Pen Nib","Girya","Bottled Lightning","Eternal Feather","Incense Burner","Red Mask","Oddly Smooth Stone","Bronze Scales","Darkstone Periapt","SacredBark","Peace Pipe","Gremlin Horn","Red Skull","Potion Belt","Anchor","Kunai"],"acts_visited":["Exordium","TheCity","TheBeyond","TheEnding"],"potions_floor_usage":[23,25,41,50,50,55,55,55],"damage_taken":[{"damage":0,"enemies":"Cultist","floor":1,"turns":2},{"damage":10,"enemies":"Small Slimes","floor":2,"turns":2},{"damage":5,"enemies":"3 Sentries","floor":7,"turns":4},{"damage":1,"enemies":"Lagavulin","floor":10,"turns":3},{"damage":1,"enemies":"Jaw Worm","floor":11,"turns":1},{"damage":0,"enemies":"Large Slime","floor":12,"turns":2},{"damage":0,"enemies":"Gremlin Nob","floor":14,"turns":3},{"damage":28,"enemies":"Slime Boss","floor":16,"turns":4},{"damage":23,"enemies":"2 Thieves","floor":18,"turns":4},{"damage":8,"enemies":"Shell Parasite","floor":19,"turns":2},{"damage":10,"enemies":"3 Cultists","floor":22,"turns":4},{"damage":28,"enemies":"Slavers","floor":23,"turns":3},{"damage":0,"enemies":"Masked Bandits","floor":25,"turns":3},{"damage":7,"enemies":"Centurion and Healer","floor":28,"turns":3},{"damage":2,"enemies":"Chosen and Byrds","floor":30,"turns":3},{"damage":16,"enemies":"Gremlin Leader","floor":31,"turns":3},{"damage":27,"enemies":"Champ","floor":33,"turns":5},{"damage":1,"enemies":"Orb Walker","floor":35,"turns":2},{"damage":3,"enemies":"3 Shapes","floor":37,"turns":5},{"damage":16,"enemies":"3 Darklings","floor":39,"turns":3},{"damage":32,"enemies":"Reptomancer","floor":41,"turns":3},{"damage":28,"enemies":"Nemesis","floor":44,"turns":3},{"damage":25,"enemies":"Writhing Mass","floor":47,"turns":4},{"damage":0,"enemies":"Reptomancer","floor":48,"turns":2},{"damage":46,"enemies":"Time Eater","floor":50,"turns":5},{"damage":38,"enemies":"Shield and Spear","floor":54,"turns":3},{"damage":72,"enemies":"The Heart","floor":55,"turns":5}],"seed_played":"-7498319071911391127","potions_obtained":[{"floor":1,"key":"Strength Potion"},{"floor":7,"key":"BlessingOfTheForge"},{"floor":23,"key":"Fire Potion"},{"floor":25,"key":"Explosive Potion"},{"floor":28,"key":"Energy Potion"},{"floor":41,"key":"FearPotion"},{"floor":48,"key":"SpeedPotion"},{"floor":54,"key":"Dexterity Potion"}],"is_trial":false,"path_per_floor":["M","M","$","?","?","R","E","R","T","E","M","M","$","E","R","B",null,"M","M","?","?","M","E","R","?","T","$","M","R","M","E","R","B",null,"M","?","M","?","M","R","E","R","T","E","$","?","M","E","R","B",null,"R","$","E","B"],"character_chosen":"IRONCLAD","items_purchased":["HornCleat","MealTicket","Inflame","Shrug It Off","Orrery","Sling","Lantern","Pommel Strike","PowerPotion","Apotheosis","Limit Break","Blue Candle","Immolate","Bottled Lightning","Oddly Smooth Stone","Bronze Scales","Potion Belt","Impervious"],"campfire_rested":1,"item_purchase_floors":[0,0,0,0,0,0,0,0,0,3,3,3,3,13,27,27,45,53],"current_hp_per_floor":[78,74,80,90,90,90,90,90,90,90,90,90,90,90,90,68,85,68,66,66,66,62,40,55,61,61,76,75,90,90,80,90,69,85,90,90,90,79,69,90,64,85,85,63,78,78,59,65,86,46,79,90,90,58,0,0],"gold":71,"neow_bonus":"","is_daily":false,"chose_seed":false,"campfire_upgraded":2,"win_rate":0.0,"timestamp":1611723850,"path_taken":["M","M","$","?","?","R","E","R","T","E","M","M","$","E","R","BOSS","M","M","?","?","M","E","R","?","T","$","M","R","M","E","R","BOSS","M","?","?","?","M","R","E","R","T","E","$","?","?","E","R","BOSS","R","$","E","BOSS"],"items_purchased_type":["Relic","Relic","Card","Card","Relic","Relic","Relic","Card","Potion","Card","Card","Relic","Card","Relic","Relic","Relic","Relic","Card"],"build_version":"2020-12-22","purchased_purges":2,"victory":false,"max_hp_per_floor":[80,80,80,90,90,90,90,90,90,90,90,90,90,90,90,90,90,90,90,90,90,90,90,90,90,90,90,90,90,90,90,90,90,90,90,90,90,90,90,90,90,90,90,90,90,90,90,90,90,90,90,90,90,90,90,90],"card_choices":[{"not_picked":["Anger","Shrug It Off"],"picked":"Body Slam","floor":0},{"not_picked":["Sword Boomerang","Warcry"],"picked":"Flex","floor":0},{"not_picked":["Anger","Pummel"],"picked":"Inflame","floor":0},{"not_picked":["Flex","Combust"],"picked":"Pummel","floor":0},{"not_picked":["Shrug It Off","Dark Embrace"],"picked":"Pummel","floor":0},{"not_picked":["Wild Strike","Shrug It Off"],"picked":"Sword Boomerang","floor":1},{"not_picked":["Blood for Blood","Wild Strike"],"picked":"Flex","floor":2},{"not_picked":["Headbutt","Carnage"],"picked":"Heavy Blade","floor":7},{"not_picked":["Juggernaut","Twin Strike","Anger"],"picked":"SKIP","floor":10},{"not_picked":["Iron Wave","Perfected Strike"],"picked":"Armaments","floor":11},{"not_picked":["Wild Strike","Rage","Dual Wield"],"picked":"SKIP","floor":12},{"not_picked":["Flex","Rampage"],"picked":"Exhume","floor":14},{"not_picked":["Corruption","Bludgeon"],"picked":"Limit Break","floor":16},{"not_picked":["Hemokinesis+1","Anger"],"picked":"Headbutt","floor":18},{"not_picked":["Sword Boomerang","Wild Strike+1","True Grit+1"],"picked":"SKIP","floor":19},{"not_picked":["Pommel Strike+1","Reckless Charge"],"picked":"Ghostly Armor+1","floor":22},{"not_picked":["Perfected Strike","Sword Boomerang"],"picked":"Fire Breathing+1","floor":23},{"not_picked":["Clash+1","Headbutt"],"picked":"Cleave","floor":25},{"not_picked":["Cleave","Pummel"],"picked":"Demon Form","floor":28},{"not_picked":["Dual Wield","Flex","Thunderclap"],"picked":"SKIP","floor":30},{"not_picked":["Warcry","Burning Pact+1"],"picked":"Double Tap","floor":31},{"not_picked":["Infernal Blade","Havoc"],"picked":"Pommel Strike+1","floor":35},{"not_picked":["Second Wind+1","Anger+1"],"picked":"Battle Trance+1","floor":37},{"not_picked":["Rampage","Warcry","Hemokinesis"],"picked":"SKIP","floor":39},{"not_picked":["Metallicize","Dropkick"],"picked":"Disarm+1","floor":41},{"not_picked":["Warcry","Shrug It Off","Combust"],"picked":"SKIP","floor":44},{"not_picked":["Uppercut","Heavy Blade+1","Havoc+1"],"picked":"SKIP","floor":47},{"not_picked":["Searing Blow","Perfected Strike+1","Rampage"],"picked":"SKIP","floor":48},{"not_picked":["Spot Weakness","Limit Break"],"picked":"Disarm","floor":54}],"player_experience":663714,"relics_obtained":[{"floor":7,"key":"Regal Pillow"},{"floor":9,"key":"Pen Nib"},{"floor":10,"key":"Girya"},{"floor":14,"key":"Eternal Feather"},{"floor":23,"key":"Incense Burner"},{"floor":25,"key":"Red Mask"},{"floor":31,"key":"Darkstone Periapt"},{"floor":41,"key":"Peace Pipe"},{"floor":43,"key":"Gremlin Horn"},{"floor":44,"key":"Red Skull"},{"floor":48,"key":"Anchor"},{"floor":54,"key":"Kunai"}],"event_choices":[{"damage_healed":0,"gold_gain":0,"player_choice":"Box","damage_taken":0,"relics_obtained":["Pear"],"max_hp_gain":0,"max_hp_loss":0,"event_name":"Big Fish","floor":4,"gold_loss":0,"cards_obtained":["Regret"]},{"damage_healed":0,"gold_gain":0,"player_choice":"Grow","damage_taken":0,"max_hp_gain":0,"max_hp_loss":0,"event_name":"Living Wall","floor":5,"gold_loss":0,"cards_upgraded":["Limit Break"]},{"cards_removed":["Regret"],"damage_healed":0,"gold_gain":0,"player_choice":"Elegance","damage_taken":0,"max_hp_gain":0,"max_hp_loss":0,"event_name":"betterThird:BetterWriting","floor":20,"gold_loss":0},{"damage_healed":0,"gold_gain":99,"player_choice":"Steal","damage_taken":0,"max_hp_gain":0,"max_hp_loss":0,"event_name":"betterThird:BetterNest","floor":21,"gold_loss":0},{"damage_healed":0,"gold_gain":0,"player_choice":"Fought Bandits","damage_taken":0,"max_hp_gain":0,"max_hp_loss":0,"event_name":"Masked Bandits","floor":25,"gold_loss":0},{"damage_healed":0,"gold_gain":0,"player_choice":"Upgraded","damage_taken":0,"max_hp_gain":0,"max_hp_loss":0,"event_name":"Upgrade Shrine","floor":36,"gold_loss":0,"cards_upgraded":["Limit Break"]},{"damage_healed":0,"gold_gain":0,"player_choice":"Embrace Madness","damage_taken":11,"max_hp_gain":0,"max_hp_loss":0,"event_name":"Winding Halls","floor":38,"gold_loss":0,"cards_obtained":["Madness","Madness"]},{"damage_healed":0,"gold_gain":0,"player_choice":"0 cards matched","damage_taken":0,"max_hp_gain":0,"max_hp_loss":0,"event_name":"Match and Keep!","floor":46,"gold_loss":0,"cards_obtained":[]}],"is_beta":false,"boss_relics":[{"not_picked":["Runic Pyramid","Cursed Key","Sozu"]},{"not_picked":["Calling Bell","Astrolabe"],"picked":"SacredBark"}],"items_purged_floors":[0,27],"is_endless":false,"potions_floor_spawned":[1,7,19,23,25,28,30,37,41,48,54],"killed_by":"The Heart","ascension_level":8}}