{"host":"xkmvu47k9fdstweo","time":1611713717,"event":{"mods":["BaseMod","Colored Map","Conspire","Hubris","Minty Spire (QoL Compilation)","Quick Restart","Railgun Mod","Shop Mod","StSLib","The Alterego","The Animator","The Servant 0.9.4","The Wild Card","TheBandit","WarShipGirlsR/??è≠èóR mod"],"gold_per_floor":[20,54,81,81,117,156,186,221,221,254,272,272,272,295,295,399,399,422,422,54,75,75,75,125,153,153,168,58,102,102,141,141,250,250,273,273,293,27,46,46,46],"floor_reached":40,"language":"ENG","playtime":2325,"items_purged":["animator:Strike","animator:Strike"],"score":608,"play_id":"16f9c23d-eb09-42db-bf77-500a1091e901","local_time":"20210126211517","is_ascension_mode":true,"campfire_choices":[{"floor":12.0,"key":"REST"},{"data":"animator:FielNirvalen","floor":15.0,"key":"SMITH"},{"data":"animator:Saitama","floor":23.0,"key":"SMITH"},{"data":"animator:Giselle","floor":30,"key":"SMITH"},{"floor":32,"key":"REST"}],"circlet_count":0,"master_deck":["animator:Strike_Kancolle","animator:Defend_Kancolle","animator:Defend","animator:Defend","animator:Defend","animator:Shimakaze","animator:Nanami","animator:Ciel","animator:Gillette+1","animator:IzunaHatsuse","animator:Elesis+2","animator:Shuna","animator:YaoHaDucy","animator:Konayuki","animator:RoyMustang","animator:FielNirvalen+1","animator:Saitama+1","animator:LizardPriest+1","animator:Giselle+1","animator:LizardPriest","animator:Laby+1","animator:Emonzaemon","animator:KrulTepes+1","animator:Darkness","animator:HighElfArcher","animator:Shinoa","Seek","BootSequence","animator:Shuna+1","animator:Hibiki","animator:Yuuichirou"],"relics":["animator:LivingPicture","animator:TheMissingPiece","animator:PurgingStone","hubris:Potato","hubris:Reverence","Toy Ornithopter","Matryoshka","The Courier","hubris:TerracottaHorce","Bottled Flame","Orichalcum","animator:CursedGlyph","Mango","hubris:DisguiseKit","Ornamental Fan","Blood Vial","animator:WornHelmet","Blood Vial","Bag of Marbles","hubris:ScarierMask","Whetstone"],"acts_visited":["Exordium","TheCity","TheBeyond"],"potions_floor_usage":[29,29,40],"damage_taken":[{"damage":0.0,"enemies":"2 Louse","floor":1.0,"turns":3.0},{"damage":1.0,"enemies":"Cultist","floor":2.0,"turns":5.0},{"damage":3.0,"enemies":"Jaw Worm","floor":3.0,"turns":4.0},{"damage":6.0,"enemies":"Exordium Thugs","floor":5.0,"turns":5.0},{"damage":48.0,"enemies":"Lagavulin","floor":6.0,"turns":11.0},{"damage":0.0,"enemies":"3 Louse","floor":7.0,"turns":5.0},{"damage":9.0,"enemies":"Gremlin Nob","floor":8.0,"turns":4.0},{"damage":13.0,"enemies":"Lagavulin","floor":10.0,"turns":5.0},{"damage":4.0,"enemies":"Looter","floor":11.0,"turns":3.0},{"damage":3.0,"enemies":"Red Slaver","floor":14.0,"turns":4.0},{"damage":35.0,"enemies":"The Guardian","floor":16.0,"turns":11.0},{"damage":15.0,"enemies":"3 Byrds","floor":18.0,"turns":5.0},{"damage":2.0,"enemies":"Shell Parasite","floor":21.0,"turns":7.0},{"damage":21.0,"enemies":"Slavers","floor":24.0,"turns":6.0},{"damage":7,"enemies":"Centurion and Healer","floor":25,"turns":9},{"damage":8,"enemies":"Snake Plant","floor":27,"turns":4},{"damage":20,"enemies":"animator:HornedBat","floor":29,"turns":9},{"damage":24,"enemies":"Gremlin Leader","floor":31,"turns":8},{"damage":27,"enemies":"hubris:MusketHawk","floor":33,"turns":8},{"damage":2,"enemies":"Orb Walker","floor":35,"turns":5},{"damage":3,"enemies":"3 Darklings","floor":37,"turns":6},{"damage":2,"enemies":"Jaw Worm Horde","floor":39,"turns":4},{"damage":81,"enemies":"Giant Head","floor":40,"turns":10}],"seed_played":"-9172970928086104195","potions_obtained":[{"floor":1.0,"key":"Fire Potion"},{"floor":2.0,"key":"SteroidPotion"},{"floor":6.0,"key":"DistilledChaos"},{"floor":7.0,"key":"Regen Potion"},{"floor":16.0,"key":"DistilledChaos"},{"floor":18.0,"key":"SteroidPotion"},{"floor":24.0,"key":"Dexterity Potion"},{"floor":27,"key":"Explosive Potion"},{"floor":33,"key":"SpeedPotion"},{"floor":35,"key":"GamblersBrew"}],"is_trial":false,"path_per_floor":["M","M","M","?","M","E","M","E","T","E","M","R","?","M","R","B",null,"M","?","$","M","?","R","E","M","T","M","$","E","R","E","R","B",null,"M","?","M","$","M","E"],"character_chosen":"THE_ANIMATOR","items_purchased":["Bottled Flame","Orichalcum","animator:Darkness","animator:Hibiki","Whetstone"],"campfire_rested":2,"item_purchase_floors":[20,20,28,38,38],"current_hp_per_floor":[59,58,55,66,60,13,17,12,12,22,18,38,38,36,36,13,54,39,61,61,59,59,59,59,52,52,44,44,34,34,12,35,20,64,66,66,67,67,69,0,0],"gold":46,"neow_bonus":"ONE_RARE_RELIC","is_daily":false,"chose_seed":false,"campfire_upgraded":3,"win_rate":0.0,"timestamp":1611713717,"path_taken":["M","M","M","?","M","E","M","E","T","E","?","R","?","M","R","BOSS","M","?","$","M","?","R","E","?","T","M","?","E","R","E","R","BOSS","M","?","M","$","?","E"],"items_purchased_type":["Relic","Relic","Card","Card","Relic"],"build_version":"2020-12-22","purchased_purges":2,"victory":false,"max_hp_per_floor":[66,66,66,66,66,67,67,67,67,67,67,67,67,68,68,68,68,68,68,68,64,64,64,78,78,78,78,78,78,78,78,78,78,78,78,78,78,78,78,78,78],"card_choices":[{"not_picked":["animator:Geryuganshoop","animator:Lu"],"picked":"animator:Nanami","floor":1.0},{"not_picked":["animator:SuzuneAmano","animator:Vanir"],"picked":"animator:Ciel","floor":2.0},{"not_picked":["animator:DwarfShaman","animator:Berserker"],"picked":"animator:Gillette","floor":3.0},{"not_picked":["animator:ChlammyZell","animator:Tet"],"picked":"animator:IzunaHatsuse","floor":5.0},{"not_picked":["animator:Viivi","animator:Hakurou"],"picked":"animator:Elesis","floor":6.0},{"not_picked":["animator:Gillette","animator:Azekura"],"picked":"animator:Shuna","floor":7.0},{"not_picked":["animator:Azekura","animator:WinryRockbell"],"picked":"animator:YaoHaDucy","floor":8.0},{"not_picked":["animator:Hitei","animator:Togame"],"picked":"animator:Konayuki","floor":10.0},{"not_picked":["animator:Lancer","animator:Shion"],"picked":"animator:RoyMustang","floor":11.0},{"not_picked":["animator:Evileye","animator:Raven"],"picked":"animator:FielNirvalen","floor":14.0},{"not_picked":["animator:SwordMaiden","animator:Greed"],"picked":"animator:Saitama","floor":16.0},{"not_picked":["animator:Evileye","animator:Mikaela+1"],"picked":"animator:LizardPriest+1","floor":18.0},{"not_picked":["animator:Kuribayashi","animator:Bozes"],"picked":"animator:Giselle","floor":21.0},{"not_picked":["animator:Vanir","animator:YaoHaDucy"],"picked":"animator:Laby+1","floor":24.0},{"not_picked":["animator:GuildGirl+1","animator:Sonic"],"picked":"animator:Emonzaemon","floor":25},{"not_picked":["animator:Sloth","animator:Sebas","animator:Boros"],"picked":"animator:KrulTepes","floor":27},{"not_picked":["animator:DwarfShaman","animator:Spearman"],"picked":"animator:HighElfArcher","floor":29},{"not_picked":["animator:Shuna+1","animator:Tatsumaki","Steam"],"picked":"animator:Shinoa","floor":31},{"not_picked":["animator:Eris","animator:ChaikaTrabant","animator:Guren"],"picked":"Seek","floor":33},{"not_picked":["animator:Tyuule+1","animator:Entoma+1","animator:YaoHaDucy+1"],"picked":"BootSequence","floor":35},{"not_picked":["animator:MumenRider","animator:Tatsumaki+1","Defragment"],"picked":"animator:Shuna+1","floor":37},{"not_picked":["animator:Shigure","animator:Mitsuba"],"picked":"animator:Yuuichirou","floor":39}],"player_experience":374913,"relics_obtained":[{"floor":6.0,"key":"hubris:Reverence"},{"floor":8.0,"key":"Toy Ornithopter"},{"floor":9.0,"key":"Matryoshka"},{"floor":10.0,"key":"The Courier"},{"floor":21.0,"key":"animator:CursedGlyph"},{"floor":24.0,"key":"Mango"},{"floor":26,"key":"hubris:DisguiseKit"},{"floor":26,"key":"Ornamental Fan"},{"floor":29,"key":"Blood Vial"},{"floor":29,"key":"animator:WornHelmet"},{"floor":31,"key":"Blood Vial"},{"floor":31,"key":"Bag of Marbles"}],"event_choices":[{"damage_healed":11.0,"max_hp_gain":0.0,"max_hp_loss":0.0,"gold_gain":0.0,"event_name":"Wheel of Change","player_choice":"Full Heal","floor":4.0,"gold_loss":0.0,"damage_taken":0.0},{"damage_healed":0.0,"max_hp_gain":0.0,"max_hp_loss":0.0,"gold_gain":0.0,"event_name":"Upgrade Shrine","player_choice":"Upgraded","floor":13.0,"gold_loss":0.0,"damage_taken":0.0,"cards_upgraded":["animator:Elesis"]},{"damage_healed":22.0,"max_hp_gain":0.0,"max_hp_loss":0.0,"gold_gain":0.0,"event_name":"The Library","player_choice":"Heal","floor":19.0,"gold_loss":0.0,"damage_taken":0.0},{"damage_healed":0.0,"max_hp_gain":0.0,"max_hp_loss":0.0,"gold_gain":0.0,"cards_transformed":["animator:Strike"],"event_name":"Transmorgrifier","player_choice":"Transformed","floor":22.0,"gold_loss":0.0,"damage_taken":0.0,"cards_obtained":["animator:LizardPriest"]},{"damage_healed":0,"gold_gain":0,"player_choice":"Ignored","damage_taken":0,"max_hp_gain":0,"max_hp_loss":0,"event_name":"SecretPortal","floor":36,"gold_loss":0}],"is_beta":false,"boss_relics":[{"not_picked":["SacredBark","conspire:SpecialSausage"],"picked":"hubris:TerracottaHorce"},{"not_picked":["hubris:VirtuousBlindfold","hubris:Stopwatch"],"picked":"hubris:ScarierMask"}],"items_purged_floors":[20,28],"is_endless":false,"potions_floor_spawned":[1,2,6,7,16,18,24,27,33,35],"killed_by":"Giant Head","ascension_level":6}}