{"host":"tkinv8gv6hgcc58b","time":1611776285,"event":{"mods":["AchievementEnabler","BaseMod","BetterRewards","Colored Map","Downfall","Googly Eyes","Hermit","Minty Spire (QoL Compilation)","READ ME - Guardian Mod","Relic Filter","StSLib","The Cursed","The Disciple"],"gold_per_floor":[113,113,113,113,138,138,168,201,201,201,36,70,70,90,90,186,186,209,233,233,257,257,591,591,631,631,315,315,328,328,5,5,103,103,124,124,149,149,174,207,207,221,221,221,255,180,194,84,84,84],"floor_reached":51,"language":"ENG","playtime":1670,"items_purged":["Writhe"],"score":2191,"play_id":"9c5e317d-8f6a-4940-8f6c-4d1ba77953a7","local_time":"20210127143805","is_ascension_mode":true,"campfire_choices":[{"floor":6.0,"key":"REST"},{"data":"Infinite Blades","floor":13.0,"key":"SMITH"},{"data":"Calculated Gamble","floor":15.0,"key":"SMITH"},{"data":"Infinite Blades","floor":24.0,"key":"SMITH"},{"data":"Bullet Time","floor":30.0,"key":"SMITH"},{"data":"Blade Dance","floor":32.0,"key":"SMITH"},{"floor":41.0,"key":"DIG"},{"floor":44.0,"key":"DIG"},{"data":"Accuracy","floor":49.0,"key":"SMITH"}],"circlet_count":0,"master_deck":["AscendersBane","Strike_G","Strike_G+1","Strike_G+1","Defend_G","Defend_G","Defend_G","Defend_G","Defend_G","Survivor","Neutralize","Blade Dance+1","Finisher+1","Bullet Time+1","Blade Dance+1","Backstab+1","Infinite Blades+1","Calculated Gamble+1","Corpse Explosion","Acrobatics+1","Acrobatics","Infinite Blades+1","Cloak And Dagger+1","Clumsy","Predator+1","Tools of the Trade","Clumsy","PiercingWail","Escape Plan+1","Accuracy+1","Cloak And Dagger+1","Accuracy+1"],"relics":["Ring of the Snake","Shuriken","Molten Egg 2","Ornamental Fan","Golden Idol","Matryoshka","Ancient Tea Set","Ninja Scroll","Pantograph","Torii","FossilizedHelix","Cursed Key","Old Coin","Darkstone Periapt","Ice Cream","Tiny Chest","hexamod:Sixitude","Gambling Chip","Sozu","Bottled Flame","Shovel","Dream Catcher","Whetstone","Pen Nib","Question Card"],"acts_visited":["Exordium","TheCity","TheBeyond"],"potions_floor_usage":[50,50],"damage_taken":[{"damage":0.0,"enemies":"Small Slimes","floor":1.0,"turns":3.0},{"damage":0.0,"enemies":"Jaw Worm","floor":5.0,"turns":1.0},{"damage":0.0,"enemies":"3 Sentries","floor":8.0,"turns":5.0},{"damage":0.0,"enemies":"Lagavulin","floor":12.0,"turns":3.0},{"damage":0.0,"enemies":"Cultist","floor":14.0,"turns":1.0},{"damage":30.0,"enemies":"Hexaghost","floor":16.0,"turns":6.0},{"damage":0.0,"enemies":"Spheric Guardian","floor":18.0,"turns":1.0},{"damage":0.0,"enemies":"Shell Parasite","floor":19.0,"turns":2.0},{"damage":0.0,"enemies":"Centurion and Healer","floor":21.0,"turns":2.0},{"damage":0.0,"enemies":"Gremlin Leader","floor":23.0,"turns":5.0},{"damage":8.0,"enemies":"Book of Stabbing","floor":25.0,"turns":4.0},{"damage":0.0,"enemies":"Snake Plant","floor":29.0,"turns":1.0},{"damage":0.0,"enemies":"Collector","floor":33.0,"turns":5.0},{"damage":0.0,"enemies":"Orb Walker","floor":35.0,"turns":2.0},{"damage":0.0,"enemies":"3 Darklings","floor":37.0,"turns":2.0},{"damage":18.0,"enemies":"Writhing Mass","floor":39.0,"turns":4.0},{"damage":0.0,"enemies":"Reptomancer","floor":40.0,"turns":4.0},{"damage":0.0,"enemies":"Spire Growth","floor":42.0,"turns":2.0},{"damage":0.0,"enemies":"Giant Head","floor":45.0,"turns":1.0},{"damage":0.0,"enemies":"Jaw Worm Horde","floor":47.0,"turns":2.0},{"damage":63,"enemies":"Time Eater","floor":50,"turns":5}],"seed_played":"-4271863797590680643","potions_obtained":[{"floor":8.0,"key":"CunningPotion"},{"floor":12.0,"key":"SteroidPotion"},{"floor":16.0,"key":"Block Potion"},{"floor":19.0,"key":"PowerPotion"}],"is_trial":false,"path_per_floor":["M","?","?","?","M","R","?","E","T","?","$","E","R","M","R","B",null,"M","M","?","M","?","E","R","E","T","$","?","M","R","$","R","B",null,"M","?","M","T","M","E","R","M","T","R","E","$","M","?","R","B",null],"character_chosen":"THE_SILENT","items_purchased":["Shuriken","Molten Egg 2","Blade Dance","Torii","hexamod:Sixitude","Gambling Chip"],"campfire_rested":1,"item_purchase_floors":[0,0,0,11,27,31],"current_hp_per_floor":[40,29,29,29,29,48,48,48,48,48,48,48,48,48,48,36,59,59,59,59,59,59,59,59,51,57,57,71,71,71,71,71,72,72,72,72,72,78,66,66,66,66,72,72,72,72,72,72,72,24],"gold":84,"neow_bonus":"","is_daily":false,"chose_seed":false,"campfire_upgraded":6,"win_rate":0.0,"timestamp":1611776285,"path_taken":["M","?","?","?","?","R","?","E","T","?","?","E","R","M","R","BOSS","M","M","?","?","?","E","R","E","T","$","?","M","R","?","R","BOSS","M","?","M","?","M","E","R","M","T","R","E","$","?","?","R","BOSS"],"items_purchased_type":["Relic","Relic","Card","Relic","Relic","Relic"],"build_version":"2020-12-22","purchased_purges":1,"victory":true,"max_hp_per_floor":[66,66,66,66,66,66,66,66,66,66,66,66,66,66,66,66,66,66,66,66,66,66,66,66,66,72,72,72,72,72,72,72,72,72,72,72,72,78,84,84,84,84,90,90,90,90,90,87,87,87],"card_choices":[{"not_picked":["Reflex","Dagger Throw+1"],"picked":"Finisher+1","floor":1.0},{"not_picked":["Deflect","Skewer+1"],"picked":"Blade Dance","floor":5.0},{"not_picked":["Blur","Caltrops"],"picked":"Backstab+1","floor":8.0},{"not_picked":["Blur","Concentrate"],"picked":"Infinite Blades","floor":12.0},{"not_picked":["Predator+1","Bane+1"],"picked":"Calculated Gamble","floor":14.0},{"not_picked":["Night Terror","Tools of the Trade"],"picked":"Corpse Explosion","floor":16.0},{"not_picked":["Terror","Blade Dance"],"picked":"Acrobatics+1","floor":18.0},{"not_picked":["Distraction","Dash+1"],"picked":"Acrobatics","floor":19.0},{"not_picked":["Skewer+1","Sucker Punch+1"],"picked":"Infinite Blades","floor":21.0},{"not_picked":["Eviscerate+1","Dash+1","Deadly Poison"],"picked":"SKIP","floor":23.0},{"not_picked":["Outmaneuver+1","Riddle With Holes+1"],"picked":"Cloak And Dagger+1","floor":25.0},{"not_picked":["Dagger Throw+1","Deadly Poison"],"picked":"Predator+1","floor":29.0},{"not_picked":["Night Terror","Die Die Die+1"],"picked":"Tools of the Trade","floor":33.0},{"not_picked":["Bane+1","Expertise+1","Dagger Spray+1"],"picked":"SKIP","floor":35.0},{"not_picked":["Outmaneuver+1","Dagger Spray+1","Expertise+1"],"picked":"SKIP","floor":37.0},{"not_picked":["Bouncing Flask","Endless Agony+1"],"picked":"PiercingWail","floor":39.0},{"not_picked":["Predator+1","Flying Knee+1"],"picked":"Escape Plan+1","floor":40.0},{"not_picked":["Slice+1","Backflip+1"],"picked":"Accuracy","floor":42.0},{"not_picked":["Underhanded Strike+1","Prepared"],"picked":"Cloak And Dagger+1","floor":45.0},{"not_picked":["Blade Dance","Outmaneuver","Acrobatics"],"picked":"Accuracy","floor":47.0}],"player_experience":1080894,"relics_obtained":[{"floor":8.0,"key":"Ancient Tea Set"},{"floor":9.0,"key":"Ninja Scroll"},{"floor":9.0,"key":"Pantograph"},{"floor":12.0,"key":"FossilizedHelix"},{"floor":23.0,"key":"Old Coin"},{"floor":25.0,"key":"Darkstone Periapt"},{"floor":26.0,"key":"Ice Cream"},{"floor":26.0,"key":"Tiny Chest"},{"floor":38.0,"key":"Bottled Flame"},{"floor":40.0,"key":"Shovel"},{"floor":41.0,"key":"Dream Catcher"},{"floor":43.0,"key":"Whetstone"},{"floor":44.0,"key":"Pen Nib"},{"floor":45.0,"key":"Question Card"}],"event_choices":[{"damage_healed":0.0,"max_hp_gain":0.0,"max_hp_loss":0.0,"gold_gain":0.0,"event_name":"Scrap Ooze","player_choice":"Success","floor":2.0,"gold_loss":0.0,"damage_taken":11.0,"relics_obtained":["Ornamental Fan"]},{"damage_healed":0.0,"max_hp_gain":0.0,"max_hp_loss":0.0,"gold_gain":0.0,"event_name":"Golden Idol","player_choice":"Take Wound","floor":3.0,"gold_loss":0.0,"damage_taken":0.0,"relics_obtained":["Golden Idol"],"cards_obtained":["Injury"]},{"damage_healed":0.0,"max_hp_gain":0.0,"max_hp_loss":0.0,"gold_gain":0.0,"cards_transformed":["Strike_G"],"event_name":"Transmorgrifier","player_choice":"Transformed","floor":4.0,"gold_loss":0.0,"damage_taken":0.0,"cards_obtained":["Bullet Time"]},{"damage_healed":0.0,"max_hp_gain":0.0,"max_hp_loss":0.0,"gold_gain":30.0,"event_name":"Dead Adventurer","player_choice":"Searched \u00272\u0027 times","floor":7.0,"gold_loss":0.0,"damage_taken":0.0,"relics_obtained":["Matryoshka"]},{"damage_healed":0.0,"max_hp_gain":0.0,"max_hp_loss":0.0,"gold_gain":0.0,"event_name":"Living Wall","player_choice":"Grow","floor":10.0,"gold_loss":0.0,"damage_taken":0.0,"cards_upgraded":["Blade Dance"]},{"cards_removed":["Injury"],"damage_healed":0.0,"max_hp_gain":0.0,"max_hp_loss":0.0,"gold_gain":0.0,"event_name":"Fountain of Cleansing","player_choice":"Removed Curses","floor":20.0,"gold_loss":0.0,"damage_taken":0.0},{"damage_healed":14.0,"max_hp_gain":0.0,"max_hp_loss":0.0,"gold_gain":0.0,"event_name":"The Library","player_choice":"Heal","floor":28.0,"gold_loss":0.0,"damage_taken":0.0},{"cards_removed":["Strike_G"],"damage_healed":0.0,"max_hp_gain":0.0,"max_hp_loss":0.0,"gold_gain":0.0,"event_name":"Falling","player_choice":"Removed Attack","floor":36.0,"gold_loss":0.0,"damage_taken":0.0},{"cards_removed":["Parasite"],"damage_healed":0.0,"max_hp_gain":0.0,"max_hp_loss":0.0,"gold_gain":0.0,"event_name":"Designer","player_choice":"Upgrade and Remove","floor":48.0,"gold_loss":110.0,"damage_taken":0.0,"cards_upgraded":["Accuracy"]}],"is_beta":false,"boss_relics":[{"not_picked":["Coffee Dripper","HoveringKite"],"picked":"Cursed Key"},{"not_picked":["bronze:MakeshiftBattery","Fusion Hammer"],"picked":"Sozu"}],"items_purged_floors":[46],"is_endless":false,"potions_floor_spawned":[8,12,16,19,25,33,35,39,40,42,47],"ascension_level":18}}