{"host":"w2kjv12xyhtt0cv2","time":1611766168,"event":{"mods":["Act Like it!","BaseMod","Colored Map","Friendly Minions","Gensokyo","GifTheSpireLib","Highlight Path","Hubris","Kiyohime（清姬）","Marisa（F雨　魔理沙）","Minty Spire (QoL Compilation)","Quick Restart","Reimu（博丽灵梦）","Relic Stats","Replay The Spire","RumiaBox-露米娅的神秘盒子","Shop Mod","Spicy Shops","StSLib","The Cursed","The Servant 0.9.4","UnlockEverythingMod","Waifu the Spire","[功能]功能增强和修复MOD","vexMod","【功能Mod】Neow奖励","【遗物卡牌】REMEMod","没有小屋子和绿帽子啦"],"gold_per_floor":[118,118,133,49,49,49,49],"floor_reached":6,"language":"ZHS","playtime":350,"items_purged":[],"score":49,"play_id":"902d2992-1698-4d07-935c-1a0014a50a8e","local_time":"20210128004928","is_ascension_mode":true,"campfire_choices":[],"circlet_count":0,"master_deck":["TheCursedMod:Strike_TheCursed","TheCursedMod:Strike_TheCursed","TheCursedMod:Strike_TheCursed","TheCursedMod:Strike_TheCursed","TheCursedMod:Defend_TheCursed","TheCursedMod:Defend_TheCursed","TheCursedMod:Defend_TheCursed","TheCursedMod:Defend_TheCursed","TheCursedMod:CursedWand","TheCursedMod:CleanUpWorkshop","TheCursedMod:Dregs","TheCursedMod:CollectTribute","TheCursedMod:SpitefulStrike","Gensokyo:BlemishedSteel"],"relics":["REME_ComplimentaryCards","hubris:TerracottaHorce","MagicDraw1","Pear"],"acts_visited":["Gensokyo:Gensokyo"],"potions_floor_usage":[],"damage_taken":[{"damage":3.0,"enemies":"Gensokyo:2_Kodama","floor":1.0,"turns":4.0},{"damage":0.0,"enemies":"Gensokyo:3_Fairies","floor":3.0,"turns":6.0},{"damage":49,"enemies":"Gensokyo:Mamizou","floor":6,"turns":8}],"seed_played":"-346180103591283539","potions_obtained":[{"floor":1.0,"key":"Explosive Potion"},{"floor":3.0,"key":"PowerPotion"}],"is_trial":false,"path_per_floor":["M","?","M","COS","?","E"],"character_chosen":"THE_CURSED","items_purchased":[],"campfire_rested":0,"item_purchase_floors":[],"current_hp_per_floor":[65,50,50,50,45,0,0],"gold":49,"neow_bonus":"BOSS_RELIC","is_daily":false,"chose_seed":false,"campfire_upgraded":0,"win_rate":0.0,"timestamp":1611766168,"path_taken":["M","?","?","COS","?","E"],"items_purchased_type":[],"build_version":"2020-12-22","purchased_purges":0,"victory":false,"max_hp_per_floor":[75,75,75,75,85,85,85],"relic_stats":{"counters":[3,18],"obtain_stats":[{"TheCursedMod:BlackMagic101":0,"Pear":5,"REME_ComplimentaryCards":0,"hubris:TerracottaHorce":0,"MagicDraw1":2},{"TheCursedMod:BlackMagic101":0,"Pear":2,"REME_ComplimentaryCards":0,"hubris:TerracottaHorce":0,"MagicDraw1":1},{"TheCursedMod:BlackMagic101":0,"Pear":10,"REME_ComplimentaryCards":0,"hubris:TerracottaHorce":0,"MagicDraw1":4}]},"card_choices":[{"not_picked":["TheCursedMod:CircleOfAmplification","TheCursedMod:EmpowerCircles","TheCursedMod:CursedMace"],"picked":"SKIP","floor":1.0},{"not_picked":["TheCursedMod:CursedAmulet","TheCursedMod:CircleOfCorruption"],"picked":"TheCursedMod:SpitefulStrike","floor":3.0}],"player_experience":224736,"relics_obtained":[],"event_choices":[],"is_beta":false,"boss_relics":[],"items_purged_floors":[],"is_endless":false,"potions_floor_spawned":[1,3],"killed_by":"Gensokyo:Mamizou","ascension_level":9}}