{"host":"52jmisti11ysmja4","time":1611710650,"event":{"mods":["Aspiration","BaseMod","Better Third Choice","Minty Spire (QoL Compilation)","Remove Card Discount Mod","StSLib","The Bug Knight","The Marked"],"gold_per_floor":[115,132,143,125,300,329,408,418,490,510,544,384,384,402,402,501,501,518,518,518,538,538,538,566,566,592,612,645,248,259,259,259,358,358,374,423,423,434,434,434,434,434,460,473,473,505,253,264,264,264],"floor_reached":51,"language":"ENG","playtime":3414,"items_purged":["theMarked:Defend","theMarked:Defend","theMarked:Defend","theMarked:Defend","theMarked:Strike","theMarked:Strike","theMarked:Strike","theMarked:Strike","theMarked:Strike","Doubt","theMarked:ChainLightning","theMarked:ChainLightning","theMarked:HeightenedSenses","theMarked:SoldierOfQuellstein"],"score":848,"play_id":"81d4d1f1-d0ec-44f6-b9f3-9d4c13dbdb7b","local_time":"20210126172410","is_ascension_mode":false,"campfire_choices":[{"data":"theMarked:BanishingWave","floor":13,"key":"SMITH"},{"data":"theMarked:Heritage","floor":15,"key":"SMITH"},{"floor":23,"key":"REST"},{"data":"theMarked:Abjuration","floor":25,"key":"SMITH"},{"floor":32,"key":"REST"},{"data":"theMarked:Heritage","floor":40,"key":"SMITH"},{"data":"theMarked:Abjuration","floor":42,"key":"SMITH"},{"data":"theMarked:SuspiciousRaven","floor":49,"key":"SMITH"}],"circlet_count":0,"master_deck":["theMarked:WardOff","theMarked:Abjuration+1","theMarked:BanishingWave+1","theMarked:ResourceFulStrike","theMarked:BanishingStrike","theMarked:WardOff","theMarked:Heritage+1","theMarked:Abjuration+1","theMarked:Frustration+1","theMarked:BanishingStrike","theMarked:TheMission+1","theMarked:ResourceFulStrike+1","theMarked:Heritage+1","theMarked:Abjuration","theMarked:SuspiciousRaven+1"],"relics":["theMarked:ArtifactOfAir","NeowsBlessing","Dream Catcher","Bottled Flame","Omamori","Sozu","aspiration:Stabinomicon","Unceasing Top","Ancient Tea Set","Smiling Mask","aspiration:HatOfInfinitePower","Shuriken","theMarked:Eyepatch","Bird Faced Urn","Akabeko","Nunchaku","Gremlin Horn"],"acts_visited":["Exordium","TheCity","TheBeyond"],"potions_floor_usage":[6,6],"damage_taken":[{"damage":0,"enemies":"2 Louse","floor":1,"turns":1},{"damage":0,"enemies":"Jaw Worm","floor":2,"turns":1},{"damage":0,"enemies":"Small Slimes","floor":3,"turns":1},{"damage":2,"enemies":"Lagavulin","floor":6,"turns":5},{"damage":0,"enemies":"3 Louse","floor":8,"turns":2},{"damage":2,"enemies":"Blue Slaver","floor":10,"turns":3},{"damage":24,"enemies":"3 Sentries","floor":11,"turns":8},{"damage":0,"enemies":"Looter","floor":14,"turns":3},{"damage":0,"enemies":"Slime Boss","floor":16,"turns":4},{"damage":5,"enemies":"Chosen","floor":18,"turns":2},{"damage":9,"enemies":"2 Thieves","floor":21,"turns":3},{"damage":12,"enemies":"Gremlin Leader","floor":24,"turns":2},{"damage":12,"enemies":"Centurion and Healer","floor":27,"turns":3},{"damage":19,"enemies":"Slavers","floor":28,"turns":4},{"damage":0,"enemies":"Snake Plant","floor":30,"turns":1},{"damage":0,"enemies":"Collector","floor":33,"turns":4},{"damage":0,"enemies":"Orb Walker","floor":35,"turns":1},{"damage":0,"enemies":"2 Orb Walkers","floor":36,"turns":3},{"damage":3,"enemies":"3 Shapes","floor":38,"turns":2},{"damage":0,"enemies":"Transient","floor":44,"turns":5},{"damage":0,"enemies":"Nemesis","floor":46,"turns":3},{"damage":0,"enemies":"Spire Growth","floor":48,"turns":2},{"damage":15,"enemies":"Donu and Deca","floor":50,"turns":4}],"seed_played":"-2218692546652362028","potions_obtained":[{"floor":2,"key":"theMarked:SummonPotion"},{"floor":3,"key":"Energy Potion"},{"floor":10,"key":"Dexterity Potion"},{"floor":14,"key":"GamblersBrew"},{"floor":16,"key":"theMarked:ChargePotion"}],"is_trial":false,"path_per_floor":["M","M","M","$","?","E","?","M","T","M","E","$","R","M","R","B",null,"M","?","$","M","?","R","E","R","T","M","E","$","M","T","R","B",null,"M","?","?","M","?","R","?","R","T","M","$","E","$","M","R","B",null],"character_chosen":"THE_DEFAULT","items_purchased":["theMarked:BanishingStrike","theMarked:WardOff","theMarked:Heritage","aspiration:HatOfInfinitePower","theMarked:Heritage","Gremlin Horn"],"campfire_rested":2,"item_purchase_floors":[12,12,12,29,29,47],"current_hp_per_floor":[70,70,70,70,70,68,68,68,68,66,42,42,42,42,42,42,70,65,65,65,56,40,61,49,49,49,37,18,18,18,18,39,39,70,70,70,70,67,66,66,66,66,66,66,66,66,66,66,66,53],"gold":264,"neow_bonus":"THREE_ENEMY_KILL","is_daily":false,"chose_seed":false,"campfire_upgraded":6,"win_rate":0.0,"timestamp":1611710650,"path_taken":["M","M","M","$","?","E","?","?","T","M","E","$","R","M","R","BOSS","M","?","$","M","?","R","E","R","T","M","E","$","M","?","R","BOSS","M","?","?","M","?","R","?","R","T","M","$","E","$","M","R","BOSS"],"items_purchased_type":["Card","Card","Card","Relic","Card","Relic"],"build_version":"2020-12-22","purchased_purges":14,"victory":true,"max_hp_per_floor":[70,70,70,70,70,70,70,70,70,70,70,70,70,70,70,70,70,70,70,70,70,70,70,70,70,70,70,70,70,70,70,70,70,70,70,70,70,70,66,66,66,66,66,66,66,66,66,66,66,66],"card_choices":[{"not_picked":["theMarked:Parkour","theMarked:ElectricStrings"],"picked":"theMarked:WardOff","floor":1},{"not_picked":["theMarked:Challenge","theMarked:Reabsorb"],"picked":"theMarked:ChainLightning","floor":2},{"not_picked":["theMarked:Memento","theMarked:Improvise"],"picked":"theMarked:HeightenedSenses","floor":3},{"not_picked":["theMarked:Determination","theMarked:BanishingStrike"],"picked":"theMarked:Abjuration","floor":6},{"not_picked":["theMarked:TwofoldDefense","theMarked:HeightenedSenses"],"picked":"theMarked:ChainLightning","floor":8},{"not_picked":["theMarked:HeightenedSenses","theMarked:SwordAndMagic"],"picked":"theMarked:BanishingWave","floor":10},{"not_picked":["theMarked:TheMission","theMarked:TwofoldDefense"],"picked":"theMarked:ResourceFulStrike","floor":11},{"not_picked":["theMarked:ComboAttacks","theMarked:Indomitable","theMarked:Aftermath"],"picked":"SKIP","floor":14},{"not_picked":["theMarked:TakeOffHeels","theMarked:UnarmedFury"],"picked":"theMarked:Abjuration","floor":16},{"not_picked":["theMarked:Indomitable+1","theMarked:ResourceFulStrike"],"picked":"theMarked:Frustration+1","floor":18},{"not_picked":["theMarked:EmpowerWeapon","theMarked:Polarize","theMarked:Improvise"],"picked":"SKIP","floor":21},{"not_picked":["theMarked:ContemptForTheProud+1","theMarked:RogueSparks"],"picked":"theMarked:TheMission+1","floor":24},{"not_picked":["theMarked:OneWithTheBlade","theMarked:ChainLightning","theMarked:HeightenedSenses"],"picked":"SKIP","floor":27},{"not_picked":["theMarked:FavorableWinds","theMarked:Frustration"],"picked":"theMarked:ResourceFulStrike+1","floor":28},{"not_picked":["theMarked:ElectricStrings","theMarked:AttractMetal+1","theMarked:TakeCover+1"],"picked":"SKIP","floor":30},{"not_picked":["theMarked:ThrowWeapon","theMarked:DispelDoubt"],"picked":"theMarked:Abjuration","floor":33},{"not_picked":["theMarked:Aftermath+1","theMarked:Pokerface+1"],"picked":"theMarked:WardOff","floor":35},{"not_picked":["theMarked:TwofoldDefense+1","theMarked:ShockingTouch","theMarked:Parkour"],"picked":"SKIP","floor":38},{"not_picked":["theMarked:Electrify+1","theMarked:OneWithTheBlade+1"],"picked":"theMarked:SuspiciousRaven","floor":44},{"not_picked":["theMarked:ResourceFulStrike","theMarked:FavorableWinds","theMarked:Static+1"],"picked":"SKIP","floor":46},{"not_picked":["theMarked:MuscleMemory+1","theMarked:EmpowerWeapon","theMarked:Indomitable"],"picked":"SKIP","floor":48}],"player_experience":590785,"relics_obtained":[{"floor":6,"key":"Dream Catcher"},{"floor":9,"key":"Bottled Flame"},{"floor":11,"key":"Omamori"},{"floor":22,"key":"aspiration:Stabinomicon"},{"floor":24,"key":"Unceasing Top"},{"floor":26,"key":"Ancient Tea Set"},{"floor":28,"key":"Smiling Mask"},{"floor":31,"key":"Shuriken"},{"floor":36,"key":"Bird Faced Urn"},{"floor":43,"key":"Akabeko"},{"floor":46,"key":"Nunchaku"}],"event_choices":[{"damage_healed":0,"gold_gain":175,"player_choice":"AGREE","damage_taken":125,"max_hp_gain":0,"max_hp_loss":0,"event_name":"betterThird:BetterSerpent","floor":5,"gold_loss":0},{"damage_healed":0,"gold_gain":79,"player_choice":"Gained Gold","damage_taken":0,"max_hp_gain":0,"max_hp_loss":0,"event_name":"Golden Wing","floor":7,"gold_loss":0},{"damage_healed":0,"gold_gain":0,"player_choice":"Read","damage_taken":0,"max_hp_gain":0,"max_hp_loss":0,"event_name":"The Library","floor":19,"gold_loss":0,"cards_obtained":["theMarked:BanishingStrike"]},{"damage_healed":0,"gold_gain":0,"player_choice":"Obtained Book","damage_taken":16,"max_hp_gain":0,"max_hp_loss":0,"event_name":"Cursed Tome","floor":22,"gold_loss":0},{"damage_healed":0,"gold_gain":0,"player_choice":"Fight","damage_taken":0,"max_hp_gain":0,"max_hp_loss":0,"event_name":"Mysterious Sphere","floor":36,"gold_loss":0},{"cards_removed":["theMarked:WardOff"],"damage_healed":0,"gold_gain":0,"player_choice":"Removed Skill","damage_taken":0,"max_hp_gain":0,"max_hp_loss":0,"event_name":"Falling","floor":37,"gold_loss":0},{"damage_healed":0,"gold_gain":0,"player_choice":"Max HP","damage_taken":0,"max_hp_gain":0,"max_hp_loss":4,"event_name":"Winding Halls","floor":39,"gold_loss":0},{"damage_healed":0,"gold_gain":0,"player_choice":"Ignored","damage_taken":0,"max_hp_gain":0,"max_hp_loss":0,"event_name":"Tomb of Lord Red Mask","floor":41,"gold_loss":0}],"is_beta":false,"boss_relics":[{"not_picked":["aspiration:DefectSkillbook","Calling Bell"],"picked":"Sozu"},{"not_picked":["SlaversCollar","Velvet Choker"],"picked":"theMarked:Eyepatch"}],"items_purged_floors":[4,4,4,4,4,4,4,4,4,12,12,29,29,29],"is_endless":false,"potions_floor_spawned":[2,3,10,14,16,24,27,33,38,44,48],"ascension_level":0}}