{"host":"ojezjkpqju62j8xy","time":1611750344,"event":{"mods":["ATMod(°¢èªMod)","Act Like it!","Aspiration","BaseMod","Conspire","Minty Spire (QoL Compilation)","Pale of the Ancients","Replay The Spire","Spicy Shops","StSLib","[GremlinLeader]The Maniac","¡¾ÒÅÎï¿¨ÅÆ¡¿REMEMod"],"gold_per_floor":[109,120,140,14,30,30,58,58,81,81,81],"floor_reached":10,"language":"ZHS","playtime":230,"items_purged":[],"score":144,"play_id":"25d08ea8-813b-43d9-88ce-654dd0fb5c2c","local_time":"20210127202544","is_ascension_mode":true,"campfire_choices":[{"floor":6,"key":"DIG"},{"floor":8,"key":"DIG"}],"circlet_count":0,"master_deck":["AscendersBane","Strike_B","Strike_B","Strike_B","Strike_B","Defend_B","Defend_B","Defend_B","Defend_B","Zap","Dualcast","AT_ManFootWork","Flame Barrier","Turbo","Self Repair","Panic Button","Sunder","ReplayTheSpireMod:Calculation Training","Chill"],"relics":["Cracked Core","AT_ATBox","REME_ComplimentaryCards","Shovel","aspiration:StickyExplosives_weak","Prayer Wheel","Mirror"],"acts_visited":["Exordium"],"potions_floor_usage":[7,7],"damage_taken":[{"damage":3,"enemies":"2 Louse","floor":1,"turns":2},{"damage":7,"enemies":"Jaw Worm","floor":2,"turns":4},{"damage":6,"enemies":"Cultist","floor":3,"turns":4},{"damage":27,"enemies":"Large Slime","floor":5,"turns":7},{"damage":0,"enemies":"Gremlin Nob","floor":7,"turns":2},{"damage":23,"enemies":"3 Sentries","floor":10,"turns":2}],"seed_played":"-1262560072466228451","potions_obtained":[{"floor":2,"key":"AttackPotion"}],"is_trial":false,"path_per_floor":["M","M","M","$","M","R","E","R","T","E"],"character_chosen":"DEFECT","items_purchased":["Sunder","AttackPotion"],"campfire_rested":0,"item_purchase_floors":[4,4],"current_hp_per_floor":[47,40,41,41,21,21,21,21,21,0,0],"gold":81,"neow_bonus":"ONE_RARE_RELIC","is_daily":false,"chose_seed":false,"campfire_upgraded":0,"win_rate":0.0,"timestamp":1611750344,"path_taken":["M","M","M","$","M","R","E","R","T","E"],"items_purchased_type":["Card","Potion"],"build_version":"2020-12-22","purchased_purges":0,"victory":false,"max_hp_per_floor":[75,75,75,75,75,75,75,75,75,75,75],"card_choices":[{"not_picked":["Steam","FIFO Queue"],"picked":"Turbo","floor":1},{"not_picked":["ReplayGash","Go for the Eyes"],"picked":"Self Repair","floor":2},{"not_picked":["Gash","REME_Compress"],"picked":"Panic Button","floor":3},{"not_picked":["Auto Shields","Rebound"],"picked":"ReplayTheSpireMod:Calculation Training","floor":5},{"not_picked":["Hologram","Go for the Eyes"],"picked":"Chill","floor":7}],"player_experience":1393968,"relics_obtained":[{"floor":6,"key":"aspiration:StickyExplosives_weak"},{"floor":7,"key":"Prayer Wheel"},{"floor":8,"key":"Mirror"}],"event_choices":[],"is_beta":false,"boss_relics":[],"items_purged_floors":[],"is_endless":false,"potions_floor_spawned":[2],"killed_by":"3 Sentries","ascension_level":11}}