{"host":"8d3fefv2347kqkpz","time":1611744187,"event":{"mods":["AchievementEnabler","Act Like it!","Aspiration","BaseMod","Better Vampires","Colored Map","Colored Powertips","Conspire","GifTheSpireLib","Hermit","Highlight Path","Hubris","Marisa£®ÏF”Í°°ƒß¿Ì…≥£©","Mimic Mod","Minty Spire (QoL Compilation)","Quick Restart","Rare Cards Sparkle","Reimu£®≤©¿ˆ¡È√Œ£©","Relic Stats","Remilia£®¿Ÿ√◊¿Ú—«£©","Replay The Spire","Spicy Shops","StSLib","The Cursed","The Jungle","The Servant 0.9.4","Waifu the Spire","Youmu£®ªÍ∆«—˝√Œ£©"],"gold_per_floor":[115,133,144,144,157,157,167,167,191,16,46,46,56,75,75,174,174,187,237,255,79,0,0,11,22,22,22,28,28],"floor_reached":28,"language":"ZHS","playtime":1037,"items_purged":["Strike_R","Defend_R","Defend_R"],"score":222,"play_id":"a6a4016b-c863-4f08-90e4-9aa09443e070","local_time":"20210127184307","is_ascension_mode":false,"campfire_choices":[{"data":"ReplayTheSpireMod:LeadingStrike","floor":6.0,"key":"SMITH"},{"data":"Demon Form","floor":12.0,"key":"SMITH"},{"floor":15.0,"key":"REST"},{"floor":23.0,"key":"REST"}],"circlet_count":0,"master_deck":["Strike_R","Strike_R","Bash","Spot Weakness","ReplayTheSpireMod:LeadingStrike+1","Demon Form+1","Cleave","conspire:Purge","Armaments","Armaments","Sword Boomerang","Seeing Red+1"],"relics":["Burning Blood","ReplayTheSpireMod:Lightbulb","Blood Vial","Mark of Pain","Replay:Bandana"],"acts_visited":["Exordium","TheCity"],"potions_floor_usage":[],"damage_taken":[{"damage":10.0,"enemies":"Cultist","floor":1.0,"turns":4.0},{"damage":11.0,"enemies":"2 Louse","floor":2.0,"turns":3.0},{"damage":3.0,"enemies":"Small Slimes","floor":3.0,"turns":3.0},{"damage":17.0,"enemies":"3 Louse","floor":5.0,"turns":6.0},{"damage":4.0,"enemies":"Exordium Wildlife","floor":7.0,"turns":4.0},{"damage":39.0,"enemies":"3 Sentries","floor":11.0,"turns":8.0},{"damage":14.0,"enemies":"Exordium Thugs","floor":13.0,"turns":6.0},{"damage":5.0,"enemies":"2 Fungi Beasts","floor":14.0,"turns":3.0},{"damage":21.0,"enemies":"Slime Boss","floor":16.0,"turns":5.0},{"damage":43.0,"enemies":"Spheric Guardian","floor":18.0,"turns":6.0},{"damage":36.0,"enemies":"Shell Parasite","floor":20.0,"turns":8.0},{"damage":34.0,"enemies":"Shelled Parasite and Fungi","floor":24.0,"turns":5.0},{"damage":16.0,"enemies":"Snake Plant","floor":25.0,"turns":4.0},{"damage":17,"enemies":"Centurion and Healer","floor":28,"turns":1}],"seed_played":"8037840115917453844","potions_obtained":[{"floor":3.0,"key":"AttackPotion"},{"floor":13.0,"key":"Weak Potion"},{"floor":14.0,"key":"BlessingOfTheForge"},{"floor":16.0,"key":"Explosive Potion"},{"floor":20.0,"key":"DuplicationPotion"},{"floor":25.0,"key":"PowerPotion"}],"is_trial":false,"path_per_floor":["M","M","M","?","M","R","M","?","T","$","E","R","M","M","R","B",null,"M","?","M","$","?","R","M","M","T","?","M"],"character_chosen":"IRONCLAD","items_purchased":["Armaments"],"campfire_rested":2,"item_purchase_floors":[21],"current_hp_per_floor":[84,79,82,82,71,71,73,73,73,73,40,40,34,37,63,50,88,51,51,23,23,23,49,23,15,15,15,0,0],"gold":28,"neow_bonus":"TEN_PERCENT_HP_BONUS","is_daily":false,"chose_seed":false,"campfire_upgraded":2,"win_rate":0.0,"timestamp":1611744187,"path_taken":["M","M","M","?","M","R","M","?","T","$","E","R","M","M","R","BOSS","M","?","M","?","?","R","M","M","T","?","?"],"items_purchased_type":["Card"],"build_version":"2020-12-22","purchased_purges":3,"victory":false,"max_hp_per_floor":[88,88,88,88,88,88,88,88,88,88,88,88,88,88,88,88,88,88,88,88,88,88,88,88,88,88,88,88,88],"relic_stats":{"Blood Vial":14,"counters":[14,66],"obtain_stats":[{"Blood Vial":11,"Replay:Bandana":26,"Mark of Pain":17,"ReplayTheSpireMod:Lightbulb":9,"Burning Blood":0},{"Blood Vial":6,"Replay:Bandana":13,"Mark of Pain":9,"ReplayTheSpireMod:Lightbulb":5,"Burning Blood":0},{"Blood Vial":28,"Replay:Bandana":65,"Mark of Pain":42,"ReplayTheSpireMod:Lightbulb":20,"Burning Blood":0}],"Burning Blood":78},"card_choices":[{"not_picked":["Iron Wave","Defy Death","Burning Pact"],"picked":"SKIP","floor":1.0},{"not_picked":["Iron Wave","Shockwave"],"picked":"Spot Weakness","floor":2.0},{"not_picked":["ReplayTheSpireMod:Strike From Hell","Perfected Strike"],"picked":"ReplayTheSpireMod:LeadingStrike","floor":3.0},{"not_picked":["conspire:Charge","Clash","Dual Wield"],"picked":"SKIP","floor":5.0},{"not_picked":["hubris:ReadiedAction","Uppercut","Body Slam"],"picked":"SKIP","floor":7.0},{"not_picked":["Uppercut","Iron Wave"],"picked":"Demon Form","floor":11.0},{"not_picked":["Massacre","Thunderclap","Clash"],"picked":"SKIP","floor":13.0},{"not_picked":["Iron Wave","ReplayReversal"],"picked":"Cleave","floor":14.0},{"not_picked":["Fiend Fire","Bludgeon"],"picked":"conspire:Purge","floor":16.0},{"not_picked":["Perfected Strike","Evolve","Cleave"],"picked":"SKIP","floor":18.0},{"not_picked":["Perfected Strike","True Grit"],"picked":"Armaments","floor":20.0},{"not_picked":["conspire:ExplosiveBarrier+1","Clothesline"],"picked":"Sword Boomerang","floor":24.0},{"not_picked":["Flex","Armaments"],"picked":"Seeing Red+1","floor":25.0}],"player_experience":204135,"relics_obtained":[{"floor":9.0,"key":"ReplayTheSpireMod:Lightbulb"},{"floor":11.0,"key":"Blood Vial"},{"floor":26.0,"key":"Replay:Bandana"}],"event_choices":[{"cards_removed":["Strike_R"],"damage_healed":0.0,"max_hp_gain":0.0,"max_hp_loss":0.0,"gold_gain":0.0,"event_name":"Living Wall","player_choice":"Forget","floor":4.0,"gold_loss":0.0,"damage_taken":0.0},{"damage_healed":0.0,"max_hp_gain":0.0,"max_hp_loss":0.0,"gold_gain":100.0,"event_name":"The Joust","player_choice":"Bet on Murderer","floor":19.0,"gold_loss":50.0,"damage_taken":0.0},{"damage_healed":0.0,"max_hp_gain":0.0,"max_hp_loss":0.0,"gold_gain":0.0,"event_name":"Masked Bandits","player_choice":"Paid Fearfully","floor":22.0,"gold_loss":79.0,"damage_taken":0.0}],"is_beta":false,"boss_relics":[{"not_picked":["ChewingGum","Empty Cage"],"picked":"Mark of Pain"}],"items_purged_floors":[10,10,21],"is_endless":false,"potions_floor_spawned":[3,13,14,16,20,25],"killed_by":"Centurion and Healer","ascension_level":0}}