{"host":"srk2drlvga69hbot","time":1611721030,"event":{"mods":["AchievementEnabler","BaseMod","Best Route Mod","Bestiary","Block Reminder","Colored Map","Colored Powertips","Curses Come First","Dark Map","DeckTracker","Downfall","Highlight Path","Minty Spire (QoL Compilation)","Quick Restart","Rare Cards Sparkle","Relic Stats","Slay-I","StSLib","SuperFastMode","Unceasing Turn Reminder"],"gold_per_floor":[109,124,124,124,25,25,41,41,41,58,58,74,74,91,91,162,212,230,240,256,156,156,156],"floor_reached":22,"language":"ZHS","playtime":992,"items_purged":["Strike_R","Strike_R"],"score":303,"play_id":"3966f429-81bb-4818-9681-ee5816c0aec1","local_time":"20210127121710","is_ascension_mode":true,"campfire_choices":[{"data":"Flex","floor":6.0,"key":"SMITH"},{"data":"Shrug It Off","floor":8.0,"key":"SMITH"},{"data":"Sword Boomerang","floor":13.0,"key":"SMITH"},{"data":"Bash","floor":15.0,"key":"SMITH"}],"circlet_count":0,"master_deck":["AscendersBane","Defend_R","Defend_R","Defend_R","Defend_R","Bash+1","Twin Strike","Intimidate","Flex+1","Shrug It Off+1","Sword Boomerang+1","Armaments+1","Warcry","Headbutt","Exhume","Pummel","Shockwave+1","Flex","Warcry+1"],"relics":["Burning Blood","Letter Opener","Shuriken","Tiny House"],"acts_visited":["Exordium","TheCity"],"potions_floor_usage":[],"damage_taken":[{"damage":10.0,"enemies":"Cultist","floor":1.0,"turns":5.0},{"damage":3.0,"enemies":"Jaw Worm","floor":2.0,"turns":5.0},{"damage":0.0,"enemies":"2 Louse","floor":7.0,"turns":2.0},{"damage":7.0,"enemies":"Lots of Slimes","floor":10.0,"turns":3.0},{"damage":0.0,"enemies":"Red Slaver","floor":12.0,"turns":3.0},{"damage":9.0,"enemies":"2 Fungi Beasts","floor":14.0,"turns":3.0},{"damage":49.0,"enemies":"The Guardian","floor":16.0,"turns":9.0},{"damage":0.0,"enemies":"Chosen","floor":18.0,"turns":3.0},{"damage":53.0,"enemies":"3 Byrds","floor":19.0,"turns":6.0},{"damage":20.0,"enemies":"Snake Plant","floor":20.0,"turns":4.0},{"damage":14,"enemies":"Centurion and Healer","floor":22,"turns":1}],"seed_played":"-267059275076393862","potions_obtained":[{"floor":1.0,"key":"GamblersBrew"},{"floor":7.0,"key":"Explosive Potion"},{"floor":14.0,"key":"Swift Potion"},{"floor":17.0,"key":"Energy Potion"}],"is_trial":false,"path_per_floor":["M","M","T","?","$","R","M","R","T","M","?","M","R","M","R","B",null,"M","M","M","$","M"],"character_chosen":"IRONCLAD","items_purchased":["Flex"],"campfire_rested":0,"item_purchase_floors":[5],"current_hp_per_floor":[46,49,49,49,49,49,55,55,55,54,54,60,60,57,57,14,65,71,24,10,10,0,0],"gold":156,"neow_bonus":"REMOVE_TWO","is_daily":false,"chose_seed":false,"campfire_upgraded":4,"win_rate":0.0,"timestamp":1611721030,"path_taken":["M","M","?","?","$","R","M","R","T","?","?","?","R","M","R","BOSS","M","M","M","$","M"],"items_purchased_type":["Card"],"build_version":"2020-12-22","purchased_purges":2,"victory":false,"max_hp_per_floor":[75,75,75,75,75,75,75,75,75,75,75,75,75,75,75,75,80,80,80,80,80,80,80],"relic_stats":{"counters":[11,44],"Shuriken":[0],"Letter Opener":[102],"obtain_stats":[{"Tiny House":17,"Shuriken":9,"Letter Opener":3,"Burning Blood":0},{"Tiny House":7,"Shuriken":3,"Letter Opener":2,"Burning Blood":0},{"Tiny House":30,"Shuriken":12,"Letter Opener":10,"Burning Blood":0}],"Burning Blood":60},"card_choices":[{"not_picked":["Feel No Pain","Wild Strike","Searing Blow"],"picked":"SKIP","floor":1.0},{"not_picked":["Power Through","Iron Wave"],"picked":"Twin Strike","floor":2.0},{"not_picked":["Flex","Juggernaut"],"picked":"Shrug It Off","floor":7.0},{"not_picked":["Combust","Warcry"],"picked":"Sword Boomerang","floor":10.0},{"not_picked":["Cleave","Clash"],"picked":"Warcry","floor":12.0},{"not_picked":["Perfected Strike","Thunderclap"],"picked":"Headbutt","floor":14.0},{"not_picked":["Immolate","Barricade"],"picked":"Exhume","floor":16.0},{"not_picked":["Wild Strike","Warcry"],"picked":"Pummel","floor":17.0},{"not_picked":["Hemokinesis+1","Feel No Pain"],"picked":"Shockwave+1","floor":18.0},{"not_picked":["Wild Strike","Fire Breathing"],"picked":"Flex","floor":19.0},{"not_picked":["True Grit","Heavy Blade"],"picked":"Warcry+1","floor":20.0}],"player_experience":301132,"relics_obtained":[{"floor":3.0,"key":"Letter Opener"},{"floor":9.0,"key":"Shuriken"}],"event_choices":[{"damage_healed":0.0,"max_hp_gain":0.0,"max_hp_loss":0.0,"gold_gain":0.0,"cards_transformed":["Strike_R"],"event_name":"Transmorgrifier","player_choice":"Transformed","floor":4.0,"gold_loss":0.0,"damage_taken":0.0,"cards_obtained":["Intimidate"]},{"damage_healed":0.0,"max_hp_gain":0.0,"max_hp_loss":0.0,"gold_gain":0.0,"event_name":"Match and Keep!","player_choice":"1 cards matched","floor":11.0,"gold_loss":0.0,"damage_taken":0.0,"cards_obtained":["Armaments"]}],"is_beta":false,"boss_relics":[{"not_picked":["Fusion Hammer","Velvet Choker"],"picked":"Tiny House"}],"items_purged_floors":[5,21],"is_endless":false,"potions_floor_spawned":[1,7,14],"killed_by":"Centurion and Healer","ascension_level":14}}