{"host":"dx8mnueonnkh60qu","time":1611729906,"event":{"mods":["AchievementEnabler","Act Like it!","Aspiration","BaseMod","Better Silent Start","Better Third Choice","CCEM2","Conspire","Defuse TimeMaze Blight","Dota2Spire","Downfall","Evolution","Hubris","Infinite Spire","Marked Mod","Minty Spire (QoL Compilation)","Quarter Circle Forward PUNCH!","Rare Cards Sparkle","Relic Stats","Reliquary","Robot Space Explorer","Spicy Shops","Spikes Relics","StSLib","SuperFastMode","The Blue Laboratory","The Caster"],"gold_per_floor":[99,109,152,170,170,181,208,208,208,243,80,89,89,130,147,260,260,160,181,10,35,62,84,84,95,111,111,138,166,166,180,203,317,317,317,343,356,356,356,356,356,356],"floor_reached":40,"language":"ENG","playtime":1834,"items_purged":[],"score":500,"play_id":"7980f158-d04c-476b-9bcf-60c545c8f535","local_time":"20210127014506","is_ascension_mode":true,"campfire_choices":[{"data":"Discovery","floor":1.0,"key":"SMITH"},{"floor":8.0,"key":"REST"},{"data":"bronze:Terminator","floor":13.0,"key":"SMITH"},{"data":"bronze:SpaghettiCode","floor":18.0,"key":"SMITH"},{"floor":27.0,"key":"REST"},{"data":"bronze:DigitalCarnage","floor":30.0,"key":"SMITH"},{"data":"bronze:BronzeOrb","floor":35.0,"key":"SMITH"}],"circlet_count":0,"master_deck":["bronze:Strike","bronze:Strike","bronze:Strike","bronze:Strike","bronze:Defend+1","bronze:Defend","bronze:Defend","bronze:Defend","bronze:Replicate+1","bronze:Goto","Discovery+1","bronze:Terminator+1","bronze:Backtrace","bronze:WhirlingStrike+1","bronze:BronzeOrb+1","bronze:Iterate+1","bronze:Boost","bronze:ThunderWave","bronze:DigitalCarnage+1","bronze:SpaghettiCode+1","bronze:DelayedSlice","bronze:ItsAFeature","bronze:Flail+1","bronze:InfiniteBeams+1","bronze:Branch+1","bronze:DelayedGuard+1","bronze:ChildClass+1","bronze:Assembly","bronze:Overheat+1"],"relics":["bronze:PlatinumCore","EVO:Axolotl","CCEMRelics:GrindingGear","CeramicFish","Anchor","Lee\u0027s Waffle","CCEMRelics:Apple","downfall:HeartBlessingGreen","Strange Spoon","aspiration:Lifesprig","Dota2Spire:Bloodstone","War Paint"],"acts_visited":["Exordium","TheCity","TheBeyond"],"potions_floor_usage":[],"damage_taken":[{"damage":4.0,"enemies":"Jaw Worm","floor":2.0,"turns":5.0},{"damage":22.0,"enemies":"conspire:MimicChest","floor":3.0,"turns":9.0},{"damage":0.0,"enemies":"conspire:RoseBush","floor":4.0,"turns":2.0},{"damage":11.0,"enemies":"infinitespire:Voidling","floor":6.0,"turns":3.0},{"damage":0.0,"enemies":"Gremlin Nob","floor":10.0,"turns":2.0},{"damage":10.0,"enemies":"downfall:FleeingMerchant","floor":11.0,"turns":4.0},{"damage":0.0,"enemies":"3 Sentries","floor":14.0,"turns":2.0},{"damage":0.0,"enemies":"Gremlin Gang","floor":15.0,"turns":1.0},{"damage":54.0,"enemies":"WA_ARCHETYPE_RETAIN","floor":16.0,"turns":9.0},{"damage":12.0,"enemies":"conspire:FuzzyDice","floor":19.0,"turns":4.0},{"damage":15.0,"enemies":"downfall:FleeingMerchant","floor":20.0,"turns":4.0},{"damage":1.0,"enemies":"Centurion and Healer","floor":21.0,"turns":5.0},{"damage":0.0,"enemies":"Snake Plant","floor":22.0,"turns":3.0},{"damage":15.0,"enemies":"conspire:HollyBat","floor":23.0,"turns":9.0},{"damage":1.0,"enemies":"Cultist and Chosen","floor":25.0,"turns":4.0},{"damage":6.0,"enemies":"Centurion and Healer","floor":26.0,"turns":3.0},{"damage":0.0,"enemies":"Shelled Parasite and Fungi","floor":28.0,"turns":2.0},{"damage":0.0,"enemies":"Cultist and Chosen","floor":29.0,"turns":2.0},{"damage":0.0,"enemies":"3 Cultists","floor":31.0,"turns":2.0},{"damage":0.0,"enemies":"Centurion and Healer","floor":32.0,"turns":3.0},{"damage":22.0,"enemies":"SI_MIRROR_ARCHETYPE","floor":33.0,"turns":6.0},{"damage":0.0,"enemies":"3 Shapes","floor":36.0,"turns":2.0},{"damage":15.0,"enemies":"3 Darklings","floor":37.0,"turns":3.0},{"damage":0,"enemies":"Maw","floor":40,"turns":1}],"seed_played":"-5195993506464224607","potions_obtained":[{"floor":3.0,"key":"blueLaboratory:ArtificerPotion"},{"floor":4.0,"key":"blueLaboratory:FrostheartPotion"},{"floor":5.0,"key":"Slimebound:ThreeZeroPotion"},{"floor":5.0,"key":"PowerPotion"},{"floor":16.0,"key":"Dota2Spire:HealingSalve"},{"floor":21.0,"key":"bronze:BurnAndBuffPotion"},{"floor":22.0,"key":"LiquidBronze"},{"floor":28.0,"key":"blueLaboratory:RememoryPotion"}],"is_trial":false,"path_per_floor":["R","M","?","M","?","M","T","R","?","E","$","?","R","E","M","B",null,"R","M","$","M","M","M","T","M","M","R","M","M","R","M","M","B",null,"R","M","M","$","?","M"],"character_chosen":"THE_AUTOMATON","items_purchased":["Lee\u0027s Waffle","Strange Spoon","War Paint"],"campfire_rested":2,"item_purchase_floors":[11,20,38],"current_hp_per_floor":[70,66,44,44,44,33,33,54,54,54,77,77,77,77,77,26,80,80,68,53,52,52,40,40,42,39,65,68,68,68,68,68,46,89,89,89,74,64,64,64,64,64],"gold":356,"neow_bonus":"RANDOM_COLORLESS","is_daily":false,"chose_seed":false,"campfire_upgraded":5,"win_rate":0.0,"timestamp":1611729906,"path_taken":["R","M","?","?","?","?","T","R","?","E","$","?","R","E","M","BOSS","R","M","$","M","M","M","T","M","M","R","M","M","R","M","M","BOSS","R","M","?","?","?","M"],"items_purchased_type":["Relic","Relic","Relic"],"build_version":"2020-12-22","purchased_purges":0,"victory":false,"max_hp_per_floor":[70,70,70,70,70,70,70,70,70,70,77,77,77,77,77,80,80,80,80,80,80,80,83,83,86,89,89,89,89,89,89,89,89,89,89,89,89,89,89,89,89,89],"relic_stats":{"Strange Spoon":[18],"Lee\u0027s Waffle":33,"counters":[24,90],"CeramicFish":126,"War Paint":["bronze:DelayedGuard","bronze:Defend"],"obtain_stats":[{"bronze:PlatinumCore":17,"Lee\u0027s Waffle":11,"aspiration:Lifesprig":24,"bronze:BronzeCore":0,"CeramicFish":7,"downfall:HeartBlessingGreen":18,"Dota2Spire:Bloodstone":34,"EVO:Axolotl":0,"War Paint":38,"Strange Spoon":20,"Anchor":10,"CCEMRelics:Apple":14,"CCEMRelics:GrindingGear":3},{"bronze:PlatinumCore":9,"Lee\u0027s Waffle":6,"aspiration:Lifesprig":14,"bronze:BronzeCore":0,"CeramicFish":4,"downfall:HeartBlessingGreen":9,"Dota2Spire:Bloodstone":21,"EVO:Axolotl":0,"War Paint":23,"Strange Spoon":11,"Anchor":5,"CCEMRelics:Apple":7,"CCEMRelics:GrindingGear":2},{"bronze:PlatinumCore":37,"Lee\u0027s Waffle":25,"aspiration:Lifesprig":62,"bronze:BronzeCore":0,"CeramicFish":19,"downfall:HeartBlessingGreen":37,"Dota2Spire:Bloodstone":84,"EVO:Axolotl":0,"War Paint":89,"Strange Spoon":45,"Anchor":21,"CCEMRelics:Apple":27,"CCEMRelics:GrindingGear":14}]},"card_choices":[{"not_picked":["Mind Blast","PlatinumSkin"],"picked":"Discovery","floor":0.0},{"not_picked":["bronze:Safeguard","bronze:Deprecate"],"picked":"bronze:Terminator","floor":2.0},{"not_picked":["bronze:Shell","bronze:Frontload"],"picked":"bronze:Backtrace","floor":3.0},{"not_picked":["bronze:Backtrace","bronze:Invalidate"],"picked":"bronze:WhirlingStrike","floor":4.0},{"not_picked":["bronze:CutThrough","bronze:Deprecate"],"picked":"bronze:BronzeOrb","floor":6.0},{"not_picked":["bronze:CleanCode","bronze:FindAndReplace"],"picked":"bronze:Iterate","floor":10.0},{"not_picked":["bronze:Overheat","bronze:Repair"],"picked":"bronze:Boost","floor":11.0},{"not_picked":["bronze:ForLoop","bronze:CloningBeam"],"picked":"bronze:DigitalCarnage","floor":14.0},{"not_picked":["bronze:Iterate","bronze:Safeguard","bronze:BuggyMess"],"picked":"SKIP","floor":15.0},{"not_picked":["bronze:FindAndReplace","bronze:RecursiveStrike"],"picked":"bronze:SpaghettiCode","floor":16.0},{"not_picked":["bronze:Deprecate","bronze:BugBarrage"],"picked":"bronze:DelayedSlice","floor":19.0},{"not_picked":["bronze:BugBarrage","bronze:Terminator","bronze:OilSpill"],"picked":"SKIP","floor":20.0},{"not_picked":["bronze:GetLatest","bronze:Overload"],"picked":"bronze:ItsAFeature","floor":21.0},{"not_picked":["bronze:CutThrough","bronze:Invalidate"],"picked":"bronze:Flail+1","floor":22.0},{"not_picked":["bronze:WildBeam+1","bronze:ItsAFeature"],"picked":"bronze:InfiniteBeams+1","floor":23.0},{"not_picked":["bronze:DigitalCarnage","bronze:GetLatest","bronze:Refactor"],"picked":"SKIP","floor":25.0},{"not_picked":["bronze:OilSpill","bronze:Break","bronze:BitShift"],"picked":"SKIP","floor":26.0},{"not_picked":["bronze:Frontload","bronze:DarkDash"],"picked":"bronze:Branch+1","floor":28.0},{"not_picked":["bronze:Shield","bronze:Iterate"],"picked":"bronze:DelayedGuard","floor":29.0},{"not_picked":["bronze:Shield","bronze:BuggyMess","bronze:Deprecate+1"],"picked":"SKIP","floor":31.0},{"not_picked":["bronze:DelayedSlice","bronze:ForceShield"],"picked":"bronze:ChildClass","floor":32.0},{"not_picked":["bronze:InfiniteLoop","bronze:Mutator"],"picked":"bronze:Assembly","floor":33.0},{"not_picked":["bronze:ForceShield+1","bronze:DigitalCarnage+1"],"picked":"bronze:Overheat+1","floor":36.0},{"not_picked":["bronze:DigitalCarnage","bronze:FineTuning","bronze:DelayedGuard"],"picked":"SKIP","floor":37.0}],"player_experience":606247,"relics_obtained":[{"floor":3.0,"key":"CCEMRelics:GrindingGear"},{"floor":7.0,"key":"CeramicFish"},{"floor":10.0,"key":"Anchor"},{"floor":14.0,"key":"CCEMRelics:Apple"},{"floor":24.0,"key":"aspiration:Lifesprig"}],"event_choices":[{"damage_healed":0.0,"max_hp_gain":0.0,"max_hp_loss":0.0,"gold_gain":0.0,"event_name":"Lab","player_choice":"Got Potions","floor":5.0,"gold_loss":0.0,"damage_taken":0.0},{"damage_healed":0.0,"max_hp_gain":0.0,"max_hp_loss":0.0,"gold_gain":0.0,"event_name":"Living Wall","player_choice":"Grow","floor":9.0,"gold_loss":0.0,"damage_taken":0.0,"cards_upgraded":["bronze:WhirlingStrike"]}],"is_beta":false,"boss_relics":[{"not_picked":["qcfpunch:Dark_Gi","CosmicIsotope"],"picked":"bronze:PlatinumCore"},{"not_picked":["Runic Pyramid","aspiration:SilentSkillbook"],"picked":"Dota2Spire:Bloodstone"}],"items_purged_floors":[],"is_endless":false,"potions_floor_spawned":[3,4,6,16,21,22,28,32],"killed_by":"Maw","ascension_level":1}}