{"host":"6jxiafzta1a1kcvk","time":1611732477,"event":{"mods":["100% Spire Juice","Act Like it!","Arknights The Spire","BaseMod","Conspire","Hubris","Minty Spire (QoL Compilation)","Prisma Mod","Replay The Spire","Spicy Shops","StSLib","SuperFastMode"],"gold_per_floor":[110,125,125,173,204,204,223,250,250,264,277,202,202,231,243,350,462,486,597,609,641,653,665,677,707,719,731,743,789,801,826,838,948,960,987,999,1011,1373,1400,1412,1457,1480,1492,864,864,864,899,909,909,909,909,909,380,410,410],"floor_reached":56,"language":"ZHS","playtime":2146,"items_purged":["PrismaMod:IllyaCommonAttack","PrismaMod:IllyaCommonAttack","PrismaMod:IllyaCommonAttack"],"score":1306,"play_id":"08c4e19a-80dd-416b-9b85-ecd0c00ee8a2","local_time":"20210127152757","is_ascension_mode":false,"campfire_choices":[{"data":"PrismaMod:IllyaUncommonDefend","floor":6,"key":"SMITH"},{"data":"PrismaMod:IllyaCarnivalOrbs","floor":15,"key":"SMITH"},{"data":"PrismaMod:IllyaUncommonDefend","floor":23,"key":"SMITH"},{"data":"PrismaMod:IllyaUncommonDefend","floor":27,"key":"SMITH"},{"data":"PrismaMod:IllyaCheapChannelAttack","floor":30,"key":"SMITH"},{"floor":32,"key":"RECALL"},{"floor":40,"key":"REST"},{"data":"PrismaMod:IllyaCarnivalOrbs","floor":46,"key":"SMITH"},{"data":"PrismaMod:IllyaCarnivalOrbs","floor":49,"key":"SMITH"},{"data":"PrismaMod:IllyaCheapChannelAttack","floor":52,"key":"SMITH"}],"circlet_count":0,"master_deck":["PrismaMod:IllyaCommonDefend","PrismaMod:IllyaCommonDefend","PrismaMod:IllyaCommonAttack","PrismaMod:IllyaCommonDefend","PrismaMod:IllyaCommonAttack","PrismaMod:IllyaCommonDefend","PrismaMod:IllyaUncommonAttack","PrismaMod:IllyaUncommonDefend+1","PrismaMod:IllyaUncommonDefend+1","PrismaMod:IllyaCheapChannelAttack+1","PrismaMod:IllyaCheapChannelAttack+1","PrismaMod:IllyaRubysPotion","PrismaMod:IllyaCarnivalOrbs+1","PrismaMod:IllyaMaid","PrismaMod:IllyaUncommonDefend+1","PrismaMod:IllyaInstallForeigner","PrismaMod:IllyaHassanGift+1","PrismaMod:IllyaGrail","PrismaMod:IllyaCarnivalAttack","PrismaMod:IllyaCheapChannelAttack+1","PrismaMod:IllyaCommonEvoke+1","PrismaMod:IllyaBride+1","PrismaMod:IllyaCarnivalOrbs+1","PrismaMod:IllyaCarnivalOrbs+1","PrismaMod:IllyaGrail","PrismaMod:IllyaAOECommonAttack","PrismaMod:IllyaBride","PrismaMod:IllyaTestament+1","PrismaMod:IllyaPoisonTippedWeapons"],"relics":["PrismaMod:PrismaRuby","NeowsBlessing","hubris:Icosahedron","Eternal Feather","Ancient Tea Set","Pet Ghost","Onion Ring","MawBank","Replay:Wanted Poster","hubris:SphereOfDissonance","ReplayTheSpireMod:Lightbulb","SlaversCollar","hubris:Towel","Old Coin","Replay:Baseball","Medical Kit","DollysMirror","hubris:DeckOfHolding","Juzu Bracelet","Happy Flower","Snack Pack","Pen Nib"],"acts_visited":["Exordium","TheCity","TheBeyond","TheEnding"],"potions_floor_usage":[14,55,55,55],"damage_taken":[{"damage":0,"enemies":"Jaw Worm","floor":1,"turns":1},{"damage":0,"enemies":"Small Slimes","floor":2,"turns":1},{"damage":0,"enemies":"conspire:MimicChest","floor":5,"turns":1},{"damage":0,"enemies":"2 Louse","floor":7,"turns":2},{"damage":24,"enemies":"Lagavulin","floor":8,"turns":7},{"damage":7,"enemies":"Large Slime","floor":10,"turns":6},{"damage":2,"enemies":"Blue Slaver","floor":11,"turns":4},{"damage":0,"enemies":"Replay:BlueRogue","floor":14,"turns":5},{"damage":23,"enemies":"Slime Boss","floor":16,"turns":9},{"damage":24,"enemies":"Shell Parasite","floor":18,"turns":5},{"damage":12,"enemies":"3 Byrds","floor":21,"turns":5},{"damage":0,"enemies":"conspire:HollyBat","floor":25,"turns":6},{"damage":9,"enemies":"conspire:Head Lice","floor":29,"turns":5},{"damage":0,"enemies":"Shelled Parasite and Fungi","floor":31,"turns":6},{"damage":22,"enemies":"hubris:MusketHawk","floor":33,"turns":5},{"damage":0,"enemies":"Orb Walker","floor":35,"turns":3},{"damage":0,"enemies":"Mind Bloom Boss Battle","floor":38,"turns":5},{"damage":29,"enemies":"3 Darklings","floor":39,"turns":5},{"damage":0,"enemies":"R_Hoarder","floor":41,"turns":3},{"damage":27,"enemies":"4 Shapes","floor":42,"turns":6},{"damage":17,"enemies":"Nemesis","floor":47,"turns":5},{"damage":0,"enemies":"Spire Growth","floor":48,"turns":3},{"damage":23,"enemies":"Time Eater","floor":50,"turns":6},{"damage":6,"enemies":"Shield and Spear","floor":54,"turns":3},{"damage":83,"enemies":"The Heart","floor":55,"turns":7}],"seed_played":"-3538447272929436316","potions_obtained":[{"floor":2,"key":"SteroidPotion"},{"floor":7,"key":"LiquidBronze"},{"floor":8,"key":"Regen Potion"},{"floor":21,"key":"Explosive Potion"},{"floor":35,"key":"Flashbang"}],"is_trial":false,"path_per_floor":["M","M","?","?","?","R","M","E","T","M","M","$","?","E","R","B",null,"M","?","$","M","?","R","?","M","T","R","$","E","R","M","R","B",null,"M","?","?","?","M","R","E","M","T","$","?","R","E","M","R","B",null,"R","$","E","B",null],"character_chosen":"ILLYA","items_purchased":["PrismaMod:IllyaCarnivalOrbs","Medical Kit","DollysMirror","hubris:DeckOfHolding","Happy Flower","Snack Pack"],"campfire_rested":1,"item_purchase_floors":[44,44,44,44,53,53],"current_hp_per_floor":[75,75,75,57,57,66,66,47,47,45,43,43,43,62,71,52,75,51,51,51,44,69,75,75,75,75,75,75,66,75,75,75,58,75,75,75,75,75,46,75,75,48,48,48,48,63,51,51,66,48,75,75,75,74,4],"gold":410,"neow_bonus":"THREE_ENEMY_KILL","is_daily":false,"chose_seed":false,"campfire_upgraded":8,"win_rate":0.0,"timestamp":1611732477,"path_taken":["M","M","?","?","?","R","M","E","T","M","?","$","?","E","R","BOSS","M","?","$","M","?","R","?","M","T","R","$","E","R","M","R","BOSS","M","?","?","?","?","R","E","M","T","?","?","R","E","M","R","BOSS","R","$","E","BOSS"],"items_purchased_type":["Card","Relic","Relic","Relic","Relic","Relic"],"build_version":"2020-12-22","purchased_purges":3,"victory":true,"max_hp_per_floor":[75,75,75,75,75,75,75,75,75,75,75,75,75,75,75,75,75,75,75,75,75,75,75,75,75,75,75,75,75,75,75,75,75,75,75,75,75,75,75,75,75,75,75,75,75,75,75,75,75,75,75,75,75,75,75],"card_choices":[{"not_picked":["PrismaMod:IllyaStunPoison","PrismaMod:IllyaMinorReinForce"],"picked":"PrismaMod:IllyaUncommonDefend","floor":1},{"not_picked":["PrismaMod:IllyaPartialInstallAssassin","PrismaMod:IllyaRussianRoulette"],"picked":"PrismaMod:IllyaCheapChannelAttack","floor":2},{"not_picked":["PrismaMod:IllyaAOECommonAttack","PrismaMod:IllyaUberPoisonBlock"],"picked":"PrismaMod:IllyaCheapChannelAttack","floor":4},{"not_picked":["PrismaMod:IllyaDevil","PrismaMod:IllyaUpgradeOrbs"],"picked":"PrismaMod:IllyaRubysPotion","floor":5},{"not_picked":["PrismaMod:IllyaBride","PrismaMod:IllyaCommandSeal"],"picked":"PrismaMod:IllyaCarnivalOrbs","floor":7},{"not_picked":["PrismaMod:IllyaMinorZwei","PrismaMod:IllyaUncommonAOEAttack","PrismaMod:IllyaEvokeAll"],"picked":"SKIP","floor":8},{"not_picked":["PrismaMod:IllyaCheapChannelAttack","PrismaMod:IllyaFriendMaker"],"picked":"PrismaMod:IllyaMaid","floor":10},{"not_picked":["PrismaMod:IllyaAlice","PrismaMod:IllyaAOECommonAttack"],"picked":"PrismaMod:IllyaUncommonDefend","floor":11},{"not_picked":["PrismaMod:IllyaRussianRoulette","PrismaMod:IllyaDetonatingBlow","PrismaMod:IllyaBride"],"picked":"SKIP","floor":14},{"not_picked":["PrismaMod:IllyaCarnivalDefend","PrismaMod:IllyaUberDefendChannel"],"picked":"PrismaMod:IllyaInstallForeigner","floor":16},{"not_picked":["PrismaMod:IllyaRubysPotion","PrismaMod:IllyaStunPoison"],"picked":"PrismaMod:IllyaHassanGift+1","floor":18},{"not_picked":["PrismaMod:IllyaAOECommonAttack","PrismaMod:IllyaAssassinRevenge","PrismaMod:IllyaPoisonBlock"],"picked":"SKIP","floor":21},{"not_picked":["PrismaMod:IllyaGrailKun","PrismaMod:IllyaBoysLove"],"picked":"PrismaMod:IllyaGrail","floor":25},{"not_picked":["PrismaMod:IllyaMaid+1","PrismaMod:IllyaInstallRuler","PrismaMod:IllyaBoysLove"],"picked":"SKIP","floor":29},{"not_picked":["PrismaMod:IllyaBride","PrismaMod:IllyaAOECommonAttack","PrismaMod:IllyaBoysLove"],"picked":"SKIP","floor":31},{"not_picked":["PrismaMod:IllyaUberPoisonChannel","PrismaMod:IllyaInstallMoonCancer"],"picked":"PrismaMod:IllyaCarnivalAttack","floor":33},{"not_picked":["PrismaMod:IllyaBoysLove","PrismaMod:IllyaBerserCAR+1"],"picked":"PrismaMod:IllyaCheapChannelAttack+1","floor":35},{"not_picked":["PrismaMod:IllyaStunPoison+1","PrismaMod:IllyaUpgradeOrbs"],"picked":"PrismaMod:IllyaCommonEvoke+1","floor":39},{"not_picked":["PrismaMod:IllyaCheapDefend","PrismaMod:IllyaInstallLancer"],"picked":"PrismaMod:IllyaBride+1","floor":41},{"not_picked":["PrismaMod:IllyaGun+1","PrismaMod:IllyaUpgradeOrbs","PrismaMod:IllyaGrailKun"],"picked":"SKIP","floor":42},{"not_picked":["PrismaMod:IllyaPoisoningPhantasm","PrismaMod:IllyaCheapChannelDefend+1"],"picked":"PrismaMod:IllyaBride","floor":47},{"not_picked":["PrismaMod:IllyaFeed","PrismaMod:IllyaAOECommonAttack+1"],"picked":"PrismaMod:IllyaTestament+1","floor":48},{"not_picked":["PrismaMod:IllyaBlindPoisonToss+1","PrismaMod:IllyaGrailKun+1"],"picked":"PrismaMod:IllyaPoisonTippedWeapons","floor":54}],"player_experience":43131,"relics_obtained":[{"floor":4,"key":"Eternal Feather"},{"floor":5,"key":"Ancient Tea Set"},{"floor":8,"key":"Pet Ghost"},{"floor":9,"key":"Onion Ring"},{"floor":14,"key":"MawBank"},{"floor":26,"key":"hubris:SphereOfDissonance"},{"floor":29,"key":"ReplayTheSpireMod:Lightbulb"},{"floor":38,"key":"Old Coin"},{"floor":41,"key":"Replay:Baseball"},{"floor":47,"key":"Juzu Bracelet"},{"floor":54,"key":"Pen Nib"}],"event_choices":[{"damage_healed":0,"gold_gain":0,"player_choice":"Bought 0 Potions","damage_taken":0,"max_hp_gain":0,"max_hp_loss":0,"event_name":"The Woman in Blue","floor":13,"gold_loss":0},{"damage_healed":0,"gold_gain":99,"player_choice":"Stole From Cult","damage_taken":0,"max_hp_gain":0,"max_hp_loss":0,"event_name":"Nest","floor":19,"gold_loss":0},{"damage_healed":25,"gold_gain":0,"player_choice":"Heal","damage_taken":0,"max_hp_gain":0,"max_hp_loss":0,"event_name":"The Library","floor":22,"gold_loss":0},{"damage_healed":0,"gold_gain":0,"player_choice":"Ignored","damage_taken":0,"max_hp_gain":0,"max_hp_loss":0,"event_name":"Tomb of Lord Red Mask","floor":37,"gold_loss":0},{"damage_healed":0,"gold_gain":0,"player_choice":"Fight","damage_taken":0,"max_hp_gain":0,"max_hp_loss":0,"event_name":"MindBloom","floor":38,"gold_loss":0},{"damage_healed":0,"gold_gain":0,"cards_transformed":["PrismaMod:IllyaCommonDefend"],"player_choice":"Transformed","damage_taken":0,"max_hp_gain":0,"max_hp_loss":0,"event_name":"Transmorgrifier","floor":45,"gold_loss":0,"cards_obtained":["PrismaMod:IllyaAOECommonAttack"]}],"is_beta":false,"boss_relics":[{"not_picked":["hubris:CrackedHourglass","Replay:Grab Bag"],"picked":"Replay:Wanted Poster"},{"not_picked":["SacredBark","hubris:BlackHole"],"picked":"SlaversCollar"}],"items_purged_floors":[12,44,53],"is_endless":false,"potions_floor_spawned":[2,7,8,10,21,25,31,33,35,39,41],"ascension_level":0}}