{"host":"yecadp3kwkksam5a","time":1611755799,"event":{"mods":["BaseMod","Minty Spire (QoL Compilation)","StSLib"],"gold_per_floor":[118,118,138,157,170,170,203,203,203,224,224,224,28,69,69,175,175,186,186,186,201,218,218,101,101,153,153,168,68,104,120,120,223,259,274,287,302,319,319,350,370,402,429,463,463,482,494,528,528,528,528,528,109,137,137],"floor_reached":56,"language":"KOR","playtime":2863,"items_purged":["Defend_P","Strike_P","Vigilance"],"score":2046,"play_id":"1f8c9b4c-f5d9-4bfb-a455-e3ae1847cecb","local_time":"20210127225639","is_ascension_mode":true,"campfire_choices":[{"data":"Eruption","floor":6.0,"key":"SMITH"},{"data":"Scrawl","floor":8.0,"key":"SMITH"},{"floor":12.0,"key":"REST"},{"data":"Adaptation","floor":15.0,"key":"SMITH"},{"floor":23.0,"key":"RECALL"},{"floor":32.0,"key":"REST"},{"floor":49,"key":"REST"},{"floor":52,"key":"REST"}],"circlet_count":0,"master_deck":["Eruption+1","SandsOfTime","FlurryOfBlows","EmptyFist","Scrawl+1","Adaptation+1","TalkToTheHand","Scrawl+1","Vault","InnerPeace","Purity","FearNoEvil","EmptyBody","ConjureBlade","ClearTheMind","Study","TalkToTheHand"],"relics":["PureWater","Bronze Scales","CeramicFish","Odd Mushroom","TeardropLocket","Fusion Hammer","Lantern","Thread and Needle","Meat on the Bone","Pandora\u0027s Box","Happy Flower","Pear","Singing Bowl","Cauldron","Pen Nib"],"acts_visited":["Exordium","TheCity","TheBeyond","TheEnding"],"potions_floor_usage":[55,55],"damage_taken":[{"damage":2.0,"enemies":"Small Slimes","floor":1.0,"turns":3.0},{"damage":0.0,"enemies":"Cultist","floor":3.0,"turns":2.0},{"damage":9.0,"enemies":"2 Louse","floor":4.0,"turns":3.0},{"damage":8.0,"enemies":"Large Slime","floor":5.0,"turns":4.0},{"damage":30.0,"enemies":"3 Sentries","floor":7.0,"turns":5.0},{"damage":12.0,"enemies":"The Mushroom Lair","floor":10.0,"turns":2.0},{"damage":0.0,"enemies":"Gremlin Nob","floor":14.0,"turns":2.0},{"damage":18.0,"enemies":"Hexaghost","floor":16.0,"turns":6.0},{"damage":16.0,"enemies":"Shell Parasite","floor":18.0,"turns":2.0},{"damage":0.0,"enemies":"2 Thieves","floor":21.0,"turns":2.0},{"damage":0.0,"enemies":"Cultist and Chosen","floor":22.0,"turns":4.0},{"damage":0.0,"enemies":"Snecko","floor":28.0,"turns":3.0},{"damage":5.0,"enemies":"Book of Stabbing","floor":30.0,"turns":3.0},{"damage":8.0,"enemies":"Centurion and Healer","floor":31.0,"turns":2.0},{"damage":0.0,"enemies":"Collector","floor":33.0,"turns":1.0},{"damage":9.0,"enemies":"3 Shapes","floor":35.0,"turns":3.0},{"damage":0.0,"enemies":"Orb Walker","floor":36.0,"turns":2.0},{"damage":0.0,"enemies":"Spire Growth","floor":37.0,"turns":2.0},{"damage":46.0,"enemies":"4 Shapes","floor":38.0,"turns":3.0},{"damage":0.0,"enemies":"Nemesis","floor":40.0,"turns":1.0},{"damage":0.0,"enemies":"Maw","floor":41.0,"turns":3.0},{"damage":0.0,"enemies":"Reptomancer","floor":42.0,"turns":1.0},{"damage":0,"enemies":"Nemesis","floor":44,"turns":2},{"damage":0,"enemies":"3 Darklings","floor":46,"turns":1},{"damage":0,"enemies":"4 Shapes","floor":47,"turns":2},{"damage":0,"enemies":"Giant Head","floor":48,"turns":1},{"damage":0,"enemies":"Time Eater","floor":50,"turns":4},{"damage":0,"enemies":"Shield and Spear","floor":54,"turns":2},{"damage":32,"enemies":"The Heart","floor":55,"turns":5}],"seed_played":"-1911273468657159971","potions_obtained":[{"floor":1.0,"key":"Explosive Potion"},{"floor":5.0,"key":"LiquidBronze"},{"floor":14.0,"key":"Ancient Potion"},{"floor":22.0,"key":"Explosive Potion"},{"floor":31.0,"key":"GamblersBrew"}],"is_trial":false,"path_per_floor":["M","?","M","M","M","R","E","R","T","?","?","R","$","E","R","B",null,"M","?","?","M","M","R","$","?","T","T","M","$","E","M","R","B",null,"M","M","M","M","?","E","M","E","T","E","?","M","M","E","R","B",null,"R","$","E","B",null],"character_chosen":"WATCHER","items_purchased":["Adaptation","TalkToTheHand","InnerPeace","Purity","TalkToTheHand","Cauldron","GamblersBrew"],"campfire_rested":4,"item_purchase_floors":[13,13,24,24,53,53,53],"current_hp_per_floor":[70,70,70,61,53,53,23,23,23,11,4,27,27,27,27,9,62,46,46,46,46,46,46,46,46,46,46,46,46,41,45,68,68,76,67,67,67,33,23,35,47,57,57,57,57,57,57,59,85,85,87,87,87,89,57],"gold":137,"neow_bonus":"TEN_PERCENT_HP_BONUS","is_daily":false,"chose_seed":false,"campfire_upgraded":3,"win_rate":0.0,"timestamp":1611755799,"path_taken":["M","?","M","M","?","R","E","R","T","?","?","R","$","E","R","BOSS","M","?","?","M","?","R","$","?","T","?","M","$","E","M","R","BOSS","M","?","?","M","?","E","M","E","T","E","?","M","M","E","R","BOSS","R","$","E","BOSS"],"items_purchased_type":["Card","Card","Card","Card","Card","Relic","Potion"],"build_version":"2020-12-22","purchased_purges":3,"victory":true,"max_hp_per_floor":[79,79,79,79,79,79,79,79,79,79,79,79,79,79,79,79,79,79,79,79,79,79,79,79,79,79,79,79,79,79,79,79,79,79,79,79,79,79,79,79,79,89,89,89,85,85,85,87,87,87,87,87,87,89,89],"card_choices":[{"not_picked":["Evaluate","Meditate"],"picked":"SandsOfTime","floor":1.0},{"not_picked":["CrushJoints","SashWhip"],"picked":"FlurryOfBlows","floor":3.0},{"not_picked":["Protect","WaveOfTheHand"],"picked":"EmptyFist","floor":4.0},{"not_picked":["Conclude","CrushJoints","FollowUp"],"picked":"SKIP","floor":5.0},{"not_picked":["Protect","Conclude"],"picked":"Scrawl","floor":7.0},{"not_picked":["WreathOfFlame","FlyingSleeves"],"picked":"Scrawl","floor":14.0},{"not_picked":["Wish","Blasphemy"],"picked":"Vault","floor":16.0},{"not_picked":["JustLucky","ClearTheMind","SashWhip"],"picked":"SKIP","floor":18.0},{"not_picked":["WindmillStrike","Pray","FollowUp"],"picked":"SKIP","floor":21.0},{"not_picked":["BowlingBash+1","FollowUp+1","SashWhip+1"],"picked":"SKIP","floor":22.0},{"not_picked":["PathToVictory","BowlingBash","Halt"],"picked":"SKIP","floor":28.0},{"not_picked":["WaveOfTheHand","CrushJoints"],"picked":"FearNoEvil","floor":30.0},{"not_picked":["ThirdEye","Halt+1","Nirvana"],"picked":"SKIP","floor":31.0},{"not_picked":["Swivel","ThirdEye+1","CrushJoints+1"],"picked":"SKIP","floor":35.0},{"not_picked":["SashWhip+1","FlyingSleeves","Crescendo+1"],"picked":"SKIP","floor":36.0},{"not_picked":["ClearTheMind","Protect","CrushJoints"],"picked":"SKIP","floor":37.0},{"not_picked":["Nirvana+1","WheelKick","Crescendo+1"],"picked":"SKIP","floor":38.0},{"not_picked":["Study+1","Prostrate+1","CrushJoints"],"picked":"SKIP","floor":40.0},{"not_picked":["Prostrate+1","Swivel+1","Crescendo+1"],"picked":"SKIP","floor":41.0},{"not_picked":["Worship+1","Prostrate+1","Protect+1"],"picked":"SKIP","floor":42.0},{"not_picked":["PathToVictory+1","EmptyBody+1","ClearTheMind"],"picked":"SKIP","floor":44},{"not_picked":["BowlingBash","ForeignInfluence+1","Sanctity+1"],"picked":"SKIP","floor":46},{"not_picked":["Prostrate","PathToVictory","LessonLearned"],"picked":"SKIP","floor":47},{"not_picked":["Evaluate","CutThroughFate+1","CrushJoints+1"],"picked":"Singing Bowl","floor":48},{"not_picked":["ForeignInfluence","ConjureBlade","Judgement"],"picked":"Singing Bowl","floor":54}],"player_experience":486899,"relics_obtained":[{"floor":7.0,"key":"Bronze Scales"},{"floor":9.0,"key":"CeramicFish"},{"floor":10.0,"key":"Odd Mushroom"},{"floor":14.0,"key":"TeardropLocket"},{"floor":26.0,"key":"Lantern"},{"floor":27.0,"key":"Thread and Needle"},{"floor":30.0,"key":"Meat on the Bone"},{"floor":40.0,"key":"Happy Flower"},{"floor":42.0,"key":"Pear"},{"floor":48,"key":"Singing Bowl"},{"floor":54,"key":"Pen Nib"}],"event_choices":[{"damage_healed":0.0,"max_hp_gain":0.0,"max_hp_loss":0.0,"gold_gain":0.0,"event_name":"The Woman in Blue","player_choice":"Bought 0 Potions","floor":2.0,"gold_loss":0.0,"damage_taken":0.0},{"damage_healed":0.0,"max_hp_gain":0.0,"max_hp_loss":0.0,"gold_gain":0.0,"event_name":"Mushrooms","player_choice":"Fought Mushrooms","floor":10.0,"gold_loss":0.0,"damage_taken":0.0},{"cards_removed":["Strike_P"],"damage_healed":0.0,"max_hp_gain":0.0,"max_hp_loss":0.0,"gold_gain":0.0,"event_name":"Golden Wing","player_choice":"Card Removal","floor":11.0,"gold_loss":0.0,"damage_taken":7.0},{"cards_removed":["Strike_P"],"damage_healed":0.0,"max_hp_gain":0.0,"max_hp_loss":0.0,"gold_gain":0.0,"event_name":"Back to Basics","player_choice":"Elegance","floor":19.0,"gold_loss":0.0,"damage_taken":0.0},{"damage_healed":0.0,"max_hp_gain":0.0,"max_hp_loss":0.0,"gold_gain":0.0,"event_name":"Accursed Blacksmith","player_choice":"Forge","floor":20.0,"gold_loss":0.0,"damage_taken":0.0,"cards_upgraded":["Scrawl"]},{"damage_healed":0.0,"max_hp_gain":0.0,"max_hp_loss":0.0,"gold_gain":0.0,"event_name":"Ghosts","player_choice":"Ignored","floor":25.0,"gold_loss":0.0,"damage_taken":0.0},{"damage_healed":0.0,"max_hp_gain":0.0,"max_hp_loss":0.0,"gold_gain":0.0,"event_name":"SensoryStone","player_choice":"Memory 3","floor":39.0,"gold_loss":0.0,"damage_taken":10.0},{"damage_healed":0,"gold_gain":0,"player_choice":"Max HP","damage_taken":0,"max_hp_gain":0,"max_hp_loss":4,"event_name":"Winding Halls","floor":45,"gold_loss":0}],"is_beta":false,"boss_relics":[{"not_picked":["SacredBark","Snecko Eye"],"picked":"Fusion Hammer"},{"not_picked":["Sozu","SlaversCollar"],"picked":"Pandora\u0027s Box"}],"items_purged_floors":[13,29,53],"is_endless":false,"potions_floor_spawned":[1,5,14,22,31,33,35,36,44,48],"ascension_level":8}}