{"host":"qljq6nt1bltq73k9","time":1611726570,"event":{"mods":["BaseMod","Colored Map","Colored Powertips","Minty Spire (QoL Compilation)","Quick Restart","Replay The Spire","StSLib","[IsaacMod]ÒÔÈö¼âËþ"],"gold_per_floor":[99999,100107,99139,99159,98089,98089,98102,98122,98196,98230,98230,98248,98248,98276,98276,98424,98424,98443,98462,98462,98462,98544,98623,98721,98721,98721,98813,98832,97701,97765,97851,97851,98003,98003,98058,98148,98148,96090,96150,96150,96215,96273,96321,96321,95575,95582,95582,95611,95611,95611,95611,95611,94645,94673,94736,94736],"floor_reached":55,"language":"ZHS","playtime":3177,"items_purged":["Defend_G","Defend_G","Regret","Voices","Sickly","CommonCold"],"score":886,"play_id":"57c821c2-af67-4491-9703-d5128e135626","local_time":"20210127134930","is_ascension_mode":false,"campfire_choices":[{"floor":6.0,"key":"RECALL"},{"data":"ReplayUltimateDefense","floor":15.0,"key":"SMITH"},{"data":"Envenom","floor":32.0,"key":"SMITH"},{"data":"A Thousand Cuts","floor":40.0,"key":"SMITH"},{"data":"Madness","floor":47.0,"key":"SMITH"},{"data":"Madness","floor":49,"key":"SMITH"},{"data":"Sadistic Nature","floor":52,"key":"SMITH"}],"circlet_count":0,"master_deck":["Neutralize","BloodyBrimstone+1","ReplayUltimateDefense+1","Cloak And Dagger","Backflip","Dagger Spray","Sadistic Nature+1","Footwork","Footwork","Infinite Blades","Adrenaline","Dagger Throw+1","Poisoned Strike","Cloak And Dagger","ReplayTheSpireMod:Scrap Shanks","Infinite Blades","Poisoned Stab","Footwork","Envenom+1","Fluid Movement","Quick Slash","Draining Mist","Choke","Deadly Poison","Quick Slash+1","Accuracy","Poisoned Strike","Prepared+1","Noxious Fumes","A Thousand Cuts+1","Wraith Form v2","Accuracy","Caltrops","Acrobatics+1","Panache","Noxious Fumes","Calculated Gamble+1","Bouncing Flask","Panache","Madness+1","Madness+1","Predator","Dagger Spray+1","Crippling Poison","ReplayTheSpireMod:Scrap Shanks","Specialist","Dark Embrace+1","Parasite"],"relics":["HushsDoor","GuppysPaw","Pet Ghost","Boot","ReplayFunnel","ClockworkSouvenir","Pantograph","HandDrill","Whetstone","SalivaCoin","Sizzling Blood","Replay:Baseball","MagicMushroom","ReplayTheSpireMod:Ring of Challenge","Ring of Peace","MutagenicStrength","Replay:Bottled Snecko","Bronze Scales","Bag of Preparation","DoctorsRemote","ReplayTheSpireMod:TigerMarble","Chaos","Raider\u0027s Mask","ReplayTheSpireMod:Ninjato","GuppysHead","GuppysHairball","Orichalcum","Replay:PocketPolymizer","Nuclear Battery","Void","Replay:Mystery Machine","Bag of Marbles","BargainBundle","SatanicBible","Pen Nib","Tough Bandages","DeadEye","HowToJump"],"acts_visited":["Exordium","TheCity","TheBeyond","TheEnding"],"potions_floor_usage":[55,55,55],"damage_taken":[{"damage":14.0,"enemies":"Jaw Worm","floor":1.0,"turns":5.0},{"damage":0.0,"enemies":"Small Slimes","floor":4.0,"turns":3.0},{"damage":5.0,"enemies":"2 Louse","floor":7.0,"turns":2.0},{"damage":0.0,"enemies":"Blue Slaver","floor":8.0,"turns":2.0},{"damage":0.0,"enemies":"3 Sentries","floor":10.0,"turns":1.0},{"damage":0.0,"enemies":"Red Slaver","floor":12.0,"turns":1.0},{"damage":0.0,"enemies":"Looter","floor":14.0,"turns":4.0},{"damage":18.0,"enemies":"Hexaghost","floor":16.0,"turns":7.0},{"damage":0.0,"enemies":"3 Byrds","floor":18.0,"turns":3.0},{"damage":0.0,"enemies":"Shell Parasite","floor":19.0,"turns":4.0},{"damage":19.0,"enemies":"Shelled Parasite and Fungi","floor":22.0,"turns":5.0},{"damage":0.0,"enemies":"Slavers","floor":23.0,"turns":4.0},{"damage":19.0,"enemies":"Sentry and Sphere","floor":24.0,"turns":7.0},{"damage":19.0,"enemies":"Snake Plant","floor":27.0,"turns":2.0},{"damage":3.0,"enemies":"Centurion and Healer","floor":28.0,"turns":4.0},{"damage":0.0,"enemies":"Sentry and Sphere","floor":30.0,"turns":3.0},{"damage":11.0,"enemies":"Replay:Snechameleon","floor":31.0,"turns":3.0},{"damage":26.0,"enemies":"Pondfish","floor":33.0,"turns":9.0},{"damage":0.0,"enemies":"Orb Walker","floor":35.0,"turns":1.0},{"damage":0.0,"enemies":"2 Orb Walkers","floor":36.0,"turns":3.0},{"damage":0.0,"enemies":"3 Darklings","floor":39.0,"turns":1.0},{"damage":0.0,"enemies":"4 Shapes","floor":41.0,"turns":1.0},{"damage":0.0,"enemies":"Jaw Worm Horde","floor":42.0,"turns":1.0},{"damage":0.0,"enemies":"Maw","floor":48.0,"turns":3.0},{"damage":0,"enemies":"Replay:Hell Engine","floor":50,"turns":4},{"damage":0,"enemies":"Shield and Spear","floor":54,"turns":1},{"damage":72,"enemies":"Delirium","floor":55,"turns":9}],"seed_played":"5981575762346829161","potions_obtained":[{"floor":10.0,"key":"DuplicationPotion"},{"floor":16.0,"key":"Milkshake"},{"floor":22.0,"key":"Energy Potion"},{"floor":24.0,"key":"Fruit Juice"},{"floor":28.0,"key":"Milkshake"},{"floor":35.0,"key":"SteroidPotion"},{"floor":39.0,"key":"SneckoOil"},{"floor":48.0,"key":"SpeedPotion"},{"floor":54,"key":"Strength Potion"}],"is_trial":false,"path_per_floor":["M","?","$","M","$","R","M","M","T","E","?","M","?","M","R","B",null,"M","M","?","?","M","E","M","?","T","M","M","$","M","E","R","B",null,"M","?","?","$","M","R","M","M","T","?","$","?","R","M","R","B",null,"R","$","E","B"],"character_chosen":"THE_SILENT","items_purchased":["Boot","ReplayFunnel","ClockworkSouvenir","Sadistic Nature","Footwork","Weak Potion","LiquidMemories","ColorlessPotion","Dagger Throw","Pantograph","HandDrill","Infinite Blades","Adrenaline","Dagger Throw","Poisoned Strike","Whetstone","DoctorsRemote","ReplayTheSpireMod:TigerMarble","Chaos","Accuracy","Poisoned Strike","Flashbang","Explosive Potion","Prepared+1","GuppysHead","GuppysHairball","Accuracy","Replay:PocketPolymizer","Nuclear Battery","Void","Panache","Noxious Fumes","Fire Potion","BargainBundle","Panache","SatanicBible","Pen Nib","PrismaticShard","Tough Bandages","DeadEye","Specialist"],"campfire_rested":0,"item_purchase_floors":[3,3,3,3,3,3,3,3,3,5,5,5,5,5,5,5,29,29,29,29,29,29,29,29,34,34,34,38,38,38,38,38,38,45,45,45,45,53,53,53,53],"current_hp_per_floor":[56,39,39,39,39,39,34,34,34,34,38,42,42,46,46,57,78,78,78,78,78,63,68,59,59,59,45,47,47,52,46,46,50,61,61,61,61,61,61,61,61,61,61,61,61,53,53,58,58,61,61,61,61,61,0,0],"gold":94736,"neow_bonus":"RANDOM_COLORLESS_2","is_daily":false,"chose_seed":false,"campfire_upgraded":6,"win_rate":0.0,"timestamp":1611726570,"path_taken":["M","?","$","M","$","R","M","M","T","E","?","M","?","?","R","BOSS","M","M","?","?","?","E","M","?","T","M","M","$","M","E","R","BOSS","M","?","?","$","M","R","M","M","T","?","$","?","R","M","R","BOSS","R","$","E","BOSS"],"items_purchased_type":["Relic","Relic","Relic","Card","Card","Potion","Potion","Potion","Card","Relic","Relic","Card","Card","Card","Card","Relic","Relic","Relic","Card","Card","Card","Potion","Potion","Card","Relic","Relic","Card","Relic","Relic","Card","Card","Card","Potion","Relic","Card","Relic","Relic","Relic","Relic","Relic","Card"],"build_version":"2020-12-22","purchased_purges":6,"victory":false,"max_hp_per_floor":[70,70,70,70,70,70,70,70,70,67,71,71,71,71,71,71,78,78,78,78,78,78,78,83,83,83,83,83,83,83,83,83,83,61,61,61,61,61,61,61,61,61,61,61,61,61,61,61,61,61,61,61,61,61,58,58],"card_choices":[{"not_picked":[],"picked":"BloodyBrimstone","floor":0.0},{"not_picked":["SuicideKing","The Bomb"],"picked":"ReplayUltimateDefense","floor":0.0},{"not_picked":["Dodge and Roll","Outmaneuver"],"picked":"Cloak And Dagger","floor":1.0},{"not_picked":["Bane","Malaise"],"picked":"Backflip","floor":2.0},{"not_picked":["Choke","Deflect"],"picked":"Dagger Spray","floor":2.0},{"not_picked":["ReplayTheSpireMod:Tripwire","ReplayTheSpireMod:Exploit Weakness"],"picked":"Footwork","floor":4.0},{"not_picked":["Underhanded Strike","Predator"],"picked":"Cloak And Dagger","floor":7.0},{"not_picked":["Outmaneuver","Sneak Up"],"picked":"ReplayTheSpireMod:Scrap Shanks","floor":8.0},{"not_picked":["Draining Mist","Hidden Blade"],"picked":"Infinite Blades","floor":10.0},{"not_picked":["Dagger Throw","Deflect"],"picked":"Poisoned Stab","floor":12.0},{"not_picked":["Outmaneuver","ReplayTheSpireMod:Necrosis"],"picked":"Footwork","floor":14.0},{"not_picked":["Adrenaline","Storm of Steel"],"picked":"Envenom","floor":16.0},{"not_picked":["Acrobatics","Eviscerate"],"picked":"Fluid Movement","floor":18.0},{"not_picked":["Slice","ReplayTheSpireMod:The Works+1"],"picked":"Quick Slash","floor":19.0},{"not_picked":["Underhanded Strike","Flechettes","Backstab"],"picked":"SKIP","floor":22.0},{"not_picked":["Bane","Bouncing Flask"],"picked":"Draining Mist","floor":23.0},{"not_picked":["Underhanded Strike","Quick Slash"],"picked":"Choke","floor":24.0},{"not_picked":["Skewer","Dodge and Roll"],"picked":"Deadly Poison","floor":27.0},{"not_picked":["Leg Sweep","ReplayTheSpireMod:Tripwire"],"picked":"Quick Slash+1","floor":28.0},{"not_picked":["Choke","Underhanded Strike"],"picked":"Noxious Fumes","floor":30.0},{"not_picked":["Prepared","Slice"],"picked":"A Thousand Cuts","floor":31.0},{"not_picked":["Night Terror","Replay:Bag of Tricks"],"picked":"Wraith Form v2","floor":33.0},{"not_picked":["Underhanded Strike+1","ReplayTheSpireMod:Speed Training"],"picked":"Caltrops","floor":35.0},{"not_picked":["Bane+1","Endless Agony+1"],"picked":"Acrobatics+1","floor":36.0},{"not_picked":["Calculated Gamble+1","Dash","Outmaneuver+1"],"picked":"SKIP","floor":39.0},{"not_picked":["Dash","Outmaneuver+1"],"picked":"Calculated Gamble+1","floor":39.0},{"not_picked":["PiercingWail","Prepared+1","Skewer+1"],"picked":"SKIP","floor":41.0},{"not_picked":["Doppelganger","Noxious Fumes","Riddle With Holes+1"],"picked":"SKIP","floor":42.0},{"not_picked":["Flying Knee+1","Toxin Wave+1"],"picked":"Dagger Spray+1","floor":48.0},{"not_picked":["PiercingWail+1","EmptyMind"],"picked":"Dark Embrace+1","floor":54}],"player_experience":368627,"relics_obtained":[{"floor":2.0,"key":"Pet Ghost"},{"floor":10.0,"key":"SalivaCoin"},{"floor":20.0,"key":"ReplayTheSpireMod:Ring of Challenge"},{"floor":20.0,"key":"Ring of Peace"},{"floor":23.0,"key":"Replay:Bottled Snecko"},{"floor":26.0,"key":"Bronze Scales"},{"floor":27.0,"key":"Bag of Preparation"},{"floor":31.0,"key":"Raider\u0027s Mask"},{"floor":35.0,"key":"Kintsugi"},{"floor":36.0,"key":"Orichalcum"},{"floor":41.0,"key":"Replay:Mystery Machine"},{"floor":43.0,"key":"Bag of Marbles"},{"floor":54,"key":"HowToJump"}],"event_choices":[{"damage_healed":0.0,"max_hp_gain":0.0,"max_hp_loss":0.0,"gold_gain":0.0,"event_name":"Big Fish","player_choice":"Box","floor":13.0,"gold_loss":0.0,"damage_taken":0.0,"relics_obtained":["Replay:Baseball"],"cards_obtained":["Regret"]},{"damage_healed":0.0,"max_hp_gain":0.0,"max_hp_loss":0.0,"gold_gain":0.0,"event_name":"Drug Dealer","player_choice":"Inject Mutagens","floor":21.0,"gold_loss":0.0,"damage_taken":0.0,"relics_obtained":["MutagenicStrength"]},{"cards_removed":["Defend_G"],"damage_healed":0.0,"max_hp_gain":0.0,"max_hp_loss":0.0,"gold_gain":0.0,"event_name":"Back to Basics","player_choice":"Elegance","floor":25.0,"gold_loss":0.0,"damage_taken":0.0},{"damage_healed":0.0,"max_hp_gain":0.0,"max_hp_loss":0.0,"gold_gain":0.0,"event_name":"Mysterious Sphere","player_choice":"Fight","floor":36.0,"gold_loss":0.0,"damage_taken":0.0},{"cards_removed":["Dagger Throw"],"damage_healed":0.0,"max_hp_gain":0.0,"max_hp_loss":0.0,"gold_gain":0.0,"event_name":"Falling","player_choice":"Removed Attack","floor":37.0,"gold_loss":0.0,"damage_taken":0.0},{"damage_healed":0.0,"max_hp_gain":0.0,"max_hp_loss":0.0,"gold_gain":0.0,"event_name":"Tomb of Lord Red Mask","player_choice":"Ignored","floor":44.0,"gold_loss":0.0,"damage_taken":0.0},{"damage_healed":0.0,"max_hp_gain":0.0,"max_hp_loss":0.0,"gold_gain":0.0,"event_name":"Winding Halls","player_choice":"Embrace Madness","floor":46.0,"gold_loss":0.0,"damage_taken":8.0,"cards_obtained":["Madness","Madness"]}],"is_beta":false,"boss_relics":[{"not_picked":["Velvet Choker","Busted Crown"],"picked":"MagicMushroom"},{"not_picked":[]},{"not_picked":["Replay:Accelerometer","Leech"],"picked":"ReplayTheSpireMod:Ninjato"},{"not_picked":[]}],"items_purged_floors":[3,5,29,38,45,53],"is_endless":false,"potions_floor_spawned":[4,10,14,16,22,24,28,31,35,39,48,54],"killed_by":"Delirium","ascension_level":0}}