{"host":"0kk91h4bq4kgfj0u","time":1611709906,"event":{"mods":["BaseMod","Minty Spire (QoL Compilation)","StSLib"],"gold_per_floor":[114,114,126,143,143,143,162,162,162,182,182,195,224,30,30,130,180,198,198,172,172,172],"floor_reached":21,"language":"ENG","playtime":1216,"items_purged":[],"score":251,"play_id":"e6b48768-825f-46aa-9903-6ea90ae67538","local_time":"20210126201146","is_ascension_mode":true,"campfire_choices":[{"data":"Noxious Fumes","floor":6,"key":"SMITH"},{"floor":11,"key":"REST"},{"floor":15,"key":"REST"}],"circlet_count":0,"master_deck":["Strike_G+1","Strike_G","Strike_G","Strike_G","Strike_G","Defend_G","Defend_G","Defend_G","Defend_G","Defend_G","Survivor","Neutralize","Dagger Spray","Blade Dance","Noxious Fumes+1","Caltrops","Quick Slash","Calculated Gamble","Accuracy","Backflip","A Thousand Cuts","Flying Knee","Blur+1","Poisoned Stab"],"relics":["Ring of the Snake","Ninja Scroll","Toy Ornithopter","Tiny House","Nloth\u0027s Gift"],"acts_visited":["Exordium","TheCity"],"potions_floor_usage":[16,20],"damage_taken":[{"damage":8,"enemies":"Small Slimes","floor":1,"turns":4},{"damage":5,"enemies":"2 Louse","floor":3,"turns":2},{"damage":2,"enemies":"Cultist","floor":4,"turns":4},{"damage":9,"enemies":"Blue Slaver","floor":7,"turns":3},{"damage":13,"enemies":"Red Slaver","floor":10,"turns":4},{"damage":0,"enemies":"Looter","floor":12,"turns":2},{"damage":20,"enemies":"3 Sentries","floor":13,"turns":5},{"damage":54,"enemies":"Slime Boss","floor":16,"turns":9},{"damage":47,"enemies":"Shell Parasite","floor":18,"turns":7},{"damage":23,"enemies":"2 Thieves","floor":20,"turns":5},{"damage":0,"enemies":"Shelled Parasite and Fungi","floor":21,"turns":1}],"seed_played":"5478689450782749235","potions_obtained":[{"floor":1,"key":"BlessingOfTheForge"},{"floor":8,"key":"Block Potion"},{"floor":8,"key":"EntropicBrew"},{"floor":8,"key":"ColorlessPotion"},{"floor":17,"key":"GhostInAJar"}],"is_trial":false,"path_per_floor":["M","?","M","M","?","R","M","?","T","M","R","M","E","$","R","B",null,"M","?","M","M"],"character_chosen":"THE_SILENT","items_purchased":["Toy Ornithopter","Backflip"],"campfire_rested":2,"item_purchase_floors":[14,14],"current_hp_per_floor":[69,74,69,67,67,67,58,58,58,45,69,69,49,49,73,24,73,26,26,8,8,8],"gold":172,"neow_bonus":"TEN_PERCENT_HP_BONUS","is_daily":false,"chose_seed":false,"campfire_upgraded":1,"win_rate":0.0,"timestamp":1611709906,"path_taken":["M","?","M","M","?","R","M","?","T","?","R","M","E","$","R","BOSS","M","?","M","?"],"items_purchased_type":["Relic","Card"],"build_version":"2020-12-22","purchased_purges":0,"victory":false,"max_hp_per_floor":[77,82,82,82,82,82,82,82,82,82,82,82,82,82,82,82,87,87,87,87,87,87],"card_choices":[{"not_picked":["Bouncing Flask","Deflect"],"picked":"Dagger Spray","floor":1},{"not_picked":["Dodge and Roll","Quick Slash"],"picked":"Blade Dance","floor":3},{"not_picked":["Calculated Gamble","Expertise"],"picked":"Noxious Fumes","floor":4},{"not_picked":["Outmaneuver","Concentrate"],"picked":"Caltrops","floor":7},{"not_picked":["Deadly Poison","Distraction"],"picked":"Quick Slash","floor":10},{"not_picked":["Blade Dance","Dagger Throw"],"picked":"Calculated Gamble","floor":12},{"not_picked":["Prepared","Distraction"],"picked":"Accuracy","floor":13},{"not_picked":["Envenom","Unload"],"picked":"A Thousand Cuts","floor":16},{"not_picked":["Quick Slash","Slice"],"picked":"Flying Knee","floor":17},{"not_picked":["Flying Knee","Quick Slash"],"picked":"Blur+1","floor":18},{"not_picked":["Bane","Dagger Spray"],"picked":"Poisoned Stab","floor":20}],"player_experience":812338,"relics_obtained":[{"floor":9,"key":"Ninja Scroll"},{"floor":13,"key":"Blue Candle"}],"event_choices":[{"damage_healed":0,"gold_gain":0,"player_choice":"Donut","damage_taken":0,"max_hp_gain":5,"max_hp_loss":0,"event_name":"Big Fish","floor":2,"gold_loss":0},{"damage_healed":0,"gold_gain":0,"player_choice":"Ignored","damage_taken":0,"max_hp_gain":0,"max_hp_loss":0,"event_name":"Golden Wing","floor":5,"gold_loss":0},{"damage_healed":0,"gold_gain":0,"player_choice":"Got Potions","damage_taken":0,"max_hp_gain":0,"max_hp_loss":0,"event_name":"Lab","floor":8,"gold_loss":0},{"damage_healed":0,"gold_gain":0,"player_choice":"Traded Relic","damage_taken":0,"relics_obtained":["Nloth\u0027s Gift"],"max_hp_gain":0,"max_hp_loss":0,"event_name":"N\u0027loth","floor":19,"relics_lost":["Blue Candle"],"gold_loss":0}],"is_beta":false,"boss_relics":[{"not_picked":["Runic Pyramid","Philosopher\u0027s Stone"],"picked":"Tiny House"}],"items_purged_floors":[],"is_endless":false,"potions_floor_spawned":[1,12,18],"killed_by":"Shelled Parasite and Fungi","ascension_level":5}}