{"host":"2fgwwnzqc97k7iys","time":1611766817,"event":{"mods":["BaseMod","Colored Map","Minty Spire (QoL Compilation)","Quick Restart","Relic Stats"],"gold_per_floor":[113,38,38,57,69,69,95,120,157,169,181,193,216,238,250,357,369,396,323,335,98,116,116,130,164,213,213,138,138,167,177,177,177,177],"floor_reached":33,"language":"ENG","playtime":1937,"items_purged":["Defend_R","Strike_R"],"score":413,"play_id":"c295d9ef-1a1c-4dcf-a3ea-9299fddd7ca2","local_time":"20210127110017","is_ascension_mode":true,"campfire_choices":[{"data":"Carnage","floor":6.0,"key":"SMITH"},{"data":"Ghostly Armor","floor":11.0,"key":"SMITH"},{"data":"True Grit","floor":15.0,"key":"SMITH"},{"data":"Havoc","floor":23,"key":"SMITH"},{"data":"Immolate","floor":27,"key":"SMITH"},{"floor":29,"key":"REST"},{"data":"Defend_R","floor":32,"key":"SMITH"}],"circlet_count":0,"master_deck":["Strike_R","Strike_R","Strike_R","Defend_R","Defend_R+1","Bash+1","True Grit+1","Perfected Strike","Carnage+1","Ghostly Armor+1","Immolate+1","Clothesline+1","Havoc+1","Clash+1","Burning Pact+1"],"relics":["Burning Blood","NeowsBlessing","MawBank","Sozu","Akabeko","Frozen Eye","Art of War","Ancient Tea Set","Nunchaku"],"acts_visited":["Exordium","TheCity"],"potions_floor_usage":[25],"damage_taken":[{"damage":0.0,"enemies":"Small Slimes","floor":1.0,"turns":1.0},{"damage":0.0,"enemies":"Cultist","floor":4.0,"turns":1.0},{"damage":0.0,"enemies":"2 Louse","floor":5.0,"turns":1.0},{"damage":8.0,"enemies":"Gremlin Nob","floor":7.0,"turns":3.0},{"damage":7.0,"enemies":"Red Slaver","floor":8.0,"turns":4.0},{"damage":0.0,"enemies":"Looter","floor":13.0,"turns":2.0},{"damage":0.0,"enemies":"2 Fungi Beasts","floor":14.0,"turns":3.0},{"damage":16.0,"enemies":"Slime Boss","floor":16.0,"turns":7.0},{"damage":0,"enemies":"Spheric Guardian","floor":18,"turns":3},{"damage":22,"enemies":"3 Byrds","floor":22,"turns":5},{"damage":8,"enemies":"Snecko","floor":24,"turns":4},{"damage":32,"enemies":"Book of Stabbing","floor":25,"turns":7},{"damage":15,"enemies":"Slavers","floor":30,"turns":3},{"damage":0,"enemies":"Cultist and Chosen","floor":31,"turns":4},{"damage":76,"enemies":"Automaton","floor":33,"turns":6}],"seed_played":"-2949820732194274820","potions_obtained":[{"floor":5.0,"key":"SpeedPotion"},{"floor":13.0,"key":"BlessingOfTheForge"},{"floor":16.0,"key":"PowerPotion"}],"is_trial":false,"path_per_floor":["M","$","?","M","M","R","E","M","T","$","R","?","M","M","R","B",null,"M","?","?","$","M","R","M","E","T","R","?","R","E","M","R","B"],"character_chosen":"IRONCLAD","items_purchased":["Frozen Eye"],"campfire_rested":1,"item_purchase_floors":[21],"current_hp_per_floor":[78,78,78,80,80,80,78,77,77,77,77,77,80,80,80,70,78,80,80,80,80,64,64,62,36,36,36,36,60,51,57,57,0,0],"gold":177,"neow_bonus":"THREE_ENEMY_KILL","is_daily":false,"chose_seed":false,"campfire_upgraded":6,"win_rate":0.0,"timestamp":1611766817,"path_taken":["M","$","?","?","M","R","E","M","T","?","R","?","M","M","R","BOSS","M","?","?","$","M","R","M","E","T","R","?","R","E","M","R","BOSS"],"items_purchased_type":["Relic"],"build_version":"2020-12-22","purchased_purges":2,"victory":false,"max_hp_per_floor":[80,80,80,80,80,80,80,80,80,80,80,80,80,80,80,80,80,80,80,80,80,80,80,80,80,80,80,80,80,80,80,80,80,80],"relic_stats":{"Sozu":3,"Nunchaku":[2],"counters":[15,54],"Art of War":[0],"MawBank":168,"obtain_stats":[{"Sozu":17,"Frozen Eye":21,"Nunchaku":30,"NeowsBlessing":0,"Art of War":25,"MawBank":7,"Ancient Tea Set":26,"Burning Blood":0,"Akabeko":19},{"Sozu":8,"Frozen Eye":9,"Nunchaku":13,"NeowsBlessing":0,"Art of War":12,"MawBank":4,"Ancient Tea Set":12,"Burning Blood":0,"Akabeko":9},{"Sozu":22,"Frozen Eye":25,"Nunchaku":44,"NeowsBlessing":0,"Art of War":41,"MawBank":6,"Ancient Tea Set":41,"Burning Blood":0,"Akabeko":25}],"Burning Blood":61},"card_choices":[{"not_picked":["Rupture","Entrench"],"picked":"True Grit","floor":1.0},{"not_picked":["Spot Weakness","Burning Pact"],"picked":"Carnage","floor":4.0},{"not_picked":["Fire Breathing","Clash","Flex"],"picked":"SKIP","floor":5.0},{"not_picked":["Clothesline","Inflame","Thunderclap"],"picked":"SKIP","floor":7.0},{"not_picked":["Fire Breathing","Armaments"],"picked":"Ghostly Armor","floor":8.0},{"not_picked":["Iron Wave","Clash","Sword Boomerang"],"picked":"SKIP","floor":13.0},{"not_picked":["Carnage","True Grit","Body Slam"],"picked":"SKIP","floor":14.0},{"not_picked":["Bludgeon","Barricade"],"picked":"Immolate","floor":16.0},{"not_picked":["Sword Boomerang","Perfected Strike"],"picked":"Clothesline+1","floor":18},{"not_picked":["True Grit","Flex+1","Body Slam"],"picked":"SKIP","floor":22},{"not_picked":["Reckless Charge","Flex","Headbutt+1"],"picked":"SKIP","floor":24},{"not_picked":["Armaments+1","Juggernaut","Anger"],"picked":"SKIP","floor":25},{"not_picked":["Ghostly Armor","Flex"],"picked":"Clash+1","floor":30},{"not_picked":["Pommel Strike+1","Armaments"],"picked":"Burning Pact+1","floor":31}],"player_experience":505598,"relics_obtained":[{"floor":7.0,"key":"MawBank"},{"floor":25,"key":"Art of War"},{"floor":26,"key":"Ancient Tea Set"},{"floor":30,"key":"Nunchaku"}],"event_choices":[{"damage_healed":0.0,"max_hp_gain":0.0,"max_hp_loss":0.0,"gold_gain":0.0,"cards_transformed":["Defend_R"],"event_name":"Transmorgrifier","player_choice":"Transformed","floor":3.0,"gold_loss":0.0,"damage_taken":0.0,"cards_obtained":["Perfected Strike"]},{"damage_healed":0.0,"max_hp_gain":0.0,"max_hp_loss":0.0,"gold_gain":0.0,"event_name":"Upgrade Shrine","player_choice":"Upgraded","floor":12.0,"gold_loss":0.0,"damage_taken":0.0,"cards_upgraded":["Bash"]},{"damage_healed":0,"gold_gain":0,"player_choice":"Obtained Relic","damage_taken":0,"relics_obtained":["Akabeko"],"max_hp_gain":0,"max_hp_loss":0,"event_name":"Addict","floor":19,"gold_loss":85},{"damage_healed":0,"gold_gain":0,"player_choice":"Read","damage_taken":0,"max_hp_gain":0,"max_hp_loss":0,"event_name":"The Library","floor":20,"gold_loss":0,"cards_obtained":["Havoc"]},{"cards_removed":["Strike_R"],"damage_healed":0,"gold_gain":0,"player_choice":"Gave Gold","damage_taken":0,"max_hp_gain":0,"max_hp_loss":0,"event_name":"Beggar","floor":28,"gold_loss":75}],"is_beta":false,"boss_relics":[{"not_picked":["SlaversCollar","Runic Dome"],"picked":"Sozu"}],"items_purged_floors":[2,21],"is_endless":false,"potions_floor_spawned":[5,13,16,18,24,31],"killed_by":"Automaton","ascension_level":9}}