{"host":"bxn2em57qlx5u4i0","time":1611722730,"event":{"mods":["BaseMod","Colored Map","Colored Powertips","Highlight Path","Minty Spire (QoL Compilation)","Random Character Button","Relic Sorter","Relic Stats","StSLib","SuperFastMode"],"gold_per_floor":[114,114,133,133,146,146,176,176,203,353,20,20,39,67,67,145,145,165,165,5,16,32,32,57,57,57,92,92,105,155,155,155,227,227,245,245,245,264,277,308,24,53,79,79,92,92,5,37,37,37,37,37,37,37,37,37],"floor_reached":55,"language":"ENG","playtime":1967,"items_purged":["Strike_G"],"score":2278,"play_id":"9ad4443b-e4ef-4ee1-a409-f763e41c067b","local_time":"20210126234530","is_ascension_mode":true,"campfire_choices":[{"data":"Noxious Fumes","floor":6.0,"key":"SMITH"},{"data":"Envenom","floor":8.0,"key":"SMITH"},{"data":"Footwork","floor":12.0,"key":"SMITH"},{"data":"Dagger Spray","floor":15.0,"key":"SMITH"},{"data":"Ghostly","floor":23.0,"key":"SMITH"},{"data":"Ghostly","floor":25.0,"key":"SMITH"},{"data":"Ghostly","floor":32.0,"key":"SMITH"},{"data":"Corpse Explosion","floor":44.0,"key":"SMITH"},{"floor":46.0,"key":"RECALL"},{"data":"Footwork","floor":49.0,"key":"SMITH"},{"data":"After Image","floor":53.0,"key":"SMITH"}],"circlet_count":0,"master_deck":["AscendersBane","Strike_G+1","Strike_G+1","Strike_G+1","Strike_G+1","Defend_G+1","Defend_G+1","Defend_G+1","Defend_G+1","Defend_G+1","Survivor+1","Neutralize+1","Noxious Fumes+1","Envenom+1","Footwork+1","Backflip","Crippling Poison+1","Dagger Spray+1","Dodge and Roll","Ghostly+1","Ghostly+1","Ghostly+1","Blur","After Image","Corpse Explosion+1","Dodge and Roll","Venomology","After Image+1","Footwork+1"],"relics":["Ring of the Snake","Omamori","Snake Skull","TwistedFunnel","Odd Mushroom","Calling Bell","Akabeko","Question Card","Thread and Needle","War Paint","Sundial","Gremlin Horn","Tiny Chest","Velvet Choker","Unceasing Top","Paper Crane","PreservedInsect","Juzu Bracelet","Ginger"],"acts_visited":["Exordium","TheCity","TheBeyond","TheEnding"],"potions_floor_usage":[55],"damage_taken":[{"damage":13.0,"enemies":"Jaw Worm","floor":1.0,"turns":8.0},{"damage":0.0,"enemies":"2 Louse","floor":3.0,"turns":3.0},{"damage":0.0,"enemies":"Cultist","floor":5.0,"turns":4.0},{"damage":16.0,"enemies":"3 Sentries","floor":7.0,"turns":7.0},{"damage":0.0,"enemies":"Blue Slaver","floor":13.0,"turns":4.0},{"damage":0.0,"enemies":"The Mushroom Lair","floor":14.0,"turns":3.0},{"damage":3.0,"enemies":"Slime Boss","floor":16.0,"turns":7.0},{"damage":0.0,"enemies":"3 Byrds","floor":18.0,"turns":4.0},{"damage":0.0,"enemies":"2 Thieves","floor":21.0,"turns":4.0},{"damage":0.0,"enemies":"Centurion and Healer","floor":22.0,"turns":6.0},{"damage":0.0,"enemies":"Book of Stabbing","floor":24.0,"turns":8.0},{"damage":0.0,"enemies":"Gremlin Leader","floor":27.0,"turns":5.0},{"damage":8.0,"enemies":"Shelled Parasite and Fungi","floor":29.0,"turns":6.0},{"damage":0.0,"enemies":"Automaton","floor":33.0,"turns":12.0},{"damage":0.0,"enemies":"3 Darklings","floor":35.0,"turns":2.0},{"damage":0.0,"enemies":"3 Shapes","floor":38.0,"turns":4.0},{"damage":0.0,"enemies":"Writhing Mass","floor":39.0,"turns":8.0},{"damage":1.0,"enemies":"Reptomancer","floor":40.0,"turns":6.0},{"damage":3.0,"enemies":"Giant Head","floor":42.0,"turns":11.0},{"damage":0.0,"enemies":"3 Darklings","floor":45.0,"turns":2.0},{"damage":0.0,"enemies":"Reptomancer","floor":48.0,"turns":5.0},{"damage":10.0,"enemies":"Donu and Deca","floor":50.0,"turns":13.0},{"damage":0.0,"enemies":"Time Eater","floor":51.0,"turns":18.0},{"damage":30,"enemies":"Shield and Spear","floor":55,"turns":7}],"seed_played":"-8816460445102319720","potions_obtained":[{"floor":5.0,"key":"Swift Potion"},{"floor":7.0,"key":"Swift Potion"},{"floor":13.0,"key":"LiquidMemories"},{"floor":14.0,"key":"FearPotion"},{"floor":33.0,"key":"FearPotion"},{"floor":38.0,"key":"Energy Potion"},{"floor":40.0,"key":"Explosive Potion"},{"floor":45.0,"key":"PowerPotion"}],"is_trial":false,"path_per_floor":["M","?","M","?","M","R","E","R","T","?","$","R","M","?","R","B",null,"M","?","$","M","M","R","E","R","T","E","$","M","?","?","R","B",null,"M","?","T","M","M","E","$","E","T","R","M","R","$","E","R","B","B",null,"R","$","E"],"character_chosen":"THE_SILENT","items_purchased":["TwistedFunnel","Footwork","Backflip","War Paint","Paper Crane","Footwork"],"campfire_rested":0,"item_purchase_floors":[11,11,11,20,41,47],"current_hp_per_floor":[46,26,26,31,31,31,15,15,15,15,15,15,15,15,15,12,53,53,33,33,33,33,33,33,33,33,33,33,25,25,25,25,25,31,31,31,31,31,31,30,30,27,27,27,27,27,27,27,27,17,17,29,29,29,0,0],"gold":37,"neow_bonus":"UPGRADE_CARD","is_daily":false,"chose_seed":false,"campfire_upgraded":10,"win_rate":0.0,"timestamp":1611722730,"path_taken":["M","?","M","?","?","R","E","R","T","?","$","R","M","?","R","BOSS","M","?","$","M","M","R","E","R","T","E","$","M","?","?","R","BOSS","M","?","?","M","M","E","$","E","T","R","M","R","?","E","R","BOSS","BOSS","R","$","E"],"items_purchased_type":["Relic","Card","Card","Relic","Relic","Card"],"build_version":"2020-12-22","purchased_purges":1,"victory":false,"max_hp_per_floor":[66,66,66,66,66,66,66,66,66,66,66,66,66,66,66,66,66,66,33,33,33,33,33,33,33,33,33,33,33,33,33,33,33,33,33,33,33,33,33,33,33,33,33,33,33,33,33,33,33,33,33,33,33,33,33,33],"relic_stats":{"Gremlin Horn":[21,21],"counters":[24,157],"Snake Skull":[334],"PreservedInsect":139,"Juzu Bracelet":0,"Ginger":[5],"War Paint":["Crippling Poison","Survivor"],"Question Card":14,"Sundial":[12],"Tiny Chest":1,"obtain_stats":[{"TwistedFunnel":11,"Gremlin Horn":26,"Velvet Choker":34,"Thread and Needle":17,"Snake Skull":9,"PreservedInsect":42,"Omamori":7,"Juzu Bracelet":43,"Ginger":48,"Odd Mushroom":14,"War Paint":20,"Paper Crane":41,"Question Card":17,"Akabeko":17,"Calling Bell":17,"Sundial":24,"Tiny Chest":27,"Unceasing Top":40,"Ring of the Snake":0},{"TwistedFunnel":4,"Gremlin Horn":11,"Velvet Choker":14,"Thread and Needle":7,"Snake Skull":4,"PreservedInsect":19,"Omamori":4,"Juzu Bracelet":19,"Ginger":21,"Odd Mushroom":6,"War Paint":8,"Paper Crane":18,"Question Card":7,"Akabeko":7,"Calling Bell":7,"Sundial":11,"Tiny Chest":12,"Unceasing Top":18,"Ring of the Snake":0},{"TwistedFunnel":22,"Gremlin Horn":58,"Velvet Choker":81,"Thread and Needle":36,"Snake Skull":22,"PreservedInsect":112,"Omamori":22,"Juzu Bracelet":112,"Ginger":119,"Odd Mushroom":29,"War Paint":40,"Paper Crane":101,"Question Card":36,"Akabeko":36,"Calling Bell":36,"Sundial":58,"Tiny Chest":63,"Unceasing Top":101,"Ring of the Snake":0}],"Unceasing Top":[6],"Ring of the Snake":[48]},"card_choices":[{"not_picked":["Poisoned Stab","Quick Slash"],"picked":"Noxious Fumes","floor":1.0},{"not_picked":["Caltrops","Outmaneuver"],"picked":"Flying Knee","floor":3.0},{"not_picked":["Underhanded Strike","Outmaneuver","Caltrops"],"picked":"SKIP","floor":5.0},{"not_picked":["Riddle With Holes","Sucker Punch"],"picked":"Envenom","floor":7.0},{"not_picked":["Backflip","Prepared"],"picked":"Crippling Poison","floor":13.0},{"not_picked":["Acrobatics","Reflex"],"picked":"Dagger Spray","floor":14.0},{"not_picked":["Glass Knife","Grand Finale"],"picked":"Venomology","floor":16.0},{"not_picked":["Bane","Prepared","Outmaneuver"],"picked":"Dodge and Roll","floor":18.0},{"not_picked":["Distraction","Blade Dance","Setup"],"picked":"Blur","floor":21.0},{"not_picked":["Dodge and Roll","Poisoned Stab","Deadly Poison","Flying Knee+1"],"picked":"SKIP","floor":22.0},{"not_picked":["Slice","Prepared","Accuracy","Infinite Blades"],"picked":"SKIP","floor":24.0},{"not_picked":["Blur","Slice","Dagger Spray"],"picked":"After Image","floor":27.0},{"not_picked":["Heel Hook","Flying Knee","Dagger Throw+1","Dodge and Roll"],"picked":"SKIP","floor":29.0},{"not_picked":["Venomology","Glass Knife","Die Die Die"],"picked":"Corpse Explosion","floor":33.0},{"not_picked":["Terror+1","Setup","Flying Knee","Cloak And Dagger"],"picked":"SKIP","floor":35.0},{"not_picked":["Flechettes+1","Dodge and Roll","Endless Agony","Blade Dance"],"picked":"SKIP","floor":38.0},{"not_picked":["Deadly Poison","Deflect","Sucker Punch"],"picked":"Dodge and Roll","floor":39.0},{"not_picked":["Finisher","Acrobatics+1","Dagger Throw+1"],"picked":"Venomology","floor":40.0},{"not_picked":["Bouncing Flask","Blade Dance","Reflex+1"],"picked":"After Image","floor":42.0},{"not_picked":["Deflect","Poisoned Stab","Bouncing Flask","Flechettes"],"picked":"SKIP","floor":45.0},{"not_picked":["Dodge and Roll","Calculated Gamble","Noxious Fumes","Sucker Punch+1"],"picked":"SKIP","floor":48.0}],"player_experience":2945512,"relics_obtained":[{"floor":7.0,"key":"Omamori"},{"floor":9.0,"key":"Snake Skull"},{"floor":14.0,"key":"Odd Mushroom"},{"floor":17.0,"key":"Akabeko"},{"floor":17.0,"key":"Question Card"},{"floor":17.0,"key":"Thread and Needle"},{"floor":24.0,"key":"Sundial"},{"floor":26.0,"key":"Gremlin Horn"},{"floor":27.0,"key":"Tiny Chest"},{"floor":40.0,"key":"Unceasing Top"},{"floor":42.0,"key":"PreservedInsect"},{"floor":43.0,"key":"Juzu Bracelet"},{"floor":48.0,"key":"Ginger"}],"event_choices":[{"damage_healed":0.0,"max_hp_gain":0.0,"max_hp_loss":0.0,"gold_gain":0.0,"event_name":"Shining Light","player_choice":"Entered Light","floor":2.0,"gold_loss":0.0,"damage_taken":20.0,"cards_upgraded":["Strike_G","Defend_G"]},{"cards_removed":["Flying Knee"],"damage_healed":5.0,"max_hp_gain":0.0,"max_hp_loss":0.0,"gold_gain":0.0,"event_name":"Bonfire Elementals","player_choice":"Offered Common","floor":4.0,"gold_loss":0.0,"damage_taken":0.0},{"cards_removed":["Flying Knee"],"damage_healed":5.0,"max_hp_gain":0.0,"max_hp_loss":0.0,"gold_gain":0.0,"event_name":"Bonfire Elementals","player_choice":"Offered Special","floor":4.0,"gold_loss":0.0,"damage_taken":0.0},{"damage_healed":0.0,"max_hp_gain":0.0,"max_hp_loss":0.0,"gold_gain":150.0,"event_name":"Liars Game","player_choice":"AGREE","floor":10.0,"gold_loss":0.0,"damage_taken":0.0,"cards_obtained":["Doubt"]},{"damage_healed":0.0,"max_hp_gain":0.0,"max_hp_loss":0.0,"gold_gain":0.0,"event_name":"Mushrooms","player_choice":"Fought Mushrooms","floor":14.0,"gold_loss":0.0,"damage_taken":0.0},{"damage_healed":0.0,"max_hp_gain":0.0,"max_hp_loss":33.0,"gold_gain":0.0,"event_name":"Ghosts","player_choice":"Became a Ghost","floor":19.0,"gold_loss":0.0,"damage_taken":0.0,"cards_obtained":["Ghostly","Ghostly","Ghostly"]},{"damage_healed":0.0,"max_hp_gain":0.0,"max_hp_loss":0.0,"gold_gain":50.0,"event_name":"Nest","player_choice":"Stole From Cult","floor":30.0,"gold_loss":0.0,"damage_taken":0.0},{"damage_healed":0.0,"max_hp_gain":0.0,"max_hp_loss":0.0,"gold_gain":0.0,"event_name":"Back to Basics","player_choice":"Simplicity","floor":31.0,"gold_loss":0.0,"damage_taken":0.0,"cards_upgraded":["Strike_G","Strike_G","Strike_G","Defend_G","Defend_G","Defend_G","Defend_G"]},{"cards_removed":["Venomology"],"damage_healed":0.0,"max_hp_gain":0.0,"max_hp_loss":0.0,"gold_gain":0.0,"event_name":"Falling","player_choice":"Removed Skill","floor":36.0,"gold_loss":0.0,"damage_taken":0.0}],"is_beta":false,"boss_relics":[{"not_picked":["Black Star","Fusion Hammer"],"picked":"Calling Bell"},{"not_picked":["Empty Cage","HoveringKite"],"picked":"Velvet Choker"}],"items_purged_floors":[11],"is_endless":false,"potions_floor_spawned":[5,7,13,14,21,29,33,38,40,45],"killed_by":"Shield and Spear","ascension_level":20}}