{"host":"ifd7sfhtlbe34qll","time":1611722344,"event":{"mods":["2.2 Compatiblity","Act Like it!","BaseMod","Block Reminder","Colored Map","Curses Come First","Downfall","Highlight Path","Minty Spire (QoL Compilation)","Potion Indicator Mod","Quick Restart","Random Character Button","Relic Stats","StSLib","SuperFastMode"],"gold_per_floor":[119,139,104,123,123,123,152,152,152,162,237,263,263,280,280,280,280],"floor_reached":16,"language":"ENG","playtime":390,"items_purged":[],"score":200,"play_id":"f1727513-080d-4d2b-bc31-053b75a7d7d3","local_time":"20210126223904","is_ascension_mode":true,"campfire_choices":[{"data":"Sucker Punch","floor":6,"key":"SMITH"},{"floor":8,"key":"REST"},{"floor":13,"key":"REST"},{"data":"Skewer","floor":15,"key":"SMITH"}],"circlet_count":0,"master_deck":["AscendersBane","Strike_G","Strike_G","Strike_G","Strike_G","Strike_G","Defend_G","Defend_G","Defend_G","Defend_G","Defend_G","Survivor","Neutralize","Flying Knee","Sucker Punch+1","PiercingWail","Skewer+1","Dagger Throw"],"relics":["Ring of the Snake","WingedGreaves","MealTicket","Bird Faced Urn","Snake Skull"],"acts_visited":[],"potions_floor_usage":[7,16],"damage_taken":[{"damage":6,"enemies":"Cultist","floor":1,"turns":5},{"damage":6,"enemies":"Small Slimes","floor":2,"turns":4},{"damage":0,"enemies":"2 Louse","floor":4,"turns":3},{"damage":57,"enemies":"Lagavulin","floor":7,"turns":12},{"damage":6,"enemies":"Red Slaver","floor":10,"turns":4},{"damage":6,"enemies":"Large Slime","floor":14,"turns":5},{"damage":24,"enemies":"Slime Boss","floor":16,"turns":5}],"seed_played":"6988236117474424773","potions_obtained":[{"floor":4,"key":"Explosive Potion"},{"floor":10,"key":"Fire Potion"}],"is_trial":false,"path_per_floor":["M","M","?","M","?","R","E","R","T","M","?","T","R","M","R","B"],"character_chosen":"THE_SILENT","items_purchased":[],"campfire_rested":2,"item_purchase_floors":[],"current_hp_per_floor":[59,53,71,71,60,60,3,24,24,18,7,7,28,22,22,0,0],"gold":280,"neow_bonus":"TEN_PERCENT_HP_BONUS","is_daily":false,"chose_seed":false,"campfire_upgraded":2,"win_rate":0.0,"timestamp":1611722344,"path_taken":["M","?","?","M","?","R","E","R","T","M","?","?","R","M","R","BOSS"],"items_purchased_type":[],"build_version":"2020-12-22","purchased_purges":0,"victory":false,"max_hp_per_floor":[72,72,72,72,72,72,72,72,72,72,72,72,72,72,72,72,72],"relic_stats":{"counters":[7,38],"Bird Faced Urn":[0],"MealTicket":0,"Snake Skull":[0],"obtain_stats":[{"Bird Faced Urn":9,"MealTicket":7,"WingedGreaves":5,"Snake Skull":12,"Ring of the Snake":0},{"Bird Faced Urn":4,"MealTicket":4,"WingedGreaves":3,"Snake Skull":5,"Ring of the Snake":0},{"Bird Faced Urn":24,"MealTicket":24,"WingedGreaves":12,"Snake Skull":28,"Ring of the Snake":0}],"Ring of the Snake":[14]},"card_choices":[{"not_picked":["Underhanded Strike","Outmaneuver"],"picked":"Flying Knee","floor":1},{"not_picked":["Prepared","Bane"],"picked":"Sucker Punch","floor":2},{"not_picked":["Underhanded Strike","Eviscerate"],"picked":"PiercingWail","floor":4},{"not_picked":["Backflip","Bane","Sucker Punch"],"picked":"SKIP","floor":7},{"not_picked":["Sucker Punch","Underhanded Strike"],"picked":"Skewer","floor":10},{"not_picked":["Skewer","Deadly Poison"],"picked":"Dagger Throw","floor":14}],"player_experience":1717399,"relics_obtained":[{"floor":7,"key":"MealTicket"},{"floor":9,"key":"Bird Faced Urn"},{"floor":12,"key":"Snake Skull"}],"event_choices":[{"damage_healed":18,"gold_gain":0,"player_choice":"Healed","damage_taken":0,"max_hp_gain":0,"max_hp_loss":0,"event_name":"The Cleric","floor":3,"gold_loss":35},{"damage_healed":0,"gold_gain":0,"player_choice":"Success","damage_taken":11,"relics_obtained":["WingedGreaves"],"max_hp_gain":0,"max_hp_loss":0,"event_name":"Scrap Ooze","floor":5,"gold_loss":0},{"damage_healed":0,"gold_gain":75,"player_choice":"Gather Gold","damage_taken":11,"max_hp_gain":0,"max_hp_loss":0,"event_name":"World of Goop","floor":11,"gold_loss":0}],"is_beta":false,"boss_relics":[],"items_purged_floors":[],"is_endless":false,"potions_floor_spawned":[4,10],"killed_by":"Slime Boss","ascension_level":20}}