{"host":"sav7uxregyirlf69","time":1611759156,"event":{"mods":["AchievementEnabler","BaseMod","Colored Map","DeckTracker","Keyboard Shortcuts","Minty Spire (QoL Compilation)","READ ME - Guardian Mod","StSLib","SuperFastMode"],"gold_per_floor":[117,42,92,107,2,2,328,341,341,341,355,375,386,414,414,414,414],"floor_reached":16,"language":"KOR","playtime":234,"items_purged":["Strike_R"],"score":274,"play_id":"5a7f20e3-826f-4eee-b39b-22676566343c","local_time":"20210127235236","is_ascension_mode":true,"campfire_choices":[{"data":"Carnage","floor":6,"key":"SMITH"},{"data":"Discovery","floor":10,"key":"SMITH"},{"data":"Evolve","floor":15,"key":"SMITH"}],"circlet_count":0,"master_deck":["AscendersBane","Strike_R","Strike_R","Strike_R","Strike_R","Defend_R","Defend_R","Defend_R","Defend_R","Bash","Carnage+1","Shrug It Off","Discovery+1","Evolve+1","Burning Pact"],"relics":["Burning Blood","NeowsBlessing","Old Coin","Ice Cream","InkBottle"],"acts_visited":["Exordium"],"potions_floor_usage":[],"damage_taken":[{"damage":0,"enemies":"2 Louse","floor":1,"turns":1},{"damage":0,"enemies":"Cultist","floor":4,"turns":1},{"damage":0,"enemies":"3 Sentries","floor":7,"turns":1},{"damage":6,"enemies":"Small Slimes","floor":8,"turns":4},{"damage":2,"enemies":"Looter","floor":11,"turns":3},{"damage":6,"enemies":"Exordium Wildlife","floor":12,"turns":3},{"damage":10,"enemies":"2 Fungi Beasts","floor":13,"turns":3},{"damage":22,"enemies":"Lagavulin","floor":14,"turns":5},{"damage":55,"enemies":"Hexaghost","floor":16,"turns":9}],"seed_played":"7477355573934765165","potions_obtained":[{"floor":1,"key":"LiquidMemories"},{"floor":11,"key":"SteroidPotion"}],"is_trial":false,"path_per_floor":["M","$","?","M","$","R","E","M","T","R","M","M","M","E","R","B"],"character_chosen":"IRONCLAD","items_purchased":["Discovery"],"campfire_rested":0,"item_purchase_floors":[5],"current_hp_per_floor":[74,74,74,75,75,75,75,75,75,75,75,75,71,55,55,0,0],"gold":414,"neow_bonus":"THREE_ENEMY_KILL","is_daily":false,"chose_seed":false,"campfire_upgraded":3,"win_rate":0.0,"timestamp":1611759156,"path_taken":["M","$","?","M","?","R","E","M","T","R","M","M","M","E","R","BOSS"],"items_purchased_type":["Card"],"build_version":"2020-12-22","purchased_purges":1,"victory":false,"max_hp_per_floor":[75,75,75,75,75,75,75,75,75,75,75,75,75,75,75,75,75],"card_choices":[{"not_picked":["Armaments","Clash"],"picked":"Carnage","floor":1},{"not_picked":["Heavy Blade","Sword Boomerang"],"picked":"Shrug It Off","floor":4},{"not_picked":["Shrug It Off","Headbutt","Dual Wield"],"picked":"SKIP","floor":7},{"not_picked":["Bloodletting","Rupture","Clash"],"picked":"SKIP","floor":8},{"not_picked":["Twin Strike","Thunderclap"],"picked":"Evolve","floor":11},{"not_picked":["Berserk","Reckless Charge","Warcry"],"picked":"SKIP","floor":12},{"not_picked":["Shrug It Off","Flame Barrier"],"picked":"Burning Pact","floor":13},{"not_picked":["Clash","Entrench","Anger"],"picked":"SKIP","floor":14}],"player_experience":1403760,"relics_obtained":[{"floor":7,"key":"Old Coin"},{"floor":9,"key":"Ice Cream"},{"floor":14,"key":"InkBottle"}],"event_choices":[{"damage_healed":0,"gold_gain":50,"player_choice":"Pray","damage_taken":0,"max_hp_gain":0,"max_hp_loss":0,"event_name":"Golden Shrine","floor":3,"gold_loss":0}],"is_beta":false,"boss_relics":[],"items_purged_floors":[2],"is_endless":false,"potions_floor_spawned":[1,11,12],"killed_by":"Hexaghost","ascension_level":20}}