{"host":"oz4ht6ec7xzo36kd","time":1611756863,"event":{"mods":["Act Like it!","BaseMod","Friendly Minions","Marisa¡]Ãú«B¡@Å]²z¨F¡^","Minty Spire (QoL Compilation)","Remilia¡]Á¢¦Ì²ú?¡^","StSLib","The Marked","The Servant 0.9.4","WarShipGirlsR/??¤Ö¤kR mod","Youmu¡]»î¾z§¯?¡^"],"gold_per_floor":[117,117,67,87,262,262,262,277,277,277,309,309,319,64,64,160,210,239,254,244,244,244],"floor_reached":21,"language":"ZHT","playtime":1120,"items_purged":[],"score":177,"play_id":"cde6a4f0-3ed7-4627-83c9-d457eeec7caa","local_time":"20210127221423","is_ascension_mode":false,"campfire_choices":[{"floor":6,"key":"RECALL"},{"data":"rmod:basicallowance","floor":10,"key":"SMITH"},{"data":"rmod:bulid","floor":12,"key":"SMITH"},{"data":"rmod:chargemoney","floor":15,"key":"SMITH"}],"circlet_count":0,"master_deck":["rmod:strick","rmod:strick","rmod:strick+1","rmod:strick","rmod:defend","rmod:defend","rmod:defend","rmod:basicallowance+1","rmod:maingunfire","rmod:bulid+1","rmod:ammunitionsupply","Doubt","rmod:intelligenceanalysis","rmod:chargemoney+1","rmod:ridicule","rmod:abidefaith","rmod:luckystar","rmod:firesupport","rmod:circuitoustactics","rmod:unsinkable","rmod:highspeedmaneuver"],"relics":["rmod:firstchargereward","NeowsBlessing","Nunchaku","Mummified Hand","Unceasing Top","Gremlin Horn","Tiny House"],"acts_visited":["Exordium","TheCity"],"potions_floor_usage":[11,16,16,18,18,18,18,19],"damage_taken":[{"damage":0,"enemies":"Jaw Worm","floor":1,"turns":1},{"damage":0,"enemies":"2 Louse","floor":4,"turns":2},{"damage":0,"enemies":"Cultist","floor":8,"turns":1},{"damage":29,"enemies":"3 Sentries","floor":11,"turns":7},{"damage":5,"enemies":"3 Louse","floor":13,"turns":3},{"damage":37,"enemies":"Hexaghost","floor":16,"turns":9},{"damage":40,"enemies":"Shell Parasite","floor":18,"turns":5},{"damage":35,"enemies":"2 Thieves","floor":19,"turns":4},{"damage":9,"enemies":"Snake Plant","floor":21,"turns":1}],"seed_played":"-5686694496429358580","potions_obtained":[{"floor":1,"key":"SteroidPotion"},{"floor":8,"key":"DuplicationPotion"},{"floor":11,"key":"Strength Potion"},{"floor":13,"key":"SkillPotion"},{"floor":17,"key":"EntropicBrew"}],"is_trial":false,"path_per_floor":["M","?","?","M","?","R","T","M","T","R","E","R","M","$","R","B",null,"M","M","?","M"],"character_chosen":"PRAEFECT","items_purchased":["Gremlin Horn"],"campfire_rested":0,"item_purchase_floors":[14],"current_hp_per_floor":[75,72,72,72,72,72,72,72,72,72,43,43,38,38,38,1,80,40,5,5,0,0],"gold":244,"neow_bonus":"THREE_ENEMY_KILL","is_daily":false,"chose_seed":false,"campfire_upgraded":3,"win_rate":0.0,"timestamp":1611756863,"path_taken":["M","?","?","M","?","R","?","M","T","R","E","R","M","?","R","BOSS","M","?","?","M"],"items_purchased_type":["Relic"],"build_version":"2020-12-22","purchased_purges":0,"victory":false,"max_hp_per_floor":[75,75,75,75,75,75,75,75,75,75,75,75,75,75,75,75,80,80,80,80,80,80],"card_choices":[{"not_picked":["rmod:firesupport","rmod:steelsupply"],"picked":"rmod:bulid","floor":1},{"not_picked":["rmod:victimresponsibility","rmod:goodsister"],"picked":"rmod:ammunitionsupply","floor":4},{"not_picked":["rmod:robin","rmod:victimresponsibility"],"picked":"rmod:intelligenceanalysis","floor":8},{"not_picked":["rmod:steelsupply","rmod:victimresponsibility"],"picked":"rmod:chargemoney","floor":11},{"not_picked":["rmod:tearstotiara","rmod:diamondstrike"],"picked":"rmod:ridicule","floor":13},{"not_picked":["rmod:seals","rmod:u235"],"picked":"rmod:abidefaith","floor":16},{"not_picked":["rmod:generalist","rmod:steelsupply"],"picked":"rmod:luckystar","floor":17},{"not_picked":["rmod:supportescort","rmod:smokecover+1"],"picked":"rmod:firesupport","floor":18},{"not_picked":["rmod:firesupport","rmod:tearstotiara+1"],"picked":"rmod:circuitoustactics","floor":19},{"not_picked":[],"picked":"rmod:unsinkable","floor":20},{"not_picked":[],"picked":"rmod:highspeedmaneuver","floor":20}],"player_experience":404805,"relics_obtained":[{"floor":9,"key":"Mummified Hand"},{"floor":11,"key":"Unceasing Top"}],"event_choices":[{"damage_healed":0,"gold_gain":0,"player_choice":"Success","damage_taken":3,"relics_obtained":["Nunchaku"],"max_hp_gain":0,"max_hp_loss":0,"event_name":"Scrap Ooze","floor":2,"gold_loss":0},{"cards_removed":["rmod:defend"],"damage_healed":0,"gold_gain":0,"player_choice":"Card Removal","damage_taken":0,"max_hp_gain":0,"max_hp_loss":0,"event_name":"The Cleric","floor":3,"gold_loss":50},{"damage_healed":0,"gold_gain":175,"player_choice":"AGREE","damage_taken":0,"max_hp_gain":0,"max_hp_loss":0,"event_name":"Liars Game","floor":5,"gold_loss":0,"cards_obtained":["Doubt"]}],"is_beta":false,"boss_relics":[{"not_picked":["Ectoplasm","Velvet Choker"],"picked":"Tiny House"}],"items_purged_floors":[],"is_endless":false,"potions_floor_spawned":[1,8,11,13],"killed_by":"Snake Plant","ascension_level":0}}