{"host":"ty7uytdfitsmf36k","time":1611768157,"event":{"mods":["AchievementEnabler","BaseMod","Colored Map","Colored Powertips","DeckTracker","Downfall","Infinite Spire","Minty Spire (QoL Compilation)","Relic Stats","Replay The Spire","Spire Arcade","StSLib","SuperFastMode","The Jungle","Wandering Minibosses"],"gold_per_floor":[99,162,162,162,162,162,162,175,207,285,354,354,354,372,392,392,392,392],"floor_reached":16,"language":"ENG","playtime":329,"items_purged":[],"score":110,"play_id":"b16020f9-70d6-4fda-9f3e-c89e7f5155c3","local_time":"20210127122237","is_ascension_mode":true,"campfire_choices":[{"data":"Guardian:TwinSlam","floor":1.0,"key":"SMITH"},{"data":"Guardian:FloatingOrbs","floor":6.0,"key":"SMITH"},{"data":"Guardian:Suspension","floor":12.0,"key":"SMITH"}],"circlet_count":0,"master_deck":["Guardian:Strike_Guardian","Guardian:Strike_Guardian","Guardian:Strike_Guardian","Guardian:Strike_Guardian","Guardian:Defend_Guardian","Guardian:Defend_Guardian","Guardian:Defend_Guardian","Guardian:Defend_Guardian","Guardian:CurlUp","Guardian:TwinSlam+1","Guardian:FloatingOrbs+1","Guardian:Gem_Cyan","Guardian:TemporalShield","Guardian:Suspension+1","Guardian:Repulse","Guardian:TwinSlam+1","Guardian:Orbwalk"],"relics":["Guardian:ModeShifter","downfall:HeartsMalice","hexamod:BolsterEngine","Singing Bowl","Replay:Mystery Machine","Guardian:PickAxe","Replay:Accelerometer"],"acts_visited":["Exordium"],"potions_floor_usage":[16,16],"damage_taken":[{"damage":0.0,"enemies":"Lagavulin Event","floor":2.0,"turns":1.0},{"damage":0.0,"enemies":"2 Louse","floor":3.0,"turns":1.0},{"damage":0.0,"enemies":"Jaw Worm","floor":5.0,"turns":1.0},{"damage":0.0,"enemies":"Small Slimes","floor":8.0,"turns":3.0},{"damage":30.0,"enemies":"Gremlin Nob","floor":9.0,"turns":4.0},{"damage":0.0,"enemies":"Exordium Wildlife","floor":14.0,"turns":3.0},{"damage":2.0,"enemies":"Red Slaver","floor":15.0,"turns":2.0},{"damage":3,"enemies":"SI_SHIV_ARCHETYPE","floor":16,"turns":3}],"seed_played":"5347124030324696161","potions_obtained":[{"floor":2.0,"key":"LiquidBronze"},{"floor":9.0,"key":"DistilledChaos"}],"is_trial":false,"path_per_floor":["R","?","M","?","M","R","T","M","E","?","T","R","?","M","M","B"],"character_chosen":"GUARDIAN","items_purchased":[],"campfire_rested":0,"item_purchase_floors":[],"current_hp_per_floor":[80,80,80,62,62,62,62,64,36,3,3,3,3,5,3,0,0,0],"gold":392,"neow_bonus":"THREE_ENEMY_KILL","is_daily":false,"chose_seed":false,"campfire_upgraded":3,"win_rate":0.0,"timestamp":1611768157,"path_taken":["R","?","M","?","M","R","T","M","E","?","?","R","?","M","M","BOSS"],"items_purchased_type":[],"build_version":"2020-12-22","purchased_purges":0,"victory":false,"max_hp_per_floor":[80,80,80,80,80,80,80,82,84,84,84,84,84,86,86,86,86,86],"relic_stats":{"Singing Bowl":6,"counters":[8,15],"obtain_stats":[{"Guardian:PickAxe":10,"Replay:Accelerometer":11,"Singing Bowl":7,"Guardian:ModeShifter":0,"downfall:HeartsMalice":0,"hexamod:BolsterEngine":2,"Replay:Mystery Machine":9},{"Guardian:PickAxe":5,"Replay:Accelerometer":5,"Singing Bowl":3,"Guardian:ModeShifter":0,"downfall:HeartsMalice":0,"hexamod:BolsterEngine":1,"Replay:Mystery Machine":5},{"Guardian:PickAxe":7,"Replay:Accelerometer":7,"Singing Bowl":0,"Guardian:ModeShifter":0,"downfall:HeartsMalice":0,"hexamod:BolsterEngine":0,"Replay:Mystery Machine":7}]},"card_choices":[{"not_picked":["Guardian:Gem_Lightblue","Guardian:Reroute"],"picked":"Guardian:FloatingOrbs","floor":2.0},{"not_picked":["Guardian:FloatingOrbs","Guardian:Gem_Red"],"picked":"Guardian:Gem_Yellow","floor":3.0},{"not_picked":["Guardian:Clone","Guardian:Incinerate"],"picked":"Guardian:TemporalShield","floor":5.0},{"not_picked":["Guardian:BodySlam","Guardian:TemporalShield","Guardian:WalkerClaw"],"picked":"Singing Bowl","floor":8.0},{"not_picked":["Guardian:PrimingBeam","Guardian:Gem_Cyan","Guardian:Incinerate"],"picked":"Singing Bowl","floor":9.0},{"not_picked":["Guardian:TemporalStrike","Guardian:WalkerClaw"],"picked":"Guardian:Suspension","floor":10.0},{"not_picked":["Guardian:Suspension","Guardian:Gem_Red"],"picked":"Guardian:Repulse","floor":10.0},{"not_picked":["Guardian:Incinerate","Guardian:EvasiveProtocol","Guardian:Gem_Blue"],"picked":"Singing Bowl","floor":14.0},{"not_picked":["Guardian:RevengeProtocol","Guardian:Recover"],"picked":"Guardian:Orbwalk","floor":15.0}],"player_experience":194113,"relics_obtained":[{"floor":2.0,"key":"hexamod:BolsterEngine"},{"floor":7.0,"key":"Singing Bowl"},{"floor":9.0,"key":"Replay:Mystery Machine"},{"floor":10.0,"key":"Guardian:PickAxe"},{"floor":11.0,"key":"Replay:Accelerometer"}],"event_choices":[],"is_beta":false,"boss_relics":[],"items_purged_floors":[],"is_endless":false,"potions_floor_spawned":[2,9],"killed_by":"SI_SHIV_ARCHETYPE","ascension_level":3}}