{"host":"nb3r5a3er9rrnn3n","time":1611723196,"event":{"mods":["BaseMod","Colored Map","Downfall","Minty Spire (QoL Compilation)","Spire Arcade","StSLib"],"gold_per_floor":[99,117,117,217,217,235,235,250,277,177,204,204,40,68,79,181,181,81,91,176,188,157,176,176,208,226,260,260,260,260,57,74,175,175,175,189,189,189,239,270,270,296,350,362,262,18,51,51,69,69,69,102,14,14,14,14],"floor_reached":57,"language":"ENG","playtime":4831,"items_purged":["bronze:Strike","bronze:Strike","bronze:Strike","bronze:Replicate","bronze:Repair"],"score":1880,"play_id":"d4d8462d-0f0d-466f-bb7c-d83ec0a85cf1","local_time":"20210127155316","is_ascension_mode":true,"campfire_choices":[{"floor":1.0,"key":"RECALL"},{"data":"bronze:BugBarrage","floor":10.0,"key":"SMITH"},{"data":"bronze:Repulsor","floor":18.0,"key":"SMITH"},{"data":"bronze:BurnOut","floor":28.0,"key":"SMITH"},{"data":"bronze:BugBarrage","floor":30.0,"key":"SMITH"},{"data":"bronze:DazingPulse","floor":35.0,"key":"SMITH"},{"data":"bronze:BuggyMess","floor":45.0,"key":"SMITH"},{"data":"bronze:Refactor","floor":54,"key":"SMITH"}],"circlet_count":0,"master_deck":["bronze:Defend","bronze:Defend","bronze:Defend","bronze:Defend","bronze:Goto+1","bronze:BugBarrage+1","bronze:Repulsor+1","bronze:WildBeam","bronze:Shield","bronze:MaxOutput+1","bronze:DazingPulse+1","bronze:OilSpill","bronze:BugBarrage+1","bronze:ItsAFeature+1","bronze:BurnOut+1","bronze:Break","bronze:BugBarrage+1","bronze:Allocate+1","bronze:MaxOutput+1","bronze:Shield","bronze:MaxOutput+1","bronze:BugBarrage+1","bronze:Mutator+1","expansioncontent:LastStand+1","bronze:Shield+1","bronze:BuggyMess+1","bronze:MaxOutput+1","bronze:Allocate+1","bronze:Refactor+1"],"relics":["bronze:BronzeCore","bronze:BottledCode","Question Card","Nunchaku","downfall:HeartBlessingRed","Frozen Egg 2","Bottled Flame","Philosopher\u0027s Stone","downfall:HeartBlessingGreen","Happy Flower","Pantograph","Boot","Letter Opener","Coffee Dripper","Thread and Needle","Singing Bowl","Bronze Scales","Potion Belt","Dead Branch","downfall:HeartBlessingBlue","Membership Card","HornCleat","Blue Candle"],"acts_visited":["Exordium","TheCity","TheBeyond","TheEnding"],"potions_floor_usage":[55,56,56],"damage_taken":[{"damage":0.0,"enemies":"Cultist","floor":2.0,"turns":4.0},{"damage":3.0,"enemies":"2 Louse","floor":6.0,"turns":3.0},{"damage":0.0,"enemies":"Small Slimes","floor":8.0,"turns":2.0},{"damage":28.0,"enemies":"Lagavulin","floor":9.0,"turns":8.0},{"damage":0.0,"enemies":"3 Sentries","floor":11.0,"turns":6.0},{"damage":0.0,"enemies":"3 Sentries","floor":12.0,"turns":2.0},{"damage":0.0,"enemies":"downfall:FleeingMerchant","floor":13.0,"turns":4.0},{"damage":0.0,"enemies":"Gremlin Nob","floor":14.0,"turns":2.0},{"damage":0.0,"enemies":"Exordium Wildlife","floor":15.0,"turns":2.0},{"damage":21.0,"enemies":"SI_SHIV_ARCHETYPE","floor":16.0,"turns":7.0},{"damage":0.0,"enemies":"3 Byrds","floor":19.0,"turns":3.0},{"damage":0.0,"enemies":"3 Cultists","floor":21.0,"turns":2.0},{"damage":0.0,"enemies":"downfall:FleeingMerchant","floor":22.0,"turns":4.0},{"damage":0.0,"enemies":"Centurion and Healer","floor":23.0,"turns":2.0},{"damage":0.0,"enemies":"Book of Stabbing","floor":25.0,"turns":2.0},{"damage":0.0,"enemies":"Snecko","floor":26.0,"turns":3.0},{"damage":5.0,"enemies":"Slavers","floor":27.0,"turns":2.0},{"damage":15.0,"enemies":"Snake Plant","floor":32.0,"turns":2.0},{"damage":0.0,"enemies":"WA_ARCHETYPE_CALM","floor":33.0,"turns":2.0},{"damage":0.0,"enemies":"3 Shapes","floor":36.0,"turns":2.0},{"damage":0.0,"enemies":"3 Shapes","floor":39.0,"turns":1.0},{"damage":0.0,"enemies":"Reptomancer","floor":40.0,"turns":2.0},{"damage":0.0,"enemies":"Giant Head","floor":42.0,"turns":3.0},{"damage":0.0,"enemies":"2 Orb Walkers","floor":43.0,"turns":2.0},{"damage":0.0,"enemies":"3 Darklings","floor":44.0,"turns":2.0},{"damage":0.0,"enemies":"Nemesis","floor":47.0,"turns":3.0},{"damage":0,"enemies":"Jaw Worm Horde","floor":49,"turns":1},{"damage":0,"enemies":"DF_ARCHETYPE_ORBS","floor":50,"turns":2},{"damage":0,"enemies":"downfall:CharBossMerchant","floor":52,"turns":2},{"damage":2,"enemies":"downfall:NeowBoss","floor":55,"turns":4},{"damage":53,"enemies":"downfall:NeowBossFinal","floor":56,"turns":5}],"seed_played":"-6472023535579853519","potions_obtained":[{"floor":8.0,"key":"DuplicationPotion"},{"floor":11.0,"key":"LiquidMemories"},{"floor":15.0,"key":"bronze:BuildAFunctionPotion"},{"floor":16.0,"key":"Energy Potion"},{"floor":26.0,"key":"Ancient Potion"},{"floor":42.0,"key":"Regen Potion"},{"floor":43.0,"key":"bronze:CleanCodePotion"},{"floor":49,"key":"sneckomod:MuddlingPotion"}],"is_trial":false,"path_per_floor":["R","M","?","?","?","M","T","M","E","R","E","?","$","E","M","B",null,"R","M","?","M","$","M","T","E","M","E","R","?","R","$","M","B",null,"R","M","?","?","?","E","T","E","?","M","R","$","E","?","M","B",null,"E","$","R","B","B",null],"character_chosen":"THE_AUTOMATON","items_purchased":["bronze:ItsAFeature+1","Happy Flower","FairyPotion","bronze:MaxOutput+1","Membership Card","bronze:MaxOutput+1"],"campfire_rested":0,"item_purchase_floors":[13,22,22,31,46,46],"current_hp_per_floor":[70,70,60,60,60,57,57,57,29,29,29,29,29,29,29,8,47,47,47,33,33,33,33,33,33,40,42,42,42,42,42,27,52,58,58,60,60,60,60,62,62,62,62,64,74,74,76,78,78,78,78,78,78,78,76,34],"gold":14,"neow_bonus":"UPGRADE_CARD","is_daily":false,"chose_seed":false,"campfire_upgraded":7,"win_rate":0.0,"timestamp":1611723196,"path_taken":["R","M","?","?","?","?","T","?","E","R","E","?","?","E","M","BOSS","R","M","?","M","$","M","T","E","M","E","R","?","R","$","M","BOSS","R","M","?","?","?","E","T","E","?","M","R","$","E","?","M","BOSS","E","$","R","BOSS","BOSS"],"items_purchased_type":["Card","Relic","Potion","Card","Relic","Card"],"build_version":"2020-12-22","purchased_purges":5,"victory":true,"max_hp_per_floor":[70,70,60,60,60,60,60,60,60,60,60,60,60,60,60,60,60,60,60,60,60,60,60,60,60,60,60,60,60,60,60,60,60,60,60,60,60,60,60,62,62,62,62,64,74,74,76,78,78,78,78,78,78,78,78,78],"card_choices":[{"not_picked":["bronze:Turbo","bronze:DelayedGuard"],"picked":"bronze:BugBarrage","floor":2.0},{"not_picked":["bronze:OilSpill","bronze:Frontload"],"picked":"bronze:WildBeam","floor":6.0},{"not_picked":["bronze:WhirlingStrike","bronze:NullPointer","bronze:Overheat","bronze:ChildClass"],"picked":"SKIP","floor":8.0},{"not_picked":["bronze:WildBeam","bronze:Library","bronze:Fortify"],"picked":"bronze:Shield","floor":9.0},{"not_picked":["bronze:Deprecate","bronze:AlphaBuild","bronze:Turbo"],"picked":"bronze:MaxOutput+1","floor":11.0},{"not_picked":[],"picked":"bronze:DazingPulse","floor":12.0},{"not_picked":["bronze:Constructor","bronze:Flail","bronze:Overheat"],"picked":"bronze:OilSpill","floor":12.0},{"not_picked":["bronze:ForceShield","bronze:Philosophize","bronze:GetLatest"],"picked":"bronze:BugBarrage","floor":13.0},{"not_picked":["bronze:Deprecate","bronze:CutThrough","bronze:Turbo","bronze:DelayedGuard"],"picked":"SKIP","floor":14.0},{"not_picked":["bronze:CutThrough","bronze:ClassDefault+1","bronze:BugBarrage"],"picked":"bronze:BurnOut","floor":15.0},{"not_picked":["bronze:Library+1","bronze:AlphaBuild","bronze:FindAndReplace"],"picked":"bronze:Break","floor":16.0},{"not_picked":["bronze:WildBeam","bronze:MaxOutput+1","bronze:Branch"],"picked":"bronze:BugBarrage+1","floor":19.0},{"not_picked":["bronze:ThunderWave","bronze:OilSpill","bronze:NullPointer","bronze:Branch"],"picked":"SKIP","floor":21.0},{"not_picked":["bronze:Deprecate+1","bronze:BitShift+1","bronze:ClassDefault+1"],"picked":"bronze:Allocate+1","floor":22.0},{"not_picked":["bronze:Iterate","bronze:FineTuning","bronze:NullPointer","bronze:Shell"],"picked":"SKIP","floor":23.0},{"not_picked":["bronze:FollowUp","bronze:FineTuning","bronze:Turbo+1"],"picked":"bronze:Repair","floor":25.0},{"not_picked":["bronze:Safeguard","bronze:Flail+1","bronze:Assembly"],"picked":"bronze:MaxOutput+1","floor":26.0},{"not_picked":["bronze:WildBeam+1","bronze:Branch","bronze:DigitalCarnage"],"picked":"bronze:Shield","floor":27.0},{"not_picked":["bronze:ChosenStrike","bronze:Return+1","bronze:Turbo"],"picked":"bronze:BugBarrage+1","floor":32.0},{"not_picked":["bronze:SpaghettiCode","bronze:RecursiveStrike","bronze:TinkerersToolbox"],"picked":"bronze:Mutator+1","floor":33.0},{"not_picked":["bronze:Iterate+1","bronze:Frontload","bronze:CutThrough+1","bronze:Backtrace+1"],"picked":"SKIP","floor":36.0},{"not_picked":["expansioncontent:PolyBeam","expansioncontent:YouAreMine","expansioncontent:PrepareCrush"],"picked":"expansioncontent:LastStand+1","floor":38.0},{"not_picked":["bronze:Invalidate","bronze:DigitalCarnage","bronze:FineTuning","bronze:DelayedGuard"],"picked":"Singing Bowl","floor":40.0},{"not_picked":["bronze:OilSpill+1","bronze:ForceShield+1","bronze:Deprecate+1"],"picked":"bronze:Shield+1","floor":42.0},{"not_picked":["bronze:Constructor","bronze:CutThrough","bronze:Safeguard"],"picked":"bronze:BuggyMess","floor":43.0},{"not_picked":["bronze:ThunderWave","bronze:OilSpill+1","bronze:Iterate","bronze:Invalidate"],"picked":"Singing Bowl","floor":44.0},{"not_picked":["bronze:Mutator+1","bronze:CutThrough","bronze:ChildClass+1","bronze:DigitalCarnage+1"],"picked":"Singing Bowl","floor":47.0},{"not_picked":["bronze:BuggyMess","bronze:Invalidate","bronze:CutThrough","bronze:Branch"],"picked":"Singing Bowl","floor":48.0},{"not_picked":["bronze:BugBarrage","bronze:Fortify","bronze:DelayedSlice+1"],"picked":"bronze:Allocate+1","floor":49},{"not_picked":["bronze:ChosenStrike+1","bronze:WhirlingStrike+1","bronze:Backtrace"],"picked":"bronze:Refactor","floor":52}],"player_experience":1941811,"relics_obtained":[{"floor":7.0,"key":"Question Card"},{"floor":9.0,"key":"Nunchaku"},{"floor":11.0,"key":"Frozen Egg 2"},{"floor":14.0,"key":"Bottled Flame"},{"floor":24.0,"key":"Pantograph"},{"floor":25.0,"key":"Boot"},{"floor":27.0,"key":"Letter Opener"},{"floor":39.0,"key":"Thread and Needle"},{"floor":40.0,"key":"Singing Bowl"},{"floor":41.0,"key":"Bronze Scales"},{"floor":42.0,"key":"Potion Belt"},{"floor":43.0,"key":"Dead Branch"},{"floor":47.0,"key":"HornCleat"},{"floor":52,"key":"Blue Candle"}],"event_choices":[{"damage_healed":0.0,"max_hp_gain":0.0,"max_hp_loss":0.0,"gold_gain":0.0,"event_name":"Vampires","player_choice":"Ignored","floor":29.0,"gold_loss":0.0,"damage_taken":0.0},{"damage_healed":0.0,"max_hp_gain":0.0,"max_hp_loss":0.0,"gold_gain":0.0,"event_name":"Mysterious Sphere","player_choice":"Fight","floor":43.0,"gold_loss":0.0,"damage_taken":0.0}],"is_beta":false,"boss_relics":[{"not_picked":["Tiny House","Pandora\u0027s Box"],"picked":"Philosopher\u0027s Stone"},{"not_picked":["Runic Pyramid","Fusion Hammer"],"picked":"Coffee Dripper"}],"items_purged_floors":[13,22,31,46,53],"is_endless":false,"potions_floor_spawned":[8,11,15,16,23,26,32,36,42,43,49],"ascension_level":5}}