{"host":"farxtl2u8hmkbdo2","time":1611791783,"event":{"mods":["A Magickal Journey","BaseMod","Better Altar","Better Note","Better Sensory Stone","Better Skull","Better Third Choice","Challenge The Spire","Colored Map","Colored Powertips","Current Relic Mod","Energized Spire","Fox Events","Gremlin Mod","Hermit","Hubris","Mimic Mod","Minty Spire (QoL Compilation)","Quick Restart","READ ME - Guardian Mod","READ ME - Snecko Mod","Rare Cards Sparkle","StSLib","The Bladedancer","The Bug Knight","The Cursed","The Disciple","The Elementalist","The Hierophant","The Marked","The Necromancer","The Runesmith","Transform Curses"],"gold_per_floor":[111,122,122,113,126,131,143,165,254,266,424,428,451,479,491,544,633,652,30,45,45,45,73,73,173,271,36,36,36,62,68,68,8,8],"floor_reached":33,"language":"SPA","playtime":2102,"items_purged":[],"score":315,"play_id":"fc00ae65-8615-41ba-ab75-e319df3e5fbe","local_time":"20210127205623","is_ascension_mode":true,"campfire_choices":[{"data":"hierophant:ChurchCoffers","floor":10,"key":"SMITH"},{"data":"hierophant:Endure","floor":15,"key":"SMITH"},{"data":"hierophant:Determination","floor":24,"key":"SMITH"},{"data":"hierophant:AuricForm","floor":28,"key":"SMITH"},{"data":"hierophant:Invocation","floor":32,"key":"SMITH"}],"circlet_count":0,"master_deck":["hierophant:Strike_Hierophant","hierophant:Strike_Hierophant+1","hierophant:Strike_Hierophant","hierophant:Strike_Hierophant+1","hierophant:Punish","hierophant:Defend_Hierophant","hierophant:Defend_Hierophant","hierophant:Defend_Hierophant","hierophant:Defend_Hierophant","hierophant:ChurchCoffers+1","Secret Technique+1","hierophant:Smite","hierophant:TollTheBells","hierophant:MorningPrayer","hierophant:HolyVerse+1","hierophant:Upheaval","hierophant:Endure+1","hierophant:HolyVerse","hierophant:Zeal","hierophant:Invocation+1","hierophant:Determination+1","hierophant:Smite","hierophant:Anathema","hierophant:AuricForm+1","hierophant:Anathema","hierophant:HolyVerse","hierophant:FaithHealing+1","hierophant:Sermon"],"relics":["hierophant:PropheticMaskRelic","foxEvents:LuckyCharm","hubris:Icosahedron","MawBank","hubris:Towel","hubris:Spice","Bottled Flame","War Paint","FossilizedHelix","Whetstone","Orichalcum"],"acts_visited":["Exordium","TheCity"],"potions_floor_usage":[8,12,14,14,16,30,30,33,33],"damage_taken":[{"damage":0,"enemies":"2 Louse","floor":1,"turns":1},{"damage":12,"enemies":"Colosseum Slavers","floor":2,"turns":2},{"damage":1,"enemies":"Jaw Worm","floor":4,"turns":2},{"damage":0,"enemies":"Cultist","floor":5,"turns":2},{"damage":4,"enemies":"3 Sentries","floor":6,"turns":7},{"damage":23,"enemies":"Lagavulin","floor":8,"turns":5},{"damage":0,"enemies":"Exordium Wildlife","floor":12,"turns":2},{"damage":11,"enemies":"Gremlin Nob","floor":13,"turns":3},{"damage":0,"enemies":"Lots of Slimes","floor":14,"turns":1},{"damage":4,"enemies":"Slime Boss","floor":16,"turns":6},{"damage":8,"enemies":"Chosen","floor":18,"turns":6},{"damage":0,"enemies":"Shell Parasite","floor":20,"turns":1},{"damage":12,"enemies":"Book of Stabbing","floor":23,"turns":6},{"damage":13,"enemies":"Snake Plant","floor":26,"turns":6},{"damage":0,"enemies":"Slavers","floor":30,"turns":2},{"damage":0,"enemies":"Snake Plant","floor":31,"turns":3},{"damage":42,"enemies":"hubris:MusketHawk","floor":33,"turns":7}],"seed_played":"3052485833096446434","potions_obtained":[{"floor":6,"key":"SkillPotion"},{"floor":8,"key":"Fruit Juice"},{"floor":13,"key":"EntropicBrew"},{"floor":14,"key":"GamblersBrew"},{"floor":18,"key":"Ancient Potion"}],"is_trial":false,"path_per_floor":["M","?","?","M","M","E","?","E","T","R","T","M","E","M","R","B",null,"M","$","M","$","?","E","R","?","MIM","$","R","?","E","M","R","B"],"character_chosen":"HIEROPHANT","items_purchased":["FossilizedHelix","hubris:Spice","hierophant:Smite","hierophant:AuricForm","hierophant:Anathema"],"campfire_rested":0,"item_purchase_floors":[19,19,19,27,27],"current_hp_per_floor":[54,42,42,41,41,37,37,22,30,30,30,35,24,24,24,20,88,80,72,64,64,64,56,56,56,46,46,46,46,40,40,40,0,0],"gold":8,"neow_bonus":"RANDOM_COLORLESS_2","is_daily":false,"chose_seed":false,"campfire_upgraded":5,"win_rate":0.0,"timestamp":1611791783,"path_taken":["M","?","?","?","M","E","?","E","T","R","?","M","E","M","R","BOSS","M","$","M","$","?","E","R","?","MIM","?","R","?","E","M","R","BOSS"],"items_purchased_type":["Relic","Relic","Card","Card","Card"],"build_version":"2020-12-22","purchased_purges":0,"victory":false,"max_hp_per_floor":[75,75,75,75,75,75,75,83,91,91,91,96,96,96,96,96,88,80,72,64,64,64,56,56,56,48,48,48,48,40,40,40,40,40],"card_choices":[{"not_picked":["Metamorphosis","hubris:EnhanceAbility"],"picked":"Secret Technique","floor":0},{"not_picked":["hierophant:Doubloon","hierophant:Doomsaying"],"picked":"hierophant:Smite","floor":1},{"not_picked":["hierophant:Purify","hierophant:RepressedViolence"],"picked":"hierophant:TollTheBells","floor":2},{"not_picked":["hierophant:Purify","hierophant:OrnateBuckler"],"picked":"hierophant:MorningPrayer","floor":4},{"not_picked":["hierophant:Encroach","hierophant:SealAway"],"picked":"hierophant:HolyVerse","floor":5},{"not_picked":["hierophant:Shelter","hierophant:Remorse"],"picked":"hierophant:Upheaval","floor":6},{"not_picked":["hierophant:Chorus","hierophant:SealAway"],"picked":"hierophant:Endure","floor":8},{"not_picked":["hierophant:SecretStash","hierophant:OrnateBuckler"],"picked":"hierophant:HolyVerse","floor":12},{"not_picked":["hierophant:CoinFling","hierophant:Community"],"picked":"hierophant:Zeal","floor":13},{"not_picked":["hierophant:Martyrdom","hierophant:Smite"],"picked":"hierophant:Invocation","floor":14},{"not_picked":["hierophant:Batter","hierophant:Cornucopia"],"picked":"hierophant:Determination","floor":16},{"not_picked":["hierophant:FlamingChariot","hierophant:Sermon"],"picked":"hubris:SpiceAddiction","floor":18},{"not_picked":["hierophant:RecallFunds+1","hierophant:Purify"],"picked":"hubris:SpiceAddiction","floor":20},{"not_picked":["hierophant:Zeal+1","hierophant:Purify"],"picked":"hierophant:Anathema","floor":23},{"not_picked":["hierophant:Chorus+1","hierophant:Encroach"],"picked":"hubris:SpiceAddiction","floor":26},{"not_picked":["hierophant:HammerAndAnvil+1","hierophant:DisplayOfPower"],"picked":"hierophant:FaithHealing+1","floor":30},{"not_picked":["hubris:SpiceAddiction","hierophant:AuricForm"],"picked":"hierophant:Sermon","floor":31}],"player_experience":1912558,"relics_obtained":[{"floor":2,"key":"foxEvents:LuckyCharm"},{"floor":6,"key":"MawBank"},{"floor":8,"key":"hubris:Spice"},{"floor":9,"key":"hubris:Spice"},{"floor":11,"key":"Bottled Flame"},{"floor":13,"key":"War Paint"},{"floor":23,"key":"hubris:Spice"},{"floor":26,"key":"Whetstone"},{"floor":26,"key":"Orichalcum"},{"floor":30,"key":"hubris:Spice"}],"event_choices":[{"damage_healed":0,"gold_gain":100,"player_choice":"Pray","damage_taken":0,"max_hp_gain":0,"max_hp_loss":0,"event_name":"Golden Shrine","floor":25,"gold_loss":0},{"damage_healed":0,"gold_gain":0,"player_choice":"Read","damage_taken":0,"max_hp_gain":0,"max_hp_loss":0,"event_name":"The Library","floor":29,"gold_loss":0,"cards_obtained":["hierophant:HolyVerse"]}],"is_beta":false,"boss_relics":[{"not_picked":["hubris:Spice","Runesmith:UraniumAnvil"],"picked":"hubris:Spice"}],"items_purged_floors":[],"is_endless":false,"potions_floor_spawned":[6,8,13,14,18,23],"killed_by":"hubris:MusketHawk","ascension_level":1}}