{"host":"agela5aetnmltfvm","time":1611756590,"event":{"mods":["BaseMod","Colored Powertips","Hermit","Minty Spire (QoL Compilation)","Rare Cards Sparkle","Replay The Spire","StSLib"],"gold_per_floor":[114,62,74,94,114,140,172,96,145,170,186,186,186],"floor_reached":12,"language":"ZHS","playtime":396,"items_purged":[],"score":84,"play_id":"f44785d5-21be-40ec-b1e6-4751efbf2f91","local_time":"20210127220950","is_ascension_mode":false,"campfire_choices":[],"circlet_count":0,"master_deck":["hermit:Strike_Hermit","hermit:Strike_Hermit+1","hermit:Strike_Hermit","hermit:Strike_Hermit","hermit:Defend_Hermit","hermit:Defend_Hermit+1","hermit:Defend_Hermit","hermit:Defend_Hermit","hermit:Snapshot","hermit:Covet","hermit:TrackingShot","hermit:TakeAim","hermit:DeadOrAlive","hermit:GhostlyPresence","hermit:Combo","hermit:Reprieve"],"relics":["hermit:Momento","Dead Branch","Simple Rune","Chameleon Ring","Blood Vial"],"acts_visited":["Exordium"],"potions_floor_usage":[6,7,11],"damage_taken":[{"damage":2,"enemies":"Small Slimes","floor":1,"turns":3},{"damage":1,"enemies":"Cultist","floor":3,"turns":3},{"damage":0,"enemies":"Jaw Worm","floor":4,"turns":3},{"damage":8,"enemies":"Exordium Thugs","floor":5,"turns":6},{"damage":18,"enemies":"3 Sentries","floor":6,"turns":6},{"damage":0,"enemies":"Looter","floor":7,"turns":2},{"damage":15,"enemies":"3 Louse","floor":10,"turns":4},{"damage":7,"enemies":"Blue Slaver","floor":11,"turns":2},{"damage":16,"enemies":"Lagavulin","floor":12,"turns":8}],"seed_played":"-4247571580634347433","potions_obtained":[{"floor":1,"key":"Reflective Coating"},{"floor":5,"key":"SteroidPotion"},{"floor":7,"key":"Fire Potion"}],"is_trial":false,"path_per_floor":["M","?","M","M","M","E","M","$","T","M","M","E"],"character_chosen":"HERMIT","items_purchased":["hermit:Combo"],"campfire_rested":0,"item_purchase_floors":[8],"current_hp_per_floor":[66,66,65,65,57,39,39,39,39,26,21,7,7],"gold":186,"neow_bonus":"ONE_RARE_RELIC","is_daily":false,"chose_seed":false,"campfire_upgraded":0,"win_rate":0.0,"timestamp":1611756590,"path_taken":["M","?","M","M","M","E","M","$","T","M","M","E"],"items_purchased_type":["Card"],"build_version":"2020-12-22","purchased_purges":0,"victory":false,"max_hp_per_floor":[68,68,68,68,68,68,68,68,68,68,68,68,68],"card_choices":[{"not_picked":["hermit:NoHoldsBarred","hermit:CalledShot"],"picked":"hermit:TrackingShot","floor":1},{"not_picked":["hermit:Cheat","hermit:Midnight","hermit:LuckOfTheDraw"],"picked":"SKIP","floor":3},{"not_picked":["hermit:LowProfile","hermit:TrackingShot"],"picked":"hermit:TakeAim","floor":4},{"not_picked":["hermit:BodyArmor","hermit:LowProfile"],"picked":"hermit:DeadOrAlive","floor":5},{"not_picked":["hermit:Coalescence","hermit:HighCaliber","hermit:TrackingShot"],"picked":"SKIP","floor":6},{"not_picked":["hermit:TrackingShot","hermit:Roulette"],"picked":"hermit:GhostlyPresence","floor":7},{"not_picked":["hermit:SprayPray","hermit:Headshot","hermit:BodyArmor"],"picked":"SKIP","floor":10},{"not_picked":["hermit:Dive","hermit:Glare"],"picked":"hermit:Reprieve","floor":11}],"player_experience":532441,"relics_obtained":[{"floor":6,"key":"Chameleon Ring"},{"floor":9,"key":"Blood Vial"}],"event_choices":[{"damage_healed":0,"gold_gain":0,"player_choice":"Paid Gold","damage_taken":0,"relics_obtained":["Simple Rune"],"max_hp_gain":0,"max_hp_loss":0,"event_name":"WeMeetAgain","floor":2,"gold_loss":52}],"is_beta":false,"boss_relics":[],"items_purged_floors":[],"is_endless":false,"potions_floor_spawned":[1,5,7],"killed_by":"Lagavulin","ascension_level":0}}