{"host":"928gv66myv2vlnsd","time":1611788015,"event":{"mods":["BaseMod","Minty Spire (QoL Compilation)","StSLib"],"gold_per_floor":[13,13,31,47,47,47,47,99,126,126,126],"floor_reached":10,"language":"ENG","playtime":293,"items_purged":[],"score":116,"play_id":"b8a0ec1e-f3c1-4c74-be03-30f8bb0b3ba1","local_time":"20210127175335","is_ascension_mode":true,"campfire_choices":[{"data":"Sucker Punch","floor":7,"key":"SMITH"}],"circlet_count":0,"master_deck":["AscendersBane","Strike_G","Strike_G","Strike_G","Strike_G","Strike_G","Defend_G","Defend_G","Defend_G","Defend_G","Defend_G","Survivor","Neutralize+1","Sadistic Nature","Well Laid Plans","Sucker Punch+1","Outmaneuver","Blur"],"relics":["Ring of the Snake","Golden Idol","CeramicFish","Regal Pillow"],"acts_visited":["Exordium"],"potions_floor_usage":[10,10],"damage_taken":[{"damage":0,"enemies":"Cultist","floor":1,"turns":4},{"damage":0,"enemies":"Small Slimes","floor":3,"turns":3},{"damage":4,"enemies":"2 Louse","floor":4,"turns":4},{"damage":44,"enemies":"Gremlin Nob","floor":8,"turns":6},{"damage":17,"enemies":"Lagavulin","floor":10,"turns":3}],"seed_played":"-1582915727985922458","potions_obtained":[{"floor":1,"key":"PowerPotion"},{"floor":4,"key":"ColorlessPotion"}],"is_trial":false,"path_per_floor":["M","?","M","M","?","?","R","E","T","E"],"character_chosen":"THE_SILENT","items_purchased":[],"campfire_rested":0,"item_purchase_floors":[],"current_hp_per_floor":[59,59,59,55,60,60,60,16,16,0,0],"gold":126,"neow_bonus":"RANDOM_COLORLESS_2","is_daily":false,"chose_seed":false,"campfire_upgraded":1,"win_rate":0.0,"timestamp":1611788015,"path_taken":["M","?","M","M","?","?","R","E","T","E"],"items_purchased_type":[],"build_version":"2020-12-22","purchased_purges":0,"victory":false,"max_hp_per_floor":[66,60,60,60,65,65,65,65,65,65,65],"card_choices":[{"not_picked":["Chrysalis","Secret Technique"],"picked":"Sadistic Nature","floor":0},{"not_picked":["Deflect","Underhanded Strike"],"picked":"Well Laid Plans","floor":1},{"not_picked":["Choke","Blur"],"picked":"Sucker Punch","floor":3},{"not_picked":["Cloak And Dagger","Setup"],"picked":"Outmaneuver","floor":4},{"not_picked":["Masterful Stab","Blur","Flying Knee"],"picked":"SKIP","floor":8},{"not_picked":["Masterful Stab","Flying Knee"],"picked":"Blur","floor":8}],"player_experience":1366913,"relics_obtained":[{"floor":8,"key":"CeramicFish"},{"floor":9,"key":"Regal Pillow"}],"event_choices":[{"damage_healed":0,"gold_gain":0,"player_choice":"Lose Max HP","damage_taken":0,"relics_obtained":["Golden Idol"],"max_hp_gain":0,"max_hp_loss":6,"event_name":"Golden Idol","floor":2,"gold_loss":0},{"damage_healed":0,"gold_gain":0,"player_choice":"Donut","damage_taken":0,"max_hp_gain":5,"max_hp_loss":0,"event_name":"Big Fish","floor":5,"gold_loss":0},{"damage_healed":0,"gold_gain":0,"player_choice":"Grow","damage_taken":0,"max_hp_gain":0,"max_hp_loss":0,"event_name":"Living Wall","floor":6,"gold_loss":0,"cards_upgraded":["Neutralize"]}],"is_beta":false,"boss_relics":[],"items_purged_floors":[],"is_endless":false,"potions_floor_spawned":[1,4],"killed_by":"Lagavulin","ascension_level":15}}