{"host":"p62uqwu04pp7leh9","time":1611720283,"event":{"mods":["BaseMod","Block Reminder","Colored Map","Colored Powertips","Minty Spire (QoL Compilation)","Relic Stats"],"gold_per_floor":[112,130,55,75,90,119,194,205,231,242,261,94,145,145,145,264,264,323,323,335,335,390,390,390,390],"floor_reached":24,"language":"ENG","playtime":2206,"items_purged":["Dualcast"],"score":285,"play_id":"59d87f6a-c204-446f-a3c5-2a4cb387cf2d","local_time":"20210126220443","is_ascension_mode":false,"campfire_choices":[{"data":"Defragment","floor":15,"key":"SMITH"},{"data":"Fission","floor":23,"key":"SMITH"}],"circlet_count":0,"master_deck":["Defend_B","Defend_B","Defend_B","Zap","Glacier","Defragment+1","Chill","Chill","Conserve Battery","Rebound","Tempest","HandOfGreed","Cold Snap","Fission+1","Bite","Bite","Bite","Bite"],"relics":["Inserter","Mummified Hand","Bag of Marbles","Toy Ornithopter","SlaversCollar"],"acts_visited":["Exordium","TheCity"],"potions_floor_usage":[16,22,24],"damage_taken":[{"damage":7,"enemies":"Jaw Worm","floor":1,"turns":4},{"damage":0,"enemies":"Cultist","floor":2,"turns":5},{"damage":0,"enemies":"2 Louse","floor":4,"turns":5},{"damage":1,"enemies":"2 Fungi Beasts","floor":5,"turns":5},{"damage":4,"enemies":"3 Sentries","floor":6,"turns":12},{"damage":6,"enemies":"Exordium Thugs","floor":8,"turns":6},{"damage":0,"enemies":"3 Louse","floor":10,"turns":3},{"damage":1,"enemies":"Large Slime","floor":11,"turns":5},{"damage":14,"enemies":"Gremlin Nob","floor":13,"turns":4},{"damage":0,"enemies":"Hexaghost","floor":16,"turns":12},{"damage":5,"enemies":"3 Byrds","floor":18,"turns":7},{"damage":11,"enemies":"2 Thieves","floor":20,"turns":5},{"damage":0,"enemies":"Shelled Parasite and Fungi","floor":22,"turns":7},{"damage":71,"enemies":"Gremlin Leader","floor":24,"turns":10}],"seed_played":"2572887765131330469","potions_obtained":[{"floor":5,"key":"Weak Potion"},{"floor":6,"key":"Block Potion"},{"floor":10,"key":"DuplicationPotion"},{"floor":13,"key":"Block Potion"},{"floor":16,"key":"Block Potion"}],"is_trial":false,"path_per_floor":["M","M","$","M","M","E","?","M","T","M","M","$","E","?","R","B",null,"M","?","M","?","M","R","E"],"character_chosen":"DEFECT","items_purchased":["HandOfGreed"],"campfire_rested":0,"item_purchase_floors":[12],"current_hp_per_floor":[68,68,68,68,67,63,56,50,50,50,49,49,35,28,28,33,75,70,52,52,52,52,52,0,0],"gold":390,"neow_bonus":"BOSS_RELIC","is_daily":false,"chose_seed":false,"campfire_upgraded":2,"win_rate":0.0,"timestamp":1611720283,"path_taken":["M","M","$","M","M","E","?","?","T","M","M","$","E","?","R","BOSS","M","?","M","?","M","R","E"],"items_purchased_type":["Card"],"build_version":"2020-12-22","purchased_purges":1,"victory":false,"max_hp_per_floor":[75,75,75,75,75,75,75,75,75,75,75,75,75,75,75,75,75,75,52,52,52,52,52,52,52],"relic_stats":{"Inserter":[45],"counters":[14,90],"Mummified Hand":[10],"obtain_stats":[{"SlaversCollar":17,"Inserter":0,"Mummified Hand":6,"Bag of Marbles":9,"Cracked Core":0,"Toy Ornithopter":13},{"SlaversCollar":10,"Inserter":0,"Mummified Hand":5,"Bag of Marbles":6,"Cracked Core":0,"Toy Ornithopter":9},{"SlaversCollar":61,"Inserter":0,"Mummified Hand":31,"Bag of Marbles":37,"Cracked Core":0,"Toy Ornithopter":49}],"Toy Ornithopter":5},"card_choices":[{"not_picked":["Steam","Self Repair"],"picked":"Glacier","floor":1},{"not_picked":["Barrage","Sweeping Beam"],"picked":"Defragment","floor":2},{"not_picked":["Streamline","Gash"],"picked":"Chill","floor":4},{"not_picked":["Skim","Sweeping Beam"],"picked":"Chill","floor":5},{"not_picked":["Redo","Hello World"],"picked":"Conserve Battery","floor":6},{"not_picked":["Hologram","Capacitor"],"picked":"Rebound","floor":8},{"not_picked":["Stack","Buffer"],"picked":"Tempest","floor":10},{"not_picked":["Barrage","Steam","Ball Lightning"],"picked":"SKIP","floor":11},{"not_picked":["Beam Cell","Steam"],"picked":"Cold Snap","floor":13},{"not_picked":["Echo Form","Multi-Cast"],"picked":"Fission","floor":16},{"not_picked":["Ball Lightning","Leap","Cold Snap"],"picked":"SKIP","floor":18},{"not_picked":["Sweeping Beam","White Noise","Leap"],"picked":"SKIP","floor":20},{"not_picked":["Reprogram+1","Capacitor+1","Beam Cell+1"],"picked":"SKIP","floor":22}],"player_experience":366000,"relics_obtained":[{"floor":6,"key":"Mummified Hand"},{"floor":9,"key":"Bag of Marbles"},{"floor":13,"key":"Toy Ornithopter"}],"event_choices":[{"damage_healed":0,"gold_gain":75,"player_choice":"Touch","damage_taken":7,"max_hp_gain":0,"max_hp_loss":0,"event_name":"FaceTrader","floor":7,"gold_loss":0},{"cards_removed":["Defend_B"],"damage_healed":0,"gold_gain":0,"player_choice":"Card Removal","damage_taken":7,"max_hp_gain":0,"max_hp_loss":0,"event_name":"Golden Wing","floor":14,"gold_loss":0},{"damage_healed":0,"gold_gain":0,"player_choice":"Became a vampire","damage_taken":0,"max_hp_gain":0,"max_hp_loss":23,"event_name":"Vampires","floor":19,"gold_loss":0,"cards_obtained":["Bite","Bite","Bite","Bite","Bite"]},{"cards_removed":["Bite"],"damage_healed":0,"gold_gain":0,"player_choice":"Elegance","damage_taken":0,"max_hp_gain":0,"max_hp_loss":0,"event_name":"Back to Basics","floor":21,"gold_loss":0}],"is_beta":false,"boss_relics":[{"not_picked":["Ectoplasm","Cursed Key"],"picked":"SlaversCollar"}],"items_purged_floors":[3],"is_endless":false,"potions_floor_spawned":[5,6,10,13,16,18,20],"killed_by":"Gremlin Leader","ascension_level":0}}