{"host":"yx5rao87132cy5xq","time":1611789090,"event":{"mods":["2.2 Compatiblity","AchievementEnabler","BaseMod","Bestiary","Colored Map","Colored Powertips","Minty Spire (QoL Compilation)","Quick Restart","Relic Stats","Slay-I","SuperFastMode"],"gold_per_floor":[12,12,26,26,45,76,76,112,139,178,191,249,16,31,31,161,161,186,209,209,230,230,230,251,284,284,327,327,297,297,312,312,312,312],"floor_reached":33,"language":"POL","playtime":2226,"items_purged":[],"score":473,"play_id":"f815aee5-f7fb-4742-9270-9cf8ac4fc5c7","local_time":"20210128001130","is_ascension_mode":true,"campfire_choices":[{"floor":7,"key":"REST"},{"floor":15,"key":"REST"},{"floor":23,"key":"REST"},{"floor":30,"key":"REST"},{"data":"Whirlwind","floor":32,"key":"SMITH"}],"circlet_count":0,"master_deck":["AscendersBane","Bash+1","Searing Blow","Carnage","Whirlwind+1","Ghostly Armor","Immolate","Sentinel","Shrug It Off","Fiend Fire","Searing Blow","Shockwave","Bludgeon","Sever Soul","Shockwave","Juggernaut","Twin Strike","Dual Wield","Rampage","Warcry+1","Second Wind","Double Tap","Corruption","True Grit+1","Spot Weakness","Shrug It Off","Shrug It Off"],"relics":["Burning Blood","FossilizedHelix","Golden Idol","Bag of Preparation","Nunchaku","Art of War","Toy Ornithopter","Bronze Scales","Pandora\u0027s Box","Enchiridion","Orichalcum","HornCleat","Pear"],"acts_visited":["Exordium","TheCity"],"potions_floor_usage":[6,8,11,16,25,27,33,33,33],"damage_taken":[{"damage":0,"enemies":"2 Louse","floor":1,"turns":4},{"damage":7,"enemies":"Jaw Worm","floor":3,"turns":6},{"damage":7,"enemies":"Small Slimes","floor":5,"turns":3},{"damage":35,"enemies":"3 Sentries","floor":6,"turns":9},{"damage":24,"enemies":"Gremlin Nob","floor":8,"turns":4},{"damage":15,"enemies":"Lagavulin","floor":10,"turns":8},{"damage":0,"enemies":"Looter","floor":11,"turns":3},{"damage":0,"enemies":"Lots of Slimes","floor":14,"turns":1},{"damage":21,"enemies":"The Guardian","floor":16,"turns":17},{"damage":18,"enemies":"3 Byrds","floor":18,"turns":3},{"damage":13,"enemies":"Shell Parasite","floor":19,"turns":4},{"damage":34,"enemies":"Sentry and Sphere","floor":21,"turns":6},{"damage":7,"enemies":"Snecko","floor":24,"turns":4},{"damage":23,"enemies":"Gremlin Leader","floor":25,"turns":6},{"damage":15,"enemies":"Book of Stabbing","floor":27,"turns":4},{"damage":0,"enemies":"Colosseum Slavers","floor":28,"turns":3},{"damage":3,"enemies":"Centurion and Healer","floor":31,"turns":3},{"damage":83,"enemies":"Automaton","floor":33,"turns":8}],"seed_played":"7385460955188424443","potions_obtained":[{"floor":1,"key":"DistilledChaos"},{"floor":5,"key":"SkillPotion"},{"floor":10,"key":"AttackPotion"},{"floor":11,"key":"Energy Potion"},{"floor":16,"key":"FearPotion"},{"floor":21,"key":"ColorlessPotion"},{"floor":29,"key":"GamblersBrew"},{"floor":29,"key":"EntropicBrew"},{"floor":31,"key":"SteroidPotion"}],"is_trial":false,"path_per_floor":["M","?","M","?","M","E","R","E","T","E","M","?","$","M","R","B",null,"M","M","?","M","?","R","M","E","T","E","?","?","R","M","R","B"],"character_chosen":"IRONCLAD","items_purchased":["Bronze Scales","Sentinel"],"campfire_rested":4,"item_purchase_floors":[13,13],"current_hp_per_floor":[78,58,57,41,40,11,35,17,17,8,19,19,19,25,49,39,70,58,51,51,23,7,31,30,18,18,24,30,30,57,60,60,0,0],"gold":312,"neow_bonus":"ONE_RARE_RELIC","is_daily":false,"chose_seed":false,"campfire_upgraded":1,"win_rate":0.0,"timestamp":1611789090,"path_taken":["M","?","M","?","M","E","R","E","T","E","M","?","$","M","R","BOSS","M","M","?","?","?","R","M","E","T","E","?","?","R","M","R","BOSS"],"items_purchased_type":["Relic","Card"],"build_version":"2020-12-22","purchased_purges":0,"victory":false,"max_hp_per_floor":[80,80,80,80,80,80,80,80,80,80,80,80,80,80,80,80,80,80,80,80,80,80,80,80,80,80,90,90,90,90,90,90,90,90],"relic_stats":{"Nunchaku":[8],"counters":[18,96],"Golden Idol":97,"Bronze Scales":[221],"Pandora\u0027s Box":["Searing Blow","Shockwave","Bludgeon","Sever Soul","Shockwave","Juggernaut","Twin Strike","Dual Wield","Rampage"],"Bag of Preparation":[28],"Art of War":[13],"Orichalcum":[24],"obtain_stats":[{"Pear":27,"Golden Idol":2,"Enchiridion":22,"Bag of Preparation":6,"Orichalcum":25,"Burning Blood":0,"Nunchaku":8,"HornCleat":26,"Bronze Scales":13,"Pandora\u0027s Box":17,"Art of War":9,"FossilizedHelix":0,"Toy Ornithopter":10},{"Pear":15,"Golden Idol":1,"Enchiridion":12,"Bag of Preparation":4,"Orichalcum":14,"Burning Blood":0,"Nunchaku":5,"HornCleat":14,"Bronze Scales":7,"Pandora\u0027s Box":9,"Art of War":5,"FossilizedHelix":0,"Toy Ornithopter":6},{"Pear":82,"Golden Idol":4,"Enchiridion":68,"Bag of Preparation":22,"Orichalcum":78,"Burning Blood":0,"Nunchaku":26,"HornCleat":78,"Bronze Scales":37,"Pandora\u0027s Box":55,"Art of War":26,"FossilizedHelix":0,"Toy Ornithopter":34}],"Burning Blood":102,"Toy Ornithopter":35},"card_choices":[{"not_picked":["Burning Pact","Dual Wield"],"picked":"Searing Blow","floor":1},{"not_picked":["Clash","Havoc"],"picked":"Carnage","floor":3},{"not_picked":["Havoc","Uppercut"],"picked":"Whirlwind","floor":5},{"not_picked":["Sentinel","Bloodletting"],"picked":"Ghostly Armor","floor":6},{"not_picked":["Exhume","Searing Blow","Pommel Strike"],"picked":"SKIP","floor":8},{"not_picked":["Infernal Blade","Warcry"],"picked":"Immolate","floor":10},{"not_picked":["Clothesline","Sword Boomerang","Carnage"],"picked":"SKIP","floor":11},{"not_picked":["Bloodletting","Armaments"],"picked":"Shrug It Off","floor":14},{"not_picked":["Berserk","Limit Break"],"picked":"Fiend Fire","floor":16},{"not_picked":["Sword Boomerang","Perfected Strike"],"picked":"Warcry+1","floor":18},{"not_picked":["Cleave+1","Entrench"],"picked":"Second Wind","floor":19},{"not_picked":["Warcry","Anger+1"],"picked":"Corruption","floor":21},{"not_picked":["Searing Blow+1","Carnage+1"],"picked":"True Grit+1","floor":24},{"not_picked":["Rupture+1","Searing Blow"],"picked":"Spot Weakness","floor":25},{"not_picked":["Battle Trance","Havoc"],"picked":"Shrug It Off","floor":27},{"not_picked":["Headbutt","Perfected Strike"],"picked":"Shrug It Off","floor":31}],"player_experience":853551,"relics_obtained":[{"floor":6,"key":"Bag of Preparation"},{"floor":8,"key":"Nunchaku"},{"floor":9,"key":"Art of War"},{"floor":10,"key":"Toy Ornithopter"},{"floor":22,"key":"Enchiridion"},{"floor":25,"key":"Orichalcum"},{"floor":26,"key":"HornCleat"},{"floor":27,"key":"Pear"}],"event_choices":[{"damage_healed":0,"gold_gain":0,"player_choice":"Take Damage","damage_taken":20,"relics_obtained":["Golden Idol"],"max_hp_gain":0,"max_hp_loss":0,"event_name":"Golden Idol","floor":2,"gold_loss":0},{"damage_healed":0,"gold_gain":0,"player_choice":"Entered Light","damage_taken":16,"max_hp_gain":0,"max_hp_loss":0,"event_name":"Shining Light","floor":4,"gold_loss":0,"cards_upgraded":["Strike_R","Bash"]},{"damage_healed":0,"gold_gain":58,"player_choice":"Gained Gold","damage_taken":0,"max_hp_gain":0,"max_hp_loss":0,"event_name":"Golden Wing","floor":12,"gold_loss":0},{"damage_healed":0,"gold_gain":0,"player_choice":"1 cards matched","damage_taken":0,"max_hp_gain":0,"max_hp_loss":0,"event_name":"Match and Keep!","floor":20,"gold_loss":0,"cards_obtained":["Double Tap"]},{"damage_healed":0,"gold_gain":0,"player_choice":"Obtained Book","damage_taken":16,"max_hp_gain":0,"max_hp_loss":0,"event_name":"Cursed Tome","floor":22,"gold_loss":0},{"damage_healed":0,"gold_gain":0,"player_choice":"Fight","damage_taken":0,"max_hp_gain":0,"max_hp_loss":0,"event_name":"Colosseum","floor":28,"gold_loss":0},{"damage_healed":0,"gold_gain":0,"player_choice":"Fled From Nobs","damage_taken":0,"max_hp_gain":0,"max_hp_loss":0,"event_name":"Colosseum","floor":28,"gold_loss":0},{"damage_healed":0,"gold_gain":0,"player_choice":"Bought 2 Potions","damage_taken":0,"max_hp_gain":0,"max_hp_loss":0,"event_name":"The Woman in Blue","floor":29,"gold_loss":0}],"is_beta":false,"boss_relics":[{"not_picked":["Fusion Hammer","Philosopher\u0027s Stone"],"picked":"Pandora\u0027s Box"}],"items_purged_floors":[],"is_endless":false,"potions_floor_spawned":[1,5,10,11,16,21,24,31],"killed_by":"Automaton","ascension_level":11}}