{"host":"xurz8oye0j2lsa2k","time":1611772012,"event":{"mods":["AchievementEnabler","BaseMod","Bestiary","BetterRewards","Colored Map","Downfall","Hubris","Minty Spire (QoL Compilation)","Permanent Neow","Replay The Spire","Spicy Shops","StSLib","UnlockEverythingMod"],"gold_per_floor":[349,364,381,394,394,424,424,224,224,224,236,254,279,279,289,393,393,393,403,74,88,73,173,173,184,211,211,226,125,125,125,136,241,241,241,257,1256,1256,1279,1279,1279,1179,1193,1193,1193,1193,1210,497,517,529,548,548,548,573,26,26,26,26],"floor_reached":59,"language":"ENG","playtime":4803,"items_purged":["CommonCold","Normality","Normality"],"score":1319,"play_id":"ecc8c898-0295-4b5d-9e1c-297d723ada05","local_time":"20210127132652","is_ascension_mode":false,"campfire_choices":[{"floor":1.0,"key":"RECALL"},{"floor":8.0,"key":"REST"},{"data":"bronze:Strike","floor":18.0,"key":"PURGE"},{"data":"bronze:BugBarrage","floor":35,"key":"SMITH"},{"data":"ReplayTheSpireMod:Uncanny Aura","floor":42,"key":"SMITH"},{"data":"bronze:BugBarrage","floor":46,"key":"SMITH"},{"data":"bronze:BuggyMess","floor":56,"key":"SMITH"},{"data":"bronze:Iterate","floor":56,"key":"SMITH"}],"circlet_count":0,"master_deck":["bronze:Strike","bronze:Strike","bronze:Strike","bronze:Defend","bronze:Defend","bronze:Defend","bronze:Defend","bronze:Replicate","bronze:Goto","bronze:GetLatest+1","bronze:ChildClass","bronze:Fortify","bronze:Flail","bronze:Explode","bronze:DelayedSlice","bronze:FineTuning","bronze:Iterate+1","bronze:ItsAFeature","bronze:BuggyMess+1","bronze:Optimize","expansioncontent:QuickStudy","ReplayTheSpireMod:Uncanny Aura+1","bronze:ItsAFeature+1","bronze:DonuBeam","bronze:DelayedGuard","bronze:Shield","bronze:Repulsor+1","expansioncontent:AwakenDeath+1","bronze:Boost","Pride","bronze:Shell+1","bronze:OilSpill+1","bronze:Turbo"],"relics":["bronze:BronzeCore","Kunai","Orichalcum","downfall:HeartBlessingRed","downfall:HeartBlessingGreen","Ring of Fury","Pen Nib","ReplayTheSpireMod:DimensionalGlitch","Membership Card","ReplayTheSpireMod:CursedCoin","Juzu Bracelet","hubris:Potato","Replay:Rubber Ducky","Replay:Wax Seal","Frozen Egg 2","ReplayFunnel","Happy Flower","ClockworkSouvenir","Toolbox","ChewingGum","hubris:Icosahedron","Toy Ornithopter","downfall:HeartBlessingBlue","BargainBundle","Replay:Arrowhead","Ginger","hubris:SphereOfDissonance","Bag of Marbles","Frozen Eye","Lantern","hubris:EmptyBottle","hubris:TinFlute","Blood Vial","hubris:DuctTape","Lee\u0027s Waffle","ReplayTheSpireMod:Lightbulb"],"acts_visited":[],"potions_floor_usage":[28,28,33,33,36,49,52,57,57],"damage_taken":[{"damage":1.0,"enemies":"Jaw Worm","floor":2.0,"turns":3.0},{"damage":1.0,"enemies":"2 Louse","floor":3.0,"turns":3.0},{"damage":7.0,"enemies":"Small Slimes","floor":4.0,"turns":3.0},{"damage":44.0,"enemies":"Replay:BlueRogue","floor":6.0,"turns":9.0},{"damage":3.0,"enemies":"Replay:BlueRogue","floor":9.0,"turns":3.0},{"damage":0.0,"enemies":"Exordium Wildlife","floor":11.0,"turns":2.0},{"damage":0.0,"enemies":"Blue Slaver","floor":12.0,"turns":1.0},{"damage":0.0,"enemies":"Lagavulin","floor":13.0,"turns":2.0},{"damage":5.0,"enemies":"Exordium Wildlife","floor":15.0,"turns":2.0},{"damage":25.0,"enemies":"SI_SHIV_ARCHETYPE","floor":16.0,"turns":5.0},{"damage":2.0,"enemies":"Chosen","floor":19.0,"turns":3.0},{"damage":0.0,"enemies":"downfall:FleeingMerchant","floor":20.0,"turns":4.0},{"damage":4.0,"enemies":"Shell Parasite","floor":21.0,"turns":3.0},{"damage":9.0,"enemies":"downfall:FleeingMerchant","floor":22.0,"turns":4.0},{"damage":15.0,"enemies":"downfall:FleeingMerchant","floor":23.0,"turns":3.0},{"damage":16.0,"enemies":"Snake Plant","floor":25.0,"turns":2.0},{"damage":1.0,"enemies":"Book of Stabbing","floor":26.0,"turns":3.0},{"damage":11,"enemies":"Centurion and Healer","floor":28,"turns":5},{"damage":0,"enemies":"downfall:FleeingMerchant","floor":29,"turns":2},{"damage":19,"enemies":"Shelled Parasite and Fungi","floor":32,"turns":3},{"damage":0,"enemies":"WA_ARCHETYPE_CALM","floor":33,"turns":8},{"damage":0,"enemies":"3 Darklings","floor":36,"turns":3},{"damage":0,"enemies":"3 Shapes","floor":43,"turns":2},{"damage":2,"enemies":"3 Darklings","floor":47,"turns":4},{"damage":0,"enemies":"Transient","floor":49,"turns":5},{"damage":0,"enemies":"Writhing Mass","floor":50,"turns":4},{"damage":0,"enemies":"4 Shapes","floor":51,"turns":3},{"damage":37,"enemies":"DF_ARCHETYPE_ORBS","floor":52,"turns":6},{"damage":79,"enemies":"downfall:CharBossMerchant","floor":54,"turns":7},{"damage":0,"enemies":"downfall:NeowBoss","floor":57,"turns":11},{"damage":59,"enemies":"downfall:NeowBossFinal","floor":58,"turns":7}],"seed_played":"-6027807004403411923","potions_obtained":[{"floor":2.0,"key":"bronze:BurnAndBuffPotion"},{"floor":11.0,"key":"Adrenaline Potion"},{"floor":15.0,"key":"Energy Potion"},{"floor":16.0,"key":"Adrenaline Potion"},{"floor":19.0,"key":"LiquidMemories"},{"floor":23.0,"key":"Strength Potion"},{"floor":25.0,"key":"SkillPotion"},{"floor":26.0,"key":"bronze:BurnAndBuffPotion"},{"floor":27.0,"key":"CultistPotion"},{"floor":28,"key":"Explosive Potion"},{"floor":32,"key":"Fire Potion"},{"floor":36,"key":"Reflective Coating"},{"floor":43,"key":"Weak Potion"}],"is_trial":false,"path_per_floor":["R","M","M","M","?","E","T","R","?","?","M","M","E","?","M","B",null,"R_BF","M","$","M","$","?","T","M","E","?","M","$","?","?","M","B",null,"R","M","?","?","T","?","T","R","M","PTL","PTL","R","M","$","M","M","M","B",null,"E","$","R","B","B",null],"character_chosen":"THE_AUTOMATON","items_purchased":["Membership Card","expansioncontent:QuickStudy","ReplayTheSpireMod:CursedCoin","Juzu Bracelet","ReplayTheSpireMod:Uncanny Aura","Replay:Wax Seal","Frozen Egg 2","expansioncontent:AwakenDeath+1","ReplayFunnel","Happy Flower","ClockworkSouvenir","Toolbox","BargainBundle","Replay:Arrowhead","Ginger","bronze:Boost","hubris:SphereOfDissonance","Bag of Marbles","Frozen Eye","SkillPotion","Energy Potion","FairyPotion","hubris:EmptyBottle","hubris:TinFlute","Blood Vial","hubris:DuctTape","Lee\u0027s Waffle","ReplayTheSpireMod:Lightbulb"],"campfire_rested":1,"item_purchase_floors":[20,20,20,20,20,29,29,29,29,29,29,29,48,48,48,48,48,48,48,48,48,48,55,55,55,55,55,55],"current_hp_per_floor":[63,62,61,54,63,19,19,37,34,34,34,34,34,34,29,4,63,63,61,61,57,48,33,33,17,16,16,5,5,5,73,54,54,73,73,73,73,73,73,73,73,83,83,83,83,83,81,81,83,83,83,46,83,4,90,90,90,31],"gold":26,"neow_bonus":"TWO_FIFTY_GOLD","is_daily":false,"chose_seed":false,"campfire_upgraded":5,"win_rate":0.0,"timestamp":1611772012,"path_taken":["R","M","M","M","?","E","T","R","?","?","M","?","E","?","M","BOSS","R_BF","M","$","M","$","?","T","M","E","?","M","?","?","?","M","BOSS","R","M","?","?","?","?","T","R","M","PTL","PTL","R","M","$","M","M","M","BOSS","E","$","R","BOSS","BOSS"],"items_purchased_type":["Relic","Card","Relic","Relic","Card","Relic","Relic","Card","Relic","Relic","Relic","Relic","Relic","Relic","Relic","Card","Relic","Relic","Relic","Potion","Potion","Potion","Relic","Relic","Relic","Relic","Relic","Relic"],"build_version":"2020-12-22","purchased_purges":3,"victory":true,"max_hp_per_floor":[63,63,63,63,63,63,63,63,63,63,63,63,63,63,63,63,63,63,63,63,63,63,63,63,63,63,63,63,63,63,73,73,73,73,73,73,73,73,73,73,73,83,83,83,83,83,83,83,83,83,83,83,83,83,90,90,90,90],"card_choices":[{"not_picked":["bronze:Shell","bronze:BronzeArmor"],"picked":"bronze:GetLatest","floor":2.0},{"not_picked":["bronze:Turbo","bronze:Invalidate"],"picked":"bronze:ChildClass","floor":3.0},{"not_picked":["bronze:Shield","bronze:Backtrace"],"picked":"bronze:Fortify","floor":4.0},{"not_picked":["bronze:WildBeam","bronze:Deprecate"],"picked":"bronze:Flail","floor":6.0},{"not_picked":[],"picked":"bronze:Explode","floor":9.0},{"not_picked":["bronze:ThunderWave","bronze:Deprecate"],"picked":"bronze:DelayedSlice","floor":9.0},{"not_picked":["bronze:DarkDash","bronze:FindAndReplace"],"picked":"bronze:FineTuning","floor":11.0},{"not_picked":["bronze:WildBeam","bronze:Shield"],"picked":"bronze:Iterate","floor":12.0},{"not_picked":["bronze:Iterate","bronze:Philosophize"],"picked":"bronze:BugBarrage","floor":13.0},{"not_picked":["bronze:Philosophize","bronze:Iterate"],"picked":"bronze:ItsAFeature","floor":15.0},{"not_picked":["bronze:ThunderWave","bronze:HyperBeam"],"picked":"bronze:AlphaBuild","floor":16.0},{"not_picked":["bronze:FineTuning","bronze:NullPointer"],"picked":"bronze:BuggyMess","floor":19.0},{"not_picked":["bronze:CutThrough","bronze:Frontload+1"],"picked":"bronze:Optimize","floor":20.0},{"not_picked":["bronze:BitShift+1","bronze:FineTuning","bronze:Deprecate"],"picked":"SKIP","floor":21.0},{"not_picked":["bronze:WhirlingStrike","bronze:Iterate"],"picked":"bronze:ItsAFeature+1","floor":22.0},{"not_picked":[],"picked":"bronze:DonuBeam","floor":23.0},{"not_picked":["bronze:DelayedSlice","bronze:ForLoop+1"],"picked":"bronze:Turbo","floor":25.0},{"not_picked":["bronze:CutThrough","bronze:Virus"],"picked":"bronze:DelayedGuard","floor":26.0},{"not_picked":["bronze:BronzeOrb+1","bronze:CutThrough"],"picked":"bronze:Shield","floor":28},{"not_picked":["bronze:Overheat","bronze:Iterate"],"picked":"bronze:Repulsor+1","floor":29},{"not_picked":["bronze:Return","bronze:Frontload","bronze:FineTuning"],"picked":"SKIP","floor":32},{"not_picked":["bronze:Fortify+1","bronze:DelayedSlice","bronze:Overheat"],"picked":"SKIP","floor":36},{"not_picked":["bronze:Frontload+1","bronze:CutThrough"],"picked":"bronze:BugBarrage","floor":43},{"not_picked":["bronze:Iterate","bronze:Shield+1","bronze:ThunderWave"],"picked":"SKIP","floor":47},{"not_picked":["bronze:Boost+1","bronze:BitShift"],"picked":"bronze:Shell+1","floor":49},{"not_picked":["bronze:Shield","bronze:ForLoop","bronze:Repulsor+1"],"picked":"SKIP","floor":50},{"not_picked":["bronze:DelayedGuard","bronze:FineTuning+1"],"picked":"bronze:OilSpill+1","floor":51},{"not_picked":["bronze:DarkDash","bronze:BuggyMess"],"picked":"bronze:Turbo","floor":54}],"player_experience":531584,"relics_obtained":[{"floor":6.0,"key":"Kunai"},{"floor":7.0,"key":"Orichalcum"},{"floor":10.0,"key":"Ring of Fury"},{"floor":13.0,"key":"Pen Nib"},{"floor":24.0,"key":"hubris:Potato"},{"floor":26.0,"key":"Replay:Rubber Ducky"},{"floor":41,"key":"Toy Ornithopter"},{"floor":54,"key":"Lantern"}],"event_choices":[{"damage_healed":21.0,"max_hp_gain":0.0,"max_hp_loss":0.0,"gold_gain":0.0,"event_name":"Big Fish","player_choice":"Banana","floor":5.0,"gold_loss":0.0,"damage_taken":0.0},{"cards_removed":["bronze:Turbo"],"damage_healed":0,"gold_gain":0,"player_choice":"Removed Skill","damage_taken":0,"max_hp_gain":0,"max_hp_loss":0,"event_name":"Falling","floor":38,"gold_loss":0}],"is_beta":false,"boss_relics":[{"not_picked":["hubris:ScarierMask","Coffee Dripper"],"picked":"ReplayTheSpireMod:DimensionalGlitch"},{"not_picked":["Replay:Ancient Bell","Sozu"],"picked":"ChewingGum"}],"items_purged_floors":[20,48,48],"is_endless":false,"potions_floor_spawned":[2,11,15,16,19,23,25,26,28,32,36,43,49,50,51],"ascension_level":0}}