{"host":"17xjy7b7ubl548g2","time":1611732330,"event":{"mods":["2.2 Compatiblity","Act Like it!","Aspiration","Astrologer","Bard","BaseMod","Challenge The Spire","ChefMod","Colored Map","Colored Powertips","Conspire","Elementarium","Energized Spire","Gensokyo","GifTheSpireLib","Halation","Hallownest","Hermit","Hubris","Infinite Spire","Jedi Mod","Jorbs\u0027s Wanderer Trilogy","Marisa（霧雨　魔理沙）","Marked Mod","Menagerie","Minty Spire (QoL Compilation)","Permanent Neow","Reliquary","Replay The Spire","Robot Space Explorer","Spicy Shops","Spire Arcade","StSLib","Stuff the Spire","The Blue Laboratory","The Bug Knight","The Construct","The Disciple","The Hayseed","The Hierophant","The Marked","The Runesmith","The Sage","TheFirefly"],"gold_per_floor":[109,109,34,34,34,34,65,65,89,122,137,137,165,29,29,102,102,118,118,118,130,85,85,116,116,116,116,148,148,148,163,163,242,342,355,355,355,374,390,390,422,434,434,434,469,469,480,510,510,510,510],"floor_reached":52,"language":"ENG","playtime":6120,"items_purged":["Strike_B","Strike_B"],"score":2320,"play_id":"03b09f8d-7117-40eb-99e0-4823798cf50b","local_time":"20210127022530","is_ascension_mode":true,"campfire_choices":[{"data":"Zap","floor":6.0,"key":"SMITH"},{"data":"Mirror Shield","floor":8.0,"key":"SMITH"},{"data":"Dualcast","floor":12.0,"key":"SMITH"},{"data":"Biased Cognition","floor":15.0,"key":"SMITH"},{"data":"Capacitor","floor":23.0,"key":"SMITH"},{"data":"Conserve Battery","floor":25.0,"key":"SMITH"},{"data":"Conserve Battery","floor":27.0,"key":"SMITH"},{"data":"Strike_B","floor":30.0,"key":"PURGE"},{"data":"Ball Lightning","floor":32.0,"key":"SMITH"},{"data":"Rainbow","floor":40.0,"key":"SMITH"},{"data":"Fission","floor":49,"key":"SMITH"}],"circlet_count":0,"master_deck":["AscendersBane","Defend_B","Defend_B","Defend_B","Zap+1","Dualcast+1","Coolheaded+1","Mirror Shield+1","Compile Driver","Ball Lightning+1","Biased Cognition+1","Conserve Battery+1","Conserve Battery+1","Capacitor+1","Leap","Rainbow+1","StuffTheSpire:Rapture","aspiration:Polymerization","StuffTheSpire:Coldhearted","Fission+1","ReplayTheSpireMod:Calculation Training","Conserve Battery+1"],"relics":["Cracked Core","infinitespire:Satchel","hubris:Icosahedron","Gambling Chip","aspiration:ChemicalBlood","Meat on the Bone","StuffTheSpire:OldFever","Nuclear Battery","jedi:purplefairy","Peace Pipe","Chameleon Ring","halation:SelfBoilingWater","Replay:Wanted Poster","Bag of Preparation","Bag of Marbles","jedi:crownofsimplicity","halation:TwoAmDonut","StuffTheSpire:SapphireSignet"],"acts_visited":["Exordium","Hallownest:Greenpath","Hallownest:CityofTears"],"potions_floor_usage":[50,50],"damage_taken":[{"damage":13.0,"enemies":"Hallownest:2_Tiktiks_and_1_Crawlid","floor":1.0,"turns":4.0},{"damage":12.0,"enemies":"Hallownest:eliteCrystalGuardian","floor":7.0,"turns":5.0},{"damage":13.0,"enemies":"Hallownest:eliteMossKnight","floor":10.0,"turns":16.0},{"damage":1.0,"enemies":"Hallownest:2_Baldur","floor":11.0,"turns":3.0},{"damage":15.0,"enemies":"Hallownest:eliteCrystalGuardian","floor":13.0,"turns":5.0},{"damage":6.0,"enemies":"Hallownest:BossFalseKnight","floor":16.0,"turns":7.0},{"damage":0.0,"enemies":"Hallownest:Guard_and_Sentry","floor":18.0,"turns":3.0},{"damage":0.0,"enemies":"Hallownest:2_Mistakes","floor":21.0,"turns":3.0},{"damage":0.0,"enemies":"Nightmare","floor":24.0,"turns":5.0},{"damage":0.0,"enemies":"Hallownest:Nosk","floor":28.0,"turns":5.0},{"damage":11.0,"enemies":"Hallownest:Master_and_Novice","floor":31.0,"turns":4.0},{"damage":0.0,"enemies":"Hallownest:BossGrimm","floor":33.0,"turns":10.0},{"damage":5.0,"enemies":"Hallownest:2_Littles","floor":35.0,"turns":4.0},{"damage":0.0,"enemies":"Hallownest:Shield_Heavy","floor":38.0,"turns":3.0},{"damage":1.0,"enemies":"Hallownest:2_Soldiers_and_1_Guardian","floor":39.0,"turns":5.0},{"damage":9.0,"enemies":"Hallownest:eliteHiveKnight","floor":41.0,"turns":6.0},{"damage":0.0,"enemies":"Hallownest:Shield_Sturdy","floor":42.0,"turns":3.0},{"damage":0,"enemies":"Hallownest:eliteCollector","floor":45,"turns":4},{"damage":0,"enemies":"Hallownest:2_Wing_and_1_Kings","floor":47,"turns":6},{"damage":0,"enemies":"Nightmare","floor":48,"turns":5},{"damage":0,"enemies":"Hallownest:BossHollowKnight","floor":50,"turns":7},{"damage":0,"enemies":"Hallownest:Radiance","floor":51,"turns":7}],"seed_played":"-6496875646813397253","potions_obtained":[{"floor":1.0,"key":"blueLaboratory:BottleOfRum"},{"floor":33.0,"key":"AttackPotion"},{"floor":38.0,"key":"blueLaboratory:PhilterOfMotion"},{"floor":42.0,"key":"blueLaboratory:CoolantVial"}],"is_trial":false,"path_per_floor":["M","?","$","?","?","R","E","R","T","E","M","R","E","$","R","B",null,"M","?","?","M","?","R","NM","R","T","R","E","T","R","M","R","B",null,"M","?","?","M","M","R","E","M","T","AVR","E","?","M","NM","R","B","B",null],"character_chosen":"DEFECT","items_purchased":["aspiration:HiddenCompartment","Conserve Battery"],"campfire_rested":0,"item_purchase_floors":[14,14],"current_hp_per_floor":[51,51,51,51,51,51,39,39,39,26,37,37,34,34,34,40,57,57,57,53,53,59,59,59,69,69,69,69,69,69,58,68,68,69,64,64,64,64,63,64,55,55,55,55,55,58,58,58,59,59,59],"gold":510,"neow_bonus":"RANDOM_COMMON_RELIC","is_daily":false,"chose_seed":false,"campfire_upgraded":10,"win_rate":0.0,"timestamp":1611732330,"path_taken":["M","?","$","?","?","R","E","R","T","E","M","R","E","$","R","BOSS","M","?","?","M","?","R","NM","R","T","R","E","?","R","M","R","BOSS","M","?","?","M","M","R","E","M","T","AVR","E","?","M","NM","R","BOSS","BOSS"],"items_purchased_type":["Relic","Card"],"build_version":"2020-12-22","purchased_purges":2,"victory":true,"max_hp_per_floor":[71,71,71,63,63,63,63,63,63,63,63,63,63,63,63,63,63,63,63,63,63,69,69,69,69,69,69,69,69,69,69,69,69,69,69,69,69,69,69,69,69,69,69,69,69,69,69,69,69,69,69],"card_choices":[{"not_picked":["StuffTheSpire:Plugnplay","StuffTheSpire:SnapShoot"],"picked":"Coolheaded","floor":1.0},{"not_picked":["Compile Driver","Steam"],"picked":"Mirror Shield","floor":7.0},{"not_picked":["StuffTheSpire:LoadUp","Barrage"],"picked":"Compile Driver","floor":10.0},{"not_picked":["jedi:spotbugs","Cold Snap"],"picked":"Ball Lightning","floor":11.0},{"not_picked":["Redo","jedi:BurstLightning"],"picked":"Biased Cognition","floor":13.0},{"not_picked":["Streamline","jedi:BurstFrost+1"],"picked":"Conserve Battery","floor":18.0},{"not_picked":["Gash","Panic Button"],"picked":"Capacitor","floor":21.0},{"not_picked":["Turbo","Aggregate","jedi:BurstLightning"],"picked":"SKIP","floor":24.0},{"not_picked":["Turbo","Rebound+1","jedi:sharpshooter"],"picked":"SKIP","floor":28.0},{"not_picked":["Turbo","Double Energy"],"picked":"Leap","floor":31.0},{"not_picked":["jedi:bruteforce","ReplayTheSpireMod:Fabricate Wheel"],"picked":"Rainbow","floor":33.0},{"not_picked":["Scrape+1","Static Discharge","StuffTheSpire:CleanHardDrive+1"],"picked":"SKIP","floor":35.0},{"not_picked":["StuffTheSpire:Perfection","StuffTheSpire:Brawn"],"picked":"StuffTheSpire:Rapture","floor":36.0},{"not_picked":["StuffTheSpire:Plugnplay","Turbo"],"picked":"aspiration:Polymerization","floor":38.0},{"not_picked":["StuffTheSpire:Plugnplay","Coolheaded"],"picked":"StuffTheSpire:Coldhearted","floor":39.0},{"not_picked":["Streamline+1","ReplayTheSpireMod:System Scan","Conserve Battery"],"picked":"SKIP","floor":41.0},{"not_picked":["Gash+1","Sweeping Beam","Time Bomb+1"],"picked":"SKIP","floor":42.0},{"not_picked":["Stack","hubris:Ukulele+1"],"picked":"Fission","floor":45},{"not_picked":["Force Field","Skim"],"picked":"ReplayTheSpireMod:Calculation Training","floor":47},{"not_picked":["Skim","Hologram"],"picked":"Conserve Battery+1","floor":48}],"player_experience":1991162,"relics_obtained":[{"floor":7.0,"key":"Gambling Chip"},{"floor":9.0,"key":"aspiration:ChemicalBlood"},{"floor":10.0,"key":"Meat on the Bone"},{"floor":13.0,"key":"StuffTheSpire:OldFever"},{"floor":24.0,"key":"jedi:purplefairy"},{"floor":26.0,"key":"Peace Pipe"},{"floor":28.0,"key":"Chameleon Ring"},{"floor":29.0,"key":"halation:SelfBoilingWater"},{"floor":41.0,"key":"Bag of Preparation"},{"floor":43.0,"key":"Bag of Marbles"},{"floor":45,"key":"halation:TwoAmDonut"},{"floor":48,"key":"StuffTheSpire:SapphireSignet"}],"event_choices":[{"damage_healed":0.0,"max_hp_gain":0.0,"max_hp_loss":0.0,"gold_gain":0.0,"event_name":"conspire:Investor","player_choice":"Leave","floor":20.0,"gold_loss":0.0,"damage_taken":0.0}],"is_beta":false,"boss_relics":[{"not_picked":["aspiration:SecretTechniqueScroll","energizedSpire:HugeHouse"],"picked":"Nuclear Battery"},{"not_picked":["Replay:Drink Me","Snecko Eye"],"picked":"Replay:Wanted Poster"}],"items_purged_floors":[3,44],"is_endless":false,"potions_floor_spawned":[1,33,38,42,48],"ascension_level":20}}