{"host":"o6j8h35axmoodbwy","time":1611754913,"event":{"mods":["2.2 Compatiblity","Act Like it!","BaseMod","Colored Map","Colored Powertips","Gensokyo","MarisaÅiñ∂âJÅ@ñÇóùçπÅj","Minty Spire (QoL Compilation)","Prisma Mod","Quick Restart","Shop Mod","StSLib","SuperFastMode","Td1madao Mod"],"gold_per_floor":[116,136,136,159,177,177,208,208,254,254,120,145,178,178,178,178,178],"floor_reached":16,"language":"JPN","playtime":409,"items_purged":["Strike_R"],"score":187,"play_id":"daf04ff5-81f7-4563-b575-3f43389fd03d","local_time":"20210127224153","is_ascension_mode":true,"campfire_choices":[{"data":"Searing Blow","floor":6,"key":"SMITH"},{"data":"Searing Blow+1","floor":8,"key":"SMITH"},{"floor":10,"key":"REST"},{"floor":15,"key":"REST"}],"circlet_count":0,"master_deck":["AscendersBane","Strike_R","Strike_R","Strike_R","Strike_R","Defend_R","Defend_R","Defend_R","Defend_R","Bash","Twin Strike","Headbutt","Searing Blow+2","Blind","Second Wind"],"relics":["Burning Blood","NeowsBlessing","Golden Idol","Sundial","Smiling Mask","Bronze Scales"],"acts_visited":["Exordium"],"potions_floor_usage":[7,13,16],"damage_taken":[{"damage":0,"enemies":"Cultist","floor":1,"turns":1},{"damage":0,"enemies":"2 Louse","floor":2,"turns":1},{"damage":0,"enemies":"Small Slimes","floor":4,"turns":1},{"damage":12,"enemies":"Looter","floor":5,"turns":4},{"damage":50,"enemies":"3 Sentries","floor":7,"turns":9},{"damage":1,"enemies":"Exordium Wildlife","floor":12,"turns":3},{"damage":24,"enemies":"Gremlin Nob","floor":13,"turns":4},{"damage":32,"enemies":"Slime Boss","floor":16,"turns":6}],"seed_played":"7871332967452364886","potions_obtained":[{"floor":2,"key":"Block Potion"},{"floor":12,"key":"SkillPotion"},{"floor":13,"key":"Dexterity Potion"}],"is_trial":false,"path_per_floor":["M","M","?","M","M","R","E","R","T","R","$","M","E","?","R","B"],"character_chosen":"IRONCLAD","items_purchased":["Blind"],"campfire_rested":2,"item_purchase_floors":[11],"current_hp_per_floor":[74,75,57,63,57,57,13,13,13,35,35,40,22,4,26,0,0],"gold":178,"neow_bonus":"THREE_ENEMY_KILL","is_daily":false,"chose_seed":false,"campfire_upgraded":2,"win_rate":0.0,"timestamp":1611754913,"path_taken":["M","?","?","M","M","R","E","R","T","R","$","M","E","?","R","BOSS"],"items_purchased_type":["Card"],"build_version":"2020-12-22","purchased_purges":1,"victory":false,"max_hp_per_floor":[75,75,75,75,75,75,75,75,75,75,75,75,75,75,75,75,75],"card_choices":[{"not_picked":["Iron Wave","Flex"],"picked":"Twin Strike","floor":1},{"not_picked":["Flex","Warcry"],"picked":"Headbutt","floor":2},{"not_picked":["Feel No Pain","Perfected Strike"],"picked":"Searing Blow","floor":4},{"not_picked":["Body Slam","Iron Wave","Flex"],"picked":"SKIP","floor":5},{"not_picked":["Exhume","Havoc","Perfected Strike"],"picked":"SKIP","floor":7},{"not_picked":["Flex","Burning Pact","Pummel"],"picked":"SKIP","floor":12},{"not_picked":["Sentinel","Juggernaut"],"picked":"Second Wind","floor":13}],"player_experience":594896,"relics_obtained":[{"floor":7,"key":"Sundial"},{"floor":9,"key":"Smiling Mask"},{"floor":13,"key":"Bronze Scales"}],"event_choices":[{"damage_healed":0,"gold_gain":0,"player_choice":"Take Damage","damage_taken":18,"relics_obtained":["Golden Idol"],"max_hp_gain":0,"max_hp_loss":0,"event_name":"Golden Idol","floor":3,"gold_loss":0},{"damage_healed":0,"gold_gain":0,"player_choice":"Fled","damage_taken":18,"max_hp_gain":0,"max_hp_loss":0,"event_name":"Scrap Ooze","floor":14,"gold_loss":0}],"is_beta":false,"boss_relics":[],"items_purged_floors":[11],"is_endless":false,"potions_floor_spawned":[2,12,13],"killed_by":"Slime Boss","ascension_level":14}}