{"host":"v9ordiuf4xzdpttp","time":1611776915,"event":{"mods":["AchievementEnabler","Act Like it!","AlwaysNeverKeys","BaseMod","Better Third Choice","Better Vampires","BetterRewards","CCEM2","Colored Map","Gold Saver","Halation","Infinite Spire","Jedi Mod","Marked Mod","Minty Spire (QoL Compilation)","Pale of the Ancients","Remove Card Discount Mod","Shop Mod","Spicy Shops","StSLib","The Bug Knight","The Runesmith"],"gold_per_floor":[1045,1220,1220,1295,1312,1312,1339,1339,1391,1407,1407,64,97,112,112,210,210,225,225,9,27,27,27,27,27,27,27,27,40,40,54,54,54,54],"floor_reached":33,"language":"ENG","playtime":2182,"items_purged":["Doubt","Defend_G","Strike_G","Defend_G"],"score":301,"play_id":"1192a835-bb52-4b9e-8f72-b3716bf7b62d","local_time":"20210127144835","is_ascension_mode":false,"campfire_choices":[{"floor":6,"key":"REST"},{"floor":8,"key":"REST"},{"data":"jedi:unstablefumes","floor":11,"key":"SMITH"},{"floor":15,"key":"REST"},{"floor":23,"key":"REST"},{"data":"Prepared","floor":25,"key":"SMITH"},{"data":"jedi:brewingpoison","floor":27,"key":"SMITH"},{"floor":32,"key":"REST"}],"circlet_count":0,"master_deck":["Strike_G","Strike_G+1","Strike_G","Strike_G","Defend_G","Defend_G","Defend_G","Survivor","Neutralize+1","Poisoned Stab","Dash","jedi:unstablefumes+1","Prepared+1","Unload","Caltrops","Die Die Die","Dagger Throw","Envenom+1","Deflect+1","jedi:brewingpoison+1","Bane","Night Terror","infinitespire:Collect","Well Laid Plans+1"],"relics":["Ring of the Snake","halation:EternalFortune","halation:Toothbrush","Whetstone","Runesmith:Nanobots","Bronze Scales","MerchantsRug","Frozen Egg 2","jedi:arcanewood","CCEMRelics:DefectiveTurbocharger","Nloth\u0027s Gift","jedi:Pinwheel"],"acts_visited":["Exordium","TheCity"],"potions_floor_usage":[29,29,33],"damage_taken":[{"damage":0,"enemies":"2 Louse","floor":1,"turns":3},{"damage":2,"enemies":"Small Slimes","floor":5,"turns":4},{"damage":34,"enemies":"HollowMod:MossKnight","floor":7,"turns":16},{"damage":11,"enemies":"infinitespire:Voidling","floor":10,"turns":4},{"damage":10,"enemies":"Lagavulin","floor":13,"turns":4},{"damage":0,"enemies":"3 Louse","floor":14,"turns":1},{"damage":17,"enemies":"Slime Boss","floor":16,"turns":10},{"damage":18,"enemies":"Shell Parasite","floor":18,"turns":5},{"damage":9,"enemies":"Chosen","floor":21,"turns":5},{"damage":12,"enemies":"Shelled Parasite and Fungi","floor":29,"turns":4},{"damage":13,"enemies":"Snecko","floor":31,"turns":6},{"damage":74,"enemies":"Automaton","floor":33,"turns":10}],"seed_played":"-3079635460789841075","potions_obtained":[{"floor":7,"key":"EssenceOfSteel"},{"floor":18,"key":"LiquidBronze"},{"floor":29,"key":"Strength Potion"}],"is_trial":false,"path_per_floor":["M","?","?","?","M","R","E","R","T","M","R","$","E","M","R","B",null,"M","?","$","M","?","R","?","R","T","R","$","M","?","M","R","B"],"character_chosen":"THE_SILENT","items_purchased":["TheAbacus","Prepared","Unload","Runesmith:Nanobots","Bronze Scales","Caltrops","Die Die Die","MerchantsRug","Frozen Egg 2","jedi:brewingpoison"],"campfire_rested":5,"item_purchase_floors":[12,12,12,12,12,12,12,12,12,20],"current_hp_per_floor":[63,63,66,55,53,79,45,71,71,67,67,76,66,66,94,77,96,78,78,81,72,52,83,83,83,83,83,83,71,45,35,67,0,0],"gold":54,"neow_bonus":"TWENTY_PERCENT_HP_BONUS","is_daily":false,"chose_seed":false,"campfire_upgraded":3,"win_rate":0.0,"timestamp":1611776915,"path_taken":["M","?","?","?","?","R","E","R","T","M","R","$","E","M","R","BOSS","M","?","$","M","?","R","?","?","T","R","?","?","?","?","R","BOSS"],"items_purchased_type":["Relic","Card","Card","Relic","Relic","Card","Card","Relic","Relic","Card"],"build_version":"2020-12-22","purchased_purges":4,"victory":false,"max_hp_per_floor":[84,84,87,87,87,87,87,87,87,87,87,96,96,96,96,96,96,96,96,99,99,104,104,104,104,104,104,104,104,104,107,107,107,107],"card_choices":[{"not_picked":["PiercingWail","Deflect"],"picked":"Poisoned Stab","floor":1},{"not_picked":["Slice","All Out Attack"],"picked":"Dash","floor":5},{"not_picked":["Blade Dance","Acrobatics","Eviscerate"],"picked":"SKIP","floor":7},{"not_picked":["Prepared","Dash"],"picked":"jedi:unstablefumes","floor":10},{"not_picked":["Backflip","Sucker Punch"],"picked":"Dagger Throw","floor":13},{"not_picked":["Sucker Punch","Backflip","Finisher"],"picked":"SKIP","floor":14},{"not_picked":["jedi:brewingpoison","jedi:studyshivs"],"picked":"Envenom+1","floor":16},{"not_picked":["Poisoned Stab","Outmaneuver"],"picked":"Deflect+1","floor":18},{"not_picked":["Quick Slash+1","Poisoned Stab"],"picked":"Bane","floor":21},{"not_picked":["Underhanded Strike","Terror"],"picked":"Night Terror","floor":29},{"not_picked":["infinitespire:Fortify","infinitespire:SealOfDarkness+"],"picked":"infinitespire:Collect","floor":30},{"not_picked":["Blade Dance","Escape Plan"],"picked":"Well Laid Plans+1","floor":31}],"player_experience":197232,"relics_obtained":[{"floor":7,"key":"halation:Toothbrush"},{"floor":9,"key":"Whetstone"},{"floor":13,"key":"jedi:arcanewood"},{"floor":26,"key":"jedi:Pinwheel"},{"floor":31,"key":"halation:EternalFortune"}],"event_choices":[{"damage_healed":0,"gold_gain":175,"player_choice":"AGREE","damage_taken":1045,"max_hp_gain":0,"max_hp_loss":0,"event_name":"betterThird:BetterSerpent","floor":2,"gold_loss":0},{"damage_healed":0,"gold_gain":75,"player_choice":"Gold","damage_taken":11,"max_hp_gain":0,"max_hp_loss":0,"event_name":"betterThird:BetterGoop","floor":4,"gold_loss":0},{"damage_healed":0,"gold_gain":0,"player_choice":"Ignored","damage_taken":0,"max_hp_gain":0,"max_hp_loss":0,"event_name":"Ghosts","floor":19,"gold_loss":0},{"damage_healed":0,"gold_gain":0,"player_choice":"Shed Blood","damage_taken":25,"max_hp_gain":5,"max_hp_loss":0,"event_name":"Forgotten Altar","floor":22,"gold_loss":0},{"damage_healed":0,"gold_gain":0,"player_choice":"Traded Relic","damage_taken":0,"relics_obtained":["Nloth\u0027s Gift"],"max_hp_gain":0,"max_hp_loss":0,"event_name":"N\u0027loth","floor":24,"relics_lost":["TheAbacus"],"gold_loss":0}],"is_beta":false,"boss_relics":[{"not_picked":["halation:SmartPhone","CCEMRelics:ReaperScythe"],"picked":"CCEMRelics:DefectiveTurbocharger"}],"items_purged_floors":[12,12,12,20],"is_endless":false,"potions_floor_spawned":[7,18,29],"killed_by":"Automaton","ascension_level":0}}