{"host":"8d3fefv2347kqkpz","time":1611780614,"event":{"mods":["AchievementEnabler","Act Like it!","Aspiration","BaseMod","Better Vampires","Colored Map","Colored Powertips","Conspire","GifTheSpireLib","Hermit","Highlight Path","Hubris","Marisa£®ÏF”Í°°ƒß¿Ì…≥£©","Mimic Mod","Minty Spire (QoL Compilation)","Quick Restart","Rare Cards Sparkle","Reimu£®≤©¿ˆ¡È√Œ£©","Relic Stats","Remilia£®¿Ÿ√◊¿Ú—«£©","Replay The Spire","Spicy Shops","StSLib","The Cursed","The Jungle","The Servant 0.9.4","Waifu the Spire","Youmu£®ªÍ∆«—˝√Œ£©"],"gold_per_floor":[109,109,122,142,142,170,17,27,27,40,58,58,78,24,24,128,178,190,52,52,0,11,11,30,50,88,88,99,6,26,41,41,145,145,155,174,26,26,26],"floor_reached":38,"language":"ZHS","playtime":2509,"items_purged":["Strike_P"],"score":557,"play_id":"c16653d2-b265-48c5-bd9a-db8f6d173809","local_time":"20210128045014","is_ascension_mode":false,"campfire_choices":[{"floor":12.0,"key":"REST"},{"floor":15.0,"key":"REST"},{"floor":23.0,"key":"REST"},{"floor":27.0,"key":"REST"},{"floor":32.0,"key":"REST"}],"circlet_count":0,"master_deck":["Strike_P","Strike_P+1","Defend_P","Defend_P","Defend_P","Defend_P","Vigilance","Evaluate","Study","DevaForm","Brilliance","PathToVictory","Replay:Vibes","PathToVictory","Prostrate","Scrawl","ForeignInfluence","LikeWater","LikeWater","PathToVictory","LikeWater","FlyingSleeves","ReachHeaven","Study","ClearTheMind","MasterReality","Vault","PathToVictory"],"relics":["PureWater","conspire:GiftBox","conspire:TopHat","Tiny House","aspiration:StickyExplosives_weak","Empty Cage","ScarletDevilRocket"],"acts_visited":["Exordium","TheCity","TheBeyond"],"potions_floor_usage":[],"damage_taken":[{"damage":1.0,"enemies":"Jaw Worm","floor":1.0,"turns":3.0},{"damage":3.0,"enemies":"Cultist","floor":3.0,"turns":6.0},{"damage":2.0,"enemies":"2 Louse","floor":4.0,"turns":3.0},{"damage":23.0,"enemies":"3 Sentries","floor":6.0,"turns":15.0},{"damage":14.0,"enemies":"Red Slaver","floor":8.0,"turns":6.0},{"damage":5.0,"enemies":"Lots of Slimes","floor":10.0,"turns":4.0},{"damage":10.0,"enemies":"Large Slime","floor":11.0,"turns":6.0},{"damage":0.0,"enemies":"3 Louse","floor":13.0,"turns":3.0},{"damage":30.0,"enemies":"Hexaghost","floor":16.0,"turns":10.0},{"damage":22.0,"enemies":"Spheric Guardian","floor":18.0,"turns":7.0},{"damage":16.0,"enemies":"2 Thieves","floor":21.0,"turns":4.0},{"damage":22.0,"enemies":"Snake Plant","floor":22.0,"turns":6.0},{"damage":23.0,"enemies":"Sentry and Sphere","floor":24.0,"turns":9.0},{"damage":4.0,"enemies":"Centurion and Healer","floor":25.0,"turns":8.0},{"damage":0.0,"enemies":"Shelled Parasite and Fungi","floor":26.0,"turns":8.0},{"damage":4.0,"enemies":"Shelled Parasite and Fungi","floor":28.0,"turns":6.0},{"damage":21.0,"enemies":"3 Cultists","floor":30.0,"turns":7.0},{"damage":0.0,"enemies":"Snecko","floor":31.0,"turns":7.0},{"damage":13.0,"enemies":"Pondfish","floor":33.0,"turns":12.0},{"damage":40.0,"enemies":"3 Darklings","floor":35.0,"turns":11.0},{"damage":14.0,"enemies":"3 Shapes","floor":36.0,"turns":7.0},{"damage":33,"enemies":"hubris:GrandSnecko","floor":38,"turns":3}],"seed_played":"-6815686300430402106","potions_obtained":[{"floor":5.0,"key":"PowerPotion"},{"floor":5.0,"key":"FearPotion"},{"floor":5.0,"key":"Reflective Coating"},{"floor":6.0,"key":"ColorlessPotion"},{"floor":13.0,"key":"BottledMiracle"},{"floor":22.0,"key":"Swift Potion"},{"floor":24.0,"key":"Adrenaline Potion"},{"floor":33.0,"key":"Reflective Coating"},{"floor":36.0,"key":"Languid Potion"}],"is_trial":false,"path_per_floor":["M","?","M","M","?","E","$","M","T","M","M","R","M","$","R","B",null,"M","$","?","M","M","R","M","M","MIM","R","M","$","M","M","R","B",null,"M","M","$","B"],"character_chosen":"WATCHER","items_purchased":["Replay:Vibes","Prostrate","LikeWater","Study","ClearTheMind","ScarletDevilRocket"],"campfire_rested":5,"item_purchase_floors":[7,14,19,29,29,37],"current_hp_per_floor":[78,79,76,74,74,51,51,37,37,32,22,45,45,45,68,38,84,62,62,84,68,46,71,48,44,44,69,65,65,44,44,69,56,84,44,30,30,0,0],"gold":26,"neow_bonus":"TEN_PERCENT_HP_BONUS","is_daily":false,"chose_seed":false,"campfire_upgraded":0,"win_rate":0.0,"timestamp":1611780614,"path_taken":["M","?","?","M","?","E","$","M","T","M","?","R","M","$","R","BOSS","M","?","?","M","M","R","M","M","MIM","R","M","$","M","M","R","BOSS","M","M","$","BOSS"],"items_purchased_type":["Card","Card","Card","Card","Card","Relic"],"build_version":"2020-12-22","purchased_purges":1,"victory":false,"max_hp_per_floor":[79,79,79,79,79,79,79,79,79,79,79,79,79,79,79,79,84,84,84,84,84,84,84,84,84,84,84,84,84,84,84,84,84,84,84,84,84,84,84],"relic_stats":{"counters":[22,151],"obtain_stats":[{"conspire:GiftBox":6,"Tiny House":17,"ScarletDevilRocket":37,"PureWater":0,"Empty Cage":34,"conspire:TopHat":9,"aspiration:StickyExplosives_weak":26},{"conspire:GiftBox":4,"Tiny House":9,"ScarletDevilRocket":21,"PureWater":0,"Empty Cage":19,"conspire:TopHat":5,"aspiration:StickyExplosives_weak":15},{"conspire:GiftBox":27,"Tiny House":56,"ScarletDevilRocket":148,"PureWater":0,"Empty Cage":130,"conspire:TopHat":33,"aspiration:StickyExplosives_weak":98}]},"card_choices":[{"not_picked":["CutThroughFate","Crescendo"],"picked":"Evaluate","floor":1.0},{"not_picked":["SashWhip","WindmillStrike"],"picked":"Study","floor":3.0},{"not_picked":["FollowUp","Crescendo"],"picked":"DevaForm","floor":4.0},{"not_picked":["DevaForm","Judgement"],"picked":"Brilliance","floor":6.0},{"not_picked":["Replay:ManipulateFuture","JustLucky"],"picked":"PathToVictory","floor":6.0},{"not_picked":["FearNoEvil","Evaluate"],"picked":"PathToVictory","floor":8.0},{"not_picked":["Replay:Anticipation","Replay:ManipulateFuture","BowlingBash"],"picked":"SKIP","floor":10.0},{"not_picked":["WaveOfTheHand","Collect","ClearTheMind"],"picked":"SKIP","floor":11.0},{"not_picked":["EmptyFist","ThirdEye","Replay:AtTheReady"],"picked":"SKIP","floor":13.0},{"not_picked":["DeusExMachina","SpiritShield"],"picked":"Scrawl","floor":16.0},{"not_picked":["DeceiveReality","FlurryOfBlows"],"picked":"ForeignInfluence","floor":18.0},{"not_picked":["Halt+1","CrushJoints+1","BowlingBash"],"picked":"SKIP","floor":21.0},{"not_picked":["Devotion","Replay:BluntJabs+1"],"picked":"LikeWater","floor":22.0},{"not_picked":["SandsOfTime","Prostrate"],"picked":"PathToVictory","floor":24.0},{"not_picked":["Weave+1","Replay:ManipulateFuture"],"picked":"LikeWater","floor":25.0},{"not_picked":["Replay:Anticipation","JustLucky"],"picked":"FlyingSleeves","floor":26.0},{"not_picked":["DeceiveReality","JustLucky"],"picked":"ReachHeaven","floor":28.0},{"not_picked":["Halt","ClearTheMind","Consecrate"],"picked":"SKIP","floor":30.0},{"not_picked":["WreathOfFlame","Consecrate"],"picked":"MasterReality","floor":31.0},{"not_picked":["Ragnarok","DevaForm"],"picked":"Vault","floor":33.0},{"not_picked":["EmptyBody+1","FlurryOfBlows+1"],"picked":"PathToVictory","floor":35.0},{"not_picked":["Protect+1","Replay:Hum","ReachHeaven"],"picked":"SKIP","floor":36.0}],"player_experience":216933,"relics_obtained":[{"floor":6.0,"key":"conspire:GiftBox"},{"floor":9.0,"key":"conspire:TopHat"},{"floor":26.0,"key":"aspiration:StickyExplosives_weak"}],"event_choices":[{"damage_healed":0.0,"max_hp_gain":0.0,"max_hp_loss":0.0,"gold_gain":0.0,"event_name":"Lab","player_choice":"Got Potions","floor":5.0,"gold_loss":0.0,"damage_taken":0.0},{"damage_healed":28.0,"max_hp_gain":0.0,"max_hp_loss":0.0,"gold_gain":0.0,"event_name":"The Library","player_choice":"Heal","floor":20.0,"gold_loss":0.0,"damage_taken":0.0}],"is_beta":false,"boss_relics":[{"not_picked":["ReplayTheSpireMod:DimensionalGlitch","aspiration:DefectSkillbook"],"picked":"Tiny House"},{"not_picked":["Velvet Choker","Ring of Chaos"],"picked":"Empty Cage"}],"items_purged_floors":[7],"is_endless":false,"potions_floor_spawned":[6,8,13,22,24,33,36],"killed_by":"hubris:GrandSnecko","ascension_level":0}}