{"host":"qxeepl7ydvsgmfdb","time":1611764414,"event":{"mods":["AchievementEnabler","BaseMod","Colored Powertips","Minty Spire (QoL Compilation)","Quick Restart","slay the spire mod where everything is the same but ironclad has a cowboy hat"],"gold_per_floor":[115,128,78,38,38,69,69,86,86,86,103,136,136,150,150,150,150],"floor_reached":16,"language":"ENG","playtime":463,"items_purged":[],"score":135,"play_id":"74a0f8b1-eb93-4020-942c-d329ad2f967c","local_time":"20210127112014","is_ascension_mode":false,"campfire_choices":[{"floor":7,"key":"RECALL"},{"data":"Cloak And Dagger","floor":10,"key":"SMITH"},{"floor":15,"key":"REST"}],"circlet_count":0,"master_deck":["Strike_G","Strike_G","Strike_G","Strike_G","Defend_G","Defend_G","Defend_G","Defend_G","Defend_G","Survivor","Neutralize","Cloak And Dagger","Cloak And Dagger+1","Slice+1","Blade Dance"],"relics":["Ring of the Snake","NeowsBlessing","Question Card","Frozen Egg 2","Strawberry"],"acts_visited":["Exordium"],"potions_floor_usage":[16],"damage_taken":[{"damage":0,"enemies":"Jaw Worm","floor":1,"turns":1},{"damage":0,"enemies":"Small Slimes","floor":2,"turns":1},{"damage":0,"enemies":"Gremlin Nob","floor":6,"turns":1},{"damage":1,"enemies":"Cultist","floor":8,"turns":5},{"damage":3,"enemies":"Blue Slaver","floor":11,"turns":5},{"damage":45,"enemies":"Lagavulin","floor":12,"turns":13},{"damage":8,"enemies":"Exordium Wildlife","floor":14,"turns":5},{"damage":40,"enemies":"Slime Boss","floor":16,"turns":10}],"seed_played":"2706641592477031080","potions_obtained":[{"floor":1,"key":"BlessingOfTheForge"},{"floor":4,"key":"Block Potion"},{"floor":4,"key":"FairyPotion"}],"is_trial":false,"path_per_floor":["M","M","?","?","$","E","R","M","T","R","M","E","?","M","R","B"],"character_chosen":"THE_SILENT","items_purchased":[],"campfire_rested":1,"item_purchase_floors":[],"current_hp_per_floor":[70,70,70,70,70,70,70,69,69,69,66,28,28,20,43,3,3],"gold":150,"neow_bonus":"THREE_ENEMY_KILL","is_daily":false,"chose_seed":false,"campfire_upgraded":1,"win_rate":0.0,"timestamp":1611764414,"path_taken":["M","M","?","?","$","E","R","?","T","R","M","E","?","M","R","BOSS"],"items_purchased_type":[],"build_version":"2020-12-22","purchased_purges":0,"victory":false,"max_hp_per_floor":[70,70,70,70,70,70,70,70,70,70,70,77,77,77,77,77,77],"card_choices":[{"not_picked":["Finisher","Underhanded Strike"],"picked":"Cloak And Dagger","floor":1},{"not_picked":["Calculated Gamble","Finisher","Leg Sweep"],"picked":"SKIP","floor":2},{"not_picked":["A Thousand Cuts","Blur"],"picked":"Cloak And Dagger","floor":6},{"not_picked":["Skewer","Infinite Blades","Bouncing Flask","Predator"],"picked":"SKIP","floor":8},{"not_picked":["Escape Plan","Backflip","Dagger Throw","Bane"],"picked":"SKIP","floor":11},{"not_picked":["Unload","Flying Knee","Backflip"],"picked":"Slice","floor":12},{"not_picked":["Concentrate","Dodge and Roll","Sucker Punch"],"picked":"Blade Dance","floor":14}],"player_experience":241846,"relics_obtained":[{"floor":6,"key":"Question Card"},{"floor":9,"key":"Frozen Egg 2"},{"floor":12,"key":"Strawberry"}],"event_choices":[{"cards_removed":["Strike_G"],"damage_healed":0,"gold_gain":0,"player_choice":"Card Removal","damage_taken":0,"max_hp_gain":0,"max_hp_loss":0,"event_name":"The Cleric","floor":3,"gold_loss":50},{"damage_healed":0,"gold_gain":0,"player_choice":"Bought 3 Potions","damage_taken":0,"max_hp_gain":0,"max_hp_loss":0,"event_name":"The Woman in Blue","floor":4,"gold_loss":0},{"damage_healed":0,"gold_gain":0,"player_choice":"Grow","damage_taken":0,"max_hp_gain":0,"max_hp_loss":0,"event_name":"Living Wall","floor":13,"gold_loss":0,"cards_upgraded":["Slice"]}],"is_beta":false,"boss_relics":[],"items_purged_floors":[],"is_endless":false,"potions_floor_spawned":[1],"killed_by":"Slime Boss","ascension_level":0}}