{"host":"3a5itcmwo6ddh3id","time":1611775351,"event":{"mods":["BaseMod","Colored Map","Colored Powertips","Minty Spire (QoL Compilation)","Relic Stats"],"gold_per_floor":[110,129,145,220,220,220,255,9,9,9,9],"floor_reached":10,"language":"ENG","playtime":336,"items_purged":["Pain"],"score":132,"play_id":"e7bc387a-93a2-4df3-aff2-ed9ef8f2f5ae","local_time":"20210127132231","is_ascension_mode":true,"campfire_choices":[{"data":"Loop","floor":6.0,"key":"SMITH"}],"circlet_count":0,"master_deck":["AscendersBane","Strike_B","Strike_B","Strike_B","Strike_B","Defend_B","Defend_B","Defend_B","Defend_B","Zap","Dualcast","Loop+1","Compile Driver","Genetic Algorithm","Go for the Eyes","Melter","Doom and Gloom"],"relics":["Cracked Core","WarpedTongs","Bird Faced Urn","Bottled Tornado"],"acts_visited":["Exordium"],"potions_floor_usage":[10,10],"damage_taken":[{"damage":1.0,"enemies":"Cultist","floor":1.0,"turns":3.0},{"damage":9.0,"enemies":"Jaw Worm","floor":2.0,"turns":4.0},{"damage":2.0,"enemies":"2 Louse","floor":3.0,"turns":3.0},{"damage":37.0,"enemies":"3 Sentries","floor":7.0,"turns":7.0},{"damage":20,"enemies":"Lagavulin","floor":10,"turns":3}],"seed_played":"2266296363722240685","potions_obtained":[{"floor":3.0,"key":"DuplicationPotion"},{"floor":7.0,"key":"Explosive Potion"}],"is_trial":false,"path_per_floor":["M","M","M","?","?","R","E","$","T","E"],"character_chosen":"DEFECT","items_purchased":["FocusPotion","Melter","Doom and Gloom"],"campfire_rested":0,"item_purchase_floors":[8,8,8],"current_hp_per_floor":[70,61,59,48,48,48,11,11,11,0,0],"gold":9,"neow_bonus":"TEN_PERCENT_HP_BONUS","is_daily":false,"chose_seed":false,"campfire_upgraded":1,"win_rate":0.0,"timestamp":1611775351,"path_taken":["M","?","M","?","?","R","E","$","T","E"],"items_purchased_type":["Potion","Card","Card"],"build_version":"2020-12-22","purchased_purges":1,"victory":false,"max_hp_per_floor":[78,78,78,78,78,78,78,78,78,78,78],"relic_stats":{"counters":[5,20],"Bird Faced Urn":[2],"obtain_stats":[{"Bird Faced Urn":7,"Bottled Tornado":9,"Cracked Core":0,"WarpedTongs":5},{"Bird Faced Urn":4,"Bottled Tornado":4,"Cracked Core":0,"WarpedTongs":3},{"Bird Faced Urn":17,"Bottled Tornado":17,"Cracked Core":0,"WarpedTongs":10}],"WarpedTongs":[9]},"card_choices":[{"not_picked":["Gash","Self Repair"],"picked":"Loop","floor":1.0},{"not_picked":["Go for the Eyes","Recycle"],"picked":"Compile Driver","floor":2.0},{"not_picked":["Stack","White Noise"],"picked":"Genetic Algorithm","floor":3.0},{"not_picked":["Beam Cell","Aggregate"],"picked":"Go for the Eyes","floor":7.0}],"player_experience":1101611,"relics_obtained":[{"floor":7.0,"key":"Bird Faced Urn"},{"floor":9.0,"key":"Bottled Tornado"}],"event_choices":[{"damage_healed":0.0,"max_hp_gain":0.0,"max_hp_loss":0.0,"gold_gain":75.0,"event_name":"World of Goop","player_choice":"Gather Gold","floor":4.0,"gold_loss":0.0,"damage_taken":11.0},{"damage_healed":0.0,"max_hp_gain":0.0,"max_hp_loss":0.0,"gold_gain":0.0,"event_name":"Accursed Blacksmith","player_choice":"Rummage","floor":5.0,"gold_loss":0.0,"damage_taken":0.0,"relics_obtained":["WarpedTongs"],"cards_obtained":["Pain"]}],"is_beta":false,"boss_relics":[],"items_purged_floors":[8],"is_endless":false,"potions_floor_spawned":[3,7],"killed_by":"Lagavulin","ascension_level":20}}