{"host":"kydqlojjt9mno5rv","time":1611736096,"event":{"mods":["AchievementEnabler","BaseMod","Colored Powertips","DeckTracker","Minty Spire (QoL Compilation)","Spicy Shops","Spire Arcade","StSLib","SuperFastMode","Synergy Search","Weighted Paths"],"gold_per_floor":[119,135,149,4,4,34,34,34,58,86,148,176,176,195,195,296,296,314,324,324,324,23,42,58,58,82,126,138,166,50,70,70,174,174,188,23,73,128,138,163,0,0,80,30,30,30,48,63,63,63],"floor_reached":51,"language":"ENG","playtime":1962,"items_purged":["Normality","Parasite"],"score":788,"play_id":"d1bf15be-9afc-4aee-b1e7-7a82d71655c9","local_time":"20210127032816","is_ascension_mode":false,"campfire_choices":[{"floor":7,"key":"REST"},{"floor":13,"key":"REST"},{"data":"Electrodynamics","floor":15,"key":"SMITH"},{"floor":25,"key":"REST"},{"floor":28,"key":"REST"},{"data":"Storm","floor":32,"key":"SMITH"},{"floor":42,"key":"REST"},{"data":"Amplify","floor":46,"key":"SMITH"},{"floor":49,"key":"REST"}],"circlet_count":0,"master_deck":["Strike_B","Strike_B+1","Strike_B","Strike_B","Defend_B","Defend_B","Defend_B","Defend_B","Zap+1","Dualcast","CurseOfTheBell","Undo","Ball Lightning","Ball Lightning+1","Genetic Algorithm+1","Sunder","BootSequence","Electrodynamics+1","Streamline","Redo","Amplify+1","Capacitor","Barrage+1","Static Discharge","Genetic Algorithm","Storm+1","Redo","Rainbow","Ball Lightning+1","Static Discharge+1","Echo Form","Redo","Biased Cognition+1","Streamline","Skim+1","Redo+1","Madness+1","Madness+1"],"relics":["Calling Bell","Vajra","Eternal Feather","Ice Cream","Art of War","Regal Pillow","Blood Vial","Mummified Hand","HornCleat","Whetstone","Cursed Key","Membership Card","Orrery","MawBank","Juzu Bracelet","Frozen Egg 2","Inserter","Toxic Egg 2","CaptainsWheel","FossilizedHelix","Strawberry","Red Mask","Singing Bowl"],"acts_visited":["Exordium","TheCity","TheBeyond"],"potions_floor_usage":[],"damage_taken":[{"damage":0,"enemies":"Cultist","floor":1,"turns":4},{"damage":0,"enemies":"Small Slimes","floor":2,"turns":3},{"damage":7,"enemies":"2 Louse","floor":3,"turns":2},{"damage":34,"enemies":"3 Sentries","floor":6,"turns":6},{"damage":27,"enemies":"Gremlin Nob","floor":10,"turns":4},{"damage":12,"enemies":"Gremlin Nob","floor":11,"turns":4},{"damage":0,"enemies":"3 Sentries","floor":12,"turns":4},{"damage":0,"enemies":"Looter","floor":14,"turns":3},{"damage":20,"enemies":"The Guardian","floor":16,"turns":9},{"damage":5,"enemies":"Chosen","floor":18,"turns":4},{"damage":11,"enemies":"Spheric Guardian","floor":19,"turns":4},{"damage":0,"enemies":"Snake Plant","floor":23,"turns":4},{"damage":19,"enemies":"Shelled Parasite and Fungi","floor":24,"turns":4},{"damage":37,"enemies":"Slavers","floor":27,"turns":4},{"damage":14,"enemies":"Centurion and Healer","floor":29,"turns":6},{"damage":10,"enemies":"Sentry and Sphere","floor":31,"turns":4},{"damage":71,"enemies":"Champ","floor":33,"turns":9},{"damage":15,"enemies":"3 Darklings","floor":35,"turns":5},{"damage":9,"enemies":"Mind Bloom Boss Battle","floor":37,"turns":6},{"damage":12,"enemies":"2 Orb Walkers","floor":38,"turns":3},{"damage":0,"enemies":"Orb Walker","floor":39,"turns":3},{"damage":45,"enemies":"Nemesis","floor":40,"turns":7},{"damage":12,"enemies":"4 Shapes","floor":47,"turns":4},{"damage":0,"enemies":"Spire Growth","floor":48,"turns":4},{"damage":47,"enemies":"Time Eater","floor":50,"turns":8}],"seed_played":"-4956449805618745663","potions_obtained":[{"floor":1,"key":"DistilledChaos"},{"floor":2,"key":"FocusPotion"},{"floor":3,"key":"LiquidMemories"}],"is_trial":false,"path_per_floor":["M","M","M","$","?","E","R","?","T","E","?","E","R","M","R","B",null,"M","M","?","?","$","M","M","R","T","E","R","M","$","M","R","B",null,"M","$","?","?","M","E","?","R","T","$","?","R","M","M","R","B",null],"character_chosen":"DEFECT","items_purchased":["Genetic Algorithm","Sunder","Membership Card","Genetic Algorithm","Storm","Orrery","Frozen Egg 2","Toxic Egg 2"],"campfire_rested":6,"item_purchase_floors":[4,4,22,22,22,22,30,36],"current_hp_per_floor":[75,75,68,68,50,16,62,47,47,22,12,14,60,62,74,55,75,70,61,61,61,61,63,46,75,75,38,75,61,61,53,71,2,75,60,60,53,43,45,9,9,69,69,69,59,79,69,73,83,36],"gold":63,"neow_bonus":"BOSS_RELIC","is_daily":false,"chose_seed":false,"campfire_upgraded":3,"win_rate":0.0,"timestamp":1611736096,"path_taken":["M","M","M","?","?","E","R","?","T","E","?","E","R","M","R","BOSS","M","M","?","?","?","M","M","R","T","E","R","M","$","M","R","BOSS","M","$","?","?","M","E","?","R","T","?","?","R","M","M","R","BOSS"],"items_purchased_type":["Card","Card","Relic","Card","Card","Relic","Relic","Relic"],"build_version":"2020-12-22","purchased_purges":2,"victory":true,"max_hp_per_floor":[75,75,75,75,75,75,75,75,75,75,75,75,75,75,75,75,75,75,75,75,75,75,75,75,75,75,75,75,75,75,75,75,75,75,75,75,75,75,75,82,82,82,82,79,79,79,81,83,83,83],"card_choices":[{"not_picked":["Hello World","Leap"],"picked":"Undo","floor":1},{"not_picked":["Steam","Rebound"],"picked":"Ball Lightning","floor":2},{"not_picked":["Leap","Melter"],"picked":"Ball Lightning","floor":3},{"not_picked":["Streamline","Scrape"],"picked":"BootSequence","floor":6},{"not_picked":["Hologram","Rip and Tear"],"picked":"Electrodynamics","floor":10},{"not_picked":["Hologram","Coolheaded"],"picked":"Streamline","floor":11},{"not_picked":["Beam Cell","Aggregate","Turbo"],"picked":"SKIP","floor":12},{"not_picked":["Recycle","Steam Power"],"picked":"Redo","floor":14},{"not_picked":["Reboot","All For One"],"picked":"Amplify","floor":16},{"not_picked":["Turbo+1","Steam"],"picked":"Capacitor","floor":18},{"not_picked":["Self Repair","Rip and Tear"],"picked":"Barrage+1","floor":19},{"not_picked":["Steam Power","Hologram+1"],"picked":"Redo","floor":22},{"not_picked":["White Noise","Conserve Battery"],"picked":"Rainbow","floor":22},{"not_picked":["Consume+1","Beam Cell"],"picked":"Ball Lightning+1","floor":22},{"not_picked":["Gash+1","Compile Driver"],"picked":"Static Discharge+1","floor":23},{"not_picked":["Undo+1","Barrage"],"picked":"Echo Form","floor":24},{"not_picked":["Steam","Rebound","Core Surge"],"picked":"SKIP","floor":27},{"not_picked":["Beam Cell","Sweeping Beam+1"],"picked":"Redo","floor":29},{"not_picked":["Sweeping Beam","Gash","Turbo"],"picked":"SKIP","floor":31},{"not_picked":["All For One","Creative AI+1"],"picked":"Biased Cognition+1","floor":33},{"not_picked":["FTL+1","Scrape","Blizzard+1"],"picked":"SKIP","floor":35},{"not_picked":["Hologram+1","Scrape"],"picked":"Streamline","floor":37},{"not_picked":["Hologram+1","Go for the Eyes+1"],"picked":"Skim+1","floor":38},{"not_picked":["Barrage","Ball Lightning","Force Field+1"],"picked":"SKIP","floor":39},{"not_picked":["Cold Snap","Beam Cell"],"picked":"Redo+1","floor":40},{"not_picked":["Redo+1","Hologram+1","Reinforced Body+1"],"picked":"Singing Bowl","floor":47},{"not_picked":["Thunder Strike","Fusion+1","Heatsinks+1"],"picked":"Singing Bowl","floor":48}],"player_experience":130353,"relics_obtained":[{"floor":0,"key":"Vajra"},{"floor":0,"key":"Eternal Feather"},{"floor":0,"key":"Ice Cream"},{"floor":6,"key":"Regal Pillow"},{"floor":9,"key":"Blood Vial"},{"floor":10,"key":"Mummified Hand"},{"floor":12,"key":"Whetstone"},{"floor":26,"key":"MawBank"},{"floor":27,"key":"Juzu Bracelet"},{"floor":37,"key":"CaptainsWheel"},{"floor":38,"key":"FossilizedHelix"},{"floor":40,"key":"Strawberry"},{"floor":43,"key":"Singing Bowl"}],"event_choices":[{"damage_healed":0,"gold_gain":0,"player_choice":"Success","damage_taken":18,"relics_obtained":["Art of War"],"max_hp_gain":0,"max_hp_loss":0,"event_name":"Scrap Ooze","floor":5,"gold_loss":0},{"damage_healed":0,"gold_gain":0,"player_choice":"Entered Light","damage_taken":15,"max_hp_gain":0,"max_hp_loss":0,"event_name":"Shining Light","floor":8,"gold_loss":0,"cards_upgraded":["Zap","Genetic Algorithm"]},{"damage_healed":0,"gold_gain":0,"player_choice":"Searched \u00272\u0027 times","damage_taken":0,"relics_obtained":["HornCleat"],"max_hp_gain":0,"max_hp_loss":0,"event_name":"Dead Adventurer","floor":11,"gold_loss":0},{"damage_healed":0,"gold_gain":0,"player_choice":"Read","damage_taken":0,"max_hp_gain":0,"max_hp_loss":0,"event_name":"The Library","floor":20,"gold_loss":0,"cards_obtained":["Static Discharge"]},{"damage_healed":0,"gold_gain":0,"player_choice":"Ignored","damage_taken":0,"max_hp_gain":0,"max_hp_loss":0,"event_name":"Ghosts","floor":21,"gold_loss":0},{"damage_healed":0,"gold_gain":0,"player_choice":"Fight","damage_taken":0,"max_hp_gain":0,"max_hp_loss":0,"event_name":"MindBloom","floor":37,"gold_loss":0},{"damage_healed":0,"gold_gain":0,"player_choice":"Fight","damage_taken":0,"max_hp_gain":0,"max_hp_loss":0,"event_name":"Mysterious Sphere","floor":38,"gold_loss":0},{"damage_healed":0,"gold_gain":0,"player_choice":"Paid","damage_taken":0,"relics_obtained":["Red Mask"],"max_hp_gain":0,"max_hp_loss":0,"event_name":"Tomb of Lord Red Mask","floor":41,"gold_loss":163},{"damage_healed":0,"gold_gain":0,"player_choice":"Embrace Madness","damage_taken":10,"max_hp_gain":0,"max_hp_loss":0,"event_name":"Winding Halls","floor":45,"gold_loss":0,"cards_obtained":["Madness","Madness"]}],"is_beta":false,"boss_relics":[{"not_picked":["Astrolabe","Velvet Choker"],"picked":"Cursed Key"},{"not_picked":["Fusion Hammer","Sozu"],"picked":"Inserter"}],"items_purged_floors":[36,44],"is_endless":false,"potions_floor_spawned":[1,2,3,19,27,29,35,38,39],"ascension_level":0}}