{"host":"bjzqjr1ycgj8gt55","time":1611709532,"event":{"mods":["100% Spire Juice","BaseMod","Better Altar","Better Match","Better Sensory Stone","Better Skull","Better Third Choice","Better Vampires","Block Reminder","Colored Map","Colored Powertips","GifTheSpireLib","Hermit","Infinite Spire","Minty Spire (QoL Compilation)","Rare Cards Sparkle","Red Circlet Mod","Shade Mod","Shop Mod","Spicy Shops","StSLib","The Cursed","The Jungle","The Marked","The Necromancer","Waifu the Spire","everything is the same but u backflip on backflip","slay the spire mod where everything is the same but ironclad has a cowboy hat"],"gold_per_floor":[119,194,207,207,132,163,163,181,204,204,236,246,103,130,130,230,230,250,250,234,159,170,170,204,218,243,263,263,263,273,198,198,297,297,313,313,313,333,333,367,383,383,383,412,412,412,429,429,429,445,445,445,18,52,108,108],"floor_reached":55,"language":"ENG","playtime":2085,"items_purged":["Strike_W","Strike_W+1"],"score":591,"play_id":"6f2f3ba6-fc3f-4ddf-8f2d-006c87b6f2bb","local_time":"20210126190532","is_ascension_mode":true,"campfire_choices":[{"floor":7.0,"key":"REST"},{"data":"Hellfire","floor":10.0,"key":"SMITH"},{"data":"Cloudkill","floor":15.0,"key":"SMITH"},{"floor":23,"key":"REST"},{"data":"Summon_Vampire_Lady","floor":32,"key":"SMITH"},{"data":"Violent_Necrosis","floor":42,"key":"SMITH"},{"floor":45,"key":"RECALL"},{"data":"infinitespire:Collect","floor":49,"key":"SMITH"},{"data":"Shade_Step","floor":52,"key":"SMITH"}],"circlet_count":0,"master_deck":["Strike_W+1","Defend_W+1","Defend_W+1","Defend_W+1","Defend_W+1","Negative_Energy_Arrows","Bone_Wall","Hellfire","Blood_Curse","Hellfire+1","Consume_Illness","Plague_Bolt","Death_March_Dance","Violent_Necrosis+1","Cloudkill+1","Acid_Javelin","Consume_Illness","Shade_Step+1","Bone_Spikes+1","Life_Tap","Hellfire","Violent_Necrosis+1","Vampiric_Strike","infinitespire:Collect+1","Life_Drain+1","Corrupt+1","The Bomb","Bone_Armor+1"],"relics":["Vampire_Amulet","Boot","Orichalcum","Happy Flower","Bag of Marbles","PreservedInsect","Runic Pyramid","infinitespire:Lucky Rock","Velvet Choker","infinitespire:Cupcake","infinitespire:Midas Blood","InkBottle","Oddly Smooth Stone","Anchor","infinitespire:EmpoweringShard"],"acts_visited":["Exordium","TheCity","TheBeyond","TheEnding"],"potions_floor_usage":[38,50,55,55],"damage_taken":[{"damage":6.0,"enemies":"2 Louse","floor":1.0,"turns":2.0},{"damage":1.0,"enemies":"Jaw Worm","floor":3.0,"turns":4.0},{"damage":20.0,"enemies":"Lagavulin","floor":6.0,"turns":5.0},{"damage":2.0,"enemies":"Small Slimes","floor":8.0,"turns":3.0},{"damage":4.0,"enemies":"Gremlin Nob","floor":11.0,"turns":4.0},{"damage":20.0,"enemies":"Gremlin Gang","floor":12.0,"turns":4.0},{"damage":3.0,"enemies":"3 Sentries","floor":14.0,"turns":6.0},{"damage":14.0,"enemies":"Hexaghost","floor":16.0,"turns":6.0},{"damage":2.0,"enemies":"Spheric Guardian","floor":18.0,"turns":3.0},{"damage":19,"enemies":"2 Thieves","floor":20,"turns":4},{"damage":18,"enemies":"3 Cultists","floor":22,"turns":5},{"damage":8,"enemies":"Slavers","floor":24,"turns":4},{"damage":25,"enemies":"Sentry and Sphere","floor":25,"turns":5},{"damage":11,"enemies":"Centurion and Healer","floor":27,"turns":5},{"damage":6,"enemies":"Cultist and Chosen","floor":30,"turns":3},{"damage":25,"enemies":"Champ","floor":33,"turns":6},{"damage":0,"enemies":"3 Shapes","floor":35,"turns":4},{"damage":11,"enemies":"3 Darklings","floor":38,"turns":4},{"damage":4,"enemies":"Nemesis","floor":40,"turns":3},{"damage":8,"enemies":"Jaw Worm Horde","floor":41,"turns":3},{"damage":2,"enemies":"Reptomancer","floor":44,"turns":2},{"damage":14,"enemies":"Spire Growth","floor":47,"turns":4},{"damage":67,"enemies":"Awakened One","floor":50,"turns":8},{"damage":20,"enemies":"Shield and Spear","floor":54,"turns":4},{"damage":119,"enemies":"The Heart","floor":55,"turns":5}],"seed_played":"3508899083661402198","potions_obtained":[{"floor":1.0,"key":"Explosive Potion"},{"floor":3.0,"key":"Strength Potion"},{"floor":11.0,"key":"GamblersBrew"},{"floor":27,"key":"infinitespire:BlackPotion"},{"floor":40,"key":"Dexterity Potion"},{"floor":41,"key":"infinitespire:BlackPotion"},{"floor":47,"key":"FairyPotion"},{"floor":54,"key":"Fruit Juice"}],"is_trial":false,"path_per_floor":["M","?","M","?","?","E","R","M","T","R","E","M","$","E","R","B",null,"M","?","M","$","M","R","E","M","T","M","?","AVR","M","?","R","B",null,"M","?","?","M","?","E","M","R","T","E","R","?","M","?","R","B",null,"R","$","E","B"],"character_chosen":"NECROMANCER","items_purchased":["Bag of Marbles","Anchor","The Bomb"],"campfire_rested":2,"item_purchase_floors":[13,53,53],"current_hp_per_floor":[64,53,54,54,54,39,59,61,61,61,59,47,47,50,50,38,68,68,68,51,51,39,59,57,51,51,56,56,56,63,63,63,61,68,68,65,65,57,41,49,50,50,50,56,56,75,70,70,70,18,75,75,75,59,0,0],"gold":108,"neow_bonus":"THREE_RARE_CARDS","is_daily":false,"chose_seed":false,"campfire_upgraded":6,"win_rate":0.0,"timestamp":1611709532,"path_taken":["M","?","M","?","?","E","R","M","T","R","E","M","$","E","R","BOSS","M","?","M","$","?","R","E","M","T","M","?","AVR","M","?","R","BOSS","M","?","?","?","?","E","M","R","T","E","R","?","?","?","R","BOSS","R","$","E","BOSS"],"items_purchased_type":["Relic","Relic","Card"],"build_version":"2020-12-22","purchased_purges":2,"victory":false,"max_hp_per_floor":[68,68,68,68,68,68,68,68,68,68,68,68,68,68,68,68,68,68,68,68,68,68,68,68,68,68,68,68,68,68,68,68,68,68,68,65,65,65,65,65,65,65,65,65,65,75,75,75,75,75,75,75,75,75,80,80],"card_choices":[{"not_picked":["Summon_Death_Knight","Reap_The_Weak"],"picked":"Hellfire","floor":0.0},{"not_picked":["Negative_Energy_Mist","Death_Coil"],"picked":"Finger_Of_Death","floor":1.0},{"not_picked":["Strike_from_Beyond","Toxic_Smoke_Screen"],"picked":"Blood_Curse","floor":3.0},{"not_picked":["Summon_Vampire_Lady","Blood_Wake"],"picked":"Hellfire","floor":5.0},{"not_picked":["Scare","Toxic_Smoke_Screen"],"picked":"Consume_Illness","floor":5.0},{"not_picked":["Blood_Is_Power","Bones_to_Steel"],"picked":"Plague_Bolt","floor":6.0},{"not_picked":["Vampiric_Strike","Finger_Of_Death"],"picked":"Death_March_Dance","floor":8.0},{"not_picked":["Death_March_Dance","Deaths_Shadow"],"picked":"Violent_Necrosis","floor":11.0},{"not_picked":["Summon_Undead","Bone_Armor"],"picked":"Cloudkill","floor":12.0},{"not_picked":["Blood_Is_Power","Corrupt"],"picked":"Acid_Javelin","floor":14.0},{"not_picked":["Detonate_Bones","Negative_Energy_Bomb"],"picked":"Summon_Vampire_Lady","floor":16.0},{"not_picked":["Bone_Bullets","Bone_Armor"],"picked":"Consume_Illness","floor":18.0},{"not_picked":["Bone_Bullets","Death_Coil"],"picked":"Shade_Step","floor":20},{"not_picked":["Death_March_Dance","Plague_Bolt","Death_Coil"],"picked":"SKIP","floor":22},{"not_picked":["Blood_Curse+1","Scare"],"picked":"Bone_Spikes+1","floor":24},{"not_picked":["Summon_Vampire_Lady","Negative_Energy_Javelin+1","Consume_Illness"],"picked":"SKIP","floor":25},{"not_picked":["Vampiric_Strike","Negative_Energy_Sphere"],"picked":"Life_Tap","floor":27},{"not_picked":["Negative_Energy_Sphere","Bones_to_Steel","Blood_Curse"],"picked":"SKIP","floor":30},{"not_picked":["Blood_Magic","Cloudkill"],"picked":"Hellfire","floor":33},{"not_picked":["Negative_Energy_Mist+1","Negative_Energy_Shield"],"picked":"Violent_Necrosis","floor":35},{"not_picked":["Blood_Shield","Bones_to_Steel+1"],"picked":"Vampiric_Strike","floor":38},{"not_picked":["infinitespire:FinalStrike","infinitespire:Fortify"],"picked":"infinitespire:Collect","floor":39},{"not_picked":["Whirlwind_of_Bones","Negative_Energy_Sphere+1"],"picked":"Life_Drain+1","floor":40},{"not_picked":["Scare","Negative_Energy_Shield"],"picked":"Corrupt+1","floor":41},{"not_picked":["Bones_to_Steel+1","Blood_Shield+1","Necromantic_Selection"],"picked":"SKIP","floor":44},{"not_picked":["Blood_Is_Power+1","Death_Coil","Toxic_Smoke_Screen+1"],"picked":"SKIP","floor":47},{"not_picked":["Pandemic","Toxic_Smoke_Screen"],"picked":"Bone_Armor+1","floor":54}],"player_experience":149910,"relics_obtained":[{"floor":6.0,"key":"Boot"},{"floor":9.0,"key":"Orichalcum"},{"floor":11.0,"key":"Happy Flower"},{"floor":14.0,"key":"PreservedInsect"},{"floor":24,"key":"infinitespire:Lucky Rock"},{"floor":40,"key":"infinitespire:Midas Blood"},{"floor":43,"key":"InkBottle"},{"floor":44,"key":"Oddly Smooth Stone"},{"floor":54,"key":"infinitespire:EmpoweringShard"}],"event_choices":[{"damage_healed":0.0,"max_hp_gain":0.0,"max_hp_loss":0.0,"gold_gain":75.0,"event_name":"betterThird:BetterGoop","player_choice":"Gold","floor":2.0,"gold_loss":0.0,"damage_taken":11.0},{"cards_removed":["Strike_W"],"damage_healed":0.0,"max_hp_gain":0.0,"max_hp_loss":0.0,"gold_gain":0.0,"event_name":"Living Wall","player_choice":"Forget","floor":4.0,"gold_loss":0.0,"damage_taken":0.0},{"damage_healed":0.0,"max_hp_gain":0.0,"max_hp_loss":0.0,"gold_gain":0.0,"event_name":"betterMatch:BetterMatch","player_choice":"1","floor":5.0,"gold_loss":0.0,"damage_taken":0.0,"cards_obtained":["betterMatch:RareCard","betterMatch:CommonCard"]},{"damage_healed":0.0,"max_hp_gain":0.0,"max_hp_loss":0.0,"gold_gain":0.0,"event_name":"The Woman in Blue","player_choice":"Bought 0 Potions","floor":19.0,"gold_loss":0.0,"damage_taken":0.0},{"damage_healed":0,"gold_gain":0,"player_choice":"Simplicity","damage_taken":0,"max_hp_gain":0,"max_hp_loss":6,"event_name":"betterThird:BetterWriting","floor":28,"gold_loss":0},{"cards_removed":["Finger_Of_Death"],"damage_healed":0,"gold_gain":0,"player_choice":"Gave Gold","damage_taken":0,"max_hp_gain":0,"max_hp_loss":0,"event_name":"Beggar","floor":31,"gold_loss":75},{"damage_healed":0,"gold_gain":0,"player_choice":"Max HP","damage_taken":0,"max_hp_gain":0,"max_hp_loss":3,"event_name":"Winding Halls","floor":36,"gold_loss":0},{"damage_healed":0,"gold_gain":0,"player_choice":"Upgraded","damage_taken":0,"max_hp_gain":0,"max_hp_loss":0,"event_name":"Upgrade Shrine","floor":37,"gold_loss":0,"cards_upgraded":["Violent_Necrosis"]},{"cards_removed":["Summon_Vampire_Lady"],"damage_healed":9,"gold_gain":0,"player_choice":"Offered Rare","damage_taken":0,"max_hp_gain":10,"max_hp_loss":0,"event_name":"Bonfire Elementals","floor":46,"gold_loss":0},{"damage_healed":0,"gold_gain":0,"player_choice":"Ignored","damage_taken":0,"max_hp_gain":0,"max_hp_loss":0,"event_name":"Tomb of Lord Red Mask","floor":48,"gold_loss":0}],"is_beta":false,"boss_relics":[{"not_picked":["Snecko Eye","Runic Dome"],"picked":"Runic Pyramid"},{"not_picked":["Sozu","Empty Cage"],"picked":"infinitespire:Cupcake"}],"items_purged_floors":[21,53],"is_endless":false,"potions_floor_spawned":[1,3,11,12,20,25,27,30,35,40,41,44,47,54],"killed_by":"The Heart","ascension_level":1}}