{"host":"sav7uxregyirlf69","time":1611744168,"event":{"mods":["AchievementEnabler","BaseMod","Colored Map","DeckTracker","Keyboard Shortcuts","Minty Spire (QoL Compilation)","READ ME - Guardian Mod","StSLib","SuperFastMode"],"gold_per_floor":[118,168,182,194,194,194,214,214,214,214,214,214,255,268,268,363,363,386,386,97,117,133,133,148,183,183,183,204,204,119,133,133,224,224,245,265,265,289,310,310,310,310],"floor_reached":41,"language":"KOR","playtime":2185,"items_purged":["Phantasmal Killer"],"score":880,"play_id":"c4adaa86-c945-4354-9be4-981bde6a41e7","local_time":"20210127194248","is_ascension_mode":true,"campfire_choices":[{"data":"Deadly Poison","floor":6,"key":"SMITH"},{"data":"Cloak And Dagger","floor":8,"key":"SMITH"},{"floor":12,"key":"REST"},{"floor":15,"key":"RECALL"},{"data":"Concentrate","floor":23,"key":"SMITH"},{"floor":27,"key":"REST"},{"data":"Wraith Form v2","floor":29,"key":"SMITH"},{"data":"Tactician","floor":32,"key":"SMITH"},{"data":"Acrobatics","floor":40,"key":"SMITH"}],"circlet_count":0,"master_deck":["AscendersBane","Survivor","Neutralize+1","Deadly Poison+1","Dagger Throw","Flying Knee","Cloak And Dagger+1","Adrenaline","Backflip","Phantasmal Killer","Distraction","Dagger Throw","Tools of the Trade","Heel Hook","Wraith Form v2+1","Escape Plan","Acrobatics+1","Tactician+1","Footwork","Concentrate+1","Prepared","Choke","Burst"],"relics":["Ring of the Snake","Strawberry","Ninja Scroll","Golden Idol","Tough Bandages","Pandora\u0027s Box","ClockworkSouvenir","Bronze Scales","Calipers","Juzu Bracelet","Busted Crown"],"acts_visited":["Exordium","TheCity","TheBeyond"],"potions_floor_usage":[16,25,33],"damage_taken":[{"damage":7.0,"enemies":"Jaw Worm","floor":1.0,"turns":5.0},{"damage":1,"enemies":"Cultist","floor":3,"turns":4},{"damage":2,"enemies":"2 Louse","floor":4,"turns":3},{"damage":1,"enemies":"2 Fungi Beasts","floor":7,"turns":4},{"damage":14,"enemies":"Lagavulin","floor":13,"turns":5},{"damage":0,"enemies":"Looter","floor":14,"turns":2},{"damage":14,"enemies":"The Guardian","floor":16,"turns":13},{"damage":15,"enemies":"Shell Parasite","floor":18,"turns":3},{"damage":0,"enemies":"Chosen","floor":21,"turns":4},{"damage":0,"enemies":"Centurion and Healer","floor":22,"turns":4},{"damage":15,"enemies":"Snake Plant","floor":24,"turns":4},{"damage":16,"enemies":"Slavers","floor":25,"turns":8},{"damage":2,"enemies":"Shelled Parasite and Fungi","floor":28,"turns":5},{"damage":0,"enemies":"Cultist and Chosen","floor":31,"turns":5},{"damage":20,"enemies":"Automaton","floor":33,"turns":9},{"damage":6,"enemies":"3 Darklings","floor":35,"turns":7},{"damage":0,"enemies":"3 Shapes","floor":36,"turns":3},{"damage":21,"enemies":"Writhing Mass","floor":38,"turns":5},{"damage":1,"enemies":"Sphere and 2 Shapes","floor":39,"turns":6},{"damage":36,"enemies":"Nemesis","floor":41,"turns":5}],"seed_played":"2575975579399199830","potions_obtained":[{"floor":3,"key":"SpeedPotion"},{"floor":7,"key":"SpeedPotion"},{"floor":11,"key":"Block Potion"},{"floor":11,"key":"GhostInAJar"},{"floor":18,"key":"Fire Potion"},{"floor":33,"key":"Ancient Potion"},{"floor":35,"key":"SpeedPotion"}],"is_trial":false,"path_per_floor":["M","?","M","M","?","R","M","R","T","?","?","R","E","M","R","B",null,"M","?","$","M","M","R","M","E","T","R","M","R","?","M","R","B",null,"M","M","?","M","M","R","E"],"character_chosen":"THE_SILENT","items_purchased":["ClockworkSouvenir","Footwork"],"campfire_rested":2,"item_purchase_floors":[20,20],"current_hp_per_floor":[59,52,51,49,27,27,26,26,26,26,26,45,31,31,31,17,54,39,39,39,39,39,39,24,8,8,27,25,25,25,25,25,5,51,45,45,45,24,23,23,0,0],"gold":310,"neow_bonus":"RANDOM_COMMON_RELIC","is_daily":false,"chose_seed":false,"campfire_upgraded":6,"win_rate":0.0,"timestamp":1611744168,"path_taken":["M","?","?","M","?","R","M","R","T","?","?","R","E","M","R","BOSS","M","?","$","M","M","R","M","E","T","R","M","R","?","M","R","BOSS","M","M","?","M","M","R","E"],"items_purchased_type":["Relic","Card"],"build_version":"2020-12-22","purchased_purges":1,"victory":false,"max_hp_per_floor":[73,73,73,73,73,73,73,73,73,66,66,66,66,66,66,66,66,66,66,66,66,66,66,66,66,66,66,66,66,66,66,66,66,66,66,66,66,66,66,66,66,66],"card_choices":[{"not_picked":["Flying Knee","Reflex"],"picked":"Deadly Poison","floor":1.0},{"not_picked":["Prepared","Deadly Poison"],"picked":"Dagger Throw","floor":3},{"not_picked":["All Out Attack","Terror"],"picked":"Flying Knee","floor":4},{"not_picked":["Heel Hook","Bane"],"picked":"Cloak And Dagger","floor":7},{"not_picked":["Eviscerate","Bane","Cloak And Dagger"],"picked":"SKIP","floor":13},{"not_picked":["Choke","Grand Finale","Deflect"],"picked":"SKIP","floor":14},{"not_picked":["Envenom","Phantasmal Killer"],"picked":"Adrenaline","floor":16},{"not_picked":["Bouncing Flask","Prepared"],"picked":"Acrobatics","floor":18},{"not_picked":["Poisoned Stab","Deadly Poison","Bane"],"picked":"SKIP","floor":21},{"not_picked":["Backflip","Riddle With Holes"],"picked":"Concentrate","floor":22},{"not_picked":["Acrobatics","Tactician"],"picked":"Prepared","floor":24},{"not_picked":["Backstab","Accuracy","Flying Knee"],"picked":"SKIP","floor":25},{"not_picked":["Dash","Deadly Poison","Backstab"],"picked":"SKIP","floor":28},{"not_picked":["Bane","Escape Plan"],"picked":"Choke","floor":31},{"not_picked":["A Thousand Cuts","Venomology"],"picked":"Burst","floor":33},{"not_picked":["Deadly Poison"],"picked":"SKIP","floor":35},{"not_picked":["Infinite Blades"],"picked":"SKIP","floor":36},{"not_picked":["PiercingWail"],"picked":"SKIP","floor":38},{"not_picked":["Cloak And Dagger"],"picked":"SKIP","floor":39}],"player_experience":1394703,"relics_obtained":[{"floor":9,"key":"Ninja Scroll"},{"floor":13,"key":"Tough Bandages"},{"floor":25,"key":"Bronze Scales"},{"floor":26,"key":"Calipers"}],"event_choices":[{"damage_healed":0,"gold_gain":50,"player_choice":"Touch","damage_taken":7,"max_hp_gain":0,"max_hp_loss":0,"event_name":"FaceTrader","floor":2,"gold_loss":0},{"damage_healed":0,"gold_gain":0,"player_choice":"Entered Light","damage_taken":22,"max_hp_gain":0,"max_hp_loss":0,"event_name":"Shining Light","floor":5,"gold_loss":0,"cards_upgraded":["Strike_G","Neutralize"]},{"damage_healed":0,"gold_gain":0,"player_choice":"Lose Max HP","damage_taken":0,"relics_obtained":["Golden Idol"],"max_hp_gain":0,"max_hp_loss":7,"event_name":"Golden Idol","floor":10,"gold_loss":0},{"damage_healed":0,"gold_gain":0,"player_choice":"Got Potions","damage_taken":0,"max_hp_gain":0,"max_hp_loss":0,"event_name":"Lab","floor":11,"gold_loss":0},{"damage_healed":0,"gold_gain":0,"player_choice":"Read","damage_taken":0,"max_hp_gain":0,"max_hp_loss":0,"event_name":"The Library","floor":19,"gold_loss":0,"cards_obtained":["Tactician"]},{"damage_healed":0,"gold_gain":0,"player_choice":"Obtained Relic","damage_taken":0,"relics_obtained":["Juzu Bracelet"],"max_hp_gain":0,"max_hp_loss":0,"event_name":"Addict","floor":30,"gold_loss":85},{"cards_removed":["Quick Slash"],"damage_healed":0,"gold_gain":0,"player_choice":"Removed Attack","damage_taken":0,"max_hp_gain":0,"max_hp_loss":0,"event_name":"Falling","floor":37,"gold_loss":0}],"is_beta":false,"boss_relics":[{"not_picked":["WristBlade","Philosopher\u0027s Stone"],"picked":"Pandora\u0027s Box"},{"not_picked":["Velvet Choker","Coffee Dripper"],"picked":"Busted Crown"}],"items_purged_floors":[20],"is_endless":false,"potions_floor_spawned":[3,7,18,21,33,35,39],"killed_by":"Nemesis","ascension_level":20}}