{"host":"xkmvu47k9fdstweo","time":1611707178,"event":{"mods":["BaseMod","Colored Map","Conspire","Hubris","Minty Spire (QoL Compilation)","Quick Restart","Railgun Mod","Shop Mod","StSLib","The Alterego","The Animator","The Servant 0.9.4","The Wild Card","TheBandit","WarShipGirlsR/??è≠èóR mod"],"gold_per_floor":[126,143,191,210,46,46,77,77,132,132,132,132,148,159,159,255,255,269,299,8,26,51,77,77,102,147,41,41,67,80,111,111,218,218,237,13,23,42,61,87,107,107,132,163,163,193,40,50,50,50],"floor_reached":51,"language":"ENG","playtime":2093,"items_purged":["Shame"],"score":1284,"play_id":"79f40906-cdd2-427b-9f10-83a9dfaf2f20","local_time":"20210126192618","is_ascension_mode":true,"campfire_choices":[{"data":"animator:Urushihara","floor":6,"key":"SMITH"},{"data":"animator:Spearman","floor":8,"key":"SMITH"},{"data":"animator:DwarfShaman","floor":10,"key":"SMITH"},{"data":"animator:Priestess","floor":12,"key":"SMITH"},{"data":"animator:ChaikaBohdan","floor":15,"key":"SMITH"},{"data":"animator:Albedo","floor":32,"key":"SMITH"},{"data":"animator:ChlammyZell","floor":42,"key":"SMITH"},{"data":"animator:Togame","floor":45,"key":"SMITH"},{"data":"animator:Shimakaze","floor":49,"key":"SMITH"}],"circlet_count":0,"master_deck":["animator:Strike_GoblinSlayer+1","animator:Defend_GoblinSlayer","animator:Strike","animator:Strike","animator:Strike","animator:Defend","animator:Defend","animator:Defend","animator:LizardPriest","animator:DwarfShaman+1","animator:Priestess+1","animator:NarberalGamma","animator:Gillette+1","animator:Priestess","animator:Urushihara+1","animator:Spearman+1","animator:ChaikaBohdan+1","animator:RoyMustang","animator:Albedo+1","animator:MumenRider","animator:Witch","animator:Saber","animator:Wiz","animator:MetalKnight","animator:Kuribayashi","animator:EmiyaShirou+1","animator:Shinoa","animator:UneriGinkaku","animator:Darkness","animator:Emonzaemon","animator:Rimuru","animator:CrowleyEusford","animator:GazelDwargon+1","animator:ChaikaTrabant","animator:Togame+1","animator:Jibril+1","animator:Shizu","animator:ChlammyZell+1","animator:Melzalgald","animator:Pride","animator:Shinoa","animator:Darkness","animator:Shinoa+1","animator:Shalltear+1","animator:Sonic","animator:Saber","animator:Shuna+1","animator:Shuna+1","animator:Yuuichirou","animator:Shimakaze+1","animator:Wiz+1"],"relics":["animator:LivingPicture","animator:TheMissingPiece","animator:PurgingStone","hubris:BundleOfHerbs","Bird Faced Urn","hubris:SlimyHat","PreservedInsect","hubris:BlackHole","Prayer Wheel","MutagenicStrength","Gambling Chip","Whetstone","Paper Frog","Red Mask","Black Star","Bag of Preparation","Orichalcum","Ornamental Fan","Happy Flower","hubris:ToyBattleship","Toxic Egg 2","animator:ShionDessert","hubris:TenFootPole"],"acts_visited":["Exordium","TheCity","TheBeyond"],"potions_floor_usage":[3,18,19,23,29,30,33],"damage_taken":[{"damage":3,"enemies":"2 Louse","floor":1,"turns":4},{"damage":0,"enemies":"Jaw Worm","floor":2,"turns":4},{"damage":2,"enemies":"conspire:MimicChest","floor":3,"turns":6},{"damage":0,"enemies":"Small Slimes","floor":4,"turns":5},{"damage":6,"enemies":"Lagavulin","floor":7,"turns":6},{"damage":10,"enemies":"3 Louse","floor":13,"turns":4},{"damage":8,"enemies":"Blue Slaver","floor":14,"turns":4},{"damage":8,"enemies":"Slime Boss","floor":16,"turns":6},{"damage":0,"enemies":"conspire:FuzzyDice","floor":18,"turns":3},{"damage":0,"enemies":"3 Byrds","floor":19,"turns":4},{"damage":0,"enemies":"Centurion and Healer","floor":21,"turns":4},{"damage":0,"enemies":"Snecko","floor":22,"turns":4},{"damage":9,"enemies":"animator:HornedBat","floor":23,"turns":3},{"damage":0,"enemies":"conspire:SneckoGhost","floor":25,"turns":4},{"damage":1,"enemies":"Gremlin Leader","floor":29,"turns":4},{"damage":21,"enemies":"Snake Plant","floor":30,"turns":2},{"damage":1,"enemies":"Masked Bandits","floor":31,"turns":3},{"damage":13,"enemies":"hubris:MusketHawk","floor":33,"turns":5},{"damage":9,"enemies":"3 Shapes","floor":35,"turns":5},{"damage":8,"enemies":"3 Darklings","floor":37,"turns":3},{"damage":1,"enemies":"Maw","floor":38,"turns":3},{"damage":0,"enemies":"Jaw Worm Horde","floor":39,"turns":1},{"damage":0,"enemies":"Giant Head","floor":40,"turns":4},{"damage":0,"enemies":"Sphere and 2 Shapes","floor":41,"turns":3},{"damage":0,"enemies":"Reptomancer","floor":44,"turns":4},{"damage":0,"enemies":"Nemesis","floor":46,"turns":3},{"damage":0,"enemies":"Spire Growth","floor":48,"turns":2},{"damage":0,"enemies":"Donu and Deca","floor":50,"turns":2}],"seed_played":"-7876530439501641813","potions_obtained":[{"floor":2,"key":"AttackPotion"},{"floor":3,"key":"Swift Potion"},{"floor":4,"key":"conspire:TimeTravelPotion"},{"floor":18,"key":"Fire Potion"},{"floor":21,"key":"Energy Potion"},{"floor":23,"key":"GamblersBrew"},{"floor":29,"key":"Explosive Potion"},{"floor":30,"key":"PowerPotion"},{"floor":38,"key":"BlessingOfTheForge"},{"floor":40,"key":"PowerPotion"},{"floor":48,"key":"LiquidMemories"}],"is_trial":false,"path_per_floor":["M","M","?","M","$","R","E","R","T","R","?","R","M","M","R","B",null,"M","M","$","M","M","E","?","E","T","$","?","E","M","?","R","B",null,"M","$","M","M","M","E","M","R","T","E","R","E","$","M","R","B",null],"character_chosen":"THE_ANIMATOR","items_purchased":["animator:Urushihara","animator:Saber","animator:Wiz","animator:UneriGinkaku","animator:Darkness","Bag of Preparation","animator:Shizu","animator:Yuuichirou","animator:Shimakaze"],"campfire_rested":0,"item_purchase_floors":[5,20,20,27,27,36,36,47,47],"current_hp_per_floor":[63,63,61,61,61,61,56,56,56,56,56,56,52,49,49,61,66,66,66,66,66,66,57,57,57,57,57,57,58,37,36,36,31,59,54,54,46,45,45,55,55,55,55,59,59,61,61,63,63,63],"gold":50,"neow_bonus":"ONE_RARE_RELIC","is_daily":false,"chose_seed":false,"campfire_upgraded":9,"win_rate":0.0,"timestamp":1611707178,"path_taken":["M","M","?","M","$","R","E","R","T","R","?","R","M","M","R","BOSS","M","M","$","M","M","E","?","E","T","$","?","E","M","?","R","BOSS","M","$","M","M","M","E","M","R","T","E","R","E","$","M","R","BOSS"],"items_purchased_type":["Card","Card","Card","Card","Card","Relic","Card","Card","Card"],"build_version":"2020-12-22","purchased_purges":1,"victory":true,"max_hp_per_floor":[66,66,66,66,66,66,67,67,67,67,67,67,68,68,68,68,68,68,68,68,68,68,68,68,68,68,68,68,68,68,68,68,68,68,68,68,68,68,68,68,68,68,68,68,68,68,68,68,68,68],"card_choices":[{"not_picked":["animator:YaoHaDucy","animator:HiiragiShinya"],"picked":"animator:Priestess","floor":1},{"not_picked":["animator:Assassin","animator:Kaijin"],"picked":"animator:NarberalGamma","floor":2},{"not_picked":["animator:TukaLunaMarceau","animator:Jibril"],"picked":"animator:Gillette","floor":3},{"not_picked":["animator:Shion","animator:Tyuule"],"picked":"animator:Priestess","floor":4},{"not_picked":["animator:DwarfShaman","animator:CowGirl"],"picked":"animator:Spearman","floor":7},{"not_picked":["animator:PandorasActor","animator:LeleiLaLalena"],"picked":"animator:ChaikaBohdan","floor":13},{"not_picked":["animator:UneriGinkaku","animator:DolaRiku"],"picked":"animator:RoyMustang","floor":14},{"not_picked":["animator:Boros","animator:Shiro"],"picked":"animator:Albedo","floor":16},{"not_picked":["animator:Entoma","animator:Guy+1"],"picked":"animator:MumenRider","floor":18},{"not_picked":["animator:LizardPriest","animator:Priestess"],"picked":"animator:Witch","floor":19},{"not_picked":["animator:Caster","animator:Azekura"],"picked":"animator:MetalKnight","floor":21},{"not_picked":["animator:Mitsurugi","animator:Sonic"],"picked":"animator:Kuribayashi","floor":22},{"not_picked":["animator:LeleiLaLalena","animator:DolaCouronne+1"],"picked":"animator:EmiyaShirou+1","floor":23},{"not_picked":["animator:HiiragiShinya","animator:Shigure"],"picked":"animator:Shinoa","floor":25},{"not_picked":["animator:Illya","animator:LizardPriest"],"picked":"animator:Emonzaemon","floor":29},{"not_picked":["animator:HiiragiShinya","animator:Fredrika"],"picked":"animator:Rimuru","floor":30},{"not_picked":["animator:Vanir+1","animator:MaesHughes"],"picked":"animator:CrowleyEusford","floor":30},{"not_picked":["animator:Vanir","animator:Shichika"],"picked":"animator:GazelDwargon+1","floor":31},{"not_picked":["animator:Wiz","animator:Albedo"],"picked":"animator:ChaikaTrabant","floor":33},{"not_picked":["animator:Priestess+1","animator:ElricAlphonse"],"picked":"animator:Togame","floor":35},{"not_picked":["animator:UneriGinkaku","animator:Demiurge+1"],"picked":"animator:Jibril+1","floor":35},{"not_picked":["animator:DolaSchwi","animator:DolaStephanie"],"picked":"animator:ChlammyZell","floor":37},{"not_picked":["animator:AcuraAkari+1","animator:Genos"],"picked":"animator:Melzalgald","floor":37},{"not_picked":["animator:ElricEdward","animator:DolaCouronne+1"],"picked":"animator:Pride","floor":38},{"not_picked":["animator:Caster","animator:AcuraAkari"],"picked":"animator:Shinoa","floor":38},{"not_picked":["animator:UneriGinkaku+1","animator:GoblinSlayer"],"picked":"animator:Darkness","floor":39},{"not_picked":["animator:Mitsuba","animator:Hakurou"],"picked":"animator:Shinoa+1","floor":39},{"not_picked":["animator:Sebas","animator:Shigure"],"picked":"animator:Shalltear+1","floor":40},{"not_picked":["animator:Genos","animator:MumenRider"],"picked":"animator:Sonic","floor":41},{"not_picked":["animator:Assassin+1","animator:Hakurou+1"],"picked":"animator:Saber","floor":41},{"not_picked":["animator:Entoma","animator:YaoHaDucy+1"],"picked":"animator:Shuna+1","floor":44},{"not_picked":["animator:MetalKnight","animator:RinTohsaka+1"],"picked":"animator:Shuna+1","floor":46},{"not_picked":["animator:Mikaela","animator:Shinoa+1"],"picked":"animator:Wiz+1","floor":48},{"not_picked":["animator:Gillette+1","animator:MumenRider","animator:Arpeggio"],"picked":"SKIP","floor":48}],"player_experience":372820,"relics_obtained":[{"floor":3,"key":"Bird Faced Urn"},{"floor":7,"key":"hubris:SlimyHat"},{"floor":9,"key":"PreservedInsect"},{"floor":23,"key":"Prayer Wheel"},{"floor":25,"key":"Gambling Chip"},{"floor":26,"key":"Whetstone"},{"floor":29,"key":"Paper Frog"},{"floor":31,"key":"Red Mask"},{"floor":40,"key":"Orichalcum"},{"floor":40,"key":"Ornamental Fan"},{"floor":43,"key":"Happy Flower"},{"floor":44,"key":"hubris:ToyBattleship"},{"floor":44,"key":"Toxic Egg 2"},{"floor":46,"key":"animator:ShionDessert"},{"floor":46,"key":"hubris:TenFootPole"}],"event_choices":[{"damage_healed":0,"gold_gain":0,"player_choice":"Ignored","damage_taken":0,"max_hp_gain":0,"max_hp_loss":0,"event_name":"Liars Game","floor":11,"gold_loss":0},{"damage_healed":0,"gold_gain":0,"player_choice":"Inject Mutagens","damage_taken":0,"relics_obtained":["MutagenicStrength"],"max_hp_gain":0,"max_hp_loss":0,"event_name":"Drug Dealer","floor":24,"gold_loss":0},{"damage_healed":0,"gold_gain":0,"player_choice":"Fought Bandits","damage_taken":0,"max_hp_gain":0,"max_hp_loss":0,"event_name":"Masked Bandits","floor":31,"gold_loss":0}],"is_beta":false,"boss_relics":[{"not_picked":["hubris:HollowSoul","animator:RacePiece"],"picked":"hubris:BlackHole"},{"not_picked":["conspire:RoyalGoblet","conspire:SpecialSausage"],"picked":"Black Star"}],"items_purged_floors":[5],"is_endless":false,"potions_floor_spawned":[2,3,4,18,21,23,29,30,38,39,40,41,48],"ascension_level":5}}