{"host":"d8hh7rr4yzitjeuj","time":1611727189,"event":{"mods":["2.2 Compatiblity","AchievementEnabler","Act Like it!","BaseMod","Colored Map","Colored Powertips","Highlight Path","Keyboard Shortcuts","Minty Spire (QoL Compilation)","Permanent Neow","Quick Restart","StSLib","SuperFastMode"],"gold_per_floor":[119,133,144,158,178,178,143,143,169,188,145,145,164,164,164,242,242,258,43,58,72,89,89,89,89],"floor_reached":24,"language":"KOR","playtime":715,"items_purged":[],"score":384,"play_id":"9649101d-3900-4a5c-923a-9614e63d17bb","local_time":"20210127145949","is_ascension_mode":true,"campfire_choices":[{"data":"Zap","floor":6,"key":"SMITH"},{"data":"Lockon","floor":12,"key":"SMITH"},{"data":"Leap","floor":15,"key":"SMITH"},{"data":"Rainbow","floor":23,"key":"SMITH"}],"circlet_count":0,"master_deck":["AscendersBane","Strike_B","Strike_B","Strike_B","Strike_B","Defend_B","Defend_B","Defend_B","Defend_B","Zap+1","Dualcast","FTL","Lockon+1","Tempest+1","Steam Power","Leap+1","White Noise","Coolheaded","Rainbow+1","Consume","Static Discharge","Hologram","Barrage"],"relics":["Inserter","Bronze Scales","Coffee Dripper","Art of War"],"acts_visited":["Exordium","TheCity"],"potions_floor_usage":[5,18,21,21,24],"damage_taken":[{"damage":10,"enemies":"Small Slimes","floor":1,"turns":5},{"damage":14,"enemies":"Jaw Worm","floor":2,"turns":4},{"damage":0,"enemies":"Cultist","floor":3,"turns":3},{"damage":7,"enemies":"Looter","floor":4,"turns":3},{"damage":9,"enemies":"Exordium Wildlife","floor":5,"turns":4},{"damage":15,"enemies":"Large Slime","floor":10,"turns":4},{"damage":0,"enemies":"2 Fungi Beasts","floor":13,"turns":3},{"damage":35,"enemies":"Hexaghost","floor":16,"turns":11},{"damage":21,"enemies":"2 Thieves","floor":18,"turns":3},{"damage":2,"enemies":"Spheric Guardian","floor":20,"turns":4},{"damage":18,"enemies":"Centurion and Healer","floor":21,"turns":2},{"damage":12,"enemies":"Snecko","floor":22,"turns":5},{"damage":8,"enemies":"Shelled Parasite and Fungi","floor":24,"turns":2}],"seed_played":"-7639298450846572040","potions_obtained":[{"floor":2,"key":"SneckoOil"},{"floor":3,"key":"Ancient Potion"},{"floor":4,"key":"ColorlessPotion"},{"floor":5,"key":"FearPotion"},{"floor":14,"key":"FairyPotion"},{"floor":14,"key":"DistilledChaos"},{"floor":16,"key":"Strength Potion"},{"floor":18,"key":"ColorlessPotion"},{"floor":21,"key":"Fruit Juice"},{"floor":22,"key":"SkillPotion"}],"is_trial":false,"path_per_floor":["M","M","M","M","M","R","?","?","T","M","?","R","M","?","R","B",null,"M","$","M","M","M","R","M"],"character_chosen":"DEFECT","items_purchased":["Consume","Art of War"],"campfire_rested":0,"item_purchase_floors":[19,19],"current_hp_per_floor":[54,40,40,33,24,24,41,41,41,26,26,26,26,26,26,12,56,35,35,33,20,8,8,0,0],"gold":89,"neow_bonus":"BOSS_RELIC","is_daily":false,"chose_seed":false,"campfire_upgraded":4,"win_rate":0.0,"timestamp":1611727189,"path_taken":["M","M","M","M","M","R","?","?","T","M","?","R","M","?","R","BOSS","M","$","M","M","M","R","M"],"items_purchased_type":["Card","Relic"],"build_version":"2020-12-22","purchased_purges":0,"victory":false,"max_hp_per_floor":[71,71,71,71,71,71,71,71,71,71,71,71,71,71,71,71,71,71,71,71,76,76,76,76,76],"card_choices":[{"not_picked":["Barrage","Gash"],"picked":"FTL","floor":1},{"not_picked":["Leap","Darkness"],"picked":"Lockon","floor":2},{"not_picked":["Reinforced Body","BootSequence"],"picked":"Tempest","floor":3},{"not_picked":["Capacitor","Gash"],"picked":"Steam Power","floor":4},{"not_picked":["Beam Cell","Gash"],"picked":"Leap","floor":5},{"not_picked":["Hologram","Machine Learning"],"picked":"White Noise","floor":10},{"not_picked":["Go for the Eyes","Turbo"],"picked":"Coolheaded","floor":13},{"not_picked":["Reboot","Hyperbeam"],"picked":"Rainbow","floor":16},{"not_picked":["Beam Cell","Gash","Rebound"],"picked":"SKIP","floor":18},{"not_picked":["Gash","Amplify"],"picked":"Static Discharge","floor":20},{"not_picked":["Rebound","Steam"],"picked":"Hologram","floor":21},{"not_picked":["Go for the Eyes","Static Discharge+1"],"picked":"Barrage","floor":22}],"player_experience":1454136,"relics_obtained":[{"floor":9,"key":"Bronze Scales"}],"event_choices":[{"damage_healed":17,"gold_gain":0,"player_choice":"Healed","damage_taken":0,"max_hp_gain":0,"max_hp_loss":0,"event_name":"The Cleric","floor":7,"gold_loss":35},{"damage_healed":0,"gold_gain":0,"player_choice":"Grow","damage_taken":0,"max_hp_gain":0,"max_hp_loss":0,"event_name":"Living Wall","floor":8,"gold_loss":0,"cards_upgraded":["Tempest"]},{"damage_healed":0,"gold_gain":0,"player_choice":"Left Gold","damage_taken":0,"max_hp_gain":0,"max_hp_loss":0,"event_name":"World of Goop","floor":11,"gold_loss":43},{"damage_healed":0,"gold_gain":0,"player_choice":"Got Potions","damage_taken":0,"max_hp_gain":0,"max_hp_loss":0,"event_name":"Lab","floor":14,"gold_loss":0}],"is_beta":false,"boss_relics":[{"not_picked":["Black Star","Fusion Hammer"],"picked":"Coffee Dripper"}],"items_purged_floors":[],"is_endless":false,"potions_floor_spawned":[2,3,4,5,16,18,21,22],"killed_by":"Shelled Parasite and Fungi","ascension_level":20}}