{"host":"qm4rv4rkpk76sbxu","time":1611770682,"event":{"mods":["BaseMod","Bestiary","Block Reminder","DeckTracker","Filter the Spire","Keyboard Shortcuts","Minty Spire (QoL Compilation)","MonsterHotkey","Quick Restart","Random Character Button","Relic Stats","Slay-I","StSLib","Unceasing Turn Reminder","ojb\u0027s Better Paths Mod","ojb\u0027s Info Mod"],"gold_per_floor":[110,125,125,136,202,202,235,235,289,301,331,331,361,361,361,436,436,446,463,478,478,493,525,525,525,525,557,181,181,181,191,191,270,270,284,302,302,302],"floor_reached":37,"language":"ENG","playtime":1335,"items_purged":[],"score":1004,"play_id":"832ab039-794b-4576-bd8b-a336c12620a9","local_time":"20210127190442","is_ascension_mode":true,"campfire_choices":[{"data":"Dash","floor":6.0,"key":"SMITH"},{"data":"Unload","floor":8.0,"key":"SMITH"},{"data":"Poisoned Stab","floor":12.0,"key":"SMITH"},{"floor":15.0,"key":"REST"},{"data":"Skewer","floor":24.0,"key":"SMITH"},{"data":"Doppelganger","floor":30.0,"key":"SMITH"},{"data":"Adrenaline","floor":32.0,"key":"SMITH"}],"circlet_count":0,"master_deck":["AscendersBane","Strike_G+1","Strike_G+1","Strike_G","Strike_G+1","Strike_G","Defend_G","Defend_G","Defend_G","Defend_G+1","Defend_G","Survivor","Neutralize","Dash+1","Poisoned Stab+1","Unload+1","Adrenaline+1","Skewer+1","Bouncing Flask+1","Doppelganger+1","Discovery+1","Acrobatics+1","Burst+1","PiercingWail+1"],"relics":["Ring of the Snake","Paper Crane","Gremlin Horn","PreservedInsect","Meat on the Bone","Art of War","Coffee Dripper","Whetstone","Pear","Bottled Flame","Molten Egg 2","Toxic Egg 2","Runic Pyramid"],"acts_visited":["Exordium","TheCity","TheBeyond"],"potions_floor_usage":[33],"damage_taken":[{"damage":1.0,"enemies":"Cultist","floor":1.0,"turns":4.0},{"damage":4.0,"enemies":"Jaw Worm","floor":2.0,"turns":4.0},{"damage":0.0,"enemies":"2 Louse","floor":4.0,"turns":2.0},{"damage":19.0,"enemies":"Lagavulin","floor":7.0,"turns":7.0},{"damage":0.0,"enemies":"2 Fungi Beasts","floor":10.0,"turns":2.0},{"damage":0.0,"enemies":"Gremlin Nob","floor":11.0,"turns":3.0},{"damage":0.0,"enemies":"3 Sentries","floor":13.0,"turns":3.0},{"damage":30.0,"enemies":"The Guardian","floor":16.0,"turns":14.0},{"damage":5.0,"enemies":"Chosen","floor":18.0,"turns":5.0},{"damage":6.0,"enemies":"Shell Parasite","floor":19.0,"turns":4.0},{"damage":18.0,"enemies":"Snake Plant","floor":20.0,"turns":4.0},{"damage":18.0,"enemies":"Centurion and Healer","floor":22.0,"turns":3.0},{"damage":9.0,"enemies":"Book of Stabbing","floor":23.0,"turns":4.0},{"damage":7.0,"enemies":"Slavers","floor":27.0,"turns":4.0},{"damage":22.0,"enemies":"Cultist and Chosen","floor":31.0,"turns":5.0},{"damage":18,"enemies":"Collector","floor":33,"turns":7},{"damage":15,"enemies":"Orb Walker","floor":35,"turns":5},{"damage":17,"enemies":"3 Darklings","floor":36,"turns":3},{"damage":58,"enemies":"2 Orb Walkers","floor":37,"turns":4}],"seed_played":"2704482106921756099","potions_obtained":[{"floor":0.0,"key":"AttackPotion"},{"floor":0.0,"key":"Energy Potion"},{"floor":0.0,"key":"CunningPotion"},{"floor":10.0,"key":"Fire Potion"},{"floor":16.0,"key":"Swift Potion"},{"floor":20.0,"key":"ColorlessPotion"},{"floor":22.0,"key":"SkillPotion"},{"floor":23.0,"key":"Ancient Potion"},{"floor":27.0,"key":"Fire Potion"},{"floor":31.0,"key":"Dexterity Potion"},{"floor":35,"key":"Explosive Potion"}],"is_trial":false,"path_per_floor":["M","M","T","M","?","R","E","R","T","M","E","R","E","?","R","B",null,"M","M","M","?","M","E","R","T","T","E","$","?","R","M","R","B",null,"M","M","?"],"character_chosen":"THE_SILENT","items_purchased":["Toxic Egg 2","Discovery+1"],"campfire_rested":1,"item_purchase_floors":[28,28],"current_hp_per_floor":[58,54,54,54,54,54,35,35,35,35,35,35,35,15,34,16,54,49,43,37,37,31,34,34,44,44,49,49,49,49,39,39,33,65,50,45,0,0],"gold":302,"neow_bonus":"THREE_SMALL_POTIONS","is_daily":false,"chose_seed":false,"campfire_upgraded":6,"win_rate":0.0,"timestamp":1611770682,"path_taken":["M","M","?","M","?","R","E","R","T","M","E","R","E","?","R","BOSS","M","M","M","?","?","E","R","?","T","E","?","?","R","M","R","BOSS","M","M","?"],"items_purchased_type":["Relic","Card"],"build_version":"2020-12-22","purchased_purges":0,"victory":false,"max_hp_per_floor":[66,66,66,66,66,66,66,66,66,66,66,66,66,66,66,66,66,66,66,66,66,66,66,66,76,76,76,76,76,76,76,76,76,76,76,76,76,76],"relic_stats":{"Gremlin Horn":[10,10],"counters":[19,87],"PreservedInsect":140,"Art of War":[7],"Whetstone":["Strike_G","Strike_G"],"obtain_stats":[{"Pear":25,"Gremlin Horn":7,"PreservedInsect":9,"Whetstone":23,"Paper Crane":3,"Bottled Flame":26,"Molten Egg 2":27,"Art of War":13,"Coffee Dripper":17,"Toxic Egg 2":28,"Ring of the Snake":0,"Meat on the Bone":11,"Runic Pyramid":34},{"Pear":13,"Gremlin Horn":4,"PreservedInsect":4,"Whetstone":13,"Paper Crane":2,"Bottled Flame":13,"Molten Egg 2":14,"Art of War":7,"Coffee Dripper":8,"Toxic Egg 2":14,"Ring of the Snake":0,"Meat on the Bone":6,"Runic Pyramid":16},{"Pear":59,"Gremlin Horn":17,"PreservedInsect":17,"Whetstone":59,"Paper Crane":8,"Bottled Flame":59,"Molten Egg 2":63,"Art of War":25,"Coffee Dripper":39,"Toxic Egg 2":63,"Ring of the Snake":0,"Meat on the Bone":22,"Runic Pyramid":75}],"Ring of the Snake":[38],"Meat on the Bone":96},"card_choices":[{"not_picked":["Underhanded Strike","PiercingWail"],"picked":"Dash","floor":1.0},{"not_picked":["Deflect","Deadly Poison"],"picked":"Poisoned Stab","floor":2.0},{"not_picked":["Flechettes","Prepared","Dodge and Roll"],"picked":"SKIP","floor":4.0},{"not_picked":["Sucker Punch","Expertise"],"picked":"Unload","floor":7.0},{"not_picked":["Flying Knee","Calculated Gamble","Flechettes"],"picked":"SKIP","floor":10.0},{"not_picked":["Masterful Stab","Distraction","Expertise"],"picked":"SKIP","floor":11.0},{"not_picked":["Dodge and Roll","Flying Knee","Choke"],"picked":"SKIP","floor":13.0},{"not_picked":["Doppelganger","Grand Finale"],"picked":"Adrenaline","floor":16.0},{"not_picked":["Flying Knee","PiercingWail"],"picked":"Skewer","floor":18.0},{"not_picked":["PiercingWail","Quick Slash","Poisoned Stab"],"picked":"SKIP","floor":19.0},{"not_picked":["Backflip","Flying Knee"],"picked":"Bouncing Flask+1","floor":20.0},{"not_picked":["Prepared","Deadly Poison","Storm of Steel"],"picked":"SKIP","floor":22.0},{"not_picked":["Choke","Sucker Punch","Slice"],"picked":"SKIP","floor":23.0},{"not_picked":["Sucker Punch+1","PiercingWail"],"picked":"Doppelganger","floor":27.0},{"not_picked":["Escape Plan+1","Cloak And Dagger+1"],"picked":"Acrobatics+1","floor":31.0},{"not_picked":["Adrenaline+1","After Image"],"picked":"Burst+1","floor":33},{"not_picked":["Masterful Stab+1","Bane+1","Flechettes+1"],"picked":"SKIP","floor":35},{"not_picked":["Blade Dance+1","Deadly Poison+1"],"picked":"PiercingWail+1","floor":36}],"player_experience":1437141,"relics_obtained":[{"floor":3.0,"key":"Paper Crane"},{"floor":7.0,"key":"Gremlin Horn"},{"floor":9.0,"key":"PreservedInsect"},{"floor":11.0,"key":"Meat on the Bone"},{"floor":13.0,"key":"Art of War"},{"floor":23.0,"key":"Whetstone"},{"floor":25.0,"key":"Pear"},{"floor":26.0,"key":"Bottled Flame"},{"floor":27.0,"key":"Molten Egg 2"}],"event_choices":[{"damage_healed":0.0,"max_hp_gain":0.0,"max_hp_loss":0.0,"gold_gain":66.0,"event_name":"Golden Wing","player_choice":"Gained Gold","floor":5.0,"gold_loss":0.0,"damage_taken":0.0},{"damage_healed":0.0,"max_hp_gain":0.0,"max_hp_loss":0.0,"gold_gain":0.0,"event_name":"Shining Light","player_choice":"Entered Light","floor":14.0,"gold_loss":0.0,"damage_taken":20.0,"cards_upgraded":["Strike_G","Defend_G"]},{"damage_healed":0.0,"max_hp_gain":0.0,"max_hp_loss":0.0,"gold_gain":0.0,"event_name":"N\u0027loth","player_choice":"Ignored","floor":21.0,"gold_loss":0.0,"damage_taken":0.0},{"damage_healed":0.0,"max_hp_gain":0.0,"max_hp_loss":0.0,"gold_gain":0.0,"event_name":"Vampires","player_choice":"Ignored","floor":29.0,"gold_loss":0.0,"damage_taken":0.0},{"damage_healed":0,"gold_gain":0,"player_choice":"Fight","damage_taken":0,"max_hp_gain":0,"max_hp_loss":0,"event_name":"Mysterious Sphere","floor":37,"gold_loss":0}],"is_beta":false,"boss_relics":[{"not_picked":["Ring of the Serpent","Busted Crown"],"picked":"Coffee Dripper"},{"not_picked":["Calling Bell","Black Star"],"picked":"Runic Pyramid"}],"items_purged_floors":[],"is_endless":false,"potions_floor_spawned":[2,10,16,20,22,23,27,31,35],"killed_by":"2 Orb Walkers","ascension_level":20}}