{"host":"04hh9gplt9wkfmr1","time":1611766953,"event":{"mods":["AchievementEnabler","BaseMod","Colored Map","KOR Keyword Fix","Minty Spire (QoL Compilation)","Rare Cards Sparkle","SuperFastMode"],"gold_per_floor":[110,121,137,153,165,165,198,198,198,373,373,386,386,386],"floor_reached":13,"language":"KOR","playtime":270,"items_purged":[],"score":117,"play_id":"8d3201b1-f032-4ba0-a570-2eadeedb09fe","local_time":"20210128020233","is_ascension_mode":true,"campfire_choices":[{"data":"Zap","floor":6.0,"key":"SMITH"},{"data":"Dualcast","floor":8,"key":"SMITH"},{"data":"Seek","floor":11,"key":"SMITH"}],"circlet_count":0,"master_deck":["Strike_B","Strike_B","Strike_B","Strike_B","Defend_B","Defend_B","Defend_B","Defend_B","Zap+1","Dualcast+1","Cold Snap","Double Energy","Leap","Loop","Heatsinks","Seek+1","Doubt","Static Discharge"],"relics":["Cracked Core","Blue Candle","Darkstone Periapt"],"acts_visited":["Exordium"],"potions_floor_usage":[7,12,13],"damage_taken":[{"damage":5.0,"enemies":"Small Slimes","floor":1.0,"turns":3.0},{"damage":2.0,"enemies":"Jaw Worm","floor":2.0,"turns":3.0},{"damage":0.0,"enemies":"2 Louse","floor":3.0,"turns":2.0},{"damage":11.0,"enemies":"Blue Slaver","floor":4.0,"turns":4.0},{"damage":0.0,"enemies":"2 Fungi Beasts","floor":5.0,"turns":4.0},{"damage":12,"enemies":"Lagavulin","floor":7,"turns":6},{"damage":11,"enemies":"Large Slime","floor":12,"turns":5},{"damage":25,"enemies":"Gremlin Nob","floor":13,"turns":4}],"seed_played":"-1474858559741847204","potions_obtained":[{"floor":3.0,"key":"SkillPotion"},{"floor":5.0,"key":"EssenceOfDarkness"},{"floor":7,"key":"AttackPotion"},{"floor":12,"key":"FocusPotion"}],"is_trial":false,"path_per_floor":["M","M","M","M","M","R","E","R","T","?","R","M","E"],"character_chosen":"DEFECT","items_purchased":[],"campfire_rested":0,"item_purchase_floors":[],"current_hp_per_floor":[70,68,68,57,57,57,45,45,45,51,51,40,15,15],"gold":386,"neow_bonus":"TEN_PERCENT_HP_BONUS","is_daily":false,"chose_seed":false,"campfire_upgraded":3,"win_rate":0.0,"timestamp":1611766953,"path_taken":["M","M","M","M","M","R","E","R","T","?","R","M","E"],"items_purchased_type":[],"build_version":"2020-12-22","purchased_purges":0,"victory":false,"max_hp_per_floor":[82,82,82,82,82,82,82,82,82,88,88,88,88,88],"card_choices":[{"not_picked":["Stack","Barrage"],"picked":"Cold Snap","floor":1.0},{"not_picked":["Steam","Reprogram"],"picked":"Double Energy","floor":2.0},{"not_picked":["Coolheaded","Fusion"],"picked":"Leap","floor":3.0},{"not_picked":["Go for the Eyes","Steam"],"picked":"Loop","floor":4.0},{"not_picked":["White Noise","Leap"],"picked":"Heatsinks","floor":5.0},{"not_picked":["Compile Driver","Ball Lightning"],"picked":"Seek","floor":7},{"not_picked":["Gash","Doom and Gloom"],"picked":"Static Discharge","floor":12}],"player_experience":92004,"relics_obtained":[{"floor":7,"key":"Blue Candle"},{"floor":9,"key":"Darkstone Periapt"}],"event_choices":[{"damage_healed":0,"gold_gain":175,"player_choice":"AGREE","damage_taken":0,"max_hp_gain":0,"max_hp_loss":0,"event_name":"Liars Game","floor":10,"gold_loss":0,"cards_obtained":["Doubt"]}],"is_beta":false,"boss_relics":[],"items_purged_floors":[],"is_endless":false,"potions_floor_spawned":[3,5,7,12],"killed_by":"Gremlin Nob","ascension_level":7}}