{"host":"zrtolk9726p85qr7","time":1611707395,"event":{"mods":["BaseMod","BetterRewards","Colored Powertips","Minty Spire (QoL Compilation)","Permanent Neow","Quick Restart","Spire Arcade","StSLib","The Animator","The Necromancer","The Wild Card"],"gold_per_floor":[119,138,58,70,70,70,70,70,70,70,105,115,147,147,147,251,251,263,188,207,207,59,59,59,59,83,109,109,60,60,60,60,164,214,229,84,84,99,99,133,133,143,143,143,143,156,167,181,181,181,181],"floor_reached":50,"language":"ENG","playtime":3140,"items_purged":[],"score":594,"play_id":"bb8fe8b5-b695-4a34-9d82-8d0e8862a355","local_time":"20210127012955","is_ascension_mode":false,"campfire_choices":[{"data":"theWildCard:Metatron","floor":6,"key":"SMITH"},{"data":"theWildCard:CallToAdventure","floor":8,"key":"SMITH"},{"floor":10,"key":"RECALL"},{"floor":15,"key":"REST"},{"floor":23,"key":"REST"},{"data":"theWildCard:SeveringSlash","floor":25,"key":"SMITH"},{"floor":32,"key":"REST"},{"data":"theWildCard:StingingStrike","floor":41,"key":"SMITH"},{"data":"theWildCard:MagicalMight","floor":44,"key":"SMITH"},{"floor":49,"key":"REST"}],"circlet_count":0,"master_deck":["theWildCard:BasicStrike+1","theWildCard:BasicStrike+1","theWildCard:BasicStrike+1","theWildCard:BasicStrike+1","theWildCard:BasicDefend+1","theWildCard:BasicDefend+1","theWildCard:BasicDefend+1","theWildCard:CallToAdventure+1","theWildCard:Arsene","theWildCard:Sakuya","theWildCard:Alice+1","theWildCard:Metatron+1","theWildCard:BladeOfGenerations+1","theWildCard:Abstinence+1","theWildCard:Odin","theWildCard:TheArcanaUnleashed+1","theWildCard:SeveringSlash+1","theWildCard:PowerOfTheArcana+1","RitualDagger","theWildCard:AllOutAttack","theWildCard:StingingStrike+1","theWildCard:MagicMettle","theWildCard:ArchaicAssault+1","theWildCard:ArcaneArts","theWildCard:SeveringSlash+1","theWildCard:MagicalMight+1","theWildCard:Salvation+1","theWildCard:FinalHour"],"relics":["theWildCard:VelvetContract","Mercury Hourglass","Frozen Egg 2","Question Card","Black Star","MealTicket","Omamori","Regal Pillow","Shuriken","Necronomicon","Tiny House","Bag of Marbles","Vajra","Potion Belt"],"acts_visited":["Exordium","TheCity","TheBeyond"],"potions_floor_usage":[13,16,27,40,50],"damage_taken":[{"damage":0.0,"enemies":"Cultist","floor":1.0,"turns":2.0},{"damage":4.0,"enemies":"Jaw Worm","floor":2.0,"turns":3.0},{"damage":3,"enemies":"Small Slimes","floor":4,"turns":2},{"damage":14,"enemies":"3 Sentries","floor":11,"turns":5},{"damage":0,"enemies":"Looter","floor":12,"turns":2},{"damage":0,"enemies":"Gremlin Nob","floor":13,"turns":3},{"damage":24,"enemies":"The Guardian","floor":16,"turns":11},{"damage":24,"enemies":"Spheric Guardian","floor":18,"turns":4},{"damage":5,"enemies":"3 Byrds","floor":20,"turns":2},{"damage":16,"enemies":"Book of Stabbing","floor":27,"turns":7},{"damage":21,"enemies":"Collector","floor":33,"turns":6},{"damage":20,"enemies":"3 Darklings","floor":35,"turns":2},{"damage":0,"enemies":"3 Shapes","floor":38,"turns":2},{"damage":0,"enemies":"Reptomancer","floor":40,"turns":3},{"damage":0,"enemies":"Writhing Mass","floor":42,"turns":1},{"damage":0,"enemies":"4 Shapes","floor":46,"turns":2},{"damage":53,"enemies":"Maw","floor":47,"turns":5},{"damage":0,"enemies":"Writhing Mass","floor":48,"turns":2},{"damage":82,"enemies":"Awakened One","floor":50,"turns":6}],"seed_played":"-5132358378419886006","potions_obtained":[{"floor":11,"key":"SkillPotion"},{"floor":12,"key":"AttackPotion"},{"floor":13,"key":"SpeedPotion"},{"floor":16,"key":"SkillPotion"},{"floor":27,"key":"SpeedPotion"},{"floor":33,"key":"GamblersBrew"},{"floor":34,"key":"Fruit Juice"},{"floor":47,"key":"SmokeBomb"}],"is_trial":false,"path_per_floor":["M","M","$","M","?","R","?","R","T","R","E","M","E","?","R","B",null,"M","?","M","?","$","R","?","R","T","E","?","$","?","?","R","B",null,"M","$","?","M","$","E","R","M","T","R","?","M","M","M","R","B"],"character_chosen":"THE_WILD_CARD","items_purchased":["theWildCard:Metatron","MealTicket","theWildCard:StingingStrike","Bag of Marbles"],"campfire_rested":4,"item_purchase_floors":[3,22,29,36],"current_hp_per_floor":[66,62,62,59,59,59,59,59,59,59,45,45,45,32,51,27,66,42,42,37,31,31,50,50,50,50,38,38,53,53,37,66,64,71,51,66,71,71,71,76,76,76,76,76,76,76,35,35,72,0,0],"gold":181,"neow_bonus":"TEN_PERCENT_HP_BONUS","is_daily":false,"chose_seed":false,"campfire_upgraded":5,"win_rate":0.0,"timestamp":1611707395,"path_taken":["M","?","$","M","?","R","?","R","T","R","E","M","E","?","R","BOSS","M","?","M","?","$","R","?","R","T","E","?","?","?","?","R","BOSS","M","$","?","M","?","E","R","M","T","R","?","?","?","?","R","BOSS"],"items_purchased_type":["Card","Relic","Card","Relic"],"build_version":"2020-12-22","purchased_purges":0,"victory":false,"max_hp_per_floor":[66,66,66,66,66,66,66,66,66,66,66,66,66,66,66,66,66,66,66,66,66,66,66,66,66,66,66,66,66,66,66,66,66,71,71,71,71,71,71,76,76,76,76,76,76,76,76,76,76,76,76],"card_choices":[{"not_picked":["theWildCard:SeveringSlash","theWildCard:StingingStrike"],"picked":"theWildCard:Sakuya","floor":1.0},{"not_picked":["theWildCard:ArcanaArtistry","theWildCard:MagicMettle"],"picked":"theWildCard:Alice","floor":2.0},{"not_picked":["theWildCard:Sakuya","theWildCard:Proficiency","theWildCard:ArcaneArts"],"picked":"SKIP","floor":4},{"not_picked":["theWildCard:Lucifer","theWildCard:MagicMettle"],"picked":"theWildCard:BladeOfGenerations","floor":11},{"not_picked":["theWildCard:Alice","theWildCard:MagicMettle"],"picked":"theWildCard:Abstinence+1","floor":12},{"not_picked":["theWildCard:PaleRider","theWildCard:BladeOfGenerations"],"picked":"theWildCard:Odin","floor":13},{"not_picked":["theWildCard:AllOutAttack","theWildCard:Lucifer","theWildCard:Caesar"],"picked":"theWildCard:TheArcanaUnleashed+1","floor":16},{"not_picked":["theWildCard:Odin","theWildCard:IdentityTheft+1","theWildCard:StingingStrike"],"picked":"theWildCard:SeveringSlash","floor":18},{"not_picked":["theWildCard:Sakuya+1","theWildCard:Michael+1","theWildCard:SeveringSlash+1"],"picked":"theWildCard:PowerOfTheArcana+1","floor":20},{"not_picked":["theWildCard:Impatience+1","theWildCard:MaskChange","theWildCard:BladeOfGenerations"],"picked":"theWildCard:AllOutAttack","floor":27},{"not_picked":["theWildCard:Michael","theWildCard:MaskChange+1","theWildCard:Attunement+1"],"picked":"theWildCard:MagicMettle","floor":34},{"not_picked":["theWildCard:Michael","theWildCard:EnergizedStroke+1","theWildCard:Proficiency"],"picked":"theWildCard:ArchaicAssault+1","floor":35},{"not_picked":["theWildCard:Safeguard+1","theWildCard:Abstinence+1","theWildCard:Proficiency+1"],"picked":"theWildCard:ArcaneArts","floor":38},{"not_picked":["theWildCard:Unburden","theWildCard:TheGreatSeal+1","theWildCard:Michael"],"picked":"theWildCard:SeveringSlash+1","floor":40},{"not_picked":["theWildCard:Odin+1","theWildCard:Attunement+1","theWildCard:LadyLuck"],"picked":"theWildCard:MagicalMight","floor":42},{"not_picked":["theWildCard:Proficiency+1","theWildCard:StingingStrike+1","theWildCard:Sakuya+1","theWildCard:ArcaneArts"],"picked":"SKIP","floor":46},{"not_picked":["theWildCard:StingingStrike","theWildCard:SeveringSlash+1","theWildCard:StalwartBlade"],"picked":"theWildCard:Salvation+1","floor":47},{"not_picked":["theWildCard:ArchaicAssault","theWildCard:BladeOfGenerations+1","theWildCard:Scathach+1"],"picked":"theWildCard:FinalHour","floor":48}],"player_experience":109859,"relics_obtained":[{"floor":9,"key":"Mercury Hourglass"},{"floor":11,"key":"Frozen Egg 2"},{"floor":13,"key":"Question Card"},{"floor":26,"key":"Omamori"},{"floor":27,"key":"Regal Pillow"},{"floor":27,"key":"Shuriken"},{"floor":31,"key":"Necronomicon"},{"floor":40,"key":"Vajra"},{"floor":40,"key":"Potion Belt"}],"event_choices":[{"damage_healed":0,"gold_gain":0,"player_choice":"Entered Light","damage_taken":13,"max_hp_gain":0,"max_hp_loss":0,"event_name":"Shining Light","floor":14,"gold_loss":0,"cards_upgraded":["theWildCard:BasicStrike","theWildCard:Alice"]},{"cards_removed":["theWildCard:BasicDefend"],"damage_healed":0,"gold_gain":0,"player_choice":"Gave Gold","damage_taken":0,"max_hp_gain":0,"max_hp_loss":0,"event_name":"Beggar","floor":19,"gold_loss":75},{"damage_healed":0,"gold_gain":0,"player_choice":"Joined the Cult","damage_taken":6,"max_hp_gain":0,"max_hp_loss":0,"event_name":"Nest","floor":21,"gold_loss":0,"cards_obtained":["RitualDagger"]},{"damage_healed":0,"gold_gain":0,"player_choice":"Simplicity","damage_taken":0,"max_hp_gain":0,"max_hp_loss":0,"event_name":"Back to Basics","floor":24,"gold_loss":0,"cards_upgraded":["theWildCard:BasicStrike","theWildCard:BasicStrike","theWildCard:BasicStrike","theWildCard:BasicDefend","theWildCard:BasicDefend","theWildCard:BasicDefend"]},{"damage_healed":0,"gold_gain":0,"player_choice":"Ignored","damage_taken":0,"max_hp_gain":0,"max_hp_loss":0,"event_name":"Ghosts","floor":28,"gold_loss":0},{"damage_healed":0,"gold_gain":0,"player_choice":"Ignored","damage_taken":0,"max_hp_gain":0,"max_hp_loss":0,"event_name":"Vampires","floor":30,"gold_loss":0},{"damage_healed":0,"gold_gain":0,"player_choice":"Obtained Book","damage_taken":16,"max_hp_gain":0,"max_hp_loss":0,"event_name":"Cursed Tome","floor":31,"gold_loss":0},{"damage_healed":5,"gold_gain":0,"player_choice":"Full Heal","damage_taken":0,"max_hp_gain":0,"max_hp_loss":0,"event_name":"Wheel of Change","floor":37,"gold_loss":0},{"damage_healed":0,"gold_gain":0,"player_choice":"Ignored","damage_taken":0,"max_hp_gain":0,"max_hp_loss":0,"event_name":"Transmorgrifier","floor":45,"gold_loss":0}],"is_beta":false,"boss_relics":[{"not_picked":["Philosopher\u0027s Stone","Runic Pyramid"],"picked":"Black Star"},{"not_picked":["Pandora\u0027s Box","Busted Crown"],"picked":"Tiny House"}],"items_purged_floors":[],"is_endless":false,"potions_floor_spawned":[11,12,13,16,27,33,35,38,47],"killed_by":"Awakened One","ascension_level":0}}