{"host":"6r9t33axn0fzb9aq","time":1611756096,"event":{"mods":["Aspiration","BaseMod","Better Altar","Better Match","Better Note","Better Third Choice","CatGirl Mod","Clockwork Mod","Colored Map","Colored Powertips","Conspire","Curses Come First","Custom Start","Energized Spire","Halation","Hubris","Infinite Spire","Marisa????????","Minty Spire (QoL Compilation)","Onozuka Komachi Mod","Poor People Problems","Reliquary","Remilia??????","Replay The Spire","Reworked Bosses","Shade Mod","Spicy Shops","Spire Arcade","StSLib","The Blue Laboratory","The Death Knight","The Hierophant","The Marked","The Necromancer","The Servant 0.9.4","TheHero","Trackpad","Waifu the Spire","Wandering Minibosses"],"gold_per_floor":[111,206,70,104,124,152,171,171,251,263,281,74,74,87,87,192,192,208,219,235,235,251,284,296,308,320,351,363,375,398,410,422,535,547,547],"floor_reached":34,"language":"ENG","playtime":2512,"items_purged":[],"score":399,"play_id":"def1e94b-eaf8-4497-a70f-5185bb917948","local_time":"20210127140136","is_ascension_mode":false,"campfire_choices":[{"data":"Shade:Bonestorm","floor":8,"key":"SMITH"},{"data":"Shade:AnimateDead","floor":15,"key":"SMITH"},{"data":"Shade:Bonestorm","floor":25,"key":"SMITH"},{"floor":29,"key":"RECALL"}],"circlet_count":0,"master_deck":["Shade:Strike_Shade+1","Shade:Strike_Shade+1","Shade:Defend_Shade+1","Shade:Defend_Shade+1","Shade:Defend_Shade+1","Shade:Defend_Shade+1","Shade:AnimateDead+1","Shade:CarefulCut","Shade:SkeletonHug","Shade:Bonestorm+1","Shade:FuneraryArmor","Shade:GraveStillness","Shade:FreshBones","Shade:SoulPierce","Shade:ScuttlingHand","Shade:Premonition","Shade:Brains","Shade:Bonestorm+1","Shade:CommandSoldier","Shade:Coordination","Shade:SoulPierce","Shade:CommandSoldier","Shade:FuneraryArmor","Shade:FreshBones+1","Apotheosis+1","Shade:Carnophage","Shade:CallWraith","Shade:GreaterAnimation","Shade:CloudOfShrapnel+1","Shade:OfferingToTheBeyond+1","Shade:GreyBargain+1"],"relics":["Shade:YorickPolishedSkull","NeowsBlessing","Ice Cream","infinitespire:Joker Card","hubris:PeanutButter","reliquary:Aerogel","reliquary:TatteredRug","Sling","MawBank","Astrolabe"],"acts_visited":["Exordium","TheCity","TheBeyond"],"potions_floor_usage":[23],"damage_taken":[{"damage":0,"enemies":"Jaw Worm","floor":1,"turns":1},{"damage":0,"enemies":"conspire:MimicChest","floor":4,"turns":1},{"damage":0,"enemies":"2 Louse","floor":5,"turns":1},{"damage":17,"enemies":"Lagavulin","floor":6,"turns":6},{"damage":0,"enemies":"Small Slimes","floor":7,"turns":3},{"damage":0,"enemies":"Blue Slaver","floor":10,"turns":2},{"damage":0,"enemies":"Exordium Wildlife","floor":11,"turns":3},{"damage":0,"enemies":"Lots of Slimes","floor":14,"turns":2},{"damage":11,"enemies":"The Guardian","floor":16,"turns":11},{"damage":7,"enemies":"Shell Parasite","floor":18,"turns":6},{"damage":1,"enemies":"3 Byrds","floor":19,"turns":4},{"damage":12,"enemies":"3 Cultists","floor":20,"turns":4},{"damage":0,"enemies":"Snecko","floor":22,"turns":3},{"damage":5,"enemies":"Slavers","floor":23,"turns":5},{"damage":2,"enemies":"Centurion and Healer","floor":27,"turns":4},{"damage":0,"enemies":"3 Cultists","floor":30,"turns":3},{"damage":22,"enemies":"bossMod:newCollector","floor":33,"turns":6}],"seed_played":"7971493337299947104","potions_obtained":[{"floor":1,"key":"blueLaboratory:HummingbirdPotion"},{"floor":7,"key":"blueLaboratory:HorrorPotion"},{"floor":11,"key":"Block Potion"},{"floor":18,"key":"blueLaboratory:Moonshine"},{"floor":23,"key":"blueLaboratory:BottleOfRum"}],"is_trial":false,"path_per_floor":["M","?","$","?","M","E","M","R","T","M","M","$","?","M","R","B",null,"M","M","M","$","M","E","?","R","T","M","?","R","M","?","R_BF","B",null],"character_chosen":"SHADE","items_purchased":["Ice Cream","Shade:FreshBones","reliquary:TatteredRug","Shade:CommandSoldier","Sling"],"campfire_rested":0,"item_purchase_floors":[3,3,12,12,12],"current_hp_per_floor":[65,65,65,65,65,48,48,48,48,48,48,48,48,48,48,37,65,58,57,45,45,45,40,40,40,40,38,38,38,38,38,57,35,65,65],"gold":547,"neow_bonus":"THREE_ENEMY_KILL","is_daily":false,"chose_seed":false,"campfire_upgraded":3,"win_rate":0.0,"timestamp":1611756096,"path_taken":["M","?","$","?","M","E","?","R","T","M","?","$","?","M","R","BOSS","M","M","M","$","M","E","?","R","T","M","?","R","M","?","R_BF","BOSS"],"items_purchased_type":["Relic","Card","Relic","Card","Relic"],"build_version":"2020-12-22","purchased_purges":0,"victory":false,"max_hp_per_floor":[65,65,65,65,65,65,65,65,65,65,65,65,65,65,65,65,65,65,65,65,65,65,65,65,65,65,65,65,65,65,65,65,65,65,65],"card_choices":[{"not_picked":["Shade:Premonition","Shade:FleshLikeOak"],"picked":"Shade:SkeletonHug","floor":1},{"not_picked":["Shade:ClawBack","Shade:GraveStillness"],"picked":"Shade:Bonestorm","floor":2},{"not_picked":["Shade:Haruspicy","Shade:FleshOffering"],"picked":"Shade:FuneraryArmor","floor":2},{"not_picked":["Shade:Doomsay","Shade:FleshLikeOak"],"picked":"Shade:GraveStillness","floor":2},{"not_picked":["Shade:FuneraryArmor","Shade:BoneShards"],"picked":"Shade:SoulPierce","floor":4},{"not_picked":["Shade:AblativeArmor","Shade:StitchTogether"],"picked":"Shade:ScuttlingHand","floor":5},{"not_picked":["Shade:GreyBargain","Shade:GraveStillness"],"picked":"Shade:Premonition","floor":6},{"not_picked":["Shade:Excise","Shade:BoneShards","Shade:ClawBack"],"picked":"SKIP","floor":7},{"not_picked":["Shade:Awaken","Shade:BoneShards"],"picked":"Shade:Brains","floor":10},{"not_picked":["Shade:FeralStrike","Shade:ClawBack"],"picked":"Shade:Bonestorm","floor":11},{"not_picked":["Shade:ClawBack","Shade:FleshLikeOak"],"picked":"Shade:Coordination","floor":14},{"not_picked":["Shade:LastGasp","Shade:MadHubris"],"picked":"Shade:SoulPierce","floor":16},{"not_picked":["Shade:GreyBargain","Shade:FuneraryArmor"],"picked":"Shade:CommandSoldier","floor":18},{"not_picked":["Shade:ExtraLimbs","Shade:Patience+1","Shade:ClawBack+1"],"picked":"SKIP","floor":19},{"not_picked":["Shade:Asphyxiate+1","Shade:BoneShards+1"],"picked":"Shade:FuneraryArmor","floor":20},{"not_picked":["Shade:GraveStillness","Shade:ExtraLimbs+1"],"picked":"Shade:FreshBones","floor":22},{"not_picked":["Shade:GraveStillness","Shade:FingerOfDeath"],"picked":"Shade:LoseControl","floor":23},{"not_picked":["Shade:GoDigging","Shade:ExtraLimbs"],"picked":"Shade:Carnophage","floor":27},{"not_picked":["Shade:AncientSpear+1","Shade:ClawBack+1"],"picked":"Shade:CallWraith","floor":30},{"not_picked":["Shade:Consume","Shade:SelfBurial"],"picked":"Shade:GreaterAnimation","floor":33}],"player_experience":404786,"relics_obtained":[{"floor":4,"key":"infinitespire:Joker Card"},{"floor":6,"key":"hubris:PeanutButter"},{"floor":9,"key":"reliquary:Aerogel"},{"floor":23,"key":"MawBank"}],"event_choices":[{"cards_removed":["Shade:LoseControl"],"damage_healed":0,"gold_gain":0,"player_choice":"Take \u0026 Give","damage_taken":0,"max_hp_gain":0,"max_hp_loss":0,"event_name":"betterNote:BetterNote","floor":24,"gold_loss":0,"cards_obtained":["Apotheosis"]},{"damage_healed":0,"gold_gain":0,"player_choice":"Simplicity","damage_taken":0,"max_hp_gain":0,"max_hp_loss":8,"event_name":"betterThird:BetterWriting","floor":28,"gold_loss":0}],"is_beta":false,"boss_relics":[{"not_picked":["halation:ForbiddenBikini","Coffee Dripper"],"picked":"Shade:YorickPolishedSkull"},{"not_picked":["ReplayTheSpireMod:DimensionalGlitch","conspire:SlowCooker"],"picked":"Astrolabe"}],"items_purged_floors":[],"is_endless":false,"potions_floor_spawned":[1,7,11,18,22,23,27,33],"ascension_level":0}}