{"host":"cyiefo55v5hz1ih5","time":1611728065,"event":{"mods":["2.2 Compatiblity","AchievementEnabler","BaseMod","Downfall","GifTheSpireLib","Hubris","Minty Spire (QoL Compilation)","Replay The Spire","Spicy Shops","StSLib"],"gold_per_floor":[99,115,290,290,290,33,33,51,66,81,101,118,118,130,146,146,146,146],"floor_reached":16,"language":"ENG","playtime":952,"items_purged":["Doubt"],"score":96,"play_id":"d095f7b1-7033-4a56-bc8f-dcc77ff3b2c7","local_time":"20210127011425","is_ascension_mode":false,"campfire_choices":[{"data":"bronze:Goto","floor":1,"key":"SMITH"}],"circlet_count":0,"master_deck":["bronze:Strike","bronze:Strike","bronze:Strike","bronze:Strike","bronze:Defend","bronze:Defend","bronze:Defend","bronze:Defend","bronze:Replicate","bronze:Goto+1","bronze:CutThrough","bronze:DigitalCarnage","bronze:Boost","bronze:Format","bronze:ForceShield","bronze:Constructor","bronze:CutThrough+1","bronze:RecursiveStrike"],"relics":["bronze:BronzeCore","Regal Pillow","downfall:ShatteredFragment","hubris:Towel","Replay:Arrowhead","White Beast Statue"],"acts_visited":["Exordium"],"potions_floor_usage":[16,16],"damage_taken":[{"damage":7,"enemies":"Small Slimes","floor":2,"turns":3},{"damage":0,"enemies":"downfall:FleeingMerchant","floor":6,"turns":4},{"damage":0,"enemies":"2 Louse","floor":8,"turns":2},{"damage":0,"enemies":"Jaw Worm","floor":9,"turns":2},{"damage":0,"enemies":"Red Slaver","floor":10,"turns":2},{"damage":4,"enemies":"Blue Slaver","floor":11,"turns":3},{"damage":0,"enemies":"Large Slime","floor":12,"turns":4},{"damage":2,"enemies":"Exordium Thugs","floor":14,"turns":3},{"damage":0,"enemies":"3 Louse","floor":15,"turns":2},{"damage":47,"enemies":"SI_SHIV_ARCHETYPE","floor":16,"turns":8}],"seed_played":"-3640968379163375395","potions_obtained":[{"floor":8,"key":"SmokeBomb"},{"floor":9,"key":"AttackPotion"},{"floor":11,"key":"PowerPotion"},{"floor":12,"key":"Adrenaline Potion"}],"is_trial":false,"path_per_floor":["R","M","?","?","?","$","T","M","M","M","M","M","?","M","M","B"],"character_chosen":"THE_AUTOMATON","items_purchased":["Replay:Arrowhead","bronze:Boost"],"campfire_rested":0,"item_purchase_floors":[6,6],"current_hp_per_floor":[70,63,63,42,42,42,42,42,42,42,38,45,45,43,43,0,0,0],"gold":146,"neow_bonus":"RANDOM_COMMON_RELIC","is_daily":false,"chose_seed":false,"campfire_upgraded":1,"win_rate":0.0,"timestamp":1611728065,"path_taken":["R","M","?","?","?","$","T","M","M","M","M","M","?","?","M","BOSS"],"items_purchased_type":["Relic","Card"],"build_version":"2020-12-22","purchased_purges":1,"victory":false,"max_hp_per_floor":[70,70,70,70,70,70,70,70,70,70,70,70,70,70,70,70,70,70],"card_choices":[{"not_picked":["bronze:BugBarrage","bronze:BronzeOrb"],"picked":"bronze:CutThrough","floor":2},{"not_picked":["bronze:Overheat","bronze:Shield"],"picked":"bronze:DigitalCarnage","floor":6},{"not_picked":["bronze:ItsAFeature","bronze:BronzeOrb"],"picked":"bronze:Format","floor":8},{"not_picked":["bronze:Frontload","bronze:Overheat","bronze:DarkDash"],"picked":"SKIP","floor":9},{"not_picked":["bronze:Overload","bronze:FineTuning"],"picked":"bronze:ForceShield","floor":10},{"not_picked":["bronze:Shell","bronze:Allocate"],"picked":"bronze:Repair","floor":11},{"not_picked":["bronze:DigitalCarnage","bronze:Backtrace"],"picked":"bronze:Constructor","floor":12},{"not_picked":["bronze:Refactor","bronze:Branch","bronze:WhirlingStrike"],"picked":"SKIP","floor":14},{"not_picked":["bronze:Refactor","bronze:Branch"],"picked":"bronze:RecursiveStrike","floor":15}],"player_experience":797712,"relics_obtained":[{"floor":7,"key":"White Beast Statue"}],"event_choices":[],"is_beta":false,"boss_relics":[],"items_purged_floors":[6],"is_endless":false,"potions_floor_spawned":[8,9,10,11,12,14,15],"killed_by":"SI_SHIV_ARCHETYPE","ascension_level":0}}