{"host":"15dd7v8o90xso62x","time":1611746614,"event":{"mods":["BaseMod","Minty Spire (QoL Compilation)","Quick Restart","StSLib","SuperFastMode"],"gold_per_floor":[118,118,134,152,171,171,96,96,119,139,139,139],"floor_reached":11,"language":"KOR","playtime":189,"items_purged":[],"score":130,"play_id":"ae9920ed-ff87-423f-bf2b-91ce40edd739","local_time":"20210127202334","is_ascension_mode":true,"campfire_choices":[{"data":"Coolheaded","floor":6.0,"key":"SMITH"},{"data":"Zap","floor":8.0,"key":"SMITH"}],"circlet_count":0,"master_deck":["AscendersBane","Strike_B","Strike_B","Defend_B","Defend_B","Defend_B+1","Zap+1","Dualcast","Doom and Gloom","Blizzard+1","Defragment","Cold Snap","Coolheaded+1","Undo"],"relics":["Cracked Core","Strawberry"],"acts_visited":["Exordium"],"potions_floor_usage":[10],"damage_taken":[{"damage":8.0,"enemies":"Small Slimes","floor":1.0,"turns":2.0},{"damage":11.0,"enemies":"Jaw Worm","floor":3.0,"turns":4.0},{"damage":1.0,"enemies":"2 Louse","floor":4.0,"turns":3.0},{"damage":3.0,"enemies":"Blue Slaver","floor":5.0,"turns":3.0},{"damage":0,"enemies":"Lots of Slimes","floor":10,"turns":1},{"damage":54,"enemies":"Gremlin Nob","floor":11,"turns":4}],"seed_played":"3271006464870705254","potions_obtained":[{"floor":1.0,"key":"Strength Potion"},{"floor":4.0,"key":"Dexterity Potion"}],"is_trial":false,"path_per_floor":["M","?","M","M","M","R","?","R","T","M","E"],"character_chosen":"DEFECT","items_purchased":[],"campfire_rested":0,"item_purchase_floors":[],"current_hp_per_floor":[56,37,26,25,22,22,22,22,29,29,0,0],"gold":139,"neow_bonus":"TRANSFORM_TWO_CARDS","is_daily":false,"chose_seed":false,"campfire_upgraded":2,"win_rate":0.0,"timestamp":1611746614,"path_taken":["M","?","M","M","M","R","?","R","T","M","E"],"items_purchased_type":[],"build_version":"2020-12-22","purchased_purges":0,"victory":false,"max_hp_per_floor":[64,64,64,64,64,64,64,64,71,71,71,71],"card_choices":[{"not_picked":["Melter","Auto Shields"],"picked":"Defragment","floor":1.0},{"not_picked":["Blizzard","Redo"],"picked":"Cold Snap","floor":3.0},{"not_picked":["Double Energy","Steam Power","Scrape"],"picked":"SKIP","floor":4.0},{"not_picked":["Rip and Tear","Redo"],"picked":"Coolheaded","floor":5.0},{"not_picked":["Leap","Steam"],"picked":"Undo","floor":10}],"player_experience":897957,"relics_obtained":[{"floor":9.0,"key":"Strawberry"}],"event_choices":[{"damage_healed":0.0,"max_hp_gain":0.0,"max_hp_loss":0.0,"gold_gain":0.0,"event_name":"Shining Light","player_choice":"Entered Light","floor":2.0,"gold_loss":0.0,"damage_taken":19.0,"cards_upgraded":["Blizzard","Defend_B"]},{"cards_removed":["Strike_B"],"damage_healed":0.0,"max_hp_gain":0.0,"max_hp_loss":0.0,"gold_gain":0.0,"event_name":"The Cleric","player_choice":"Card Removal","floor":7.0,"gold_loss":75.0,"damage_taken":0.0}],"is_beta":false,"boss_relics":[],"items_purged_floors":[],"is_endless":false,"potions_floor_spawned":[1,4],"killed_by":"Gremlin Nob","ascension_level":20}}