{"host":"vhvm1b4sel61ztfv","time":1611790584,"event":{"mods":["BaseMod","BetterRewards","Displayed Cursed Tome","Gold Saver","Minty Spire (QoL Compilation)","StSLib"],"gold_per_floor":[3776,3776,3776,3791,3791,3821,3832,3832,3832,3859,3859,3859,3894,3912,3912,4015,4015,4031,3981,3995,3910,3925,3925,3955,3955,3955,3955,3972,3972,3986,4000,4000,4102,4102,4122,3886,3932,3949,3875,3875,3892,3923,3999,4049,4075,4092,4092,4106,4106,4106,4106,4106,3813,3838,3838],"floor_reached":56,"language":"ENG","playtime":2271,"items_purged":["Strike_R","Uppercut"],"score":1740,"play_id":"e031d403-ffc9-402d-89e1-1dcc00f07526","local_time":"20210127183624","is_ascension_mode":false,"campfire_choices":[{"data":"Limit Break","floor":8,"key":"SMITH"},{"floor":12,"key":"RECALL"},{"data":"Heavy Blade","floor":15,"key":"SMITH"},{"data":"Whirlwind","floor":23,"key":"SMITH"},{"data":"Limit Break","floor":25,"key":"SMITH"},{"data":"Spot Weakness","floor":27,"key":"SMITH"},{"data":"Flame Barrier","floor":29,"key":"SMITH"},{"floor":32,"key":"DIG"},{"floor":40,"key":"DIG"},{"floor":47,"key":"DIG"},{"data":"Rage","floor":49,"key":"SMITH"},{"floor":52,"key":"DIG"}],"circlet_count":0,"master_deck":["Strike_R+1","Strike_R","Strike_R","Strike_R","Defend_R","Defend_R","Defend_R+1","Defend_R+1","Bash+1","Infernal Blade","Reaper","Whirlwind+1","Flame Barrier+1","Rupture+1","Demon Form+1","Limit Break+1","Spot Weakness+1","Combust+1","Rage+1","Rupture+1","Bloodletting","Heavy Blade+1","Limit Break+1","Bloodletting","Whirlwind+1","Rupture+1","Combust+1"],"relics":["Burning Blood","Frozen Eye","Tiny Chest","Shovel","Unceasing Top","Membership Card","StoneCalendar","Pear","Ginger","Bronze Scales","PreservedInsect","Mummified Hand","HornCleat","Frozen Egg 2","Vajra","War Paint","MealTicket","Paper Frog","HandDrill","Brimstone","Akabeko","Bird Faced Urn","Chemical X","Gremlin Horn","Anchor","Lee\u0027s Waffle","Mercury Hourglass","Turnip","Blood Vial","Champion Belt","Torii","StrikeDummy","Dead Branch","Question Card","Molten Egg 2","Blue Candle","Ice Cream","Strawberry","SlaversCollar","Self Forming Clay","Mango","Charon\u0027s Ashes","Whetstone","Medical Kit","Toy Ornithopter","Thread and Needle","Ancient Tea Set","Kunai","Orichalcum","Eternal Feather","Incense Burner","Lantern","Regal Pillow","Bottled Lightning","Bag of Preparation","Sling","TungstenRod","Sundial"],"acts_visited":["Exordium","TheCity","TheBeyond","TheEnding"],"potions_floor_usage":[55,55,55,55],"damage_taken":[{"damage":0,"enemies":"Jaw Worm","floor":1,"turns":2},{"damage":3,"enemies":"Small Slimes","floor":4,"turns":1},{"damage":0,"enemies":"Gremlin Nob","floor":6,"turns":1},{"damage":5,"enemies":"2 Louse","floor":7,"turns":1},{"damage":3,"enemies":"Lagavulin","floor":10,"turns":2},{"damage":0,"enemies":"Gremlin Nob","floor":13,"turns":2},{"damage":5,"enemies":"2 Fungi Beasts","floor":14,"turns":2},{"damage":22,"enemies":"Slime Boss","floor":16,"turns":5},{"damage":5,"enemies":"3 Byrds","floor":18,"turns":1},{"damage":0,"enemies":"Spheric Guardian","floor":20,"turns":2},{"damage":5,"enemies":"Centurion and Healer","floor":22,"turns":3},{"damage":0,"enemies":"Gremlin Leader","floor":24,"turns":2},{"damage":3,"enemies":"Shelled Parasite and Fungi","floor":28,"turns":2},{"damage":0,"enemies":"3 Cultists","floor":30,"turns":1},{"damage":4,"enemies":"Snake Plant","floor":31,"turns":2},{"damage":21,"enemies":"Champ","floor":33,"turns":7},{"damage":7,"enemies":"3 Shapes","floor":35,"turns":2},{"damage":6,"enemies":"2 Orb Walkers","floor":37,"turns":3},{"damage":3,"enemies":"Orb Walker","floor":38,"turns":2},{"damage":3,"enemies":"Sphere and 2 Shapes","floor":41,"turns":1},{"damage":4,"enemies":"Reptomancer","floor":42,"turns":2},{"damage":3,"enemies":"Mind Bloom Boss Battle","floor":44,"turns":2},{"damage":0,"enemies":"Maw","floor":46,"turns":3},{"damage":6,"enemies":"Jaw Worm Horde","floor":48,"turns":2},{"damage":3,"enemies":"Donu and Deca","floor":50,"turns":2},{"damage":14,"enemies":"Shield and Spear","floor":54,"turns":3},{"damage":100,"enemies":"The Heart","floor":55,"turns":6}],"seed_played":"2044389004321284299","potions_obtained":[{"floor":22,"key":"BlessingOfTheForge"},{"floor":46,"key":"EntropicBrew"},{"floor":48,"key":"SteroidPotion"}],"is_trial":false,"path_per_floor":["M","?","?","M","T","E","M","R","T","E","T","R","E","M","R","B",null,"M","$","M","?","M","R","E","R","T","R","M","R","M","M","R","B",null,"M","$","?","M","$","R","M","E","T","?","T","M","R","M","R","B",null,"R","$","E","B",null],"character_chosen":"IRONCLAD","items_purchased":["Frozen Eye","Tiny Chest","Shovel","PowerPotion","Membership Card","Pear","Ginger","Bronze Scales","PreservedInsect","EntropicBrew","Mummified Hand","HornCleat","Infernal Blade","Reaper","Whirlwind","Frozen Egg 2","Vajra","War Paint","Uppercut","BloodPotion","MealTicket","Flame Barrier","Rupture+1","Paper Frog","HandDrill","Demon Form+1","Brimstone","Limit Break","Spot Weakness","Akabeko","Combust+1","Bird Faced Urn","Chemical X","Rage","Rupture+1","Gremlin Horn","Anchor","Lee\u0027s Waffle","Mercury Hourglass","Bloodletting","Turnip","Blood Vial","Whetstone","Medical Kit","Toy Ornithopter","Ancient Tea Set","Bag of Preparation","Sling","TungstenRod"],"campfire_rested":0,"item_purchase_floors":[0,0,0,0,0,0,0,0,0,0,0,0,0,0,0,0,0,0,0,0,0,0,0,0,0,0,0,0,0,0,0,0,0,0,0,0,0,0,0,0,0,0,36,36,36,39,53,53,53],"current_hp_per_floor":[97,97,90,97,97,97,97,97,97,97,97,97,104,104,104,104,104,104,104,104,104,104,104,118,118,118,118,118,118,118,118,118,108,118,117,118,118,118,118,118,118,118,118,118,118,118,118,118,118,118,118,118,118,114,72],"gold":3838,"neow_bonus":"","is_daily":false,"chose_seed":false,"campfire_upgraded":7,"win_rate":0.0,"timestamp":1611790584,"path_taken":["M","?","?","M","?","E","M","R","T","E","?","R","E","M","R","BOSS","M","$","M","?","M","R","E","R","T","R","M","R","M","M","R","BOSS","M","$","?","M","$","R","M","E","T","?","?","M","R","M","R","BOSS","R","$","E","BOSS"],"items_purchased_type":["Relic","Relic","Relic","Potion","Relic","Relic","Relic","Relic","Relic","Potion","Relic","Relic","Card","Card","Card","Relic","Relic","Relic","Card","Potion","Relic","Card","Card","Relic","Relic","Card","Relic","Card","Card","Relic","Card","Relic","Relic","Card","Card","Relic","Relic","Relic","Relic","Card","Relic","Relic","Relic","Relic","Relic","Relic","Relic","Relic","Relic"],"build_version":"2020-12-22","purchased_purges":2,"victory":true,"max_hp_per_floor":[97,97,97,97,97,97,97,97,97,97,97,97,104,104,104,104,104,104,104,104,104,104,104,118,118,118,118,118,118,118,118,118,118,118,118,118,118,118,118,118,118,118,118,118,118,118,118,118,118,118,118,118,118,118,118],"card_choices":[{"not_picked":["Perfected Strike","Sever Soul","Rage"],"picked":"SKIP","floor":1},{"not_picked":["True Grit","Rage","Flex"],"picked":"SKIP","floor":4},{"not_picked":["Entrench","Flame Barrier","Hemokinesis"],"picked":"SKIP","floor":6},{"not_picked":["True Grit","Barricade+1","Rage"],"picked":"Heavy Blade","floor":7},{"not_picked":["Impervious","Shrug It Off","Power Through","Thunderclap+1"],"picked":"SKIP","floor":10},{"not_picked":["Clash+1","Second Wind","Spot Weakness","Wild Strike+1"],"picked":"SKIP","floor":13},{"not_picked":["Headbutt+1","True Grit","Armaments","Anger+1"],"picked":"SKIP","floor":14},{"not_picked":["Reaper+1","Corruption+1","Fiend Fire+1"],"picked":"Limit Break","floor":16},{"not_picked":["Thunderclap+1","Clothesline+1","Power Through+1","Whirlwind+1"],"picked":"SKIP","floor":18},{"not_picked":["Armaments+1","Shrug It Off+1","Inflame+1","Twin Strike+1"],"picked":"SKIP","floor":20},{"not_picked":["Armaments","Sword Boomerang+1","Havoc+1"],"picked":"Bloodletting","floor":22},{"not_picked":["Pommel Strike+1","Cleave+1","Intimidate","True Grit"],"picked":"SKIP","floor":24},{"not_picked":["Armaments","Rage","Burning Pact","Infernal Blade+1"],"picked":"SKIP","floor":28},{"not_picked":["Infernal Blade","Headbutt+1","True Grit","Dual Wield"],"picked":"SKIP","floor":30},{"not_picked":["Infernal Blade+1","Headbutt+1","Flex","Corruption+1"],"picked":"SKIP","floor":31},{"not_picked":["Hemokinesis+1","Perfected Strike+1","Flex+1"],"picked":"Whirlwind+1","floor":35},{"not_picked":["Thunderclap+1","Dropkick+1","Dual Wield+1"],"picked":"Rupture+1","floor":37},{"not_picked":["Thunderclap+1","Havoc","Fire Breathing+1"],"picked":"Combust+1","floor":38},{"not_picked":["Burning Pact","Sword Boomerang+1","Clash+1","Twin Strike+1"],"picked":"SKIP","floor":41},{"not_picked":["Searing Blow+1","Seeing Red","Combust+1","Cleave+1"],"picked":"SKIP","floor":42},{"not_picked":["Seeing Red+1","Flame Barrier+1","Barricade+1","Dual Wield+1"],"picked":"SKIP","floor":46},{"not_picked":["Clash+1","Shrug It Off+1","Body Slam+1","Cleave+1"],"picked":"SKIP","floor":48},{"not_picked":["Rage+1","Body Slam+1","Clothesline+1","Spot Weakness"],"picked":"SKIP","floor":54}],"player_experience":179614,"relics_obtained":[{"floor":5,"key":"Dead Branch"},{"floor":6,"key":"Question Card"},{"floor":9,"key":"Molten Egg 2"},{"floor":10,"key":"Blue Candle"},{"floor":11,"key":"Ice Cream"},{"floor":13,"key":"Strawberry"},{"floor":24,"key":"Mango"},{"floor":32,"key":"Charon\u0027s Ashes"},{"floor":37,"key":"Thread and Needle"},{"floor":40,"key":"Kunai"},{"floor":42,"key":"Orichalcum"},{"floor":43,"key":"Eternal Feather"},{"floor":44,"key":"Incense Burner"},{"floor":45,"key":"Lantern"},{"floor":47,"key":"Regal Pillow"},{"floor":52,"key":"Bottled Lightning"},{"floor":54,"key":"Sundial"}],"event_choices":[{"damage_healed":0,"gold_gain":0,"player_choice":"Ignored","damage_taken":0,"max_hp_gain":0,"max_hp_loss":0,"event_name":"Liars Game","floor":2,"gold_loss":0},{"damage_healed":0,"gold_gain":0,"player_choice":"Success","damage_taken":7,"relics_obtained":["StrikeDummy"],"max_hp_gain":0,"max_hp_loss":0,"event_name":"Scrap Ooze","floor":3,"gold_loss":0},{"damage_healed":0,"gold_gain":0,"player_choice":"Obtained Relic","damage_taken":0,"relics_obtained":["Self Forming Clay"],"max_hp_gain":0,"max_hp_loss":0,"event_name":"Addict","floor":21,"gold_loss":85},{"damage_healed":0,"gold_gain":0,"player_choice":"Fight","damage_taken":0,"max_hp_gain":0,"max_hp_loss":0,"event_name":"Mysterious Sphere","floor":37,"gold_loss":0},{"damage_healed":0,"gold_gain":0,"player_choice":"Fight","damage_taken":0,"max_hp_gain":0,"max_hp_loss":0,"event_name":"MindBloom","floor":44,"gold_loss":0}],"is_beta":false,"boss_relics":[{"not_picked":["Runic Dome","Velvet Choker"],"picked":"SlaversCollar"},{"not_picked":["Pandora\u0027s Box","Cursed Key","Fusion Hammer"]}],"items_purged_floors":[0,19],"is_endless":false,"potions_floor_spawned":[6,7,14,20,22,28,30,31,37,38,41,46,48],"ascension_level":0}}