{"host":"n605f8gctjc87d7h","time":1611733710,"event":{"mods":["Aspiration","Bard","BaseMod","Better Match","Better Note","Better Skull","Better Third Choice","Conspire","Halation","Hermit","Infinite Spire","Minty Spire (QoL Compilation)","Replay The Spire","Retaliation","Shade Mod","Spicy Shops","StS++","StSLib","The IronCluck"],"gold_per_floor":[116,116,116,190,77,77,97,126,126,160,170,170,197,197,197,276,276,296,296,139,157,157,183,202,202,202,202,221,254,254,269,269,347,347,385,385,385,51,70,70,104,104,128,167,167,196,196,243,243,243],"floor_reached":51,"language":"ENG","playtime":3130,"items_purged":["Defend_R","Doubt"],"score":1061,"play_id":"8a386c0f-2010-4957-b6a8-30dfc8cca7c3","local_time":"20210126234830","is_ascension_mode":true,"campfire_choices":[{"data":"ReplayTheSpireMod:Stacked","floor":6,"key":"SMITH"},{"data":"infinitespire:OneForAll","floor":15,"key":"SMITH"},{"data":"DDmod:PokeAttack","floor":25,"key":"SMITH"},{"data":"Defend_R","floor":32,"key":"SMITH"},{"data":"Inflame","floor":40,"key":"SMITH"},{"data":"Offering","floor":42,"key":"SMITH"},{"data":"Bash","floor":45,"key":"SMITH"},{"data":"Strike_R","floor":47,"key":"SMITH"},{"data":"Defend_R","floor":49,"key":"SMITH"}],"circlet_count":0,"master_deck":["AscendersBane","Strike_R","Strike_R","Strike_R+1","Defend_R+1","Defend_R+1","Defend_R","Bash+1","StSpp:TheBiggerTheyAre+1","Good Instincts+1","ReplayTheSpireMod:Stacked+1","infinitespire:OneForAll+1","Shockwave+1","Offering+1","DDmod:PokeAttack+1","DDmod:RapidStrikeAttack+1","AbeCurse","Writhe","Inflame+1","Shrug It Off+1"],"relics":["Burning Blood","White Beast Statue","infinitespire:CheckeredPen","ReplayTheSpireMod:Ninjato","Boot","Divine Protection","Gambling Chip","Replay:Grab Bag","aspiration:FutureDiary","conspire:RoyalGoblet","Runic Cube","halation:YellowSoulGem","Pet Ghost","Ring of Fury","Vajra","Mummified Hand","Durian","Black Star","infinitespire:EvilPickle","Self Forming Clay","halation:TwoAmDonut","Red Skull","Art of War","infinitespire:WardingShard","Bronze Scales","Potion Belt"],"acts_visited":["Exordium","TheCity","TheBeyond"],"potions_floor_usage":[10,13,13,18,28,29,33,33,48,50],"damage_taken":[{"damage":4,"enemies":"2 Louse","floor":1,"turns":3},{"damage":10,"enemies":"infinitespire:Voidling","floor":7,"turns":4},{"damage":4,"enemies":"Gremlin Nob","floor":8,"turns":4},{"damage":2,"enemies":"Lagavulin","floor":10,"turns":5},{"damage":0,"enemies":"Jaw Worm","floor":11,"turns":3},{"damage":3,"enemies":"Replay:BlueRogue","floor":13,"turns":7},{"damage":84,"enemies":"Hexaghost","floor":16,"turns":13},{"damage":15,"enemies":"conspire:FuzzyDice","floor":18,"turns":5},{"damage":0,"enemies":"3 Byrds","floor":21,"turns":4},{"damage":5,"enemies":"Gremlin Leader","floor":23,"turns":6},{"damage":0,"enemies":"Snake Plant","floor":24,"turns":3},{"damage":1,"enemies":"Shelled Parasite and Fungi","floor":28,"turns":3},{"damage":13,"enemies":"Book of Stabbing","floor":29,"turns":5},{"damage":2,"enemies":"Snecko","floor":31,"turns":3},{"damage":30,"enemies":"Pondfish","floor":33,"turns":15},{"damage":14,"enemies":"3 Shapes","floor":35,"turns":4},{"damage":0,"enemies":"Orb Walker","floor":39,"turns":2},{"damage":20,"enemies":"Nemesis","floor":41,"turns":3},{"damage":0,"enemies":"R_Hoarder","floor":44,"turns":4},{"damage":12,"enemies":"4 Shapes","floor":46,"turns":5},{"damage":1,"enemies":"Nemesis","floor":48,"turns":3},{"damage":16,"enemies":"Replay:Hell Engine","floor":50,"turns":6}],"seed_played":"-252750675185021654","potions_obtained":[{"floor":7,"key":"Regen Potion"},{"floor":8,"key":"SkillPotion"},{"floor":10,"key":"Energy Potion"},{"floor":11,"key":"SpeedPotion"},{"floor":13,"key":"StSpp:ScatteredPotion"},{"floor":16,"key":"ColorlessPotion"},{"floor":18,"key":"Elixir"},{"floor":21,"key":"Explosive Potion"},{"floor":28,"key":"LiquidBronze"},{"floor":29,"key":"Fire Potion"},{"floor":31,"key":"LifebloodPotion"},{"floor":33,"key":"Energy Potion"},{"floor":35,"key":"Block Potion"},{"floor":39,"key":"Fire Potion"},{"floor":46,"key":"Energy Potion"},{"floor":48,"key":"Fire Potion"}],"is_trial":false,"path_per_floor":["M","?","?","T","$","R","M","E","T","E","M","?","E","?","R","B",null,"M","?","$","M","?","E","M","R","T","?","M","E","?","M","R","B",null,"M","?","?","$","M","R","E","R","T","E","R","M","R","E","R","B",null],"character_chosen":"IRONCLAD","items_purchased":["ReplayTheSpireMod:Stacked","Pet Ghost","Inflame"],"campfire_rested":0,"item_purchase_floors":[5,20,38],"current_hp_per_floor":[74,74,74,74,74,74,79,80,80,80,80,85,85,85,85,7,66,57,57,57,63,63,64,70,70,70,70,75,73,73,77,77,53,81,73,90,90,90,90,90,76,76,76,82,82,76,76,81,81,71],"gold":243,"neow_bonus":"REMOVE_CARD","is_daily":false,"chose_seed":false,"campfire_upgraded":9,"win_rate":0.0,"timestamp":1611733710,"path_taken":["M","?","?","?","?","R","M","E","T","E","M","?","E","?","R","BOSS","M","?","$","M","?","E","M","R","T","?","M","E","?","?","R","BOSS","M","?","?","$","M","R","E","R","T","E","R","M","R","E","R","BOSS"],"items_purchased_type":["Card","Relic","Card"],"build_version":"2020-12-22","purchased_purges":2,"victory":true,"max_hp_per_floor":[80,80,80,80,80,80,80,80,80,80,80,85,85,85,85,85,85,85,85,85,85,85,85,85,85,85,85,85,90,90,90,90,90,90,90,90,90,90,90,90,90,90,90,90,90,90,90,90,90,90],"card_choices":[{"not_picked":["DDmod:RapidStrikeAttack","Replay:Undeath\u0027s Touch","Wild Strike"],"picked":"SKIP","floor":1},{"not_picked":["Perfected Strike+1","Armaments+1"],"picked":"StSpp:TheBiggerTheyAre+1","floor":3},{"not_picked":["Jack Of All Trades+1","Enlightenment+1"],"picked":"Good Instincts+1","floor":3},{"not_picked":["Sentinel","StSpp:Sprint","DDmod:PokeAttack"],"picked":"SKIP","floor":7},{"not_picked":["Perfected Strike","Wild Strike","Twin Strike"],"picked":"SKIP","floor":8},{"not_picked":["Corruption","Run Through","DDmod:EasePowerCard"],"picked":"SKIP","floor":10},{"not_picked":["Cleave","StSpp:TheBiggerTheyAre"],"picked":"infinitespire:OneForAll","floor":11},{"not_picked":["Iron Wave","Barricade"],"picked":"Shockwave","floor":13},{"not_picked":["Replay:Many Hands","StSpp:BladeOfBlood"],"picked":"Offering","floor":16},{"not_picked":["Clothesline","Havoc"],"picked":"DDmod:PokeAttack","floor":18},{"not_picked":["Rage","Havoc","conspire:Charge"],"picked":"SKIP","floor":21},{"not_picked":["Power Through","Seeing Red","Warcry"],"picked":"SKIP","floor":23},{"not_picked":["Shrug It Off","Pommel Strike","StSpp:TheBiggerTheyAre"],"picked":"SKIP","floor":24},{"not_picked":["Reaper","DDmod:EasePowerCard","Armaments"],"picked":"SKIP","floor":28},{"not_picked":["Thunderclap","Iron Wave"],"picked":"DDmod:RapidStrikeAttack","floor":29},{"not_picked":["Replay:Undeath\u0027s Touch","Seeing Red","Flame Barrier"],"picked":"SKIP","floor":31},{"not_picked":["Uppercut","Armaments","Anger"],"picked":"SKIP","floor":35},{"not_picked":["True Grit","Anger","ReplayTheSpireMod:Strike From Hell"],"picked":"SKIP","floor":39},{"not_picked":["Clash","infinitespire:OneForAll","Feel No Pain"],"picked":"SKIP","floor":41},{"not_picked":["ReplayReversal+1","DDmod:AllInSkill","Searing Blow"],"picked":"SKIP","floor":44},{"not_picked":["Clash","StSpp:TheBiggerTheyAre","StSpp:IntoTheAbyss"],"picked":"SKIP","floor":46},{"not_picked":["Seeing Red","DDmod:ScaleUpSkill"],"picked":"Shrug It Off+1","floor":48}],"player_experience":658568,"relics_obtained":[{"floor":2,"key":"White Beast Statue"},{"floor":4,"key":"infinitespire:CheckeredPen"},{"floor":8,"key":"ReplayTheSpireMod:Ninjato"},{"floor":9,"key":"Boot"},{"floor":10,"key":"Divine Protection"},{"floor":13,"key":"Gambling Chip"},{"floor":22,"key":"Ring of Fury"},{"floor":23,"key":"Vajra"},{"floor":26,"key":"Mummified Hand"},{"floor":29,"key":"Durian"},{"floor":41,"key":"Self Forming Clay"},{"floor":41,"key":"halation:TwoAmDonut"},{"floor":43,"key":"Red Skull"},{"floor":44,"key":"Art of War"},{"floor":44,"key":"infinitespire:WardingShard"},{"floor":48,"key":"Bronze Scales"},{"floor":48,"key":"Potion Belt"}],"event_choices":[{"damage_healed":0,"gold_gain":0,"player_choice":"2","damage_taken":0,"max_hp_gain":0,"max_hp_loss":0,"event_name":"betterMatch:BetterMatch","floor":3,"gold_loss":0,"cards_obtained":["betterMatch:CommonCard","betterMatch:ColorlessUncommonCard"]},{"damage_healed":0,"gold_gain":0,"player_choice":"Donut","damage_taken":0,"max_hp_gain":5,"max_hp_loss":0,"event_name":"Big Fish","floor":12,"gold_loss":0},{"damage_healed":0,"gold_gain":0,"player_choice":"Grow","damage_taken":0,"max_hp_gain":0,"max_hp_loss":0,"event_name":"Living Wall","floor":14,"gold_loss":0,"cards_upgraded":["Shockwave"]},{"cards_removed":["Strike_R"],"damage_healed":0,"gold_gain":0,"player_choice":"Elegance","damage_taken":0,"max_hp_gain":0,"max_hp_loss":0,"event_name":"betterThird:BetterWriting","floor":27,"gold_loss":0},{"damage_healed":0,"gold_gain":0,"player_choice":"Upgraded","damage_taken":0,"max_hp_gain":0,"max_hp_loss":0,"event_name":"Upgrade Shrine","floor":30,"gold_loss":0,"cards_upgraded":["DDmod:RapidStrikeAttack"]},{"damage_healed":23,"gold_gain":0,"player_choice":"Writhe","damage_taken":0,"max_hp_gain":0,"max_hp_loss":0,"event_name":"Winding Halls","floor":36,"gold_loss":0,"cards_obtained":["Writhe"]}],"is_beta":false,"boss_relics":[{"not_picked":["aspiration:PoetsPen_weak","StSpp:CrystalBall"],"picked":"Replay:Grab Bag"},{"not_picked":["Fusion Hammer","ReplayTheSpireMod:Onyx Gauntlets"],"picked":"aspiration:FutureDiary"},{"not_picked":["Electric Blood","Runic Dome"],"picked":"conspire:RoyalGoblet"},{"not_picked":["aspiration:DefectSkillbook","halation:PlatinumPhoenix"],"picked":"Runic Cube"},{"not_picked":["Pandora\u0027s Box","halation:Risk"],"picked":"Black Star"}],"items_purged_floors":[5,38],"is_endless":false,"potions_floor_spawned":[7,8,10,11,13,16,18,21,23,24,28,29,31,33,35,39,41,44,46,48],"ascension_level":13}}