{"host":"c1oza4x7xlyuasvd","time":1611772881,"event":{"mods":["ATMod(°¢èªMod)","Arknights The Spire","BaseMod","Better Vampires","Colored Powertips","Marisa£¨ìFÓê¡¡Ä§ÀíÉ³£©","Minty Spire (QoL Compilation)","MostiFishMod","StSLib","TestMod","Waifu the Spire","¡¾ÒÅÎï¿¨ÅÆ¡¿REMEMod"],"gold_per_floor":[113,113,124,141,141,141,176,186,213,239,44,57,68,94,106,214,226,252,264,286,298,328,372,416,462,474,586,629,641,688,720,732,845,857,882,361,375,394,394,422,422,441,490,501,513,513,530,541,541,541,541,541,48,77,77],"floor_reached":56,"language":"ZHS","playtime":1751,"items_purged":["ats:Strike G","ats:Strike S","ats:Strike V"],"score":1745,"play_id":"d77b1099-2928-402b-a830-1c4de062ee21","local_time":"20210128024121","is_ascension_mode":true,"campfire_choices":[{"data":"ats:Assault Order","floor":15.0,"key":"SMITH"},{"data":"ats:Emotion Absorption","floor":29,"key":"SMITH"},{"floor":32,"key":"RECALL"},{"data":"ats:Disruption Kick","floor":41,"key":"SMITH"},{"data":"MostiFishMod:Mottled","floor":49,"key":"SMITH"},{"data":"ats:Part Time Job","floor":52,"key":"SMITH"}],"circlet_count":0,"master_deck":["ats:Armor Crushing Shot","ats:Defend","ats:Defend","ats:Defend","ats:Defend","ats:Emotion Absorption+1","AT_ChampionStep","Brutality","ats:Chain Hook","ats:Assault Order+1","ats:Wolf Pack","ats:Rat Pack","ats:Leaping Hammer","ats:Part Time Job+1","Ghostly","Ghostly","Ghostly","Ghostly","Ghostly","ats:Part Time Job+1","ats:Overload+1","ats:Demon Strength","ats:Dogmatic Field+1","ats:Disruption Kick+1","ats:Counter Healing Mode","ats:Hook Shot","MostiFishMod:Mottled+1","ats:Composite Medical Shells+1","ats:Calcification","ats:Phantom+1"],"relics":["ats:Sanity","testmod-TestBox","AT_ATBox","DaveBox","REME_ComplimentaryCards","testmod-AssaultLearning","PatriotShield","NeowsBlessing","SynthV:TestCard","ats:Originium","AT_BladeRuinedKing","Art of War","Smiling Mask","ats:Assault","MawBank","ats:Tactical Delivery","Shuriken","Red Mask","AT_ImmortalShieldbow","Mango","AT_DeathDance","Vajra","PreservedInsect","RhineSuit","Oddly Smooth Stone","ats:Bonebreaker","testmod-LifeArmor","testmod-CrystalShield","Dodecahedron","testmod-Fortitude"],"acts_visited":["Exordium","TheCity","TheBeyond","TheEnding"],"potions_floor_usage":[28,42,55,55,55],"damage_taken":[{"damage":0.0,"enemies":"Jaw Worm","floor":1.0,"turns":1.0},{"damage":0.0,"enemies":"Cultist","floor":3.0,"turns":1.0},{"damage":0.0,"enemies":"Small Slimes","floor":4.0,"turns":1.0},{"damage":1.0,"enemies":"3 Sentries","floor":7.0,"turns":3.0},{"damage":0.0,"enemies":"2 Fungi Beasts","floor":8.0,"turns":2.0},{"damage":1.0,"enemies":"Lagavulin","floor":10.0,"turns":3.0},{"damage":0.0,"enemies":"Exordium Thugs","floor":12.0,"turns":3.0},{"damage":1.0,"enemies":"Red Slaver","floor":13.0,"turns":2.0},{"damage":0.0,"enemies":"Gremlin Nob","floor":14.0,"turns":1.0},{"damage":1.0,"enemies":"The Guardian","floor":16.0,"turns":4.0},{"damage":0.0,"enemies":"Spheric Guardian","floor":18.0,"turns":2.0},{"damage":1.0,"enemies":"Shell Parasite","floor":20.0,"turns":4.0},{"damage":1.0,"enemies":"Chosen and Byrds","floor":22.0,"turns":4.0},{"damage":1.0,"enemies":"Book of Stabbing","floor":23.0,"turns":4.0},{"damage":2.0,"enemies":"Masked Bandits","floor":24.0,"turns":4.0},{"damage":1.0,"enemies":"Slavers","floor":25.0,"turns":4.0},{"damage":0,"enemies":"Colosseum Slavers","floor":27,"turns":3},{"damage":2,"enemies":"Colosseum Nobs","floor":27,"turns":3},{"damage":1,"enemies":"Book of Stabbing","floor":28,"turns":3},{"damage":2,"enemies":"Slavers","floor":30,"turns":4},{"damage":0,"enemies":"Snecko","floor":31,"turns":2},{"damage":2,"enemies":"Collector","floor":33,"turns":3},{"damage":0,"enemies":"3 Darklings","floor":35,"turns":2},{"damage":0,"enemies":"Orb Walker","floor":37,"turns":2},{"damage":0,"enemies":"Sphere and 2 Shapes","floor":38,"turns":1},{"damage":1,"enemies":"Nemesis","floor":40,"turns":2},{"damage":0,"enemies":"Spire Growth","floor":42,"turns":2},{"damage":1,"enemies":"Writhing Mass","floor":44,"turns":3},{"damage":8,"enemies":"4 Shapes","floor":45,"turns":3},{"damage":0,"enemies":"3 Darklings","floor":47,"turns":1},{"damage":3,"enemies":"Transient","floor":48,"turns":5},{"damage":6,"enemies":"Time Eater","floor":50,"turns":6},{"damage":0,"enemies":"Shield and Spear","floor":54,"turns":4},{"damage":9,"enemies":"The Heart","floor":55,"turns":6}],"seed_played":"2975341813881030544","potions_obtained":[{"floor":1.0,"key":"Dexterity Potion"},{"floor":2.0,"key":"FairyPotion"},{"floor":2.0,"key":"testmod-TimePotion"},{"floor":28,"key":"testmod-SpacePotion"},{"floor":30,"key":"SteroidPotion"},{"floor":31,"key":"EssenceOfSteel"},{"floor":33,"key":"testmod-EscapePotion"},{"floor":37,"key":"Swift Potion"},{"floor":42,"key":"REME_GoldPotion"},{"floor":45,"key":"DuplicationPotion"}],"is_trial":false,"path_per_floor":["M","?","M","M","?","?","E","M","T","E","$","M","M","E","R","B",null,"M","?","M","?","M","E","?","E","T","?","E","R","E","M","R","B",null,"M","$","M","M","?","E","R","M","T","M","M","?","M","M","R","B",null,"R","$","E","B",null],"character_chosen":"DOCTOR_CLASS","items_purchased":["ats:Assault","ats:Counter Healing Mode","ats:Hook Shot","Oddly Smooth Stone","MostiFishMod:Mottled","testmod-CrystalShield","Dodecahedron"],"campfire_rested":0,"item_purchase_floors":[11,36,36,36,36,53,53],"current_hp_per_floor":[72,72,72,72,77,77,76,76,76,75,75,75,74,74,74,76,77,77,38,37,32,34,41,42,42,42,56,56,56,54,57,57,56,57,57,57,57,57,57,56,56,57,57,56,49,49,49,51,51,56,57,57,57,57,56],"gold":77,"neow_bonus":"THREE_ENEMY_KILL","is_daily":false,"chose_seed":false,"campfire_upgraded":5,"win_rate":0.0,"timestamp":1611772881,"path_taken":["M","?","M","?","?","?","E","?","T","E","$","M","M","E","R","BOSS","M","?","M","?","M","E","?","E","T","?","E","R","E","M","R","BOSS","M","$","M","M","?","E","R","M","T","M","?","?","?","M","R","BOSS","R","$","E","BOSS"],"items_purchased_type":["Relic","Card","Card","Relic","Card","Relic","Relic"],"build_version":"2020-12-22","purchased_purges":3,"victory":true,"max_hp_per_floor":[72,72,72,72,77,77,77,77,77,77,77,77,77,77,77,77,77,77,38,38,43,43,43,43,43,43,57,57,57,57,57,57,57,57,57,57,57,57,57,57,57,57,57,57,57,57,57,57,57,57,57,57,57,57,57],"card_choices":[{"not_picked":["ats:Leaping Hammer","ats:Consecutive Shot Auto"],"picked":"ats:Chain Hook","floor":1.0},{"not_picked":["ats:Ignite","ats:Powerful Strike","ats:Thorns","ats:Apocalypse"],"picked":"ats:Assault Order","floor":3.0},{"not_picked":["ats:Shadow Raid","ats:Consecutive Shot Auto","ats:Flame Of Heaven","ats:Powerful Strike","ats:Revitalization"],"picked":"SKIP","floor":4.0},{"not_picked":["ats:Guard Mode","ats:Rat Pack","ats:Hook Shot","ats:Blood Oath","ats:Red Shift"],"picked":"SKIP","floor":7.0},{"not_picked":["ats:Apocalypse","ats:Absolute Focus","ats:Very Hot Blade","ats:Consecutive Shot Auto","ats:Soul Absorption"],"picked":"SKIP","floor":8.0},{"not_picked":["ats:Very Hot Blade","ats:Neurotoxin","ats:Curse Doll","ats:Blood Oath","ats:Apocalypse"],"picked":"SKIP","floor":10.0},{"not_picked":["ats:Leaping Hammer","ats:Serious Mode","ats:Curse Doll","ats:Chain Hook"],"picked":"ats:Rat Pack","floor":12.0},{"not_picked":["ats:Burning Ground","ats:Collapsing Strike","ats:Flexible Camouflage","ats:Shell Defense"],"picked":"ats:Leaping Hammer","floor":13.0},{"not_picked":["ats:LN2 Cannon","ats:Shell Defense","ats:Poison Spread","ats:Volcano"],"picked":"ats:Part Time Job","floor":14.0},{"not_picked":["ats:Powerful Strike","ats:Flexible Camouflage","ats:LN2 Cannon+1","ats:Hammer On","ats:Leaping Hammer"],"picked":"SKIP","floor":18.0},{"not_picked":["ats:Ignite","ats:Consecutive Shot Auto","ats:Cat Scratch","ats:Guard Mode+1","ats:Leaping Hammer"],"picked":"SKIP","floor":20.0},{"not_picked":["ats:Powerful Strike","ats:Shell Defense","ats:Charging Defense","ats:Shadow Raid"],"picked":"ats:Part Time Job+1","floor":22.0},{"not_picked":["ats:Leaping Hammer","ats:Powerful Strike","ats:Curse Doll","ats:Consecutive Shot Auto","ats:Ignite"],"picked":"SKIP","floor":23.0},{"not_picked":["ats:Apocalypse+1","ats:Poison Spread+1","ats:Absolute Focus","ats:Sword Rain"],"picked":"ats:Overload+1","floor":25.0},{"not_picked":["ats:Healing Strengthening","ats:Soul Rend","ats:Blood Oath","ats:Closed Bolt Burst Fire"],"picked":"ats:Demon Strength","floor":28},{"not_picked":["ats:Guard Mode","ats:Blood Oath","ats:Absolute Focus","ats:Very Hot Blade+1"],"picked":"ats:Dogmatic Field","floor":30},{"not_picked":["ats:Flexible Camouflage+1","ats:Cat Scratch","ats:Very Hot Blade","ats:Sunburst","ats:Blood Oath"],"picked":"SKIP","floor":31},{"not_picked":["ats:Echo Reverb","ats:Rat Pack","ats:True Silver Slash","ats:Dogmatic Field"],"picked":"ats:Disruption Kick","floor":33},{"not_picked":["ats:Shell Defense+1","ats:Magnetic Hammer","ats:Apocalypse","ats:Flexible Camouflage","ats:Blood Oath"],"picked":"SKIP","floor":35},{"not_picked":["ats:Red Shift","ats:Powerful Strike+1","ats:Guard Mode+1","ats:LN2 Cannon"],"picked":"ats:Composite Medical Shells+1","floor":37},{"not_picked":["ats:Beaten Up","ats:Assault Order+1","ats:Absolute Focus","ats:Directed Diagnosis+1","ats:Hammer On"],"picked":"SKIP","floor":38},{"not_picked":["ats:Guard Mode","ats:Curse Doll","ats:Healing Drone","ats:Very Hot Blade+1","ats:Flexible Camouflage"],"picked":"SKIP","floor":40},{"not_picked":["ats:Consecutive Shot Auto","ats:Guard Mode","ats:Cat Scratch","ats:Blood Oath+1","ats:Leaping Hammer"],"picked":"SKIP","floor":42},{"not_picked":["ats:Very Hot Blade","ats:Shell Defense","ats:Explosion Area Strengthen+1","ats:Flexible Camouflage","ats:Curse Doll"],"picked":"SKIP","floor":44},{"not_picked":["ats:Poison Spread","ats:Soul Rend","ats:Curse Doll+1","ats:Literary Storm+1"],"picked":"ats:Phantom+1","floor":45},{"not_picked":["ats:Burning Ground","ats:Blood Oath","ats:Assault Order","ats:Sword Rain+1","ats:Neurotoxin+1"],"picked":"SKIP","floor":47},{"not_picked":["ats:Consecutive Shot Auto+1","ats:Flexible Camouflage","ats:Blood Oath+1","ats:Spore Proliferation+1","ats:Support Order+1"],"picked":"SKIP","floor":48},{"not_picked":["ats:Sunburst+1","ats:Consecutive Shot Auto","ats:Curse Doll","ats:Disruption Kick","ats:Charging Defense+1"],"picked":"SKIP","floor":54}],"player_experience":207965,"relics_obtained":[{"floor":1.0,"key":"SynthV:TestCard"},{"floor":7.0,"key":"ats:Originium"},{"floor":7.0,"key":"AT_BladeRuinedKing"},{"floor":9.0,"key":"Art of War"},{"floor":10.0,"key":"ats:Originium"},{"floor":10.0,"key":"Smiling Mask"},{"floor":14.0,"key":"ats:Originium"},{"floor":14.0,"key":"MawBank"},{"floor":23.0,"key":"Shuriken"},{"floor":24.0,"key":"Red Mask"},{"floor":25.0,"key":"AT_ImmortalShieldbow"},{"floor":27,"key":"Mango"},{"floor":27,"key":"AT_DeathDance"},{"floor":28,"key":"Vajra"},{"floor":30,"key":"PreservedInsect"},{"floor":40,"key":"ats:Bonebreaker"},{"floor":43,"key":"testmod-LifeArmor"},{"floor":54,"key":"testmod-Fortitude"}],"event_choices":[{"damage_healed":0.0,"max_hp_gain":0.0,"max_hp_loss":0.0,"gold_gain":0.0,"event_name":"Lab","player_choice":"Got Potions","floor":2.0,"gold_loss":0.0,"damage_taken":0.0},{"damage_healed":0.0,"max_hp_gain":5.0,"max_hp_loss":0.0,"gold_gain":0.0,"event_name":"Big Fish","player_choice":"Donut","floor":5.0,"gold_loss":0.0,"damage_taken":0.0},{"damage_healed":0.0,"max_hp_gain":0.0,"max_hp_loss":0.0,"gold_gain":0.0,"cards_transformed":["ats:Strike C"],"event_name":"Transmorgrifier","player_choice":"Transformed","floor":6.0,"gold_loss":0.0,"damage_taken":0.0,"cards_obtained":["ats:Wolf Pack"]},{"damage_healed":0.0,"max_hp_gain":0.0,"max_hp_loss":39.0,"gold_gain":0.0,"event_name":"Ghosts","player_choice":"Became a Ghost","floor":19.0,"gold_loss":0.0,"damage_taken":0.0,"cards_obtained":["Ghostly","Ghostly","Ghostly","Ghostly","Ghostly"]},{"damage_healed":0.0,"max_hp_gain":5.0,"max_hp_loss":0.0,"gold_gain":0.0,"event_name":"Forgotten Altar","player_choice":"Shed Blood","floor":21.0,"gold_loss":0.0,"damage_taken":10.0},{"damage_healed":0.0,"max_hp_gain":0.0,"max_hp_loss":0.0,"gold_gain":0.0,"event_name":"Masked Bandits","player_choice":"Fought Bandits","floor":24.0,"gold_loss":0.0,"damage_taken":0.0},{"damage_healed":0,"gold_gain":0,"player_choice":"Fight","damage_taken":0,"max_hp_gain":0,"max_hp_loss":0,"event_name":"Colosseum","floor":27,"gold_loss":0},{"damage_healed":0,"gold_gain":0,"player_choice":"Fought Nobs","damage_taken":0,"max_hp_gain":0,"max_hp_loss":0,"event_name":"Colosseum","floor":27,"gold_loss":0},{"damage_healed":0,"gold_gain":0,"player_choice":"1 cards matched","damage_taken":0,"max_hp_gain":0,"max_hp_loss":0,"event_name":"Match and Keep!","floor":39,"gold_loss":0,"cards_obtained":["ats:Calcification"]},{"damage_healed":0,"gold_gain":0,"player_choice":"Forge","damage_taken":0,"max_hp_gain":0,"max_hp_loss":0,"event_name":"Accursed Blacksmith","floor":46,"gold_loss":0,"cards_upgraded":["ats:Dogmatic Field"]}],"is_beta":false,"boss_relics":[{"not_picked":["Ectoplasm","testmod-IncinerationGenerator"],"picked":"ats:Tactical Delivery"},{"not_picked":["SacredBark","TimeKeys"],"picked":"RhineSuit"}],"items_purged_floors":[11,36,53],"is_endless":false,"potions_floor_spawned":[1,4,12,13,14,22,24,27,28,30,31,33,37,40,42,45,48,54],"ascension_level":1}}