{"host":"6jrd8fn9k88n08be","time":1611711227,"event":{"mods":["BaseMod","Minty Spire (QoL Compilation)","StSLib"],"gold_per_floor":[114,133,83,83,83,83,102,142,142,142,163,163,163,72,72,193,193,193,2,20,20,20,59,59,92,92,133,157,157,191,116,116,242,305,321,321,34,49,74,113,113,113,113,151,151,485,485,508,508,508,508,508,121,159,159,159],"floor_reached":55,"language":"ENG","playtime":3795,"items_purged":["Sucker Punch","Sucker Punch","Cloak And Dagger","Corpse Explosion"],"score":1020,"play_id":"54147a3b-112c-408c-83f8-1860a9195033","local_time":"20210126203347","is_ascension_mode":true,"campfire_choices":[{"data":"Glass Knife","floor":6.0,"key":"SMITH"},{"floor":13.0,"key":"REST"},{"data":"Phantasmal Killer","floor":15.0,"key":"SMITH"},{"data":"Calculated Gamble","floor":24.0,"key":"SMITH"},{"data":"Adrenaline","floor":29.0,"key":"SMITH"},{"floor":32.0,"key":"REST"},{"data":"Tools of the Trade","floor":41.0,"key":"SMITH"},{"floor":47.0,"key":"RECALL"},{"data":"Phantasmal Killer","floor":49.0,"key":"SMITH"},{"data":"Adrenaline","floor":52.0,"key":"SMITH"}],"circlet_count":0,"master_deck":["Survivor+1","Neutralize","Finisher","Adrenaline+1","Backstab+1","Glass Knife+1","Phantasmal Killer+1","Unload","Acrobatics","Blur","Escape Plan","Blur","Tools of the Trade+1","CurseOfTheBell","Night Terror+1","Calculated Gamble+1","Eviscerate+1","Shame","Adrenaline+1","Dagger Throw+1","Unload+1","Phantasmal Killer+1","Prepared","Footwork","Underhanded Strike+1","Blur","Underhanded Strike+1","Finesse","Finesse","Footwork+1","Blur","Prepared","Finesse","Acrobatics"],"relics":["Pandora\u0027s Box","Golden Idol","Smiling Mask","WingedGreaves","Molten Egg 2","HornCleat","Calling Bell","Tiny Chest","Eternal Feather","CaptainsWheel","Pen Nib","Mercury Hourglass","Sundial","Centennial Puzzle","Potion Belt","Kunai","Tiny House","Lee\u0027s Waffle","Blue Candle","Boot","Blood Vial","Art of War","Old Coin","Membership Card","Akabeko","Bottled Flame"],"acts_visited":["Exordium","TheCity","TheBeyond","TheEnding"],"potions_floor_usage":[],"damage_taken":[{"damage":0.0,"enemies":"2 Louse","floor":1.0,"turns":2.0},{"damage":0.0,"enemies":"Small Slimes","floor":2.0,"turns":2.0},{"damage":0.0,"enemies":"Jaw Worm","floor":7.0,"turns":1.0},{"damage":12.0,"enemies":"Lagavulin","floor":8.0,"turns":4.0},{"damage":6.0,"enemies":"Looter","floor":11.0,"turns":2.0},{"damage":7.0,"enemies":"Hexaghost","floor":16.0,"turns":9.0},{"damage":0.0,"enemies":"2 Thieves","floor":18.0,"turns":1.0},{"damage":0.0,"enemies":"Spheric Guardian","floor":20.0,"turns":3.0},{"damage":0.0,"enemies":"Book of Stabbing","floor":23.0,"turns":4.0},{"damage":15.0,"enemies":"Slavers","floor":25.0,"turns":5.0},{"damage":29.0,"enemies":"Gremlin Leader","floor":27.0,"turns":4.0},{"damage":17.0,"enemies":"Slavers","floor":30.0,"turns":3.0},{"damage":1.0,"enemies":"Champ","floor":33.0,"turns":5.0},{"damage":14.0,"enemies":"3 Darklings","floor":35.0,"turns":3.0},{"damage":0.0,"enemies":"3 Shapes","floor":38.0,"turns":3.0},{"damage":0.0,"enemies":"Maw","floor":39.0,"turns":5.0},{"damage":12.0,"enemies":"Nemesis","floor":40.0,"turns":5.0},{"damage":18.0,"enemies":"Reptomancer","floor":44.0,"turns":5.0},{"damage":2.0,"enemies":"Nemesis","floor":46.0,"turns":3.0},{"damage":0.0,"enemies":"Writhing Mass","floor":48.0,"turns":4.0},{"damage":40.0,"enemies":"Awakened One","floor":50.0,"turns":12.0},{"damage":78.0,"enemies":"Shield and Spear","floor":54.0,"turns":8.0},{"damage":6,"enemies":"The Heart","floor":55,"turns":1}],"seed_played":"-4759359666540362794","potions_obtained":[{"floor":2.0,"key":"SneckoOil"},{"floor":8.0,"key":"SmokeBomb"},{"floor":16.0,"key":"SteroidPotion"},{"floor":23.0,"key":"DuplicationPotion"},{"floor":30.0,"key":"Poison Potion"},{"floor":33.0,"key":"DuplicationPotion"},{"floor":34.0,"key":"SpeedPotion"},{"floor":38.0,"key":"DistilledChaos"},{"floor":44.0,"key":"Block Potion"},{"floor":46.0,"key":"Explosive Potion"},{"floor":48.0,"key":"LiquidMemories"}],"is_trial":false,"path_per_floor":["M","M","?","?","?","R","M","E","T","?","M","T","R","$","R","B",null,"M","$","M","?","?","E","R","E","T","E","T","R","E","?","R","B",null,"M","?","$","M","M","E","R","?","T","E","T","E","R","M","R","B",null,"R","$","E","B"],"character_chosen":"THE_SILENT","items_purchased":["Blur","Night Terror","Lee\u0027s Waffle","Footwork","Membership Card","Prepared","Akabeko","Finesse","Ancient Potion"],"campfire_rested":2,"item_purchase_floors":[14,19,37,37,53,53,53,53,53],"current_hp_per_floor":[70,70,70,53,50,50,50,38,38,24,18,18,39,39,39,32,70,70,70,70,70,70,70,70,55,55,26,26,38,21,21,54,53,75,61,61,82,82,82,70,82,77,77,59,59,59,77,79,82,42,82,82,82,4,0,0],"gold":159,"neow_bonus":"BOSS_RELIC","is_daily":false,"chose_seed":false,"campfire_upgraded":7,"win_rate":0.0,"timestamp":1611711227,"path_taken":["M","M","?","?","?","R","?","E","T","?","M","?","R","$","R","BOSS","M","$","?","?","?","E","R","E","T","E","?","R","E","?","R","BOSS","M","?","$","M","M","E","R","?","T","E","?","E","R","M","R","BOSS","R","$","E","BOSS"],"items_purchased_type":["Card","Card","Relic","Card","Relic","Card","Relic","Card","Potion"],"build_version":"2020-12-22","purchased_purges":4,"victory":false,"max_hp_per_floor":[70,70,70,70,70,70,70,70,70,70,70,70,70,70,70,70,70,70,70,70,70,70,70,70,70,70,70,70,70,70,70,70,70,75,75,75,82,82,82,82,82,82,82,82,82,82,82,82,82,82,82,82,82,82,82,82],"card_choices":[{"not_picked":["Blade Dance","Underhanded Strike"],"picked":"Acrobatics","floor":1.0},{"not_picked":["Slice","Acrobatics"],"picked":"Corpse Explosion","floor":2.0},{"not_picked":["Calculated Gamble","Backstab"],"picked":"Blur","floor":7.0},{"not_picked":["Blade Dance","Footwork"],"picked":"Cloak And Dagger","floor":8.0},{"not_picked":["Deflect","Dagger Spray+1"],"picked":"Escape Plan","floor":11.0},{"not_picked":["Bullet Time","Corpse Explosion"],"picked":"Tools of the Trade","floor":16.0},{"not_picked":["Dash+1","All Out Attack+1"],"picked":"Calculated Gamble","floor":20.0},{"not_picked":["Deadly Poison","PiercingWail+1","Riddle With Holes+1"],"picked":"SKIP","floor":23.0},{"not_picked":["Slice+1","Dagger Throw+1"],"picked":"Adrenaline","floor":25.0},{"not_picked":["Quick Slash+1","Sucker Punch+1"],"picked":"Dagger Throw+1","floor":27.0},{"not_picked":["Dagger Spray+1","Bane+1"],"picked":"Unload+1","floor":30.0},{"not_picked":["Die Die Die+1","Envenom"],"picked":"Phantasmal Killer","floor":33.0},{"not_picked":["Dagger Throw+1","Blur"],"picked":"Prepared","floor":35.0},{"not_picked":["Choke+1","Well Laid Plans"],"picked":"Underhanded Strike+1","floor":38.0},{"not_picked":["PiercingWail","Dodge and Roll"],"picked":"Blur","floor":39.0},{"not_picked":["Slice+1","Predator+1"],"picked":"Underhanded Strike+1","floor":40.0},{"not_picked":["Flash of Steel+1","Impatience"],"picked":"Finesse","floor":42.0},{"not_picked":["Impatience","Trip"],"picked":"Finesse","floor":42.0},{"not_picked":["Bane+1","Leg Sweep","PiercingWail"],"picked":"SKIP","floor":44.0},{"not_picked":["Tools of the Trade","Slice+1"],"picked":"Footwork+1","floor":46.0},{"not_picked":["Cloak And Dagger","Reflex"],"picked":"Blur","floor":48.0},{"not_picked":["Predator+1","Slice+1"],"picked":"Acrobatics","floor":54.0}],"player_experience":123507,"relics_obtained":[{"floor":8.0,"key":"WingedGreaves"},{"floor":9.0,"key":"Molten Egg 2"},{"floor":12.0,"key":"HornCleat"},{"floor":17.0,"key":"Tiny Chest"},{"floor":17.0,"key":"Eternal Feather"},{"floor":17.0,"key":"CaptainsWheel"},{"floor":23.0,"key":"Mercury Hourglass"},{"floor":25.0,"key":"Sundial"},{"floor":27.0,"key":"Centennial Puzzle"},{"floor":28.0,"key":"Potion Belt"},{"floor":30.0,"key":"Kunai"},{"floor":40.0,"key":"Blue Candle"},{"floor":43.0,"key":"Boot"},{"floor":44.0,"key":"Blood Vial"},{"floor":45.0,"key":"Art of War"},{"floor":46.0,"key":"Old Coin"},{"floor":54.0,"key":"Bottled Flame"}],"event_choices":[{"cards_removed":["Flechettes"],"damage_healed":0.0,"max_hp_gain":0.0,"max_hp_loss":0.0,"gold_gain":0.0,"event_name":"The Cleric","player_choice":"Card Removal","floor":3.0,"gold_loss":50.0,"damage_taken":0.0},{"damage_healed":0.0,"max_hp_gain":0.0,"max_hp_loss":0.0,"gold_gain":0.0,"event_name":"Golden Idol","player_choice":"Take Damage","floor":4.0,"gold_loss":0.0,"damage_taken":17.0,"relics_obtained":["Golden Idol"]},{"damage_healed":0.0,"max_hp_gain":0.0,"max_hp_loss":0.0,"gold_gain":0.0,"event_name":"Scrap Ooze","player_choice":"Success","floor":5.0,"gold_loss":0.0,"damage_taken":3.0,"relics_obtained":["Smiling Mask"]},{"damage_healed":0.0,"max_hp_gain":0.0,"max_hp_loss":0.0,"gold_gain":0.0,"event_name":"Shining Light","player_choice":"Entered Light","floor":10.0,"gold_loss":0.0,"damage_taken":14.0,"cards_upgraded":["Survivor","Backstab"]},{"damage_healed":0.0,"max_hp_gain":0.0,"max_hp_loss":0.0,"gold_gain":0.0,"event_name":"The Library","player_choice":"Read","floor":21.0,"gold_loss":0.0,"damage_taken":0.0,"cards_obtained":["Eviscerate"]},{"damage_healed":0.0,"max_hp_gain":0.0,"max_hp_loss":0.0,"gold_gain":0.0,"event_name":"Addict","player_choice":"Stole Relic","floor":22.0,"gold_loss":0.0,"damage_taken":0.0,"relics_obtained":["Pen Nib"],"cards_obtained":["Shame"]},{"cards_removed":["Quick Slash"],"damage_healed":0.0,"max_hp_gain":0.0,"max_hp_loss":0.0,"gold_gain":0.0,"event_name":"Beggar","player_choice":"Gave Gold","floor":31.0,"gold_loss":75.0,"damage_taken":0.0},{"damage_healed":0.0,"max_hp_gain":0.0,"max_hp_loss":0.0,"gold_gain":0.0,"event_name":"Tomb of Lord Red Mask","player_choice":"Ignored","floor":36.0,"gold_loss":0.0,"damage_taken":0.0},{"damage_healed":0.0,"max_hp_gain":0.0,"max_hp_loss":0.0,"gold_gain":0.0,"event_name":"SensoryStone","player_choice":"Memory 2","floor":42.0,"gold_loss":0.0,"damage_taken":5.0}],"is_beta":false,"boss_relics":[{"not_picked":["Snecko Eye","Philosopher\u0027s Stone"],"picked":"Calling Bell"},{"not_picked":["Black Star","Velvet Choker"],"picked":"Tiny House"}],"items_purged_floors":[14,19,37,53],"is_endless":false,"potions_floor_spawned":[2,8,16,23,30,33,38,44,46,48],"killed_by":"The Heart","ascension_level":3}}