{"host":"gltm229u6j2oow3a","time":1611744034,"event":{"mods":["BaseMod","Colored Powertips","Minty Spire (QoL Compilation)","[IsaacMod]ÒÔÈö¼âËþ"],"gold_per_floor":[110,110,122,122,129,177,193,234,234,359,359,400,449,512,512,642,642,673,739,800,821,821],"floor_reached":21,"language":"ZHS","playtime":823,"items_purged":["Regret"],"score":314,"play_id":"1422cb0c-c738-4a3c-ba3c-1d4016bb847c","local_time":"20210127184034","is_ascension_mode":true,"campfire_choices":[{"data":"DoctorFetus","floor":15,"key":"SMITH"}],"circlet_count":0,"master_deck":["Strike_R","Strike_R","Strike_R","Strike_R","Strike_R","Defend_R","Defend_R","Defend_R","Defend_R","Bash","DoctorFetus+1","Metallicize","Bloodletting","Impervious","Shrug It Off","Headbutt","Flex","Armaments","Demon Form","Burning Pact","Barricade","Apotheosis","Offering","Entrench","Body Slam+1","Dual Wield"],"relics":["Burning Blood","HushsDoor","SalivaCoin","NeowsBlessing","Bronze Scales","Paper Frog","Golden Idol","Red Skull","DeathBook","SlaversCollar"],"acts_visited":["Exordium","TheCity"],"potions_floor_usage":[],"damage_taken":[{"damage":0.0,"enemies":"Cultist","floor":1.0,"turns":1.0},{"damage":0.0,"enemies":"Jaw Worm","floor":3.0,"turns":1.0},{"damage":2.0,"enemies":"Lagavulin","floor":6.0,"turns":2.0},{"damage":0.0,"enemies":"2 Louse","floor":7.0,"turns":3.0},{"damage":13.0,"enemies":"Exordium Wildlife","floor":8.0,"turns":8.0},{"damage":6,"enemies":"Large Slime","floor":12,"turns":7},{"damage":13,"enemies":"Red Slaver","floor":13,"turns":6},{"damage":38,"enemies":"Exordium Thugs","floor":14,"turns":6},{"damage":3,"enemies":"Slime Boss","floor":16,"turns":4},{"damage":37,"enemies":"2 Thieves","floor":18,"turns":5},{"damage":13,"enemies":"3 Byrds","floor":19,"turns":3},{"damage":41,"enemies":"Centurion and Healer","floor":20,"turns":7},{"damage":22,"enemies":"Snecko","floor":21,"turns":5}],"seed_played":"2960871806991592643","potions_obtained":[{"floor":3.0,"key":"Strength Potion"},{"floor":6.0,"key":"SteroidPotion"},{"floor":13,"key":"PowerPotion"},{"floor":14,"key":"Dexterity Potion"},{"floor":16,"key":"FairyPotion"},{"floor":20,"key":"ElixirPotion"}],"is_trial":false,"path_per_floor":["M","T","M","?","?","E","M","M","T","?","$","M","M","M","R","B",null,"M","M","M","M"],"character_chosen":"IRONCLAD","items_purchased":["Apotheosis","Offering"],"campfire_rested":0,"item_purchase_floors":[17,17],"current_hp_per_floor":[80,80,80,80,60,64,70,63,63,63,63,63,56,24,24,27,66,35,28,19,0,0],"gold":821,"neow_bonus":"THREE_ENEMY_KILL","is_daily":false,"chose_seed":false,"campfire_upgraded":1,"win_rate":0.0,"timestamp":1611744034,"path_taken":["M","?","M","?","?","E","M","M","T","?","$","?","M","M","R","BOSS","M","M","M","M"],"items_purchased_type":["Card","Card"],"build_version":"2020-12-22","purchased_purges":1,"victory":false,"max_hp_per_floor":[80,80,80,80,80,80,80,80,80,80,80,80,80,80,80,80,66,66,66,66,66,66],"card_choices":[{"not_picked":[],"picked":"DoctorFetus","floor":0.0},{"not_picked":["Clash","Cleave"],"picked":"Metallicize","floor":1.0},{"not_picked":["Twin Strike","Rupture"],"picked":"Bloodletting","floor":3.0},{"not_picked":["Warcry","Anger"],"picked":"Impervious","floor":6.0},{"not_picked":["Cleave","True Grit"],"picked":"Shrug It Off","floor":7.0},{"not_picked":["Rampage","Anger"],"picked":"Headbutt","floor":8.0},{"not_picked":["Clothesline","Clash"],"picked":"Flex","floor":10.0},{"not_picked":["Rampage","Body Slam"],"picked":"Armaments","floor":12},{"not_picked":["Armaments","Cleave"],"picked":"Demon Form","floor":13},{"not_picked":["Heavy Blade","Twin Strike"],"picked":"Burning Pact","floor":14},{"not_picked":["Fiend Fire","Limit Break"],"picked":"Barricade","floor":16},{"not_picked":["Searing Blow","Headbutt"],"picked":"Entrench","floor":18},{"not_picked":["Shockwave","Warcry"],"picked":"Body Slam+1","floor":19},{"not_picked":["Hemokinesis","Inflame"],"picked":"Dual Wield","floor":20}],"player_experience":104751,"relics_obtained":[{"floor":2.0,"key":"Bronze Scales"},{"floor":6.0,"key":"Red Skull"},{"floor":9.0,"key":"DeathBook"}],"event_choices":[{"damage_healed":0.0,"max_hp_gain":0.0,"max_hp_loss":0.0,"gold_gain":0.0,"event_name":"Big Fish","player_choice":"Box","floor":4.0,"gold_loss":0.0,"damage_taken":0.0,"relics_obtained":["Paper Frog"],"cards_obtained":["Regret"]},{"damage_healed":0.0,"max_hp_gain":0.0,"max_hp_loss":0.0,"gold_gain":0.0,"event_name":"Golden Idol","player_choice":"Take Damage","floor":5.0,"gold_loss":0.0,"damage_taken":20.0,"relics_obtained":["Golden Idol"]}],"is_beta":false,"boss_relics":[{"not_picked":["Cursed Key","Runic Dome"],"picked":"SlaversCollar"},{"not_picked":[]}],"items_purged_floors":[17],"is_endless":false,"potions_floor_spawned":[3,6,13,14,16,18,20],"killed_by":"Snecko","ascension_level":2}}