{"host":"9jlpuac4fbmnfsvb","time":1611763231,"event":{"mods":["BaseMod","Minty Spire (QoL Compilation)"],"gold_per_floor":[118,118,118,129,147,176,176,196,196,196,227,241,241,257,257,360,360,374,374,385,385,109,109,123,142,142,153,184,198,211,228,228,328,328,347,363,377,388,388,414,437,452,452,452,469,469,131,131,131,228,228,240,240,115,115,130,160,172,184,184,210,238,238,238,257,257,357,357,374,386,412,428,442,472,472,482,514,13,25,35,49,83,83,185,185,201,212,212,212,228,228,228,245,274,285,335,346,375,388,388,388,388],"floor_reached":101,"language":"ENG","playtime":5062,"items_purged":["Strike_R","Strike_R","Defend_R","Defend_R"],"score":2150,"play_id":"d4fae212-2821-4a11-a386-277b2549f878","local_time":"20210127190031","daily_mods":["Heirloom"],"is_ascension_mode":false,"campfire_choices":[{"data":"Reaper","floor":7.0,"key":"SMITH"},{"data":"Shockwave","floor":13.0,"key":"SMITH"},{"data":"Entrench","floor":15.0,"key":"SMITH"},{"data":"Iron Wave","floor":23.0,"key":"SMITH"},{"data":"Demon Form","floor":32.0,"key":"SMITH"},{"data":"1","floor":44,"key":"LIFT"},{"data":"2","floor":46,"key":"LIFT"},{"data":"3","floor":49,"key":"LIFT"},{"data":"Barricade","floor":63,"key":"SMITH"},{"data":"Heavy Blade","floor":66,"key":"SMITH"},{"data":"Limit Break","floor":75,"key":"SMITH"},{"data":"Rupture","floor":83,"key":"SMITH"},{"data":"Searing Blow","floor":91,"key":"SMITH"},{"data":"Bludgeon","floor":100,"key":"SMITH"}],"circlet_count":0,"master_deck":["Strike_R+1","Defend_R+1","Defend_R+1","Bash","Thunderclap","Shockwave+1","Reaper+1","Cleave","Feel No Pain","Entrench+1","Ghostly Armor","Impervious","Body Slam+1","RitualDagger+1","Iron Wave+1","Iron Wave+1","Body Slam+1","Demon Form+1","Pommel Strike+1","Carnage+1","Pommel Strike+1","Rage","Heavy Blade+1","Barricade+1","Searing Blow+1","Combust","Limit Break+1","Carnage","Rupture+1","Pommel Strike+1","Metallicize","Mayhem","Bludgeon+1","Heavy Blade+1","Heavy Blade+1","Madness","Madness","Metallicize+1","Uppercut+1","Bludgeon"],"relics":["Black Blood","StoneCalendar","Self Forming Clay","Mercury Hourglass","Mango","Tiny Chest","Anchor","Bag of Preparation","Kunai","Coffee Dripper","Girya","Oddly Smooth Stone","Pantograph","Matryoshka","SacredBark","Akabeko","Strawberry","Snecko Eye","HandDrill","Sozu","Pocketwatch"],"acts_visited":["Exordium","TheCity","TheBeyond","Exordium","TheCity","TheBeyond"],"potions_floor_usage":[40,101],"damage_taken":[{"damage":1.0,"enemies":"Cultist","floor":1.0,"turns":3.0},{"damage":0.0,"enemies":"2 Louse","floor":4.0,"turns":3.0},{"damage":0.0,"enemies":"Jaw Worm","floor":5.0,"turns":3.0},{"damage":28.0,"enemies":"3 Sentries","floor":6.0,"turns":7.0},{"damage":4.0,"enemies":"Blue Slaver","floor":8.0,"turns":5.0},{"damage":29.0,"enemies":"Lagavulin","floor":11.0,"turns":7.0},{"damage":0.0,"enemies":"Exordium Wildlife","floor":12.0,"turns":3.0},{"damage":13.0,"enemies":"Exordium Thugs","floor":14.0,"turns":4.0},{"damage":6.0,"enemies":"Slime Boss","floor":16.0,"turns":7.0},{"damage":24.0,"enemies":"3 Byrds","floor":18.0,"turns":5.0},{"damage":5.0,"enemies":"Chosen","floor":20.0,"turns":7.0},{"damage":25.0,"enemies":"Snecko","floor":24.0,"turns":7.0},{"damage":13.0,"enemies":"Centurion and Healer","floor":25.0,"turns":7.0},{"damage":6.0,"enemies":"Cultist and Chosen","floor":27.0,"turns":5.0},{"damage":4.0,"enemies":"Slavers","floor":28.0,"turns":4.0},{"damage":1.0,"enemies":"Chosen and Byrds","floor":29.0,"turns":7.0},{"damage":10.0,"enemies":"Sentry and Sphere","floor":30.0,"turns":7.0},{"damage":18.0,"enemies":"Snake Plant","floor":31.0,"turns":5.0},{"damage":41.0,"enemies":"Champ","floor":33.0,"turns":8.0},{"damage":12,"enemies":"3 Shapes","floor":35,"turns":3},{"damage":10,"enemies":"3 Darklings","floor":36,"turns":3},{"damage":22,"enemies":"Writhing Mass","floor":37,"turns":7},{"damage":17,"enemies":"Jaw Worm Horde","floor":38,"turns":3},{"damage":2,"enemies":"Reptomancer","floor":40,"turns":5},{"damage":0,"enemies":"4 Shapes","floor":42,"turns":3},{"damage":21,"enemies":"Transient","floor":45,"turns":5},{"damage":62,"enemies":"Donu and Deca","floor":50,"turns":7},{"damage":0,"enemies":"Jaw Worm","floor":52,"turns":1},{"damage":0,"enemies":"2 Louse","floor":56,"turns":2},{"damage":18,"enemies":"Lagavulin","floor":57,"turns":4},{"damage":0,"enemies":"Cultist","floor":58,"turns":1},{"damage":0,"enemies":"2 Fungi Beasts","floor":59,"turns":2},{"damage":0,"enemies":"3 Sentries","floor":61,"turns":3},{"damage":0,"enemies":"Gremlin Nob","floor":62,"turns":2},{"damage":0,"enemies":"3 Louse","floor":65,"turns":1},{"damage":2,"enemies":"Slime Boss","floor":67,"turns":7},{"damage":15,"enemies":"Shell Parasite","floor":69,"turns":2},{"damage":0,"enemies":"Chosen","floor":70,"turns":2},{"damage":18,"enemies":"Slavers","floor":71,"turns":3},{"damage":16,"enemies":"Centurion and Healer","floor":72,"turns":4},{"damage":0,"enemies":"Chosen and Byrds","floor":73,"turns":3},{"damage":0,"enemies":"Book of Stabbing","floor":74,"turns":2},{"damage":0,"enemies":"Snecko","floor":76,"turns":2},{"damage":19,"enemies":"Slavers","floor":77,"turns":3},{"damage":13,"enemies":"Centurion and Healer","floor":79,"turns":4},{"damage":9,"enemies":"3 Cultists","floor":80,"turns":3},{"damage":0,"enemies":"Shelled Parasite and Fungi","floor":81,"turns":2},{"damage":0,"enemies":"Gremlin Leader","floor":82,"turns":3},{"damage":70,"enemies":"Collector","floor":84,"turns":4},{"damage":1,"enemies":"3 Shapes","floor":86,"turns":2},{"damage":0,"enemies":"Orb Walker","floor":87,"turns":2},{"damage":4,"enemies":"4 Shapes","floor":90,"turns":2},{"damage":0,"enemies":"Sphere and 2 Shapes","floor":93,"turns":2},{"damage":9,"enemies":"Giant Head","floor":94,"turns":5},{"damage":36,"enemies":"Spire Growth","floor":95,"turns":3},{"damage":3,"enemies":"Mind Bloom Boss Battle","floor":96,"turns":3},{"damage":3,"enemies":"Maw","floor":97,"turns":4},{"damage":11,"enemies":"Reptomancer","floor":98,"turns":3},{"damage":20,"enemies":"Writhing Mass","floor":99,"turns":3},{"damage":146,"enemies":"Donu and Deca","floor":101,"turns":5}],"seed_played":"-4430003285566815158","potions_obtained":[{"floor":5.0,"key":"Ancient Potion"},{"floor":6.0,"key":"LiquidMemories"},{"floor":8.0,"key":"CultistPotion"},{"floor":20.0,"key":"SkillPotion"},{"floor":35,"key":"Fire Potion"},{"floor":42,"key":"Swift Potion"},{"floor":56,"key":"Explosive Potion"},{"floor":57,"key":"BloodPotion"},{"floor":70,"key":"SkillPotion"},{"floor":71,"key":"Dexterity Potion"}],"is_trial":true,"path_per_floor":["M","$","?","M","M","E","R","M","T","T","E","M","R","M","R","B",null,"M","?","M","?","$","R","M","M","T","M","E","M","M","M","R","B",null,"M","M","M","M","?","E","T","M","T","R","M","R","$","?","R","B",null,"M","?","$","?","M","E","M","M","T","E","E","R","?","M","R","B",null,"M","M","E","M","M","E","R","M","E","$","M","M","M","E","R","B",null,"M","M","?","?","M","R","$","M","E","M","?","M","E","M","R","B"],"character_chosen":"IRONCLAD","items_purchased":["Anchor","Iron Wave","Matryoshka","Mayhem","HandDrill"],"campfire_rested":0,"item_purchase_floors":[22,22,47,78,78],"current_hp_per_floor":[80,80,64,70,76,54,54,59,59,73,56,62,62,55,55,79,94,84,78,88,88,88,88,75,88,88,94,94,94,94,88,88,59,94,94,94,91,86,86,94,94,94,94,94,85,85,85,85,85,44,94,94,87,87,68,80,86,94,94,101,101,101,101,101,101,101,101,101,101,101,95,91,101,101,101,101,94,94,93,96,101,101,101,43,101,101,101,88,88,101,101,101,101,101,77,101,101,101,93,93,0,0],"gold":388,"neow_bonus":"","is_daily":false,"chose_seed":false,"campfire_upgraded":11,"win_rate":0.0,"timestamp":1611763231,"path_taken":["M","?","?","M","M","E","R","M","T","?","E","M","R","M","R","BOSS","M","?","M","?","$","R","M","M","T","M","E","M","M","M","R","BOSS","M","M","M","M","?","E","?","M","T","R","M","R","$","?","R","BOSS","M","?","$","?","M","E","M","M","T","?","E","R","?","M","R","BOSS","M","M","?","M","M","E","R","?","E","$","M","M","M","?","R","BOSS","M","M","?","?","M","R","$","M","E","M","?","M","?","?","R","BOSS"],"items_purchased_type":["Relic","Card","Relic","Card","Relic"],"build_version":"2020-12-22","purchased_purges":4,"victory":false,"max_hp_per_floor":[80,80,80,80,80,80,80,80,80,94,94,94,94,94,94,94,94,94,94,94,94,94,94,94,94,94,94,94,94,94,94,94,94,94,94,94,94,94,94,94,94,94,94,94,94,94,94,94,94,94,94,94,94,94,94,94,94,94,94,101,101,101,101,101,101,101,101,101,101,101,101,101,101,101,101,101,101,101,101,101,101,101,101,101,101,101,101,101,101,101,101,101,101,101,101,101,101,101,101,101,101,101],"card_choices":[{"not_picked":["Body Slam","Clothesline"],"picked":"Thunderclap","floor":1.0},{"not_picked":["Power Through","Wild Strike","Heavy Blade"],"picked":"SKIP","floor":4.0},{"not_picked":["Sever Soul","True Grit"],"picked":"Shockwave","floor":5.0},{"not_picked":["Thunderclap","Sentinel"],"picked":"Reaper","floor":6.0},{"not_picked":["Whirlwind","Wild Strike"],"picked":"Cleave","floor":8.0},{"not_picked":["Infernal Blade","Blood for Blood"],"picked":"Feel No Pain","floor":11.0},{"not_picked":["Heavy Blade","Clash"],"picked":"Entrench","floor":12.0},{"not_picked":["Clothesline","Pommel Strike"],"picked":"Ghostly Armor","floor":14.0},{"not_picked":["Immolate","Feed"],"picked":"Impervious","floor":16.0},{"not_picked":["Wild Strike","Whirlwind"],"picked":"Body Slam","floor":18.0},{"not_picked":["Hemokinesis+1","Burning Pact+1"],"picked":"Dropkick","floor":20.0},{"not_picked":["Bloodletting","Burning Pact"],"picked":"Iron Wave+1","floor":24.0},{"not_picked":["Flex","Burning Pact+1"],"picked":"Body Slam+1","floor":25.0},{"not_picked":["Uppercut","Evolve"],"picked":"Demon Form","floor":27.0},{"not_picked":["Rampage+1","Warcry","Cleave"],"picked":"SKIP","floor":28.0},{"not_picked":["Havoc","Heavy Blade","Iron Wave+1"],"picked":"SKIP","floor":29.0},{"not_picked":["Wild Strike","Flex"],"picked":"Pommel Strike+1","floor":30.0},{"not_picked":["Uppercut+1","Warcry","Thunderclap"],"picked":"SKIP","floor":31.0},{"not_picked":["Demon Form","Double Tap"],"picked":"Bludgeon","floor":33.0},{"not_picked":["Clash+1","Flex+1"],"picked":"Carnage+1","floor":35},{"not_picked":["Armaments+1","Thunderclap","Iron Wave"],"picked":"SKIP","floor":36},{"not_picked":["Wild Strike","Warcry","Infernal Blade"],"picked":"SKIP","floor":37},{"not_picked":["Hemokinesis","Infernal Blade+1"],"picked":"Pommel Strike+1","floor":38},{"not_picked":["Intimidate+1","Clothesline+1","Seeing Red+1"],"picked":"SKIP","floor":40},{"not_picked":["Flex","Sword Boomerang+1","Sever Soul"],"picked":"SKIP","floor":42},{"not_picked":["Cleave","Wild Strike"],"picked":"Rage","floor":45},{"not_picked":["Shockwave","Reckless Charge","Armaments"],"picked":"SKIP","floor":52},{"not_picked":["Cleave","Wild Strike"],"picked":"Heavy Blade","floor":56},{"not_picked":["Anger","Ghostly Armor"],"picked":"Barricade","floor":57},{"not_picked":["Clothesline","Body Slam","Heavy Blade"],"picked":"SKIP","floor":58},{"not_picked":["Seeing Red","Blood for Blood","True Grit"],"picked":"SKIP","floor":59},{"not_picked":["Clothesline","Iron Wave","Pommel Strike"],"picked":"SKIP","floor":61},{"not_picked":["Iron Wave","Armaments"],"picked":"Searing Blow","floor":62},{"not_picked":["Sentinel","Exhume"],"picked":"Combust","floor":65},{"not_picked":["Fiend Fire","Offering"],"picked":"Limit Break","floor":67},{"not_picked":["Blood for Blood","Flex"],"picked":"Carnage","floor":69},{"not_picked":["Rage","Thunderclap","Shockwave"],"picked":"SKIP","floor":70},{"not_picked":["Armaments","Warcry"],"picked":"Rupture","floor":71},{"not_picked":["Dual Wield+1","Wild Strike+1"],"picked":"Pommel Strike+1","floor":72},{"not_picked":["Pummel","Flame Barrier"],"picked":"Metallicize","floor":73},{"not_picked":["Anger","Battle Trance","Clothesline"],"picked":"SKIP","floor":74},{"not_picked":["Wild Strike","Clothesline","Twin Strike+1"],"picked":"SKIP","floor":76},{"not_picked":["Thunderclap","Body Slam","Fiend Fire"],"picked":"SKIP","floor":77},{"not_picked":["Warcry+1","Clothesline+1","Thunderclap"],"picked":"SKIP","floor":79},{"not_picked":["Reckless Charge+1","Whirlwind","True Grit+1"],"picked":"SKIP","floor":80},{"not_picked":["Infernal Blade","Power Through","Searing Blow"],"picked":"SKIP","floor":81},{"not_picked":["Flex","Headbutt","Combust"],"picked":"SKIP","floor":82},{"not_picked":["Exhume","Corruption"],"picked":"Bludgeon","floor":84},{"not_picked":["Body Slam","Flex"],"picked":"Heavy Blade+1","floor":86},{"not_picked":["Hemokinesis","Flex+1"],"picked":"Heavy Blade+1","floor":87},{"not_picked":["Shrug It Off+1","Cleave"],"picked":"Metallicize+1","floor":90},{"not_picked":["Battle Trance","Second Wind+1","Havoc"],"picked":"SKIP","floor":93},{"not_picked":["Cleave","Flame Barrier","Armaments+1"],"picked":"SKIP","floor":94},{"not_picked":["Warcry+1","Intimidate+1","Rupture"],"picked":"SKIP","floor":95},{"not_picked":["Body Slam+1","Cleave+1"],"picked":"Uppercut+1","floor":96},{"not_picked":["Searing Blow","Sentinel+1","Carnage"],"picked":"SKIP","floor":97},{"not_picked":["Clothesline","Clash+1"],"picked":"Bludgeon","floor":98},{"not_picked":["Sword Boomerang","True Grit","Rampage+1"],"picked":"SKIP","floor":99}],"player_experience":60461,"relics_obtained":[{"floor":6.0,"key":"Self Forming Clay"},{"floor":9.0,"key":"Mercury Hourglass"},{"floor":10.0,"key":"Mango"},{"floor":11.0,"key":"Tiny Chest"},{"floor":26.0,"key":"Bag of Preparation"},{"floor":28.0,"key":"Kunai"},{"floor":40,"key":"Girya"},{"floor":41,"key":"Oddly Smooth Stone"},{"floor":43,"key":"Pantograph"},{"floor":60,"key":"Akabeko"},{"floor":60,"key":"Strawberry"},{"floor":96,"key":"Pocketwatch"}],"event_choices":[{"damage_healed":0.0,"max_hp_gain":0.0,"max_hp_loss":0.0,"gold_gain":0.0,"event_name":"Shining Light","player_choice":"Entered Light","floor":3.0,"gold_loss":0.0,"damage_taken":16.0,"cards_upgraded":["Defend_R","Defend_R"]},{"damage_healed":0.0,"max_hp_gain":0.0,"max_hp_loss":0.0,"gold_gain":0.0,"event_name":"Nest","player_choice":"Joined the Cult","floor":19.0,"gold_loss":0.0,"damage_taken":6.0,"cards_obtained":["RitualDagger"]},{"damage_healed":0.0,"max_hp_gain":0.0,"max_hp_loss":0.0,"gold_gain":0.0,"event_name":"Accursed Blacksmith","player_choice":"Forge","floor":21.0,"gold_loss":0.0,"damage_taken":0.0,"cards_upgraded":["Body Slam"]},{"cards_removed":["Strike_R"],"damage_healed":0,"gold_gain":0,"player_choice":"Purged","damage_taken":0,"max_hp_gain":0,"max_hp_loss":0,"event_name":"Purifier","floor":39,"gold_loss":0},{"cards_removed":["Bludgeon"],"damage_healed":0,"gold_gain":0,"player_choice":"Removed Attack","damage_taken":0,"max_hp_gain":0,"max_hp_loss":0,"event_name":"Falling","floor":48,"gold_loss":0},{"cards_removed":["Strike_R"],"damage_healed":0,"gold_gain":0,"player_choice":"Card Removal","damage_taken":7,"max_hp_gain":0,"max_hp_loss":0,"event_name":"Golden Wing","floor":53,"gold_loss":0},{"damage_healed":0,"gold_gain":0,"player_choice":"Entered Light","damage_taken":19,"max_hp_gain":0,"max_hp_loss":0,"event_name":"Shining Light","floor":55,"gold_loss":0,"cards_upgraded":["RitualDagger","Strike_R"]},{"damage_healed":0,"gold_gain":0,"player_choice":"Bought 0 Potions","damage_taken":0,"max_hp_gain":0,"max_hp_loss":0,"event_name":"The Woman in Blue","floor":64,"gold_loss":0},{"damage_healed":0,"gold_gain":0,"player_choice":"Embrace Madness","damage_taken":13,"max_hp_gain":0,"max_hp_loss":0,"event_name":"Winding Halls","floor":88,"gold_loss":0,"cards_obtained":["Madness","Madness"]},{"cards_removed":["Dropkick"],"damage_healed":0,"gold_gain":0,"player_choice":"Removed Attack","damage_taken":0,"max_hp_gain":0,"max_hp_loss":0,"event_name":"Falling","floor":89,"gold_loss":0},{"damage_healed":0,"gold_gain":0,"player_choice":"Fight","damage_taken":0,"max_hp_gain":0,"max_hp_loss":0,"event_name":"MindBloom","floor":96,"gold_loss":0}],"is_beta":false,"boss_relics":[{"not_picked":["Fusion Hammer","Sozu"],"picked":"Black Blood"},{"not_picked":["Busted Crown","Velvet Choker"],"picked":"Coffee Dripper"},{"not_picked":["Runic Pyramid","Mark of Pain"],"picked":"SacredBark"},{"not_picked":["Cursed Key","Fusion Hammer"],"picked":"Snecko Eye"},{"not_picked":["Mark of Pain","Pandora\u0027s Box"],"picked":"Sozu"}],"items_purged_floors":[22,47,54,78],"is_endless":true,"potions_floor_spawned":[5,6,8,11,12,20,27,28,30,31,35,38,42,45,56,57,59,65,70,71,72,73,81,87,93,95,96,98],"killed_by":"Donu and Deca","ascension_level":0}}