{"host":"00z1c2b3ygquf4t5","time":1611786385,"event":{"mods":["AchievementEnabler","Aspiration","BaseMod","Better Altar","Better Match","Better Skull","Better Third Choice","Displayed Cursed Tome","Hubris","Minty Spire (QoL Compilation)","Replay The Spire","Spicy Shops","StSLib"],"gold_per_floor":[110,110,129,129,149,183,183,227,227,227,4,25,25,25,25,25,25],"floor_reached":16,"language":"ENG","playtime":1320,"items_purged":["Injury"],"score":130,"play_id":"12af6c0b-243e-4e7c-b4c2-c16a6576c5fa","local_time":"20210127222625","is_ascension_mode":true,"campfire_choices":[{"data":"Entrench","floor":7,"key":"SMITH"},{"floor":10,"key":"REST"},{"floor":15,"key":"REST"}],"circlet_count":0,"master_deck":["Strike_R","Strike_R","Strike_R","Strike_R","Defend_R","Defend_R","Defend_R","Defend_R","Bash","Headbutt","Dropkick","Injury","Body Slam+1","Entrench+1","Run Through+1","Armaments"],"relics":["Burning Blood","aspiration:DSix","Golden Idol","Molten Egg 2","Question Card","Turnip","Replay:Bottled Flurry"],"acts_visited":["Exordium"],"potions_floor_usage":[6,8],"damage_taken":[{"damage":3.0,"enemies":"Small Slimes","floor":1.0,"turns":4.0},{"damage":19.0,"enemies":"Jaw Worm","floor":3.0,"turns":4.0},{"damage":2.0,"enemies":"2 Louse","floor":5.0,"turns":3.0},{"damage":30,"enemies":"Gremlin Nob","floor":6,"turns":4},{"damage":46,"enemies":"Lagavulin","floor":8,"turns":9},{"damage":6,"enemies":"Blue Slaver","floor":12,"turns":4},{"damage":65,"enemies":"Fading Forest","floor":16,"turns":7}],"seed_played":"4007008058185226681","potions_obtained":[{"floor":3.0,"key":"PowerPotion"},{"floor":6,"key":"Block Potion"}],"is_trial":false,"path_per_floor":["M","?","M","?","M","E","R","E","T","R","$","M","$","?","R","B"],"character_chosen":"IRONCLAD","items_purchased":["Replay:Bottled Flurry","Armaments"],"campfire_rested":2,"item_purchase_floors":[11,11],"current_hp_per_floor":[80,80,67,67,71,47,47,7,7,31,31,31,31,31,55,0,0],"gold":25,"neow_bonus":"DSIX","is_daily":false,"chose_seed":false,"campfire_upgraded":1,"win_rate":0.0,"timestamp":1611786385,"path_taken":["M","?","M","?","M","E","R","E","T","R","$","M","$","?","R","BOSS"],"items_purchased_type":["Relic","Card"],"build_version":"2020-12-22","purchased_purges":1,"victory":false,"max_hp_per_floor":[80,80,80,80,80,80,80,80,80,80,80,80,80,80,80,80,80],"card_choices":[{"not_picked":["Perfected Strike","Reckless Charge"],"picked":"Headbutt","floor":1.0},{"not_picked":["Sword Boomerang","Run Through"],"picked":"Dropkick","floor":3.0},{"not_picked":["Flex","Thunderclap+1"],"picked":"Body Slam+1","floor":5.0},{"not_picked":["Anger+1","Cleave+1"],"picked":"Entrench","floor":6},{"not_picked":["Limit Break","Wild Strike+1","ReplayTheSpireMod:Strike From Hell+1"],"picked":"Run Through+1","floor":8},{"not_picked":["Clash+1","Twin Strike+1","hubris:ReadiedAction","Havoc"],"picked":"SKIP","floor":12}],"player_experience":376457,"relics_obtained":[{"floor":6,"key":"Question Card"},{"floor":8,"key":"Turnip"}],"event_choices":[{"damage_healed":0.0,"max_hp_gain":0.0,"max_hp_loss":0.0,"gold_gain":0.0,"event_name":"Golden Idol","player_choice":"Take Wound","floor":2.0,"gold_loss":0.0,"damage_taken":0.0,"relics_obtained":["Golden Idol"],"cards_obtained":["Injury"]}],"is_beta":false,"boss_relics":[],"items_purged_floors":[11],"is_endless":false,"potions_floor_spawned":[3,6],"killed_by":"Fading Forest","ascension_level":4}}