{"host":"spdqkj9ykratwava","time":1611724752,"event":{"mods":["BaseMod","Block Reminder","Minty Spire (QoL Compilation)","Slay the Relics Exporter","StSLib"],"gold_per_floor":[119,130,148,162,182,214,214,240,285,315,331,331,346,362,362,463,463,481,500,516,536,536,567,567,578,578,592,592,592,592],"floor_reached":29,"language":"ENG","playtime":1376,"items_purged":[],"score":263,"play_id":"360e7c3d-51a4-4607-9854-f8aaf802e289","local_time":"20210126211912","is_ascension_mode":false,"campfire_choices":[{"data":"Ragnarok","floor":7.0,"key":"SMITH"},{"data":"Meditate","floor":12.0,"key":"SMITH"},{"data":"SandsOfTime","floor":15.0,"key":"SMITH"},{"floor":24.0,"key":"REST"},{"floor":28.0,"key":"REST"}],"circlet_count":0,"master_deck":["Strike_P","Strike_P","Strike_P","Defend_P","Defend_P","Defend_P","Eruption","Protect","JustLucky","Ragnarok+1","ClearTheMind","CrushJoints","SandsOfTime+1","CarveReality","Meditate+1","Study+1","TalkToTheHand","Establishment+1","FearNoEvil+1","SpiritShield+1","SashWhip+1","FlurryOfBlows","EmptyBody","Adaptation+1","Tantrum","WindmillStrike"],"relics":["PureWater","Oddly Smooth Stone","Shovel","Odd Mushroom","PreservedInsect","Frozen Egg 2","Astrolabe","Smiling Mask","StrikeDummy"],"acts_visited":["Exordium","TheCity"],"potions_floor_usage":[],"damage_taken":[{"damage":0.0,"enemies":"Cultist","floor":1.0,"turns":3.0},{"damage":2.0,"enemies":"Small Slimes","floor":2.0,"turns":3.0},{"damage":0.0,"enemies":"Jaw Worm","floor":3.0,"turns":4.0},{"damage":0.0,"enemies":"2 Fungi Beasts","floor":4.0,"turns":2.0},{"damage":1.0,"enemies":"Blue Slaver","floor":5.0,"turns":5.0},{"damage":14.0,"enemies":"Lagavulin","floor":6.0,"turns":7.0},{"damage":0.0,"enemies":"The Mushroom Lair","floor":8.0,"turns":2.0},{"damage":3.0,"enemies":"3 Sentries","floor":10.0,"turns":5.0},{"damage":0.0,"enemies":"Looter","floor":11.0,"turns":1.0},{"damage":2.0,"enemies":"Gremlin Gang","floor":13.0,"turns":5.0},{"damage":15.0,"enemies":"Exordium Thugs","floor":14.0,"turns":5.0},{"damage":7.0,"enemies":"The Guardian","floor":16.0,"turns":6.0},{"damage":20.0,"enemies":"2 Thieves","floor":18.0,"turns":3.0},{"damage":25.0,"enemies":"3 Byrds","floor":19.0,"turns":5.0},{"damage":6.0,"enemies":"Centurion and Healer","floor":20.0,"turns":6.0},{"damage":14.0,"enemies":"Snake Plant","floor":21.0,"turns":4.0},{"damage":5.0,"enemies":"Gremlin Leader","floor":23.0,"turns":5.0},{"damage":3.0,"enemies":"Shelled Parasite and Fungi","floor":25.0,"turns":4.0},{"damage":21.0,"enemies":"3 Cultists","floor":27.0,"turns":5.0},{"damage":41,"enemies":"Slavers","floor":29,"turns":4}],"seed_played":"-2765744070680882384","potions_obtained":[{"floor":2.0,"key":"LiquidBronze"},{"floor":5.0,"key":"SteroidPotion"},{"floor":6.0,"key":"Fruit Juice"},{"floor":8.0,"key":"LiquidBronze"},{"floor":23.0,"key":"Fire Potion"}],"is_trial":false,"path_per_floor":["M","M","M","M","M","E","R","?","T","E","M","R","M","M","R","B",null,"M","M","M","M","?","E","R","M","T","M","R","E"],"character_chosen":"WATCHER","items_purchased":[],"campfire_rested":2,"item_purchase_floors":[],"current_hp_per_floor":[72,70,70,70,69,60,60,60,60,57,57,57,55,40,40,33,77,57,32,26,12,12,7,30,27,27,6,29,0,0],"gold":592,"neow_bonus":"RANDOM_COMMON_RELIC","is_daily":false,"chose_seed":false,"campfire_upgraded":3,"win_rate":0.0,"timestamp":1611724752,"path_taken":["M","M","M","M","M","E","R","?","T","E","M","R","M","M","R","BOSS","M","M","M","M","?","E","R","M","T","M","R","E"],"items_purchased_type":[],"build_version":"2020-12-22","purchased_purges":0,"victory":false,"max_hp_per_floor":[72,72,72,72,72,77,77,77,77,77,77,77,77,77,77,77,77,77,77,77,77,77,77,77,77,77,77,77,77,77],"card_choices":[{"not_picked":["EmptyFist","EmptyBody"],"picked":"Protect","floor":1.0},{"not_picked":["Prostrate","Adaptation"],"picked":"JustLucky","floor":2.0},{"not_picked":["EmptyBody","ThirdEye"],"picked":"Ragnarok","floor":3.0},{"not_picked":["Evaluate","Wireheading"],"picked":"ClearTheMind","floor":4.0},{"not_picked":["ThirdEye","Adaptation"],"picked":"CrushJoints","floor":5.0},{"not_picked":["ThirdEye","Brilliance"],"picked":"SandsOfTime","floor":6.0},{"not_picked":["JustLucky","Consecrate"],"picked":"CarveReality","floor":8.0},{"not_picked":["LikeWater+1","Indignation","Vengeance"],"picked":"SKIP","floor":10.0},{"not_picked":["PathToVictory","Swivel"],"picked":"Meditate","floor":11.0},{"not_picked":["SignatureMove","ClearTheMind"],"picked":"Study+1","floor":13.0},{"not_picked":["SandsOfTime","BowlingBash"],"picked":"TalkToTheHand","floor":14.0},{"not_picked":["Judgement","Scrawl"],"picked":"Establishment+1","floor":16.0},{"not_picked":["JustLucky","FlyingSleeves+1"],"picked":"FlurryOfBlows","floor":18.0},{"not_picked":["SignatureMove","FollowUp","ThirdEye"],"picked":"SKIP","floor":19.0},{"not_picked":["Prostrate+1","CarveReality"],"picked":"EmptyBody","floor":20.0},{"not_picked":["Halt","Consecrate","BowlingBash"],"picked":"SKIP","floor":21.0},{"not_picked":["JustLucky","FlyingSleeves"],"picked":"Adaptation+1","floor":23.0},{"not_picked":["Evaluate","EmptyBody+1"],"picked":"Tantrum","floor":25.0},{"not_picked":["Consecrate+1","FlyingSleeves"],"picked":"WindmillStrike","floor":27.0}],"player_experience":416144,"relics_obtained":[{"floor":6.0,"key":"Shovel"},{"floor":8.0,"key":"Odd Mushroom"},{"floor":9.0,"key":"PreservedInsect"},{"floor":10.0,"key":"Frozen Egg 2"},{"floor":23.0,"key":"Smiling Mask"},{"floor":26.0,"key":"StrikeDummy"}],"event_choices":[{"damage_healed":0.0,"max_hp_gain":0.0,"max_hp_loss":0.0,"gold_gain":0.0,"event_name":"Mushrooms","player_choice":"Fought Mushrooms","floor":8.0,"gold_loss":0.0,"damage_taken":0.0},{"damage_healed":0.0,"max_hp_gain":0.0,"max_hp_loss":0.0,"gold_gain":0.0,"event_name":"Cursed Tome","player_choice":"Ignored","floor":22.0,"gold_loss":0.0,"damage_taken":0.0}],"is_beta":false,"boss_relics":[{"not_picked":["Runic Pyramid","Calling Bell"],"picked":"Astrolabe"}],"items_purged_floors":[],"is_endless":false,"potions_floor_spawned":[2,5,6,8,11,13,16,18,21,23],"killed_by":"Slavers","ascension_level":0}}