{"host":"17uzppmr1r5fe5jj","time":1611764570,"event":{"mods":["BaseMod","Minty Spire (QoL Compilation)","Quick Restart","StSLib"],"gold_per_floor":[117,117,292,306,306,306,306,325,325,325,7,17,50,64,64,160,160,179,179,196,56,68,99,99,131,131,143,160,172,201,213,225,337,349,373,385,407,437,499,542,554,566,578,315,342,342,353,50,50,50],"floor_reached":51,"language":"ZHS","playtime":3305,"items_purged":["Strike_R","Strike_R","Strike_R","Strike_R"],"score":964,"play_id":"b13f4d7d-a623-4e91-9f59-9a1445e49cdc","local_time":"20210128002250","is_ascension_mode":true,"campfire_choices":[{"data":"Body Slam","floor":6.0,"key":"SMITH"},{"data":"Fire Breathing","floor":10.0,"key":"SMITH"},{"data":"True Grit","floor":15.0,"key":"SMITH"},{"data":"Power Through","floor":24.0,"key":"SMITH"},{"floor":32.0,"key":"REST"},{"floor":41.0,"key":"REST"},{"data":"Battle Trance","floor":46,"key":"SMITH"},{"data":"Evolve","floor":49,"key":"SMITH"}],"circlet_count":0,"master_deck":["Strike_R","Defend_R+1","Defend_R","Defend_R+1","Defend_R","Bash","Dramatic Entrance+1","Metallicize","Doubt","Body Slam+1","Pain","Fire Breathing+1","Battle Trance+1","Immolate+1","Juggernaut","True Grit+1","Shrug It Off","Evolve+1","Fiend Fire+1","Power Through+1","Feed+1","Double Tap","Headbutt+1","Bloodletting","Brutality","Disarm+1","Havoc+1","Seeing Red","Burning Pact"],"relics":["Burning Blood","Orichalcum","WarpedTongs","Molten Egg 2","Orrery","MealTicket","Black Star","Bag of Preparation","Regal Pillow","Blood Vial","Magic Flower","Omamori","MawBank","Question Card","Enchiridion","Busted Crown","Incense Burner","War Paint","Bottled Lightning","Dead Branch","Medical Kit","Strawberry","Juzu Bracelet","Sling"],"acts_visited":["Exordium","TheCity","TheBeyond"],"potions_floor_usage":[47,50,50],"damage_taken":[{"damage":0.0,"enemies":"2 Louse","floor":1.0,"turns":2.0},{"damage":5.0,"enemies":"Small Slimes","floor":4.0,"turns":3.0},{"damage":2.0,"enemies":"Cultist","floor":8.0,"turns":2.0},{"damage":11.0,"enemies":"Exordium Thugs","floor":12.0,"turns":2.0},{"damage":0.0,"enemies":"3 Sentries","floor":13.0,"turns":1.0},{"damage":0.0,"enemies":"Lots of Slimes","floor":14.0,"turns":1.0},{"damage":18.0,"enemies":"The Guardian","floor":16.0,"turns":8.0},{"damage":31.0,"enemies":"3 Byrds","floor":18.0,"turns":5.0},{"damage":7.0,"enemies":"Chosen","floor":20.0,"turns":3.0},{"damage":15.0,"enemies":"Sentry and Sphere","floor":22.0,"turns":6.0},{"damage":30.0,"enemies":"Gremlin Leader","floor":23.0,"turns":6.0},{"damage":5.0,"enemies":"Book of Stabbing","floor":25.0,"turns":5.0},{"damage":14.0,"enemies":"Shelled Parasite and Fungi","floor":27.0,"turns":6.0},{"damage":3.0,"enemies":"Snecko","floor":28.0,"turns":5.0},{"damage":14.0,"enemies":"Cultist and Chosen","floor":29.0,"turns":6.0},{"damage":41.0,"enemies":"Slavers","floor":30.0,"turns":5.0},{"damage":58.0,"enemies":"Champ","floor":33.0,"turns":8.0},{"damage":3.0,"enemies":"3 Shapes","floor":35.0,"turns":2.0},{"damage":17.0,"enemies":"Orb Walker","floor":37.0,"turns":5.0},{"damage":39.0,"enemies":"3 Darklings","floor":38.0,"turns":4.0},{"damage":16.0,"enemies":"Mind Bloom Boss Battle","floor":39.0,"turns":7.0},{"damage":22.0,"enemies":"Reptomancer","floor":40.0,"turns":5.0},{"damage":13,"enemies":"Giant Head","floor":45,"turns":8},{"damage":33,"enemies":"Spire Growth","floor":47,"turns":4},{"damage":69,"enemies":"Awakened One","floor":50,"turns":9}],"seed_played":"2022583957125534135","potions_obtained":[{"floor":4.0,"key":"Weak Potion"},{"floor":12.0,"key":"ColorlessPotion"},{"floor":14.0,"key":"SpeedPotion"},{"floor":19.0,"key":"HeartOfIron"},{"floor":19.0,"key":"Block Potion"},{"floor":20.0,"key":"Fire Potion"},{"floor":25.0,"key":"Regen Potion"},{"floor":27.0,"key":"EssenceOfSteel"},{"floor":28.0,"key":"Explosive Potion"},{"floor":30.0,"key":"ColorlessPotion"},{"floor":39.0,"key":"Fire Potion"},{"floor":40.0,"key":"Dexterity Potion"},{"floor":45,"key":"Explosive Potion"}],"is_trial":false,"path_per_floor":["M","?","?","M","?","R","?","M","T","R","$","M","E","M","R","B",null,"M","?","M","$","M","E","R","E","T","M","M","M","E","?","R","B",null,"M","?","M","M","?","E","R","?","T","$","E","R","M","$","R","B",null],"character_chosen":"IRONCLAD","items_purchased":["Orrery","Shrug It Off","Evolve","Power Through","Medical Kit","Sling"],"campfire_rested":2,"item_purchase_floors":[11,11,11,21,44,48],"current_hp_per_floor":[80,80,80,80,68,68,68,72,72,72,72,67,73,79,79,67,80,55,55,54,69,60,40,40,45,45,65,74,78,49,33,75,29,92,92,92,84,57,53,49,92,96,96,96,99,99,78,93,93,36],"gold":50,"neow_bonus":"RANDOM_COLORLESS","is_daily":false,"chose_seed":false,"campfire_upgraded":6,"win_rate":0.0,"timestamp":1611764570,"path_taken":["M","?","?","M","?","R","?","M","T","R","$","?","E","M","R","BOSS","M","?","M","$","?","E","R","E","T","M","M","M","E","?","R","BOSS","M","?","?","M","?","E","R","?","T","?","E","R","M","$","R","BOSS"],"items_purchased_type":["Relic","Card","Card","Card","Relic","Relic"],"build_version":"2020-12-22","purchased_purges":4,"victory":true,"max_hp_per_floor":[80,80,80,80,80,80,80,80,80,80,80,80,80,80,80,80,80,80,80,80,80,80,84,84,88,88,88,88,92,92,92,92,92,92,92,92,92,92,92,96,96,96,96,96,103,103,103,103,103,103],"card_choices":[{"not_picked":["Forethought","Madness"],"picked":"Dramatic Entrance","floor":0.0},{"not_picked":["Clothesline","Flex"],"picked":"Metallicize","floor":1.0},{"not_picked":["Flame Barrier","Thunderclap"],"picked":"Body Slam","floor":4.0},{"not_picked":["Clash","Heavy Blade"],"picked":"Fire Breathing","floor":8.0},{"not_picked":["Whirlwind+1","Corruption"],"picked":"Battle Trance","floor":11.0},{"not_picked":["Dropkick+1","Body Slam+1"],"picked":"Immolate+1","floor":11.0},{"not_picked":["Headbutt+1","Hemokinesis+1"],"picked":"Juggernaut","floor":11.0},{"not_picked":["Clash+1","Warcry"],"picked":"True Grit","floor":11.0},{"not_picked":["Headbutt+1","Blood for Blood+1","Ghostly Armor"],"picked":"SKIP","floor":12.0},{"not_picked":["Battle Trance","Twin Strike+1","Perfected Strike+1"],"picked":"SKIP","floor":13.0},{"not_picked":["Flame Barrier","Shrug It Off","Pommel Strike+1"],"picked":"SKIP","floor":14.0},{"not_picked":["Bludgeon+1","Double Tap"],"picked":"Fiend Fire+1","floor":16.0},{"not_picked":["Wild Strike+1","Cleave+1","Headbutt+1"],"picked":"SKIP","floor":18.0},{"not_picked":["True Grit","Iron Wave+1","Armaments"],"picked":"SKIP","floor":20.0},{"not_picked":["Havoc","Warcry+1"],"picked":"Feed+1","floor":22.0},{"not_picked":["Flame Barrier","Battle Trance","Havoc+1"],"picked":"SKIP","floor":23.0},{"not_picked":["Thunderclap+1","Clothesline+1"],"picked":"Double Tap","floor":25.0},{"not_picked":["Flex+1","Metallicize+1","Iron Wave+1"],"picked":"SKIP","floor":27.0},{"not_picked":["Warcry+1","Perfected Strike+1","Flex+1"],"picked":"SKIP","floor":28.0},{"not_picked":["Warcry+1","Perfected Strike+1","Flex+1"],"picked":"SKIP","floor":28.0},{"not_picked":["True Grit","Cleave+1"],"picked":"Headbutt+1","floor":29.0},{"not_picked":["Exhume","Clash+1"],"picked":"Bloodletting","floor":30.0},{"not_picked":["Double Tap","Juggernaut","Corruption"],"picked":"Brutality","floor":33.0},{"not_picked":["Heavy Blade+1","Bloodletting"],"picked":"SKIP","floor":35.0},{"not_picked":["Anger+1","Hemokinesis+1"],"picked":"SKIP","floor":37.0},{"not_picked":["Perfected Strike+1"],"picked":"Disarm+1","floor":38.0},{"not_picked":["Flex+1"],"picked":"Havoc+1","floor":39.0},{"not_picked":["Thunderclap+1"],"picked":"Seeing Red","floor":40.0},{"not_picked":["Perfected Strike+1","Disarm"],"picked":"SKIP","floor":45},{"not_picked":["True Grit"],"picked":"Burning Pact","floor":47}],"player_experience":98033,"relics_obtained":[{"floor":9.0,"key":"Molten Egg 2"},{"floor":13.0,"key":"MealTicket"},{"floor":23.0,"key":"Bag of Preparation"},{"floor":23.0,"key":"Regal Pillow"},{"floor":25.0,"key":"Blood Vial"},{"floor":25.0,"key":"Magic Flower"},{"floor":26.0,"key":"Omamori"},{"floor":30.0,"key":"MawBank"},{"floor":30.0,"key":"Question Card"},{"floor":31.0,"key":"Enchiridion"},{"floor":39.0,"key":"Incense Burner"},{"floor":40.0,"key":"War Paint"},{"floor":40.0,"key":"Bottled Lightning"},{"floor":43.0,"key":"Dead Branch"},{"floor":45,"key":"Strawberry"},{"floor":45,"key":"Juzu Bracelet"}],"event_choices":[{"damage_healed":0.0,"max_hp_gain":0.0,"max_hp_loss":0.0,"gold_gain":0.0,"event_name":"Living Wall","player_choice":"Grow","floor":2.0,"gold_loss":0.0,"damage_taken":0.0,"cards_upgraded":["Dramatic Entrance"]},{"damage_healed":0.0,"max_hp_gain":0.0,"max_hp_loss":0.0,"gold_gain":175.0,"event_name":"Liars Game","player_choice":"AGREE","floor":3.0,"gold_loss":0.0,"damage_taken":0.0,"cards_obtained":["Doubt"]},{"damage_healed":0.0,"max_hp_gain":0.0,"max_hp_loss":0.0,"gold_gain":0.0,"event_name":"Scrap Ooze","player_choice":"Success","floor":5.0,"gold_loss":0.0,"damage_taken":12.0,"relics_obtained":["Orichalcum"]},{"damage_healed":0.0,"max_hp_gain":0.0,"max_hp_loss":0.0,"gold_gain":0.0,"event_name":"Accursed Blacksmith","player_choice":"Rummage","floor":7.0,"gold_loss":0.0,"damage_taken":0.0,"relics_obtained":["WarpedTongs"],"cards_obtained":["Pain"]},{"damage_healed":0.0,"max_hp_gain":0.0,"max_hp_loss":0.0,"gold_gain":0.0,"event_name":"Lab","player_choice":"Got Potions","floor":19.0,"gold_loss":0.0,"damage_taken":0.0},{"damage_healed":0.0,"max_hp_gain":0.0,"max_hp_loss":0.0,"gold_gain":0.0,"event_name":"Cursed Tome","player_choice":"Obtained Book","floor":31.0,"gold_loss":0.0,"damage_taken":16.0},{"damage_healed":0.0,"max_hp_gain":0.0,"max_hp_loss":0.0,"gold_gain":0.0,"event_name":"SecretPortal","player_choice":"Ignored","floor":36.0,"gold_loss":0.0,"damage_taken":0.0},{"damage_healed":0.0,"max_hp_gain":0.0,"max_hp_loss":0.0,"gold_gain":0.0,"event_name":"MindBloom","player_choice":"Fight","floor":39.0,"gold_loss":0.0,"damage_taken":0.0},{"damage_healed":24.0,"max_hp_gain":0.0,"max_hp_loss":0.0,"gold_gain":0.0,"event_name":"Winding Halls","player_choice":"Writhe","floor":42.0,"gold_loss":0.0,"damage_taken":0.0,"cards_obtained":["Writhe"]}],"is_beta":false,"boss_relics":[{"not_picked":["Black Blood","Runic Dome"],"picked":"Black Star"},{"not_picked":["Tiny House","Runic Pyramid"],"picked":"Busted Crown"}],"items_purged_floors":[11,21,44,48],"is_endless":false,"potions_floor_spawned":[4,12,14,20,25,27,28,30,39,40,45],"ascension_level":2}}