{"host":"h6t8hbb65u5mbq7r","time":1611725512,"event":{"mods":["AchievementEnabler","BaseMod","Colored Map","Minty Spire (QoL Compilation)","StSLib","SuperFastMode"],"gold_per_floor":[118,128,128,149,174,205,205,205,229,229,242,262,287,44,44,165,165,188,188,43,43,66,109,109,133,133,58,73,73,97,132,132,263,263,278,291,310,310,330,361,37,37,119,158,183,26,26,44,44,44],"floor_reached":51,"language":"JPN","playtime":17385,"items_purged":["Strike_P","Defend_P"],"score":1024,"play_id":"d7b3e483-29b6-48c5-ab6e-d9975991bc93","local_time":"20210127143152","is_ascension_mode":true,"campfire_choices":[{"data":"Eruption","floor":7.0,"key":"SMITH"},{"data":"BowlingBash","floor":10.0,"key":"SMITH"},{"data":"SpiritShield","floor":15.0,"key":"SMITH"},{"data":"CutThroughFate","floor":24.0,"key":"SMITH"},{"floor":29.0,"key":"REST"},{"data":"Wallop","floor":32.0,"key":"SMITH"},{"data":"WindmillStrike","floor":47.0,"key":"SMITH"},{"floor":49.0,"key":"REST"}],"circlet_count":0,"master_deck":["Strike_P","Strike_P+1","Strike_P+1","Defend_P","Defend_P","Defend_P","Eruption+1","Vigilance+1","CutThroughFate+1","FollowUp","BowlingBash+1","SpiritShield+1","Conclude","WheelKick","BowlingBash+1","EmptyMind+1","SandsOfTime+1","Wallop+1","DeceiveReality+1","ClearTheMind+1","WindmillStrike+1","Crescendo+1","Perseverance","Parasite","ReachHeaven+1"],"relics":["PureWater","Whetstone","Golden Idol","Strawberry","Ancient Tea Set","Omamori","Shuriken","Calling Bell","PreservedInsect","TeardropLocket","Torii","MutagenicStrength","ClockworkSouvenir","Letter Opener","Unceasing Top","Red Mask","Velvet Choker","Orichalcum","Strange Spoon","Gremlin Horn","Bottled Flame","Vajra","Blood Vial"],"acts_visited":["Exordium","TheCity","TheBeyond"],"potions_floor_usage":[50,50,50,50,50,50],"damage_taken":[{"damage":1.0,"enemies":"Small Slimes","floor":1.0,"turns":3.0},{"damage":0.0,"enemies":"Jaw Worm","floor":2.0,"turns":4.0},{"damage":0.0,"enemies":"Cultist","floor":4.0,"turns":2.0},{"damage":4.0,"enemies":"Red Slaver","floor":5.0,"turns":2.0},{"damage":12.0,"enemies":"3 Sentries","floor":6.0,"turns":6.0},{"damage":0.0,"enemies":"Exordium Thugs","floor":11.0,"turns":2.0},{"damage":17.0,"enemies":"Gremlin Gang","floor":12.0,"turns":5.0},{"damage":8.0,"enemies":"Blue Slaver","floor":13.0,"turns":5.0},{"damage":16.0,"enemies":"The Guardian","floor":16.0,"turns":6.0},{"damage":21.0,"enemies":"3 Byrds","floor":18.0,"turns":4.0},{"damage":0.0,"enemies":"Spheric Guardian","floor":22.0,"turns":2.0},{"damage":0.0,"enemies":"Slavers","floor":23.0,"turns":3.0},{"damage":14.0,"enemies":"Centurion and Healer","floor":25.0,"turns":3.0},{"damage":0.0,"enemies":"Snecko","floor":28.0,"turns":2.0},{"damage":0.0,"enemies":"Snake Plant","floor":30.0,"turns":4.0},{"damage":0.0,"enemies":"Masked Bandits","floor":31.0,"turns":2.0},{"damage":31.0,"enemies":"Champ","floor":33.0,"turns":6.0},{"damage":0.0,"enemies":"3 Shapes","floor":35.0,"turns":4.0},{"damage":11.0,"enemies":"3 Darklings","floor":36.0,"turns":6.0},{"damage":0.0,"enemies":"Sphere and 2 Shapes","floor":37.0,"turns":3.0},{"damage":8.0,"enemies":"Jaw Worm Horde","floor":39.0,"turns":3.0},{"damage":3.0,"enemies":"Nemesis","floor":40.0,"turns":5.0},{"damage":6.0,"enemies":"Giant Head","floor":44.0,"turns":6.0},{"damage":7.0,"enemies":"Writhing Mass","floor":45.0,"turns":5.0},{"damage":20.0,"enemies":"Maw","floor":48.0,"turns":5.0},{"damage":17,"enemies":"Donu and Deca","floor":50,"turns":6}],"seed_played":"1983945680053877633","potions_obtained":[{"floor":1.0,"key":"BottledMiracle"},{"floor":5.0,"key":"Strength Potion"},{"floor":6.0,"key":"SkillPotion"},{"floor":13.0,"key":"Energy Potion"},{"floor":30.0,"key":"ColorlessPotion"},{"floor":33.0,"key":"AttackPotion"},{"floor":35.0,"key":"BlessingOfTheForge"},{"floor":44.0,"key":"Ancient Potion"},{"floor":48.0,"key":"EntropicBrew"}],"is_trial":false,"path_per_floor":["M","M","?","M","M","E","R","T","T","R","M","M","M","$","R","B",null,"M","?","$","?","M","E","R","M","T","$","M","R","M","?","R","B",null,"M","M","M","?","M","E","$","T","T","E","M","$","R","M","R","B",null],"character_chosen":"WATCHER","items_purchased":["Shuriken","ClockworkSouvenir","Strange Spoon","Perseverance","Blood Vial"],"campfire_rested":2,"item_purchase_floors":[14,20,41,41,46],"current_hp_per_floor":[64,64,64,64,60,55,55,55,55,55,55,38,30,30,30,14,59,38,38,38,38,38,38,38,24,24,24,24,46,46,46,46,15,59,59,48,48,48,40,37,37,37,37,31,24,24,24,6,28,13],"gold":44,"neow_bonus":"RANDOM_COMMON_RELIC","is_daily":false,"chose_seed":false,"campfire_upgraded":6,"win_rate":0.0,"timestamp":1611725512,"path_taken":["M","M","?","M","M","E","R","?","T","R","?","M","M","?","R","BOSS","M","?","$","?","?","E","R","M","T","$","M","R","M","?","R","BOSS","M","M","M","?","M","E","$","?","T","E","M","$","R","M","R","BOSS"],"items_purchased_type":["Relic","Relic","Relic","Card","Relic"],"build_version":"2020-12-22","purchased_purges":2,"victory":true,"max_hp_per_floor":[72,72,67,67,67,74,74,74,74,74,74,74,74,74,74,74,74,74,74,74,74,74,74,74,74,74,74,74,74,74,74,74,74,74,74,74,74,74,74,74,74,74,74,74,74,74,74,74,74,74],"card_choices":[{"not_picked":["Vengeance","ClearTheMind"],"picked":"CutThroughFate","floor":1.0},{"not_picked":["JustLucky","Pray","Wireheading"],"picked":"SKIP","floor":2.0},{"not_picked":["PathToVictory","Study"],"picked":"FollowUp","floor":4.0},{"not_picked":["ThirdEye","ClearTheMind"],"picked":"BowlingBash","floor":5.0},{"not_picked":["PathToVictory","FlurryOfBlows","Collect"],"picked":"SKIP","floor":6.0},{"not_picked":["JustLucky","ThirdEye"],"picked":"SpiritShield","floor":11.0},{"not_picked":["CarveReality","Consecrate"],"picked":"Conclude","floor":12.0},{"not_picked":["FlyingSleeves","Study"],"picked":"WheelKick","floor":13.0},{"not_picked":["ClearTheMind","LikeWater"],"picked":"BowlingBash+1","floor":18.0},{"not_picked":["PathToVictory","Protect"],"picked":"EmptyMind+1","floor":22.0},{"not_picked":["LikeWater","Crescendo"],"picked":"SandsOfTime+1","floor":23.0},{"not_picked":["SandsOfTime","CrushJoints"],"picked":"Wallop","floor":25.0},{"not_picked":["FlyingSleeves+1","Brilliance"],"picked":"DeceiveReality+1","floor":28.0},{"not_picked":["CutThroughFate","Evaluate"],"picked":"ClearTheMind+1","floor":30.0},{"not_picked":["ThirdEye","Fasting2+1"],"picked":"WindmillStrike","floor":35.0},{"not_picked":["Meditate","Protect","CutThroughFate+1"],"picked":"SKIP","floor":36.0},{"not_picked":["Adaptation","PathToVictory","EmptyFist+1"],"picked":"SKIP","floor":37.0},{"not_picked":["Prostrate","MentalFortress","Swivel"],"picked":"SKIP","floor":39.0},{"not_picked":["Collect","LessonLearned"],"picked":"Crescendo+1","floor":40.0},{"not_picked":["Meditate","Consecrate","SashWhip+1"],"picked":"SKIP","floor":44.0},{"not_picked":["WreathOfFlame","FollowUp"],"picked":"ReachHeaven+1","floor":45.0},{"not_picked":["CarveReality+1","Protect","BowlingBash"],"picked":"SKIP","floor":48.0}],"player_experience":935327,"relics_obtained":[{"floor":6.0,"key":"Strawberry"},{"floor":8.0,"key":"Ancient Tea Set"},{"floor":9.0,"key":"Omamori"},{"floor":17.0,"key":"PreservedInsect"},{"floor":17.0,"key":"TeardropLocket"},{"floor":17.0,"key":"Torii"},{"floor":23.0,"key":"Letter Opener"},{"floor":26.0,"key":"Unceasing Top"},{"floor":31.0,"key":"Red Mask"},{"floor":40.0,"key":"Orichalcum"},{"floor":42.0,"key":"Gremlin Horn"},{"floor":43.0,"key":"Bottled Flame"},{"floor":44.0,"key":"Vajra"}],"event_choices":[{"damage_healed":0.0,"max_hp_gain":0.0,"max_hp_loss":5.0,"gold_gain":0.0,"event_name":"Golden Idol","player_choice":"Lose Max HP","floor":3.0,"gold_loss":0.0,"damage_taken":0.0,"relics_obtained":["Golden Idol"]},{"damage_healed":0.0,"max_hp_gain":0.0,"max_hp_loss":0.0,"gold_gain":0.0,"event_name":"Drug Dealer","player_choice":"Inject Mutagens","floor":19.0,"gold_loss":0.0,"damage_taken":0.0,"relics_obtained":["MutagenicStrength"]},{"damage_healed":0.0,"max_hp_gain":0.0,"max_hp_loss":0.0,"gold_gain":0.0,"event_name":"Upgrade Shrine","player_choice":"Upgraded","floor":21.0,"gold_loss":0.0,"damage_taken":0.0,"cards_upgraded":["Vigilance"]},{"damage_healed":0.0,"max_hp_gain":0.0,"max_hp_loss":0.0,"gold_gain":0.0,"event_name":"Masked Bandits","player_choice":"Fought Bandits","floor":31.0,"gold_loss":0.0,"damage_taken":0.0},{"damage_healed":0.0,"max_hp_gain":0.0,"max_hp_loss":0.0,"gold_gain":0.0,"event_name":"Wheel of Change","player_choice":"Cursed","floor":38.0,"gold_loss":0.0,"damage_taken":0.0,"cards_obtained":["Decay"]}],"is_beta":false,"boss_relics":[{"not_picked":["SacredBark","Snecko Eye"],"picked":"Calling Bell"},{"not_picked":["Black Star","Pandora\u0027s Box"],"picked":"Velvet Choker"}],"items_purged_floors":[27,41],"is_endless":false,"potions_floor_spawned":[1,5,6,11,13,30,33,35,44,48],"ascension_level":9}}