{"host":"8rqsnaeml9gxb0kp","time":1611717099,"event":{"mods":["AchievementEnabler","BaseMod","Dark Map","Minty Spire (QoL Compilation)","StSLib"],"gold_per_floor":[368,387,93,103,103,103,132,132,132,149,161,188,203,219,219,315,315,326,326,94,94,94,94,193,213,213,68,168,168,179,199,199,298,298,315,315,315,615,615,649,649,664,709,709,709,734,149,181,181,181],"floor_reached":51,"language":"ENG","playtime":3054,"items_purged":["Defend_R","Strike_R"],"score":1156,"play_id":"fe7cdd0f-129c-4f54-9662-325a669b5c42","local_time":"20210126191139","is_ascension_mode":true,"campfire_choices":[{"data":"Whirlwind","floor":6.0,"key":"SMITH"},{"data":"Spot Weakness","floor":8.0,"key":"SMITH"},{"data":"Metallicize","floor":15.0,"key":"SMITH"},{"floor":23.0,"key":"REST"},{"data":"Shockwave","floor":29.0,"key":"SMITH"},{"floor":32.0,"key":"REST"},{"floor":41.0,"key":"REST"},{"data":"Flame Barrier","floor":44.0,"key":"SMITH"},{"data":"Dual Wield","floor":49,"key":"SMITH"}],"circlet_count":0,"master_deck":["AscendersBane","Strike_R","Strike_R","Strike_R","Strike_R","Defend_R","Defend_R","Bash","Spot Weakness+1","Clothesline","Whirlwind+1","Clothesline","Dual Wield+1","Cleave","Cleave","Headbutt","Pommel Strike","Seeing Red","Disarm","Metallicize+1","Reaper","Perfected Strike","Shockwave","Shockwave+1","Metallicize","Exhume","CurseOfTheBell","Shrug It Off+1","Flame Barrier+1","Power Through","Armaments+1"],"relics":["Burning Blood","Sling","Shuriken","Prayer Wheel","Incense Burner","Snecko Eye","Strange Spoon","White Beast Statue","Vajra","Magic Flower","HornCleat","Calling Bell","Tiny Chest","Pear","Torii","Centennial Puzzle","Bag of Marbles","Smiling Mask","Unceasing Top","Anchor","Frozen Eye","Bottled Lightning","Mummified Hand"],"acts_visited":["Exordium","TheCity","TheBeyond"],"potions_floor_usage":[50,50],"damage_taken":[{"damage":1.0,"enemies":"Cultist","floor":1.0,"turns":3.0},{"damage":1.0,"enemies":"Small Slimes","floor":2.0,"turns":5.0},{"damage":0.0,"enemies":"2 Louse","floor":4.0,"turns":3.0},{"damage":20.0,"enemies":"3 Sentries","floor":7.0,"turns":4.0},{"damage":11.0,"enemies":"Exordium Thugs","floor":10.0,"turns":3.0},{"damage":14.0,"enemies":"Blue Slaver","floor":11.0,"turns":4.0},{"damage":30.0,"enemies":"Lagavulin","floor":12.0,"turns":7.0},{"damage":0.0,"enemies":"Large Slime","floor":13.0,"turns":5.0},{"damage":4.0,"enemies":"Looter","floor":14.0,"turns":3.0},{"damage":24.0,"enemies":"The Guardian","floor":16.0,"turns":11.0},{"damage":13.0,"enemies":"Shell Parasite","floor":18.0,"turns":6.0},{"damage":16.0,"enemies":"Chosen","floor":25.0,"turns":6.0},{"damage":47.0,"enemies":"Colosseum Slavers","floor":28.0,"turns":4.0},{"damage":10.0,"enemies":"Colosseum Nobs","floor":28.0,"turns":3.0},{"damage":31.0,"enemies":"Shelled Parasite and Fungi","floor":30.0,"turns":6.0},{"damage":0.0,"enemies":"Snecko","floor":31.0,"turns":3.0},{"damage":65.0,"enemies":"Collector","floor":33.0,"turns":10.0},{"damage":11.0,"enemies":"Orb Walker","floor":35.0,"turns":3.0},{"damage":44.0,"enemies":"Nemesis","floor":40.0,"turns":7.0},{"damage":16.0,"enemies":"3 Shapes","floor":42.0,"turns":3.0},{"damage":54,"enemies":"Giant Head","floor":46,"turns":7},{"damage":63,"enemies":"Nemesis","floor":48,"turns":7},{"damage":102,"enemies":"Donu and Deca","floor":50,"turns":12}],"seed_played":"222374841206676683","potions_obtained":[{"floor":1.0,"key":"BloodPotion"},{"floor":7.0,"key":"SteroidPotion"},{"floor":11.0,"key":"Fire Potion"},{"floor":12.0,"key":"BlessingOfTheForge"},{"floor":19.0,"key":"SpeedPotion"},{"floor":19.0,"key":"PowerPotion"},{"floor":28.0,"key":"Explosive Potion"},{"floor":30.0,"key":"Dexterity Potion"},{"floor":31.0,"key":"GamblersBrew"},{"floor":33.0,"key":"ColorlessPotion"},{"floor":35.0,"key":"Dexterity Potion"},{"floor":40.0,"key":"FairyPotion"},{"floor":46,"key":"Weak Potion"},{"floor":48,"key":"AttackPotion"}],"is_trial":false,"path_per_floor":["M","M","$","M","?","R","E","R","T","M","M","E","M","M","R","B",null,"M","?","$","?","$","R","?","M","T","$","?","R","M","M","R","B",null,"M","?","?","?","T","E","R","M","T","R","?","E","$","E","R","B",null],"character_chosen":"IRONCLAD","items_purchased":["Sling","Whirlwind","Strange Spoon","Shockwave","Vajra","Anchor","Frozen Eye","Bottled Lightning"],"campfire_rested":3,"item_purchase_floors":[3,3,20,20,27,47,47,47],"current_hp_per_floor":[72,72,72,72,77,77,63,63,63,58,65,41,47,49,49,31,66,73,73,73,59,59,82,82,72,72,72,52,52,44,53,77,36,81,79,79,79,79,79,46,73,66,66,66,66,59,59,70,70,31],"gold":181,"neow_bonus":"TWO_FIFTY_GOLD","is_daily":false,"chose_seed":false,"campfire_upgraded":6,"win_rate":0.0,"timestamp":1611717099,"path_taken":["M","M","$","M","?","R","E","R","T","M","M","E","M","M","R","BOSS","M","?","?","?","$","R","?","?","T","$","?","R","M","M","R","BOSS","M","?","?","?","?","E","R","M","T","R","?","E","$","E","R","BOSS"],"items_purchased_type":["Relic","Card","Relic","Card","Relic","Relic","Relic","Relic"],"build_version":"2020-12-22","purchased_purges":2,"victory":true,"max_hp_per_floor":[72,72,72,72,77,77,77,77,77,77,77,77,77,77,77,77,77,77,77,77,82,82,82,82,82,82,82,82,82,82,82,82,82,92,92,92,92,92,92,92,92,92,92,92,92,92,92,92,92,92],"card_choices":[{"not_picked":["Rupture","Heavy Blade"],"picked":"Spot Weakness","floor":1.0},{"not_picked":["Feel No Pain","Second Wind"],"picked":"Clothesline","floor":2.0},{"not_picked":["True Grit","Perfected Strike","Clash"],"picked":"SKIP","floor":4.0},{"not_picked":["True Grit","Iron Wave"],"picked":"Clothesline","floor":7.0},{"not_picked":["Anger","Brutality"],"picked":"Dual Wield","floor":10.0},{"not_picked":["Second Wind","Spot Weakness","Anger"],"picked":"SKIP","floor":10.0},{"not_picked":["Clothesline","Rage"],"picked":"Cleave","floor":11.0},{"not_picked":["Havoc","Perfected Strike"],"picked":"Cleave","floor":11.0},{"not_picked":["Warcry","Armaments"],"picked":"Headbutt","floor":12.0},{"not_picked":["Clash","Havoc"],"picked":"Pommel Strike","floor":13.0},{"not_picked":["Sentinel","Headbutt"],"picked":"Seeing Red","floor":13.0},{"not_picked":["Thunderclap","Body Slam"],"picked":"Disarm","floor":14.0},{"not_picked":["Shrug It Off","Perfected Strike"],"picked":"Metallicize","floor":14.0},{"not_picked":["Impervious","Demon Form"],"picked":"Reaper","floor":16.0},{"not_picked":["True Grit","Wild Strike"],"picked":"Perfected Strike","floor":18.0},{"not_picked":["Reckless Charge+1","Intimidate","Battle Trance"],"picked":"SKIP","floor":18.0},{"not_picked":["Cleave+1","Sentinel"],"picked":"Shockwave","floor":25.0},{"not_picked":["Evolve","Pummel+1"],"picked":"Metallicize","floor":25.0},{"not_picked":["Clothesline","Ghostly Armor","Flex"],"picked":"SKIP","floor":30.0},{"not_picked":["Twin Strike","Clothesline","Searing Blow"],"picked":"SKIP","floor":30.0},{"not_picked":["Armaments","Perfected Strike","Warcry+1"],"picked":"SKIP","floor":31.0},{"not_picked":["Clothesline","Flex","Dark Embrace"],"picked":"SKIP","floor":31.0},{"not_picked":["Fiend Fire","Brutality"],"picked":"Exhume","floor":33.0},{"not_picked":["Sword Boomerang","Heavy Blade+1"],"picked":"Shrug It Off+1","floor":35.0},{"not_picked":["Feel No Pain","Body Slam","Iron Wave"],"picked":"SKIP","floor":35.0},{"not_picked":["Iron Wave","Whirlwind","Intimidate"],"picked":"SKIP","floor":40.0},{"not_picked":["Wild Strike","Headbutt"],"picked":"Flame Barrier","floor":42.0},{"not_picked":["Twin Strike","Iron Wave"],"picked":"Power Through","floor":42.0},{"not_picked":["Dark Embrace","Evolve"],"picked":"Armaments+1","floor":46},{"not_picked":["Clash","Havoc","Flex"],"picked":"SKIP","floor":48}],"player_experience":150138,"relics_obtained":[{"floor":7.0,"key":"Shuriken"},{"floor":9.0,"key":"Prayer Wheel"},{"floor":12.0,"key":"Incense Burner"},{"floor":26.0,"key":"White Beast Statue"},{"floor":28.0,"key":"Magic Flower"},{"floor":28.0,"key":"HornCleat"},{"floor":34.0,"key":"Tiny Chest"},{"floor":34.0,"key":"Pear"},{"floor":34.0,"key":"Torii"},{"floor":39.0,"key":"Centennial Puzzle"},{"floor":40.0,"key":"Bag of Marbles"},{"floor":43.0,"key":"Smiling Mask"},{"floor":46,"key":"Unceasing Top"},{"floor":48,"key":"Mummified Hand"}],"event_choices":[{"damage_healed":0.0,"max_hp_gain":5.0,"max_hp_loss":0.0,"gold_gain":0.0,"event_name":"Big Fish","player_choice":"Donut","floor":5.0,"gold_loss":0.0,"damage_taken":0.0},{"damage_healed":0.0,"max_hp_gain":0.0,"max_hp_loss":0.0,"gold_gain":0.0,"event_name":"Lab","player_choice":"Got Potions","floor":19.0,"gold_loss":0.0,"damage_taken":0.0},{"damage_healed":0.0,"max_hp_gain":5.0,"max_hp_loss":0.0,"gold_gain":0.0,"event_name":"Forgotten Altar","player_choice":"Shed Blood","floor":21.0,"gold_loss":0.0,"damage_taken":19.0},{"damage_healed":0.0,"max_hp_gain":0.0,"max_hp_loss":0.0,"gold_gain":99.0,"event_name":"Nest","player_choice":"Stole From Cult","floor":24.0,"gold_loss":0.0,"damage_taken":0.0},{"damage_healed":0.0,"max_hp_gain":0.0,"max_hp_loss":0.0,"gold_gain":0.0,"event_name":"Colosseum","player_choice":"Fight","floor":28.0,"gold_loss":0.0,"damage_taken":0.0},{"damage_healed":0.0,"max_hp_gain":0.0,"max_hp_loss":0.0,"gold_gain":0.0,"event_name":"Colosseum","player_choice":"Fought Nobs","floor":28.0,"gold_loss":0.0,"damage_taken":0.0},{"cards_removed":["Defend_R"],"damage_healed":0.0,"max_hp_gain":0.0,"max_hp_loss":0.0,"gold_gain":0.0,"event_name":"Falling","player_choice":"Removed Skill","floor":36.0,"gold_loss":0.0,"damage_taken":0.0},{"damage_healed":0.0,"max_hp_gain":0.0,"max_hp_loss":0.0,"gold_gain":0.0,"event_name":"SensoryStone","player_choice":"Memory 1","floor":37.0,"gold_loss":0.0,"damage_taken":0.0},{"damage_healed":0.0,"max_hp_gain":0.0,"max_hp_loss":0.0,"gold_gain":300.0,"event_name":"Wheel of Change","player_choice":"Gold","floor":38.0,"gold_loss":0.0,"damage_taken":0.0},{"damage_healed":0,"gold_gain":0,"player_choice":"Ignored","damage_taken":0,"max_hp_gain":0,"max_hp_loss":0,"event_name":"Mysterious Sphere","floor":45,"gold_loss":0}],"is_beta":false,"boss_relics":[{"not_picked":["Philosopher\u0027s Stone","SlaversCollar"],"picked":"Snecko Eye"},{"not_picked":["Fusion Hammer","Black Star"],"picked":"Calling Bell"}],"items_purged_floors":[3,47],"is_endless":false,"potions_floor_spawned":[1,7,11,12,25,28,28,30,31,33,35,40,42,46,48],"ascension_level":12}}