{"host":"og21o26alpnbwmz8","time":1611767123,"event":{"mods":["Act Like it!","Aspiration","BaseMod","Conspire","Downfall","Halation","Hallownest","Hubris","Jedi Mod","Mimic Mod","Minty Spire (QoL Compilation)","Pale of the Ancients","Replay The Spire","Shop Mod","Spikes Relics","StSLib","The Alterego","The Blue Laboratory","The Death Knight","The Wild Card","Waifu the Spire"],"gold_per_floor":[99,115,115,125,144,50,50,50,81,81,81,94,4,4,23,23,23,23],"floor_reached":16,"language":"ENG","playtime":780,"items_purged":["hexamod:Strike"],"score":100,"play_id":"52d3a8f1-a51c-4769-a6b7-2cdbf87d080f","local_time":"20210127120523","is_ascension_mode":false,"campfire_choices":[{"data":"hexamod:Sear","floor":1,"key":"SMITH"},{"floor":10,"key":"RECALL"}],"circlet_count":0,"master_deck":["hexamod:Strike+1","hexamod:Strike+1","hexamod:Strike","hexamod:Defend","hexamod:Defend","hexamod:Defend","hexamod:Defend","hexamod:Sear+1","hexamod:Float","Assess","hexamod:SuperheatedStrike","hexamod:SkipABeat","hexamod:FastForward","hexamod:HexaLevel","hexamod:StepThrough","hexamod:EmpoweredFlame","hexamod:FastForward"],"relics":["hexamod:SpiritBrand","halation:EternalFortune","Anchor","Replay:Wax Seal","Hallownest:DreamNailRelic"],"acts_visited":["Exordium"],"potions_floor_usage":[6,9,16],"damage_taken":[{"damage":1,"enemies":"2_ Uuma","floor":2,"turns":5},{"damage":0,"enemies":"Hallownest:2_Tiktiks_and_1_Crawlid","floor":4,"turns":3},{"damage":1,"enemies":"Hallownest:2_Baldur","floor":5,"turns":4},{"damage":0,"enemies":"downfall:FleeingMerchant","floor":6,"turns":4},{"damage":20,"enemies":"Hallownest:eliteCrystalGuardian","floor":9,"turns":5},{"damage":1,"enemies":"Hallownest:1_Baldur_1_Crawlid_1_Warrior","floor":12,"turns":4},{"damage":0,"enemies":"downfall:FleeingMerchant","floor":13,"turns":4},{"damage":2,"enemies":"Hallownest:monsterMossCharger","floor":15,"turns":4},{"damage":51,"enemies":"IC_STATUS_ARCHETYPE","floor":16,"turns":8}],"seed_played":"3995394928387451310","potions_obtained":[{"floor":2,"key":"hexamod:EctoCoolerPotion"},{"floor":4,"key":"blueLaboratory:FruitPunch"},{"floor":15,"key":"DeathKnight:RimePotion"}],"is_trial":false,"path_per_floor":["R","M","?","M","M","$","T","?","E","R","?","M","$","T","M","B"],"character_chosen":"THE_SPIRIT","items_purchased":["hexamod:StepThrough"],"campfire_rested":0,"item_purchase_floors":[6],"current_hp_per_floor":[70,69,72,72,71,73,73,73,53,53,53,52,52,52,50,0,0,0],"gold":23,"neow_bonus":"COLORLESS_CARD","is_daily":false,"chose_seed":false,"campfire_upgraded":1,"win_rate":0.0,"timestamp":1611767123,"path_taken":["R","M","?","M","M","$","T","?","E","R","?","?","$","?","M","BOSS"],"items_purchased_type":["Card"],"build_version":"2020-12-22","purchased_purges":1,"victory":false,"max_hp_per_floor":[70,70,73,73,73,75,75,75,75,75,75,75,75,75,75,75,75,75],"card_choices":[{"not_picked":["hexamod:SpectersWail","hexamod:GhostShield"],"picked":"hexamod:SuperheatedStrike","floor":2},{"not_picked":["hexamod:Haunt","hexamod:HeatMetal"],"picked":"hexamod:SkipABeat","floor":4},{"not_picked":["hexamod:PhantomFireball","hexamod:RetreatToShadows"],"picked":"hexamod:FastForward","floor":5},{"not_picked":["hexamod:SpectralSpark","hexamod:GhostLash"],"picked":"hexamod:HexaLevel","floor":6},{"not_picked":["hexamod:ThermalTransfer","hexamod:Rewind","hexamod:BurningTouch"],"picked":"SKIP","floor":9},{"not_picked":["hexamod:BurningTouch","hexamod:NightmareStrike"],"picked":"hexamod:EmpoweredFlame","floor":12},{"not_picked":["hexamod:Incineration","hexamod:HauntingEcho"],"picked":"hexamod:FastForward","floor":13},{"not_picked":["hexamod:HauntingEcho","hexamod:HeatShield","hexamod:GhostflameBarrier"],"picked":"SKIP","floor":15}],"player_experience":182366,"relics_obtained":[{"floor":7,"key":"Anchor"},{"floor":9,"key":"Replay:Wax Seal"}],"event_choices":[],"is_beta":false,"boss_relics":[],"items_purged_floors":[13],"is_endless":false,"potions_floor_spawned":[2,4,15],"killed_by":"IC_STATUS_ARCHETYPE","ascension_level":0}}