{"host":"uvmuduost5bzvojs","time":1611738343,"event":{"mods":["Aspiration","Bard","BaseMod","Better Match","Block Reminder","Conspire","Hermit","Highlight Path","Hubris","Infinite Spire","Jorbs\u0027s Wanderer Trilogy","Mad Scientist","Marisa????????","Mimic Mod","Minty Spire (QoL Compilation)","Potionbrewer","Replay The Spire","Robot Space Explorer","StSLib","The Blackbeard","The Construct","The Cursed","The Disciple","The Hayseed","The Hierophant","The Juggle","The Jungle","The Poker Player","The Runesmith","The Servant 0.9.4","The Spell Scribe","The Valiant","TheBandit"],"gold_per_floor":[113,138,138,10,21,21,21,21,21,21,41,69,59,59],"floor_reached":13,"language":"ENG","playtime":1392,"items_purged":["hierophant:Strike_Hierophant"],"score":75,"play_id":"5b3ced24-9e94-43d5-9b56-3b71dcbbf5b5","local_time":"20210127040543","is_ascension_mode":false,"campfire_choices":[{"data":"Midas Touch","floor":6,"key":"SMITH"},{"data":"hierophant:Batter","floor":8,"key":"SMITH"}],"circlet_count":0,"master_deck":["hierophant:Strike_Hierophant","hierophant:Strike_Hierophant+1","hierophant:Strike_Hierophant","hierophant:Punish","hierophant:Defend_Hierophant","hierophant:Defend_Hierophant","hierophant:Defend_Hierophant","hierophant:Defend_Hierophant","hierophant:ChurchCoffers","Midas Touch+1","hierophant:AuricBeam","hierophant:Batter+1","hierophant:Zeal","hierophant:Doubloon","hierophant:Doubloon","hierophant:Refuge"],"relics":["hierophant:PropheticMaskRelic","Replay:Mystery Machine","Bottled Lightning"],"acts_visited":["Exordium"],"potions_floor_usage":[2,11],"damage_taken":[{"damage":5,"enemies":"Cultist","floor":1,"turns":4},{"damage":2,"enemies":"Small Slimes","floor":2,"turns":2},{"damage":11,"enemies":"Jaw Worm","floor":5,"turns":2},{"damage":2,"enemies":"3 Louse","floor":11,"turns":3},{"damage":8,"enemies":"Red Slaver","floor":12,"turns":4},{"damage":18,"enemies":"Replay:BlueRogue","floor":13,"turns":3}],"seed_played":"-558617659961551049","potions_obtained":[{"floor":1,"key":"ColorlessPotion"},{"floor":5,"key":"AttackPotion"}],"is_trial":false,"path_per_floor":["M","M","?","$","M","R","?","R","T","?","M","M","E"],"character_chosen":"HIEROPHANT","items_purchased":["hierophant:Zeal"],"campfire_rested":0,"item_purchase_floors":[4],"current_hp_per_floor":[49,47,35,35,24,24,24,24,24,24,22,14,0,0],"gold":59,"neow_bonus":"RANDOM_COLORLESS_2","is_daily":false,"chose_seed":false,"campfire_upgraded":2,"win_rate":0.0,"timestamp":1611738343,"path_taken":["M","M","?","$","M","R","?","R","T","?","M","M","E"],"items_purchased_type":["Card"],"build_version":"2020-12-22","purchased_purges":1,"victory":false,"max_hp_per_floor":[75,75,75,75,75,75,75,75,75,75,75,75,75,75],"card_choices":[{"not_picked":["Crow Ritual","Secret Weapon"],"picked":"Midas Touch","floor":0},{"not_picked":["hierophant:Zeal","hierophant:ThreeLashes"],"picked":"hierophant:AuricBeam","floor":1},{"not_picked":["hierophant:AuricBeam","hierophant:PassingBell"],"picked":"hierophant:Batter","floor":2},{"not_picked":["hierophant:FaithHealing","hierophant:HolyVerse","hierophant:ThreeLashes"],"picked":"SKIP","floor":5},{"not_picked":["hierophant:DisplayOfPower","hierophant:FaithHealing"],"picked":"hierophant:Doubloon","floor":11},{"not_picked":["hierophant:Smite","hierophant:FlamingChariot"],"picked":"hierophant:Refuge","floor":12}],"player_experience":1846169,"relics_obtained":[{"floor":9,"key":"Bottled Lightning"}],"event_choices":[{"damage_healed":0,"gold_gain":0,"player_choice":"Success","damage_taken":12,"relics_obtained":["Replay:Mystery Machine"],"max_hp_gain":0,"max_hp_loss":0,"event_name":"Scrap Ooze","floor":3,"gold_loss":0}],"is_beta":false,"boss_relics":[],"items_purged_floors":[4],"is_endless":false,"potions_floor_spawned":[1,5],"killed_by":"Replay:BlueRogue","ascension_level":0}}