{"host":"nxnzcl474ro3ewbj","time":1611785057,"event":{"mods":["2.2 Compatiblity","Act Like it!","BaseMod","Better Third Choice","Better-Laid Plans","Colored Map","Custom Start","Highlight Path","Keyboard Shortcuts","Minty Spire (QoL Compilation)","Quick Restart","Rare Cards Sparkle","Relic Stats","Shop Mod","Slay the Relics Exporter","StSLib","SuperFastMode"],"gold_per_floor":[112,123,143,156,81,81,116,116,116,131,131,145,145,183,183,312,312,337,337,337,352,352,395,395,395,444,480,128,128,159,120,120,120,120],"floor_reached":33,"language":"KOR","playtime":859,"items_purged":["Strike_R","Strike_R"],"score":482,"play_id":"a437e1d4-3259-4c94-8803-0d8daa969468","local_time":"20210128070417","is_ascension_mode":true,"campfire_choices":[{"data":"Armaments","floor":6.0,"key":"SMITH"},{"floor":15.0,"key":"REST"},{"data":"Exhume","floor":24.0,"key":"SMITH"},{"floor":29.0,"key":"REST"},{"floor":32.0,"key":"REST"}],"circlet_count":0,"master_deck":["AscendersBane","Strike_R","Strike_R","Strike_R","Defend_R","Defend_R","Defend_R","Defend_R","Bash","Master of Strategy+1","Spot Weakness","Rampage","Armaments+1","Shrug It Off","Inflame","Exhume+1","Dropkick+1","Dual Wield"],"relics":["Burning Blood","Du-Vu Doll","Matryoshka","Golden Idol","Ornamental Fan","Sozu","Mango","Anchor","Singing Bowl","Orichalcum","Pen Nib","Gremlin Horn","Self Forming Clay","Question Card"],"acts_visited":["Exordium","TheCity"],"potions_floor_usage":[],"damage_taken":[{"damage":2.0,"enemies":"Jaw Worm","floor":1.0,"turns":3.0},{"damage":11.0,"enemies":"Cultist","floor":2.0,"turns":4.0},{"damage":11.0,"enemies":"2 Louse","floor":3.0,"turns":3.0},{"damage":16.0,"enemies":"Blue Slaver","floor":4.0,"turns":5.0},{"damage":32.0,"enemies":"Gremlin Nob","floor":7.0,"turns":4.0},{"damage":8.0,"enemies":"Exordium Wildlife","floor":10.0,"turns":3.0},{"damage":8.0,"enemies":"3 Louse","floor":12.0,"turns":5.0},{"damage":19.0,"enemies":"Lagavulin","floor":14.0,"turns":7.0},{"damage":28.0,"enemies":"The Guardian","floor":16.0,"turns":8.0},{"damage":7.0,"enemies":"Shell Parasite","floor":18.0,"turns":5.0},{"damage":8.0,"enemies":"Spheric Guardian","floor":21.0,"turns":4.0},{"damage":31.0,"enemies":"Gremlin Leader","floor":23.0,"turns":7.0},{"damage":34.0,"enemies":"Book of Stabbing","floor":27.0,"turns":5.0},{"damage":36.0,"enemies":"Slavers","floor":30.0,"turns":8.0},{"damage":49,"enemies":"Automaton","floor":33,"turns":6}],"seed_played":"8515072617797541321","potions_obtained":[{"floor":3.0,"key":"Dexterity Potion"},{"floor":12.0,"key":"ColorlessPotion"},{"floor":14.0,"key":"DuplicationPotion"}],"is_trial":false,"path_per_floor":["M","M","M","M","$","R","E","?","T","M","?","M","?","E","R","B",null,"M","?","?","M","T","E","R","?","T","E","$","R","E","$","R","B"],"character_chosen":"IRONCLAD","items_purchased":["Self Forming Clay","Dual Wield"],"campfire_rested":3,"item_purchase_floors":[28,31],"current_hp_per_floor":[72,67,62,52,52,52,26,26,26,24,24,22,22,9,29,7,52,51,65,65,63,63,40,40,40,40,14,14,39,9,9,34,0,0],"gold":120,"neow_bonus":"RANDOM_COLORLESS_2","is_daily":false,"chose_seed":false,"campfire_upgraded":2,"win_rate":0.0,"timestamp":1611785057,"path_taken":["M","M","M","M","$","R","E","?","T","?","?","M","?","E","R","BOSS","M","?","?","?","?","E","R","?","T","E","$","R","E","?","R","BOSS"],"items_purchased_type":["Relic","Card"],"build_version":"2020-12-22","purchased_purges":2,"victory":false,"max_hp_per_floor":[72,72,72,72,72,72,72,72,72,72,72,72,67,67,67,67,67,67,81,81,81,81,83,83,83,83,85,85,85,85,85,85,85,85],"relic_stats":{"Sozu":2,"Singing Bowl":4,"Gremlin Horn":[4,4],"counters":[15,77],"Golden Idol":64,"Ornamental Fan":[24],"Self Forming Clay":[27],"Pen Nib":[3],"Orichalcum":[0],"Question Card":0,"obtain_stats":[{"Singing Bowl":22,"Gremlin Horn":27,"Golden Idol":13,"Self Forming Clay":28,"Mango":19,"Pen Nib":26,"Orichalcum":23,"Question Card":30,"Burning Blood":0,"Du-Vu Doll":7,"Sozu":17,"Anchor":22,"Matryoshka":9,"Ornamental Fan":14},{"Singing Bowl":11,"Gremlin Horn":13,"Golden Idol":7,"Self Forming Clay":13,"Mango":10,"Pen Nib":12,"Orichalcum":12,"Question Card":14,"Burning Blood":0,"Du-Vu Doll":5,"Sozu":9,"Anchor":11,"Matryoshka":5,"Ornamental Fan":8},{"Singing Bowl":51,"Gremlin Horn":63,"Golden Idol":27,"Self Forming Clay":63,"Mango":47,"Pen Nib":58,"Orichalcum":58,"Question Card":71,"Burning Blood":0,"Du-Vu Doll":19,"Sozu":42,"Anchor":51,"Matryoshka":19,"Ornamental Fan":34}],"Burning Blood":80},"card_choices":[{"not_picked":["Mayhem","Secret Weapon"],"picked":"Master of Strategy","floor":0.0},{"not_picked":["Havoc","Cleave"],"picked":"Spot Weakness","floor":1.0},{"not_picked":["Clash","Wild Strike","Sentinel"],"picked":"SKIP","floor":2.0},{"not_picked":["Clash","Blood for Blood"],"picked":"Rampage","floor":3.0},{"not_picked":["Intimidate","Iron Wave"],"picked":"Armaments","floor":4.0},{"not_picked":["Perfected Strike","Searing Blow","Armaments"],"picked":"SKIP","floor":7.0},{"not_picked":["Brutality","Searing Blow"],"picked":"Shrug It Off","floor":10.0},{"not_picked":["Havoc","Ghostly Armor"],"picked":"Inflame","floor":12.0},{"not_picked":["Warcry","Wild Strike"],"picked":"Exhume","floor":14.0},{"not_picked":["Iron Wave+1","Perfected Strike","Clash+1"],"picked":"SKIP","floor":18.0},{"not_picked":["Headbutt+1","Corruption","Iron Wave"],"picked":"SKIP","floor":21.0},{"not_picked":["Cleave","Burning Pact","Warcry"],"picked":"Singing Bowl","floor":23.0},{"not_picked":["Searing Blow","Sever Soul+1","Clothesline+1"],"picked":"Singing Bowl","floor":27.0},{"not_picked":["Anger","Havoc+1"],"picked":"Dropkick+1","floor":30.0}],"player_experience":71058,"relics_obtained":[{"floor":7.0,"key":"Du-Vu Doll"},{"floor":9.0,"key":"Matryoshka"},{"floor":14.0,"key":"Ornamental Fan"},{"floor":22.0,"key":"Anchor"},{"floor":22.0,"key":"Singing Bowl"},{"floor":23.0,"key":"Orichalcum"},{"floor":26.0,"key":"Pen Nib"},{"floor":27.0,"key":"Gremlin Horn"},{"floor":30.0,"key":"Question Card"}],"event_choices":[{"damage_healed":0.0,"max_hp_gain":0.0,"max_hp_loss":0.0,"gold_gain":0.0,"event_name":"Upgrade Shrine","player_choice":"Upgraded","floor":8.0,"gold_loss":0.0,"damage_taken":0.0,"cards_upgraded":["Master of Strategy"]},{"damage_healed":24.0,"max_hp_gain":0.0,"max_hp_loss":72.0,"gold_gain":0.0,"event_name":"betterThird:BetterShining","player_choice":"Leave","floor":11.0,"gold_loss":0.0,"damage_taken":0.0},{"damage_healed":0.0,"max_hp_gain":0.0,"max_hp_loss":5.0,"gold_gain":0.0,"event_name":"Golden Idol","player_choice":"Lose Max HP","floor":13.0,"gold_loss":0.0,"damage_taken":0.0,"relics_obtained":["Golden Idol"]},{"damage_healed":0.0,"max_hp_gain":0.0,"max_hp_loss":0.0,"gold_gain":0.0,"event_name":"The Mausoleum","player_choice":"Opened","floor":19.0,"gold_loss":0.0,"damage_taken":0.0,"relics_obtained":["Mango"],"cards_obtained":["Writhe"]},{"cards_removed":["Writhe"],"damage_healed":0.0,"max_hp_gain":0.0,"max_hp_loss":0.0,"gold_gain":0.0,"event_name":"Fountain of Cleansing","player_choice":"Removed Curses","floor":20.0,"gold_loss":0.0,"damage_taken":0.0},{"damage_healed":0.0,"max_hp_gain":0.0,"max_hp_loss":0.0,"gold_gain":0.0,"event_name":"Vampires","player_choice":"Ignored","floor":25.0,"gold_loss":0.0,"damage_taken":0.0}],"is_beta":false,"boss_relics":[{"not_picked":["Runic Dome","Fusion Hammer"],"picked":"Sozu"}],"items_purged_floors":[5,28],"is_endless":false,"potions_floor_spawned":[3,12,14,18,23],"killed_by":"Automaton","ascension_level":11}}